4026 6300
230 311 294 367 45
1445 338 1644 395 LIBER
1685 341 2322 417 SACilAﬂENTUllUM.

237 430 331 485 sed
374 431 655 500 integrum
704 445 767 489 se
806 436 1012 505 praebet
1053 439 1104 493 in
1147 441 1390 513 singulis.
1425 448 1711 519 Pr0pterea
1739 456 1838 527 ipsi
1866 470 1918 527 Α
1944 463 2354 530 Valentinimart

240 523 334 591 qui
376 524 637 578 sumimus
669 528 1110 585 communionem
1159 531 1316 602 hujus
1366 542 1537 595 sancti
1583 546 1734 610 panis
1786 557 1845 603 et

247 614 615 685 calieis,(l7'i)
637 630 802 670 unum
823 617 1022 673 Christi
1044 635 1235 691 corpus
1252 626 1532 684 efﬁcimur.
1558 633 1660 689 Per
1676 636 1842 705 ipsius

254 706 436 773 itaque
477 706 810 773 Majestatem
844 717 897 762 te
938 713 1203 780 supplices
1233 729 1533 786 exoramus,
1563 733 1620 779 ut
1648 742 1746 782 nos
1774 731 1839 786 ab

248 795 491 849 omnibus
519 798 783 851 emundes
809 802 1071 869 contagiis
1101 808 1399 873 vetustatis,
1430 820 1485 866 et
1526 813 1577 867 in
1608 820 1840 875 novitate

250 888 367 937 vita:
394 900 739 954 perseverare
769 890 1054 944 concedas.
1087 892 1189 947 Per
1218 894 1508 954 Christum.
1816 921 1874 969 «ᾗ

312 976 628 1032 Benedictio.
652 979 904 1045 —Dcus,
949 982 1038 1050 qui
1086 984 1281 1038 bonum
1310 1000 1494 1046 semen
1530 992 1580 1046 in
1609 1010 1702 1049 sua
1736 981 1858 1051 Ec:

239 1068 407 1121 clcsia
450 1085 634 1125 serere
658 1070 960 1136 consuevit,
990 1071 1043 1124 in
1069 1073 1218 1127 vobis
1250 1076 1375 1130 illud
1405 1095 1724 1140 conservare
1754 1096 1833 1141 at-

235 1175 346 1229 que
378 1162 725 1228 multiplicare
757 1177 1024 1229 nunquam
1056 1163 1297 1220 desistat.
1336 1167 1531 1225 Amen.
1580 1173 1827 1231 Zizanio-

238 1264 366 1303 rum
395 1253 930 1319 superscminatorem
953 1273 982 1311 a
1006 1258 1159 1314 vobis
1190 1263 1372 1330 procul
1398 1266 1641 1335 repellat,
1668 1281 1721 1324 et
1747 1271 1833 1325 sui

241 1340 391 1392 verbi
443 1342 637 1408 pabulo
676 1358 773 1397 vos
822 1346 1188 1403 indesinenter
1216 1351 1437 1408 reﬁciat.
1471 1355 1661 1412 Amen.
1711 1360 1826 1426 Quo

233 1444 357 1479 cum
386 1429 502 1484 dies
546 1430 728 1497 judicii
774 1435 1070 1501 advenerit,
1101 1454 1129 1491 τι
1159 1442 1401 1508 reprobis
1452 1450 1712 1515 separati,
1762 1452 1829 1506 ad

238 1520 519 1571 dexteram
570 1521 762 1587 judicis
804 1526 1084 1589 sistamini,
1130 1530 1261 1583 etin
1310 1531 1618 1591 beatissimo
1664 1538 1829 1607 ipsius

232 1621 396 1676 regno
435 1609 798 1666 collocemini.
836 1616 1028 1668 Amen.
1072 1616 1224 1684 Quod
1253 1619 1365 1688 ipse
1397 1635 1667 1690 prtestare.

293 1698 403 1767 28
448 1698 528 1748 Ad
585 1699 972 1769 Complendum.
996 1706 1395 1772 -—Qu:esumus
1416 1753 1431 1777 ,
1483 1718 1815 1785 omnipotens

233 1780 391 1850 Deus,
425 1796 483 1840 ut
503 1788 647 1843 illius
670 1791 917 1848 salutaris
943 1796 1210 1864 capiamus
1238 1800 1480 1857 eﬂcctum
1500 1845 1513 1868 ,
1544 1807 1698 1875 cujus
1726 1824 1820 1877 per
1852 1828 1895 1888 Β

228 1875 342 1929 hzce
370 1883 621 1947 mysteria
652 1882 842 1952 pignus
870 1889 1193 1956 accepimus.
1222 1890 1321 1946 Per
1346 1895 1613 1958 eumdem.

300 1967 476 2034 Super
510 1974 771 2040 populum.
800 2004 868 2013 -—
897 1977 1150 2035 Ecclesia:
1201 1990 1304 2035 tuae
1326 2024 1338 2047 ,
1372 1985 1612 2058 Domine,
1660 2006 1820 2047 voces

224 2058 467 2125 placatus
494 2062 729 2127 admitte,
761 2075 837 2130 ut,
865 2067 1146 2125 destructis
1166 2072 1579 2134 adversitutibus
1604 2083 1817 2139 univcr-

224 2150 319 2212 sis,
353 2166 540 2206 secura
572 2153 666 2207 tibi
694 2157 893 2212 serviat
921 2160 1191 2216 libertate.
1224 2164 1345 2219 Per.

538 2258 786 2299 DOIINICA
839 2262 889 2300 \‘l
928 2263 1055 2303 POST
1095 2267 1496 2310 TIIEOPHANIAII.

297 2325 515 2394 Prmsta,
558 2348 887 2405 quaasumus,
922 2339 1255 2409 omnipotens
1284 2344 1444 2413 Deus,
1492 2356 1550 2401 ut
1595 2364 1810 2422 semper

223 2417 553 2475 rationabilia
617 2424 963 2493 meditantes,
1010 2445 1128 2499 qua:
1177 2433 1269 2488 tibi
1314 2446 1440 2492 sunt
1488 2417 1726 2513 placita;
1756 2454 1809 2499 et

218 2508 367 2563 dictis
393 2526 752 2582 exsequamur
780 2526 835 2572 et
866 2520 1031 2576 factis.
1064 2523 1186 2578 Per.

285 2599 456 2667 Super
494 2604 682 2658 oblata.
709 2637 776 2646 —
800 2608 925 2664 [hoc
956 2626 1052 2666 nos
1080 2615 1298 2680 oblatio,
1344 2618 1501 2690 Deus,
1548 2626 1801 2696 mundet,

214 2704 545 2759 quzesumus,
576 2704 627 2749 et
656 2708 876 2754 renovet
921 2710 975 2756 et
1014 2703 1276 2768 gubernet
1307 2716 1360 2762 et
1392 2721 1652 2783 protegat.
1705 2716 1807 2773 Per

216 2780 522 2837 Dominum.

281 2872 557 2943 Prtefatio.
579 2907 646 2917 —-
674 2880 813 2935 Vere
839 2882 1049 2952 dignum
1078 2895 1132 2941 et
1151 2888 1352 2955 justum
1382 2903 1485 2959 est,
1511 2910 1722 2965 mquum
1749 2908 1801 2954 et

210 2964 466 3029 salutare,
500 2981 599 3021 nos
627 2968 718 3023 tibi
766 2986 981 3041 semper
1032 2988 1083 3030 et
1132 2980 1328 3049 ubique
1371 2988 1568 3052 gratias
1616 3004 1795 3058 agere,

213 3055 436 3111 Domine
476 3068 680 3125 sancte,
715 3062 873 3117 Pater
903 3068 1258 3137 omnipotens,
1290 3081 1487 3129 aeterne
1521 3077 1657 3132 Deus
1688 3096 1703 3135 :
1730 3083 1795 3136 ad

209 3144 359 3213 cujus
382 3147 697 3205 immensam
726 3156 956 3221 pertinet
974 3159 1215 3227 gloriam,
1251 3173 1431 3218 utnon
1463 3168 1633 3222 solum
1656 3187 1798 3227 mor-
1824 3173 1872 3236 C

210 3237 398 3291 talibus
433 3250 522 3293 tua
576 3240 770 3309 pietate
813 3260 1174 3314 succurreres,
1228 3253 1320 3307 sed
1363 3254 1429 3310 de
1473 3258 1583 3324 ipsa
1636 3262 1797 3319 etiam

212 3328 539 3384 mortalitate
595 3342 772 3386 nostra
825 3338 977 3391 nobis
1026 3343 1322 3397 remedium
1365 3339 1701 3421 'provideres,
1748 3365 1802 3409 et

208 3416 437 3483 perditos
462 3434 703 3489 quosque
736 3425 874 3477 unde
906 3427 1202 3498 perierant,
1233 3432 1354 3489 inde
1382 3437 1639 3495 salvares.
1694 3443 1799 3499 Per

205 3504 465 3560 Christum
503 3510 787 3565 Dominum
814 3526 1072 3570 nostrum.

268 3594 587 3653 Benedictio.
613 3631 681 3639 —
698 3602 837 3657 Deus
866 3605 953 3673 qui
975 3623 1122 3666 mare
1145 3625 1255 3665 suis
1281 3616 1501 3683 pedibus
1534 3619 1655 3675 fecit
1676 3639 1794 3678 esse

201 3686 480 3754 calcabile,
504 3692 655 3747 vobis
682 3695 933 3766 quidquid
963 3709 1045 3754 est
1075 3706 1288 3759 noxium
1316 3707 1430 3776 ipse
1459 3711 1785 3772 substernat.

200 3778 389 3831 Amen.
444 3778 758 3838 Contrarios
815 3788 1209 3849 immundorum
1263 3799 1541 3865 spirituum
1611 3816 1788 3861 motus

196 3879 523 3935 comjescat,
575 3880 629 3924 et
680 3888 777 3928 vos
820 3876 872 3931 in
914 3894 1005 3933 sua
1048 3898 1175 3949 pace
1226 3889 1525 3945 ceniirmet.
1590 3894 1781 3950 Amen.

196 3958 383 4013 Crucis
413 3977 527 4015 sum
559 3966 677 4018 navi
710 3964 851 4022 inter
882 3972 1063 4027 mundi
1096 3975 1282 4031 ﬂuetus
1311 3980 1588 4048 gubernet,
1632 3995 1686 4040 et
1725 3989 1776 4041 in

196 4050 339 4102 littus
372 4052 548 4105 beata:
582 4060 933 4121 perennitatis
960 4064 1238 4126 perducat.
1268 4071 1458 4125 Amen.
1481 4074 1634 4137 Quod
1669 4076 1782 4141 ipse

196 4152 447 4206 praestare
487 4143 760 4212 dignetur.

260 4234 339 4284 Ad
369 4232 762 4300 Complendum.
790 4238 1213 4312 —lecstibus,
1246 4246 1502 4315 Domine,
1535 4257 1669 4323 pasti
1692 4258 1785 4313 de-

192 4322 346 4387 lit-iis,
378 4339 683 4393 quaesumus
715 4336 770 4381 ut
796 4344 1008 4401 semper
1036 4334 1222 4391 eadem
1255 4353 1350 4408 per
1377 4357 1493 4411 qua:
1523 4347 1784 4405 veraciter

194 4416 420 4470 vivimus
450 4427 784 4486 appetamus.
817 4422 937 4478 Per.

260 4506 429 4575 Super
456 4512 725 4580 populum.
744 4544 813 4553 —
834 4516 1097 4574 Conserva
1124 4524 1375 4591 populum
1410 4536 1577 4597 tuum,
1617 4532 1774 4600 Deus,
1806 4526 1858 4585 Ι)

191 4607 239 4649 ct
261 4608 349 4652 tuo
378 4600 580 4654 nomini
608 4603 691 4657 fac
714 4604 981 4671 devotum,
1017 4617 1093 4677 ut,
1136 4611 1328 4668 divinis
1355 4615 1625 4686 subjectus
1651 4621 1770 4676 oili-

189 4688 305 4752 ciis,
337 4697 391 4743 et
418 4693 731 4761 temporalia
765 4697 984 4753 viriliter
1010 4708 1064 4754 et
1103 4710 1303 4759 aeterna
1323 4704 1462 4762 dona
1487 4712 1763 4780 percipiat.

187 4777 287 4833 Per
308 4781 587 4838 Dominum
615 4796 876 4841 nostrum.

3452 400 3522 455 50

2360 479 2467 544 yris
2491 482 2812 544 tuinatalitia
2839 494 3085 565 colimus,
3116 516 3143 554 a
3176 509 3379 565 cunctis
3409 528 3523 569 ma-

1952 556 2016 612 lis
2058 569 2458 624 tmmtnentibus
2495 573 2612 643 ejus
2659 578 3053 657 intercessione
3084 592 3388 655 liberemur.
3423 605 3525 663 Per

1945 648 2227 709 Dominum
2260 669 2520 717 nostrum.

2014 738 2183 809 Super
2210 745 2395 801 oblata.
2420 780 2487 791 —-
2509 754 2729 823 Oblatis,
2778 763 3018 833 Domine,
3049 786 3370 847 quaesnmus,
3407 784 3520 851 pla-

1939 841 2061 883 care
2093 837 2423 899 muneribus.
2466 846 2575 913 29
2603 859 2689 913 et,
2716 837 3081 916 intercedente
3122 865 3278 923 beato
3324 837 3521 929 V'al'eti-

1864 926 1877 987 ε
1942 918 2049 971 tino
2099 936 2331 992 martyre
2353 937 2472 995 tuo,
2522 950 2551 986 a
2598 943 2803 996 cunctis
2848 962 2946 1001 nos
2984 950 3211 1012 defende
3241 963 3515 1029 periculis.

1940 1008 2036 1029 πμ
2074 1014 2109 1029 ,,
2206 1016 2219 1027 .

1938 1008 2039 1065 Per
2073 1014 2347 1073 Dominum
2374 1034 2636 1081 nostrum.

2007 1102 2095 1201 Ad.
2115 1104 2501 1176 Camp/endam.
2530 1147 2601 1158 —
2622 1118 2703 1173 Sit
2732 1125 2904 1193 nobis,
2946 1130 3191 1206 Domine,
3245 1150 3513 1213 reparatio

1936 1191 2125 1243 mentis
2154 1202 2206 1246 et
2234 1201 2471 1265 corporis
2501 1205 2719 1263 cos-teste
2766 1191 3098 1287 mysterium,
3143 1191 3198 1280 ut
3224 1191 3375 1300 cujlus
3417 1251 3515 1293 ex-

1934 1278 2207 1347 sequimur
2236 1288 2522 1357 actionem,
2552 1297 2841 1356 sentiamus
2866 1304 3134 1367 eﬂ'ectum.
3168 1288 3290 1373 Per.

1969 1382 2057 1420 xm
2085 1385 2206 1426 ιιΑι..
2238 1391 2437 1431 MART".
2460 1383 2690 1453 —-(l70)
2720 1387 2745 1423 ι)
2770 1404 3048 1451 οιιτιιευιιλ
3073 1413 3259 1457 ειδςτι
3289 1423 3467 1466 PETRI.

2006 1460 2147 1516 Deus
2178 1467 2265 1534 qui
2309 1467 2467 1524 beato
2499 1478 2739 1541 apostolo
2769 1486 2860 1535 tuo
2892 1484 3068 1555 Petro,
3112 1493 3317 1552 collatis
3339 1500 3507 1557 clavi-

1930 1549 2026 1604 bus
2056 1558 2201 1623 regni
2267 1560 2520 1631 cmlestis,
2568 1569 2772 1625 animas
2821 1575 3017 1645 ligandi
3056 1591 3217 1653 atque
3264 1591 3504 1651 solvendi

1931 1639 2078 1739 (180)
2104 1648 2426 1739 pontiﬁcium
2454 1656 2739 1728 tradidisti,
2766 1639 2999 1723 concede
3024 1681 3079 1726 ttt
3105 1639 3501 1739 intercessionis

1925 1730 2041 1800 ejus
2069 1737 2266 1791 auxilio
2292 1753 2321 1792 a
2354 1754 2691 1807 peccatorum
2722 1765 3023 1814 nostrorum
3061 1763 3282 1822 nexibus
3309 1766 3502 1829 libere-

1925 1836 2061 1877 mur.
2088 1824 2186 1890 Qui
2216 1828 2345 1885 vivis
2374 1842 2428 1887 et
2456 1850 2664 1906 regnas.

1998 1912 2165 1984 Super
2191 1918 2726 1986 oblata.—Eeclcsite
2747 1940 2871 2003 tum,
2898 1954 3220 2013 qumsumus,
3253 1947 3496 2019 Domine,

1924 2015 2108 2069 preces
2156 2016 2209 2060 et
2257 2009 2455 2067 hostias
2500 2016 2640 2073 beati
2691 2022 2835 2080 Petri
2875 2034 3105 2098 apostoli
3159 2009 3497 2099 commendet

1920 2092 2113 2158 oratio,
2144 2106 2200 2149 ut
2233 2100 2370 2165 quod
2418 2116 2514 2168 pro
2558 2106 2699 2162 illius
2738 2092 2927 2181 gloria-
2956 2120 3289 2180 celebramus
3342 2130 3494 2186 nobis

1918 2184 2085 2250 prosit
2112 2185 2179 2239 ad
2213 2190 2446 2245 veniam.
2482 2196 2582 2249 Per
2614 2198 2922 2259 Dominum.

1988 2272 2255 2347 Pra'futio.
2280 2312 2348 2322 —
2367 2285 2505 2341 Vere
2525 2287 2740 2357 dignum
2769 2304 2821 2348 et
2841 2296 3040 2363 justum
3070 2313 3171 2370 est,
3200 2321 3408 2377 aequum
3436 2320 3490 2368 et

1914 2363 2164 2433 salutare,
2189 2384 2286 2424 nos
2338 2373 2430 2427 tibi
2460 2391 2672 2446 semper
2723 2391 2777 2436 et
2826 2386 3018 2456 ubique
3065 2363 3485 2469 gratiasuagcre,

1915 2450 2135 2510 Domine
2165 2470 2373 2527 sancte,
2408 2463 2566 2520 Pater
2594 2472 2951 2539 omnipotens,
2995 2488 3195 2537 mterne
3236 2450 3373 2540 Deus
3396 2507 3410 2555 ;
3434 2500 3487 2545 et

1912 2548 1963 2594 te
1992 2541 2208 2601 laudare
2235 2550 2527 2609 mirabilem
2563 2558 2726 2615 Deum
2758 2564 2809 2616 in
2840 2567 3037 2622 sanctis
3062 2572 3187 2641 tuis,
3219 2576 3269 2628 in
3296 2578 3483 2644 quibus

1912 2632 2237 2700 glorilicatus
2268 2656 2327 2695 es
2365 2644 2724 2704 vehementer.
2772 2653 2871 2709 Per
2898 2672 3033 2725 quos
3086 2632 3350 2732 Unigeuiti
3408 2672 3483 2724 tui

1910 2738 2119 2781 sacrum
2151 2745 2342 2800 corpus
2385 2751 2632 2809 exornas,
2664 2750 2716 2797 et
2763 2745 2814 2798 in
2865 2748 3054 2815 quibus
3100 2752 3350 2811 Ecclesia:
3383 2767 3489 2817 tua

1907 2814 2252 2877 fundamenta
2298 2830 2610 2897 constituis,
2663 2849 2819 2901 quam
2872 2838 3022 2911 (181)
3067 2843 3119 2898 in
3171 2814 3484 2913 patriarchis

1906 2906 2164 2974 fundasti,
2198 2913 2252 2966 in
2287 2918 2559 2984 prophetis
2587 2906 2917 2993 praeparasti,
2951 2906 3274 3000 itrapost-olis
3299 2941 3477 2995 condi-

1902 2994 2044 3049 disti.
2070 2995 2147 3050 Ex
2181 3001 2371 3069 quibus
2398 3005 2608 3062 beatum
2638 3011 2851 3068 Petrum
2879 2994 3236 3084 apostolorum
3276 3027 3477 3094 princi-

1901 3099 2047 3153 pem,
2096 3088 2165 3143 ob
2205 3092 2593 3151 confessionem
2648 3100 2912 3172 Unigeniti
2965 3108 3088 3163 Filii
3139 3112 3231 3178 tui,
3276 3088 3372 3183 per
3417 3133 3479 3173 os

1900 3177 2139 3245 ejusdem
2171 3183 2325 3239 Verbi
2356 3187 2428 3241 tui
2458 3191 2849 3260 confirmatum,
2882 3196 2935 3251 in
2977 3177 3326 3260 fundamento
3368 3207 3475 3263 tio-

1905 3286 2022 3326 mus
2074 3281 2199 3340 tuae,
2246 3287 2449 3333 mutato
2493 3283 2729 3351 nomine,
2778 3288 3076 3346 cmlestium
3124 3294 3476 3355 claustrorum

1904 3364 2185 3429 praesulem
2224 3369 2601 3440 custodemque
2642 3375 2832 3443 fecisti,
2865 3379 3044 3437 divino
3089 3384 3138 3439 ei
3180 3385 3301 3455 jure
3348 3402 3476 3445 con-

1901 3467 2077 3516 cesso,
2115 3470 2166 3510 ut
2200 3458 2349 3529 (l82)
2380 3476 2495 3530 qua:
2523 3467 2798 3521 statuisset
2828 3469 2878 3523 in
2915 3473 3093 3538 terris,
3130 3487 3474 3546 servarentur

1899 3544 1951 3597 in
1982 3548 2155 3600 caelis.
2187 3548 2241 3602 in
2269 3552 2418 3619 cujus
2445 3555 2789 3613 veneratione
2818 3558 3073 3616 hodierna
3101 3544 3199 3620 die
3214 3566 3472 3635 Majestati

1899 3641 2000 3687 tuae
2032 3634 2145 3689 hcce
2176 3637 2304 3691 iesm
2348 3641 2721 3711 persolvimus,
2758 3656 2811 3701 et
2854 3650 3144 3717 gratiarum
3195 3668 3258 3710 ac
3296 3657 3466 3714 laudis

1895 3721 2132 3777 Hostiam
2158 3724 2516 3785 immolatnus.
2558 3731 2659 3786 Per
2702 3750 2856 3803 quem
2888 3737 3237 3807 Majestatent.

1962 3815 2042 3867 Ad
2071 3815 2459 3887 Complendurn.
2482 3852 2548 3865 -—
2572 3823 2827 3883 Laetilicct
2852 3844 2968 3894 nos,
2998 3831 3245 3901 Domine,
3272 3853 3466 3897 multus

1891 3905 2153 3972 oblatum,
2183 3918 2239 3962 ut
2263 3912 2402 3965 sicut
2432 3913 2483 3966 in
2514 3917 2753 3982 apostolo
2784 3927 2871 3975 tuo
2901 3920 3061 3977 Petro
3091 3932 3140 3979 te
3169 3926 3464 3985 mirabilem

1891 3998 2256 4067 praedicamus,
2292 4003 2368 4056 sic
2401 4018 2492 4072 per
2516 4005 2659 4060 illum
2690 4016 2791 4065 tua:
2821 4026 3093 4070 sumamus
3124 4014 3464 4087 indulgentiae

1890 4085 2213 4154 largitatem.
2248 4090 2367 4146 l’er.

1960 4176 2134 4245 Super
2164 4182 2428 4247 papulum.
2452 4210 2521 4221 —
2545 4182 2795 4250 Benedic,
2838 4204 3158 4254 quaesumus,
3212 4193 3452 4264 Domine,

1888 4268 2094 4336 plebem
2134 4279 2308 4335 tuam;
2360 4284 2413 4325 et
2462 4274 2602 4327 beati
2652 4276 2797 4330 Petri
2845 4280 3070 4345 apostoli
3104 4283 3176 4336 tui
3212 4285 3455 4352 pret-ibus

1888 4359 2062 4413 tribue
2091 4362 2344 4430 consequi
2372 4370 2474 4417 tua:
2497 4363 2820 4421 defensionis
2849 4370 3120 4425 auxilium.
3149 4372 3271 4428 Per.

1885 4463 1936 4502 v1
1974 4464 2098 4505 an.
2143 4467 2348 4505 suurn.
2375 4483 2444 4492 —
2472 4465 2494 4492 ο
2525 4458 2937 4538 ΝΑτΑιις.(185)
2978 4474 3165 4516 εΑιιοτι
3208 4480 3456 4523 ιιλττιιιι

2536 4540 2806 4580 Λροδτοιι.

1956 4608 2116 4675 Deus,
2162 4624 2251 4679 qut
2285 4611 2492 4666 beatum
2546 4614 2816 4670 Matthiam
2847 4623 3209 4687 apostolorum
3242 4633 3448 4681 tuorum

1880 4697 2107 4768 collegio
2152 4700 2391 4765 sociassi,
2424 4703 2615 4767 tribue,
2663 4719 2987 4773 quaesumus,
3022 4718 3078 4763 ut
3123 4712 3238 4780 ejus
3289 4713 3451 4769 inter-

1881 4789 2146 4853 ventione,
2182 4790 2289 4861 3o
2321 4800 2421 4845 tua:
2449 4793 2588 4847 circa
2629 4810 2725 4850 nos
2756 4797 2964 4864 pietatis
2994 4815 3206 4870 semper
3236 4804 3446 4862 viscera

1876 4880 2185 4934 sentiamus.
2229 4882 2330 4937 Per
2368 4882 2667 4939 Dominum.

1948 4968 2113 5036 Super
2134 4968 2321 5024 oblata.
2355 5001 2418 5009 —-
2449 4971 2589 5026 Deus
2606 5014 2620 5040 ,
2646 4974 2729 5040 qui
2758 4976 3038 5040 proditoris
3058 4984 3311 5042 apostatte
3330 4983 3443 5034 rui-

1872 5069 2015 5121 nam,
2043 5072 2109 5111 ne
2138 5062 2501 5127 apostolorum
2519 5072 2727 5118 tuorum
2748 5065 2899 5134 (184)
2926 5080 3176 5121 numerus
3203 5080 3447 5127 sacratus

185 4883 271 4923 xvr
307 4888 428 4926 KAL.
468 4890 674 4928 nam.
699 4906 770 4916 —
799 4879 819 4946 (
857 4879 983 4948 178)
1014 4897 1234 4938 sanus
1261 4900 1444 4943 SANCTI
1484 4906 1766 4949 vulsum

802 4956 826 4981 θ
868 4964 1146 5004 martius.

254 5029 471 5099 Praesta,
496 5050 825 5105 quaesumus,
851 5040 1186 5109 omnipotens
1216 5032 1391 5113 Deus',
1420 5058 1478 5102 ut
1506 5052 1593 5118 qui
1624 5053 1767 5108 beati

247 5174 273 5200 ⁸
302 5166 471 5249 Abest
492 5172 947 5249 martyris_a__Cod.
980 5178 1126 5249 Reg.
1160 5178 1318 5235 Suec.
1350 5182 1405 5235 ln
1432 5184 1453 5237 1
1489 5183 1757 5243 Thcoder.

177 5246 301 5311 a_nte
331 5240 562 5311 natalem
588 5245 755 5311 sancti
786 5245 1044 5301 Valentini
1075 5240 1309 5303 'notatur
1332 5266 1402 5304 vn
1434 5252 1553 5308 ldus
1601 5240 1757 5311 Febr;

176 5302 218 5356 Τ
221 5308 467 5388 rattalatio
484 5320 678 5388 serietate
697 5310 905 5388 Helena;
924 5320 1147 5388 regium;
1171 5328 1222 5370 et
1245 5302 1296 5371 tv
1320 5302 1449 5375 lditis—
1462 5302 1763 5379 it‘ebravNa-

175 5376 267 5453 tal.
290 5387 479 5453 sppch
500 5378 837 5453 scholastica:
861 5376 1001 5453 virg.”
1014 5376 1139 5440 Post
1166 5387 1357 5442 reatum
1388 5376 1555 5446 sancti
1575 5376 1762 5449 valeti-

176 5444 486 5532 tliniribidem
512 5448 731 5532 additur
753 5470 764 5502 :
797 5444 988 5509 Eodem
1000 5458 1083 5509 die
1105 5466 1214 5509 nat.
1238 5444 1529 5514 sanctorum
1552 5444 1757 5532 Virri-lis,

174 5513 427 5568 Pelio:qu
453 5527 498 5567 et
531 5516 776 5574 Zenonis.
974 5546 983 5549 νν

237 5580 293 5657 δ*
324 5584 379 5637 In
415 5585 513 5638 Ed.
537 5586 709 5657 Vatic.
738 5600 790 5642 et
817 5591 1113 5649 Gussanvil.
1139 5595 1393 5651 Cathedra
1416 5602 1578 5653 sancti
1612 5601 1753 5657 Petri

172 5655 223 5703 in
259 5653 444 5727 Regna,
479 5656 621 5721 quod
656 5660 870 5714 minime
917 5662 1113 5717 habent
1141 5667 1228 5718 alii
1258 5667 1480 5721 Codices
1508 5653 1633 5723 editi

174 5740 302 5777 ιιιδς.
336 5723 610 5781 Reccntcr
640 5729 814 5798 itaque
842 5732 1072 5786 additum
1103 5736 1453 5805 suspicantur,
1480 5739 1529 5791 in
1564 5740 1752 5809 Ιῖοιιια,

1867 5192 1930 5266 a_d
1961 5193 2353 5266 distinctionem
2378 5198 2595 5254 alterius
2630 5199 2745 5255 festi
2782 5199 3061 5260 Cathedraa
3090 5210 3259 5263 sancti
3292 5208 3439 5266 Petri

1868 5262 2277 5348 Andt'OCItt'tBLdie
2325 5266 2389 5348 18
2418 5266 2845 5348 ,Ιη-ηυίινηληιιοά
2878 5282 3051 5327 utrum
3084 5262 3315 5348 antiquis
3340 5262 3438 5335 Eo;

1863 5331 2371 5405 gnitumLConsule
2435 5331 2862 5393 observationem
2926 5351 3159 5400 nostram
3213 5331 3309 5403 ad‘
3342 5331 3439 5405 no-

1864 5408 1969 5489 tam
2027 5402 2148 5457 179.
2187 5402 2408 5482 Kalend.
2453 5406 2606 5489 liora.
2644 5407 2799 5489 ἐρέω.
2843 5408 3127 5489 frentanis
3156 5402 3436 5489 utrumque

1867 5468 2062 5545 festum
2091 5475 2282 5545 nescit,
2317 5485 2372 5545 ut
2394 5483 2446 5527 et
2470 5472 2650 5545 Codex
2684 5477 2813 5545 Reg.
2847 5480 3008 5535 Suec.

1939 5552 1970 5613 ε.
2001 5541 2271 5613 Qtnittitur
2320 5541 2421 5613 hoc
2460 5543 2666 5613 festum
2719 5541 2786 5602 in.
2825 5549 3051 5606 Kalend.
3107 5554 3260 5610 Rom.
3300 5560 3432 5613 etin

1863 5607 1993 5658 Cod.
2014 5609 2149 5689 _R_e_g.
2176 5610 2333 5689 Suec.
2361 5611 2414 5663 lu
2440 5612 2470 5689 _i
2506 5613 2794 5689 Theoder.,
2828 5620 3132 5677 immediate
3163 5607 3291 5689 post
3306 5607 3430 5684 ἰἱεῖζ

1860 5679 2028 5799 sttiictil
2057 5679 2263 5741 Matth.,
2306 5682 2543 5751 sequitur
2589 5679 2791 5740 festum»
2828 5700 3128 5747 sanctarum
3160 5679 3433 5766 1³εὲραωέ

1861 5756 1913 5799 ct
1960 5747 2009 5799 “t:
2040 5748 2249 5799 :citatis.

1861 5756 1913 5799 ct
1942 5747 2249 5804 l-‘cl:citatis.
