4026 6330
578 344 636 397 Si
1739 333 1975 393 SANCTI
2015 328 2338 387 GilEGORlI
2378 329 2594 387 MAGNI
3749 327 3826 384 58

579 437 906 497 pctlecl'imtc
924 439 1154 499 careret,
1176 431 1313 487 beati
1332 429 1564 485 Matthiae
1584 428 1844 483 elcclione
1864 426 2142 496 supplesti,
2173 424 2223 484 Δ
2251 422 2515 478 aientibus
2574 421 2712 477 beati
2760 419 3000 490 Gregorii
3056 418 3283 486 meritis,
3326 418 3396 474 ab
3432 418 3677 475 omnibus
3724 435 3824 476 nos

579 527 862 591 praesentia
908 539 1129 581 munera
1174 522 1467 587 sanctifica,
1498 529 1551 574 et
1600 535 1692 589 per
1734 535 1795 574 ea
1838 534 1935 574 nos
1963 520 2146 589 gratia:

579 629 681 673 tuae
706 619 900 671 vittute
928 616 1205 672 confirma.
1247 613 1363 667 Per.

654 710 923 779 Praefatio.
946 707 1157 760 —Vere
1180 705 1395 772 dignum
1423 712 1476 757 et
1499 702 1706 770 justum
1731 711 1832 768 est,
1854 715 2060 771 mqnum
2092 709 2144 754 et

576 801 829 863 salutare,
865 812 962 851 nos
1008 794 1102 848 tibi
1151 808 1364 861 semper
1385 802 1439 846 et
1484 792 1677 861 ubique
1722 792 2138 860 gratias.agere,

582 887 803 940 nomine
824 892 1030 946 sancte,
1066 882 1223 935 l’atcr
1242 882 1580 948 omnipotens
1600 921 1615 945 ,
1650 890 1849 935 :eternc
1874 880 2013 934 Deus
2046 896 2059 932 :
2090 886 2145 933 et

576 986 626 1030 te
654 976 869 1028 laudare
898 971 1194 1026 mirabilem
1226 971 1386 1025 Deum
1431 971 1483 1022 in
1521 969 1689 1025 beatis
1718 969 1973 1037 apostolis
2013 972 2140 1033 tuis,

574 1065 627 1119 in
658 1062 847 1132 quibus
873 1050 1201 1130 glorificatus
1227 1075 1285 1115 es
1310 1062 1673 1115 vehementer.
1714 1059 1816 1114 Per
1844 1074 1975 1128 quos
2014 1059 2143 1115 Uni-

571 1154 736 1225 geniti
766 1155 839 1210 tui
868 1168 1078 1209 sacrum
1111 1167 1304 1221 corpus
1329 1153 1554 1222 colligis,
1578 1159 1633 1208 et
1655 1151 1707 1206 in
1742 1151 1932 1220 quibus
1962 1151 2141 1206 Eccle—

569 1246 667 1300 siae
698 1254 800 1300 tua:
831 1244 1172 1299 fundamenta
1201 1242 1499 1297 constituis.
1547 1241 1697 1297 Unde
1734 1241 2002 1310 poscimus
2031 1242 2140 1296 cle«

577 1341 828 1395 mentiam
866 1348 1034 1405 tuam,
1064 1338 1299 1407 piissime
1344 1337 1681 1404 omnipotens
1706 1336 1866 1402 Deus,
1898 1346 1954 1389 ut
1982 1336 2139 1388 inter-

571 1431 813 1486 cessione
854 1430 996 1485 beati
1036 1427 1260 1500 apostoli
1292 1428 1367 1483 tui
1411 1426 1664 1490 Matthiae,
1698 1426 1850 1493 cujus
1877 1426 2141 1496 passionis

570 1533 605 1575 ιι
622 1520 893 1590 iumphum
924 1521 1239 1577 solt-mniter
1261 1519 1617 1584 celebramus,
1642 1533 1941 1573 mereamur
1963 1534 1991 1569 a
2018 1533 2141 1586 pec-

569 1621 808 1665 catontm
852 1620 1156 1666 nostrorum
1192 1609 1426 1665 nexilus
1466 1608 1623 1673 solvi,
1668 1617 1719 1663 et
1759 1618 1976 1661 aeternae
2018 1606 2139 1661 vita:

569 1696 812 1752 felicitati
861 1698 1031 1765 reddi,
1080 1704 1240 1766 atque
1285 1705 1593 1751 sanctorum
1648 1704 1858 1751 tuorum
1912 1695 2140 1751 cretibns

568 1788 961 1844 connumerari.
991 1789 1094 1844 Per
1122 1803 1300 1858 quem.

639 1878 951 1934 Benedictio.
979 1908 1046 1920 —-
1073 1879 1234 1942 Deus,
1277 1876 1368 1948 qui
1408 1890 1503 1932 vos
1525 1877 1576 1931 in
1622 1876 1928 1949 apostolicis
1958 1876 2141 1929 tribuit

568 1971 864 2025 consistere
899 1970 1274 2034 fundamentis,
1320 1969 1634 2024 benedicere
1677 1968 1826 2041 vobis
1869 1968 2139 2038 dignetur,

567 2059 705 2114 beati
734 2061 960 2129 apostoli
1007 2062 1087 2115 sui
1132 2060 1361 2114 Matthiae
1409 2057 1865 2114 intercedentibus
1909 2058 2136 2112 meritis.

568 2151 761 2203 Amen.
792 2148 1155 2217 Defendatque
1180 2163 1272 2202 vos
1300 2164 1329 2202 a
1358 2147 1565 2203 cunctis
1592 2146 1851 2211 adversis,
1883 2145 2140 2215 apostoli-

566 2239 643 2292 cis
671 2239 930 2306 praesidiis
949 2279 961 2301 ,
995 2240 1081 2308 qui
1112 2252 1206 2292 vos
1235 2252 1416 2293 eorum
1464 2238 1628 2292 voluit
1656 2238 1831 2292 ornari
1860 2245 1914 2292 et
1943 2252 2142 2291 mune-

567 2330 673 2383 rari
702 2328 961 2397 exemplis
981 2337 1033 2382 et
1062 2329 1416 2384 documentis.
1450 2329 1642 2382 Amen.
1673 2328 1789 2395 Quo
1823 2342 1914 2395 per
1955 2341 2137 2381 eorum

567 2419 1005 2473 intercessionem
1038 2419 1358 2486 perveniatis
1399 2418 1464 2471 ad
1509 2426 1725 2472 aeternae
1752 2418 1937 2485 patria:
1966 2415 2139 2469 haere-

570 2510 814 2574 ditatem,
849 2524 944 2577 per
973 2523 1196 2578 quorum
1227 2508 1520 2563 doctrinam
1552 2507 1743 2563 tenetis
1773 2506 1893 2562 fidet
1922 2505 2141 2575 integri-

569 2608 751 2654 tatem.
784 2598 933 2665 Quod
965 2601 1077 2668 ipse
1108 2607 1360 2666 praestare
1389 2598 1658 2667 d‘gnetur.

634 2694 717 2747 Ad
745 2692 1135 2760 Complendum.
1159 2723 1230 2735 --
1251 2693 1472 2760 Praesta,
1523 2706 1846 2762 quaesumus,
1897 2692 2143 2758 omnipo-

568 2794 683 2838 tens
726 2795 779 2839 et
812 2784 1113 2838 misericors
1151 2784 1330 2850 Deus,
1362 2792 1419 2838 ut
1468 2798 1561 2853 per
1612 2782 1727 2837 haec
1772 2792 1974 2846 sancta,
2025 2797 2142 2850 qua:

567 2880 909 2946 sumpsimus,
931 2878 1325 2932 interveniente
1346 2877 1503 2932 beato
1527 2877 1739 2930 Matthia
1762 2876 2002 2944 apostolo
2026 2885 2137 2943 tuo,

568 2969 770 3021 veniam
800 2981 1189 3036 consequamur
1218 2976 1270 3021 ct
1300 2981 1504 3035 pacem.
1535 2967 1633 3021 Per
1667 2966 1966 3021 Dominum.

641 3060 810 3127 Suplr
838 3060 1102 3129 populant.
1128 3089 1198 3098 —
1220 3059 1506 3126 Percipiat,
1541 3059 1783 3123 Domine,
1815 3071 2140 3127 quaesumus,

571 3153 794 3220 populus
838 3160 977 3216 tuus,
1029 3149 1397 3205 intercedente
1443 3150 1599 3204 beato
1638 3149 1856 3204 Matthia
1897 3163 1964 3218 ap

571 3252 682 3306 tuo,
714 3239 1152 3301 misericordiam,
1190 3253 1347 3307 quam
1380 3237 1641 3307 deposcit,
1676 3246 1730 3293 et
1759 3252 1916 3307 quam
1958 3252 2144 3305 preca—

571 3339 655 3384 tur
683 3328 977 3394 humiliter,
1023 3328 1409 3398 indulgentiam
1458 3338 1814 3398 consequatur
1844 3336 1898 3383 et
1937 3343 2145 3398 pacem.

573 3421 670 3476 Per
702 3420 1007 3474 Dominum.

603 3548 653 3588 ιν
691 3546 809 3587 IDUS
845 3546 1147 3587 mnuu—
1170 3544 1395 3586 NATALIS
1431 3544 1617 3586 SANC'I'I
1654 3546 1898 3587 GREGORII
1938 3545 2107 3586 ΡΔΡΒ.

642 3649 910 3714 Concede,
940 3663 1264 3718 quaesumus,
1298 3648 1542 3715 Domine,
1581 3648 1821 3703 ﬁdelibus
1855 3649 1962 3702 tuis
1991 3648 2147 3714 digne

572 3741 743 3796 sancti
772 3739 1013 3811 Gregorii
1041 3740 1307 3810 pontiﬁcis
1345 3742 1416 3795 tui
1444 3740 1717 3796 celebrare
1757 3740 2041 3811 solemnia,
2094 3750 2148 3793 ut

573 3832 688 3902 ejus
740 3841 792 3888 et
838 3832 925 3887 hic
953 3833 1294 3901 experiantur
1335 3833 1551 3900 auxilia,
1602 3841 1657 3888 et
1693 3832 1907 3887 aeternis
1948 3828 2148 3887 effecti.

576 3922 674 3977 bus
700 3920 1118 3989 apprehendant.
1141 3920 1266 3976 Per.

647 4024 673 4052 ιι
716 4016 883 4086 Super
915 4014 1103 4070 oblata.
1127 4042 1195 4055 -
1220 4013 1451 4079 Hostias,
1496 4013 1744 4080 Domine,
1773 4028 1905 4083 quas
1949 4014 2149 4069 nomini

577 4117 669 4160 tno
694 4106 980 4161 sacrandas
1024 4106 1319 4175 offerimus,
1361 4105 1529 4159 sancti
1569 4102 1810 4173 Gregorii
1857 4118 2150 4174 prosequa-

578 4209 663 4254 tur
683 4199 875 4265 oratio,
899 4211 992 4267 per
1014 4212 1171 4268 quam
1196 4211 1295 4253 nos
1316 4203 1372 4253 et
1390 4195 1596 4265 expiari
1625 4194 1811 4261 facias,
1839 4204 1894 4251 et
1910 4193 2148 4251 defendi.

580 4290 695 4344 Per.

645 4381 751 4449 31
780 4379 1265 4449 Praetutia—Vere
1295 4381 1512 4449 dignum
1535 4388 1590 4436 et
1598 4379 1799 4451 justum
1817 4388 1920 4449 est,
1940 4395 2149 4451 aequum

2247 512 2488 566 absolvat
2514 513 2767 581 peccatis.
2795 512 2916 567 Per.

2244 618 2336 658 vnt
2374 619 2495 657 ιω..
2537 600 3012 673 aratum—(186)
3053 600 3081 640 δ
3124 615 3484 657 Ακαυιητιλτιο
3521 616 3713 657 essem
3751 620 3827 657 eo

2814 687 3022 726 ΒΕΔΤΑΙΙ
3045 687 3264 725 ΙΙΛῘΙΙΑΙ.

2317 761 2476 826 Deus,
2518 760 2613 831 qui
2656 761 2709 816 in
2765 760 2914 831 (187)
2966 762 3134 816 beata:
3176 763 3357 817 Maria:
3408 761 3623 831 virginis
3666 773 3828 820 utero

2249 842 2476 907 Verbum
2523 860 2669 905 tuum
2694 892 2709 916 ,
2751 851 2940 921 angelo
2980 852 3350 916 annuntiante,
3390 864 3608 907 carnem
3651 854 3827 908 susci-

2243 956 2371 1013 pere
2399 941 2635 1007 voluisti,
2686 952 2880 1011 praesta
2930 942 3261 1011 supplicibus
3292 942 3415 1009 tuis,
3471 951 3528 997 ut
3568 943 3660 1013 qui
3693 959 3829 1000 vere

2243 1045 2358 1085 eam
2391 1030 2715 1086 Genitricem
2744 1030 2838 1085 Dei
2884 1029 3171 1091 credimus,
3222 1028 3339 1094 ejus
3385 1030 3524 1099 apud
3568 1039 3623 1087 te
3657 1031 3829 1088 inter-

2241 1122 2574 1177 cessionibus
2598 1120 2932 1192 adjuvemur.
2964 1121 3066 1174 Per
3094 1120 3367 1175 eumdem.

2313 1214 2393 1267 Ad
2438 1212 2947 1278 Missam—Deus,
2997 1212 3084 1281 qui
3134 1210 3390 1266 hodierna
3438 1211 3526 1267 die
3581 1211 3820 1271 Verbum

2243 1309 2385 1356 tuum
2416 1301 2468 1355 in
2499 1300 2651 1373 (188)
2698 1301 2867 1355 beatae
2910 1299 3143 1369 Virginis
3195 1300 3316 1354 alvo
3364 1300 3513 1371 (189)
3546 1301 3814 1356 incarnari

2242 1392 2475 1457 voluisti,
2507 1391 2590 1447 fac
2630 1407 2730 1447 nos
2758 1391 2831 1447 ita
2882 1401 3197 1461 praesentem
3228 1391 3376 1461 (190)
3414 1392 3812 1449 solemnitatem

2245 1501 2518 1555 peragere,
2556 1493 2614 1538 ut
2643 1484 2739 1539 tibi
2768 1486 2977 1552 placere
3010 1482 3300 1538 valeamus.
3331 1484 3432 1539 Per
3459 1484 3735 1539 eumdem.

2317 1576 2484 1644 Super
2522 1574 2709 1627 oblata.
2738 1603 2807 1614 -
2832 1571 3000 1626 Altari
3038 1581 3149 1639 tuo,
3195 1572 3441 1639 Domine,
3486 1574 3828 1644 superposita

2244 1680 2467 1721 munera
2492 1664 2725 1733 Spiritus
2772 1672 2988 1717 sanctus
3029 1672 3290 1729 assumat,
3319 1664 3409 1731 qui
3451 1663 3608 1718 hodie
3654 1664 3829 1719 beata

2169 1765 2217 1828 B
2248 1755 2427 1811 Maria:
2451 1756 2655 1809 viscera
2680 1754 3052 1823 splendoribus
3074 1768 3186 1809 sua:
3211 1753 3423 1809 virtutis
3448 1753 3696 1825 replevit.
3721 1755 3829 1811 Pe:

2246 1846 2528 1900 Dominum
2557 1852 2819 1899 nostrum.

2319 1935 2589 2004 Praefatio.
2615 1964 2683 1975 —
2713 1934 2847 1991 Vere
2891 1933 3109 2003 dignum
3147 1941 3201 1987 et
3224 1933 3425 2002 justum
3464 1941 3567 1999 est,
3609 1948 3829 2004 aequum

2245 2033 2298 2080 et
2327 2025 2583 2089 salutare,
2612 2038 2710 2079 nos
2740 2025 2834 2079 tibi
2864 2039 3077 2092 semper
3103 2032 3158 2078 et
3186 2023 3380 2092 ubique
3408 2024 3609 2093 gratias
3637 2039 3826 2096 agere,

2252 2116 2473 2171 Domine
2496 2124 2697 2183 sancte,
2724 2113 2880 2169 Pater
2910 2117 3270 2182 omnipotens,
3300 2121 3499 2167 aeterne
3540 2112 3700 2178 Deus,
3729 2130 3830 2182 per

2246 2208 2513 2264 Christum
2546 2208 2830 2261 Dominum
2874 2215 3115 2261 nostrum
3149 2221 3165 2257 :
3195 2219 3353 2274 quem
3395 2219 3490 2273 pro
3516 2204 3685 2260 salute
3725 2204 3830 2259 bo-

2247 2302 2447 2354 tninum
2492 2299 2817 2353 nasciturum
2862 2296 3073 2351 Gabriel
3121 2295 3476 2365 archangelus
3539 2296 3825 2362 nuntiavit,

2243 2391 2390 2459 virgo
2414 2388 2578 2443 Maria
2606 2389 2836 2457 Spiritus
2861 2386 3031 2442 sancti
3058 2387 3437 2456 cooperatione
3458 2388 3735 2455 concepit;
3764 2396 3825 2440 ut

2244 2480 2384 2551 quod
2437 2481 2673 2548 angelica
2708 2479 2971 2534 nuntiavit
2999 2478 3327 2542 sublimitas,
3364 2479 3594 2546 virginea
3635 2479 3828 2533 crede-

2244 2578 2326 2625 ret
2356 2570 2580 2638 puritas,
2611 2568 2896 2623 ineffabilis
2922 2570 3200 2638 perliceret
3225 2568 3424 2623 Deitas.
3456 2569 3604 2623 illius
3644 2570 3827 2639 itaque

2245 2670 2511 2728 Optamus,
2545 2668 2594 2712 te
2634 2658 2947 2726 opitulante,
2985 2672 3209 2713 cernere
3253 2658 3440 2713 faciem
3484 2658 3598 2713 sine
3637 2658 3827 2714 confu-

2244 2754 2417 2817 sione,
2472 2753 2622 2818 cujus
2674 2752 3055 2806 lncarnationis
3110 2751 3404 2822 gaudemus
3461 2752 3827 2809 solemnitate.

2249 2842 2348 2896 Per
2369 2857 2523 2909 quem
2554 2841 2900 2909 Majestatem.
3474 2864 3479 2869 ε

2317 2935 2397 2986 Ad
2426 2932 2814 3001 Complendum.
2842 2963 2912 2973 —-
2940 2932 2994 2987 In
3023 2932 3289 2988 mentibus
3318 2935 3537 2999 nostris,
3576 2934 3826 3003 Domine,

2253 3041 2388 3083 vera:
2428 3024 2550 3079 ﬁdei
2598 3035 2929 3080 sacramenta
2962 3027 3243 3094 confirma,
3286 3034 3344 3080 ut
3372 3027 3462 3096 qui
3501 3036 3828 3097 conceptum

1969 3115 2141 3203 05,016
2172 3139 2218 3201 ο
2250 3118 2318 3173 de
2369 3116 2584 3186 Virgine
2632 3116 2796 3171 Deum
2848 3131 3029 3170 verum
3060 3126 3112 3169 et
3168 3115 3435 3171 hominem
3481 3119 3827 3184 confitemur,

2250 3222 2346 3277 per
2370 3208 2486 3277 ejus
2507 3205 2794 3261 stilutiferte
2816 3206 3220 3260 resurrectionis
3248 3207 3536 3273 potentiam
3559 3207 3626 3262 ad
3666 3218 3832 3264 atter-

2248 3314 2370 3353 nam
2405 3312 2706 3352 mereamur
2734 3297 3012 3365 pervenire
3041 3294 3297 3349 laetitiam.
3334 3296 3470 3374 Per.

2321 3391 2490 3461 Super
2514 3390 2781 3460 populum.
2802 3417 2873 3429 -
2894 3388 3138 3457 Prolege,
3172 3388 3411 3452 Domine,
3441 3388 3666 3443 famulos
3700 3396 3829 3444 tuos

2248 3481 2499 3535 subsidiis
2527 3480 2691 3548 pacis,
2726 3480 2832 3549 32
2870 3487 2923 3533 et
2950 3478 3119 3532 beatte
3159 3478 3336 3532 Maria:
3368 3478 3671 3546 patrociniis
3704 3494 3839 3534 con-

2253 3572 2476 3627 fidentes
2506 3585 2536 3624 a
2566 3570 2773 3623 cunctis
2804 3567 3045 3621 hostibus
3082 3567 3244 3620 redde
3269 3580 3508 3621 securos.
3536 3566 3658 3620 Per.

2329 3664 2466 3716 Alia.
2495 3690 2565 3701 ——
2590 3660 2823 3714 Gratiam
2857 3670 3020 3722 tuam,
3053 3673 3375 3726 quaesumus,
3413 3658 3652 3721 Domine,
3681 3671 3840 3711 men-

2253 3754 2390 3808 tibus
2426 3755 2622 3807 nostris
2649 3751 2889 3816 infunde,
2915 3762 2970 3805 ut
3000 3752 3087 3820 qui
3111 3752 3300 3819 angelo
3327 3750 3600 3805 nuntiante
3628 3748 3837 3805 Christi

2252 3848 2371 3903 Filii
2403 3849 2478 3902 tui
2534 3846 2955 3900 incarnationem
2987 3847 3356 3914 cognovimus,
3405 3858 3498 3912 per
3528 3845 3841 3913 passionem

2251 3939 2367 4009 ejus
2395 3946 2450 3991 et
2494 3952 2707 3991 crucem
2754 3935 2819 3989 ad
2852 3934 3257 3989 resurrectionis
3297 3932 3521 4002 gloriam
3574 3931 3841 4000 perduca-

2252 4045 2391 4084 mur.
2423 4028 2521 4094 Qui
2558 4036 2730 4079 tecum
2763 4025 2886 4078 vivit
2916 4032 2970 4078 et
3003 4032 3187 4092 regnat
3216 4023 3377 4076 Deus.

2326 4122 2461 4174 Alia.
2488 4150 2553 4159 —
2577 4118 2924 4184 Omnipotens
2952 4116 3273 4183 sempiterne
3300 4114 3459 4177 Dens,
3488 4113 3574 4180 qui
3602 4120 3839 4166 comtcr-

2254 4229 2379 4268 num
2412 4213 2503 4265 tibi
2537 4211 2719 4264 Filium
2761 4209 2918 4263 hodie
2964 4225 3059 4276 pro
3104 4206 3283 4261 mundi
3315 4207 3485 4260 salute
3525 4204 3829 4260 secundum

2253 4316 2468 4359 Carnem
2502 4299 2699 4368 Spiritu
2737 4308 2920 4353 sancto
2949 4296 3351 4366 concipiendum
3399 4295 3640 4364 angelico
3670 4294 3841 4348 mini-
3934 4360 3937 4361 ν

2256 4395 2423 4448 sterio
2451 4392 2622 4445 beata:
2651 4390 2828 4443 Maria:
2857 4402 3069 4455 semper
3098 4384 3287 4454 virgini
3316 4383 3621 4448 declarasti,
3648 4381 3843 4437 adesto

583 4479 636 4524 et
664 4470 918 4534 salutare,
950 4485 1046 4523 nos
1076 4470 1172 4524 tibi
1201 4485 1413 4539 semper
1442 4479 1496 4525 et
1522 4470 1724 4541 ubique
1748 4472 1944 4541 gratias
1968 4486 2145 4540 agere,

2260 4481 2516 4552 pr0pitius
2538 4480 2733 4547 populo
2756 4489 2867 4544 tuo,
2891 4490 2947 4531 ut
2975 4478 3038 4529 ad
3061 4474 3175 4546 ejus
3199 4474 3557 4542 Nativitatem,
3580 4474 3733 4544 (191)
3754 4488 3845 4544 pa-

585 4562 807 4616 Domine
853 4569 1055 4627 sancte,
1092 4562 1247 4616 Pater
1292 4562 1663 4632 omnipotens,
1714 4574 1914 4617 aeterne
1963 4562 2149 4618 Deus:

577 4653 703 4719 quia
735 4652 813 4706 sic
842 4651 1028 4706 tribuis
1058 4651 1354 4707 Ecclesiam
1386 4662 1528 4707 tuam
1558 4654 1727 4708 sancti
1753 4652 1993 4723 Gregorii
2024 4669 2155 4723 pon-

583 4740 740 4796 tificis
769 4742 843 4796 tui
874 4744 1383 4798 commemoratione
1411 4743 1663 4812 gaudere,
1694 4748 1754 4797 ut
1781 4756 1899 4797 eam
1931 4742 2071 4798 illius
2098 4751 2156 4799 et

581 4833 875 4889 festivitate
908 4833 1148 4889 iretiliccs
1172 4874 1186 4898 ,
1231 4844 1285 4888 et
1329 4834 1574 4901 exemplo
1604 4833 1705 4903 pite
1733 4836 2155 4893 conversationis

581 4937 868 4989 exerceas,
906 4932 959 4977 et
1007 4922 1173 4976 verbo
1216 4922 1608 4991 praedicationis
1637 4921 1872 4990 erudias,
1902 4933 2157 4995 grataque

585 5012 681 5068 tibi
711 5013 1100 5083 supplicatione
1129 5016 1346 5069 tuearis.
1380 5014 1500 5070 Per.
1760 5066 1769 5069 _

648 5104 728 5157 Ad
749 5102 1136 5175 Gomplendum.
1159 5134 1228 5149 —-
1252 5106 1401 5176 (l85)
1434 5106 1695 5162 Praestent
1721 5109 1895 5175 nobis,
1937 5127 2154 5182 quaesu-

576 5210 715 5262 mus,
753 5196 993 5264 Domine,
1022 5206 1109 5251 tua
1137 5208 1319 5253 sancta
1353 5198 1681 5266 praesidium,
1712 5202 1879 5271 quod,
1913 5204 2156 5260 interve-

651 5322 676 5349 ἰ
702 5312 759 5366 ln
786 5310 918 5366 Cod.
948 5310 1081 5380 Reg.
1123 5311 1281 5366 Suec.
1316 5313 1507 5374 legitur
1538 5314 1650 5367 haec
1689 5313 1870 5370 Oratio
1918 5331 1933 5370 :
1966 5315 2149 5372 Annua

580 5383 746 5455 nobis,
778 5380 1117 5455 Domine,_ttt
1143 5383 1326 5455 animo:
1366 5384 1547 5451 [amuli
1593 5386 1666 5438 tui
1715 5384 1948 5455 Gregorii
1988 5389 2151 5454 prosit

583 5450 790 5512 oblatio,
833 5465 988 5513 quam
1017 5449 1335 5504 immolando
1368 5449 1541 5506 totius
1588 5456 1762 5507 mutuli
1807 5449 2031 5509 tribuisti
2069 5474 2153 5510 re-

586 5519 749 5641 ιαλέαἷξ
774 5518 976 5641 ἀειῖςιιέ.
1004 5516 1095 5572 Sic
1120 5517 1218 5587 legi
1248 5524 1559 5589 quibusdam
1583 5524 1636 5579 in
1661 5524 1945 5580 Codicibus
1969 5527 2154 5580 obser-

586 5606 645 5640 va
743 5602 859 5641 ame
884 5603 931 5640 tu
965 5625 983 5641 .

586 5602 672 5640 νιιι
701 5602 983 5641 t'amettus.

656 5658 682 5695 δ
711 5655 1134 5712 ObservatJoan.
1159 5657 1373 5727 Fronto,
1397 5663 1447 5715 in
1470 5663 1609 5716 notis
1630 5663 1696 5716 ad
1717 5663 1939 5717 Kalend.
1970 5664 2148 5725 Rom.,

584 5746 610 5782 a
640 5727 877 5785 Concilio
905 5727 1161 5785 Tolctano
1190 5746 1243 5797 x,
1278 5746 1361 5785 an.
1395 5732 1517 5799 636,
1549 5746 1666 5788 can.
1700 5734 1748 5798 1,
1791 5746 2002 5789 cautum
2034 5749 2151 5790 esse

2263 4588 2326 4627 ce
2370 4584 2649 4639 concessa,
2688 4568 3026 4624 liberioribus
3072 4566 3266 4622 animis
3318 4578 3685 4620 occurramus.
3735 4565 3847 4621 Per

2261 4663 2529 4719 eumdem.

2336 4756 2471 4809 Alia.
2497 4782 2566 4794 —
2596 4749 2805 4809 Exaudi
2835 4763 2954 4813 nos,
2991 4749 3211 4803 Domine
3240 4758 3443 4813 sancte,
3474 4745 3634 4800 Pater
3662 4748 3848 4800 omni-

2261 4853 2470 4915 potens,
2510 4851 2712 4898 :cterne
2749 4840 2908 4904 Deus,
2970 4840 3057 4908 qui
3106 4853 3199 4905 per
3251 4838 3419 4891 beatae
3472 4822 3651 4925 Mariae
3695 4837 3844 4892 sacri

2263 4938 2399 4993 uteri
2424 4934 2575 5007 (l9?)
2606 4933 2798 4988 divinae
2827 4931 3010 5001 gratia:
3037 4929 3500 4983 ohutnbratiouem
3526 4928 3843 4982 universum

2265 5027 2519 5085 mundum
2550 5023 2852 5077 illuminare
2881 5020 3125 5089 dignatus
3147 5032 3229 5085 es,
3263 5029 3318 5075 et
3347 5029 3537 5088 praesta
3585 5027 3645 5073 ut
3692 5020 3844 5088 quod

2261 5119 2458 5174 nostris
2506 5113 2714 5169 meritis
2743 5126 2850 5165 non
2896 5110 3138 5164 valemus
3166 5108 3424 5175 obtinere,
3470 5109 3588 5178 ejus
3611 5109 3847 5180 adipisci

2261 5209 2526 5282 prasidiis
2558 5219 2882 5261 mereamur.
2915 5203 3017 5257 Per
3046 5202 3326 5256 Dominum
3356 5212 3615 5255 nosuum.
3730 5232 3741 5237 -
3879 5206 3885 5211 ·

2262 5330 2317 5375 ut
2344 5321 2443 5374 hoc
2474 5321 2662 5373 festum
2696 5322 2885 5369 octavo
2914 5314 3001 5366 die
3023 5313 3353 5367 anteChristi
3377 5311 3721 5367 Nativitatem
3745 5328 3846 5366 ce-

2259 5391 2570 5449 lebraretur,
2595 5386 2733 5455 quod
2750 5394 2986 5455 tempore
3001 5384 3445 5455 Quadragesimte,
3466 5380 3614 5455 nihil
3630 5384 3705 5455 _de
3727 5398 3849 5437 san-

2260 5470 2457 5514 ctorum
2486 5452 2957 5511 solemnitatibus...
2986 5453 3216 5505 convenit
3236 5452 3496 5504 celebrari.
3524 5452 3849 5520 Assignatur

2260 5540 2435 5584 tamen
2476 5528 2576 5580 hoc
2605 5525 2795 5578 festum
2824 5523 2908 5576 die
2931 5523 3001 5575 25
3031 5524 3230 5575 mensis
3270 5521 3463 5585 Martii,
3508 5520 3562 5573 in
3608 5520 3848 5578 Kalend.

2260 5601 2440 5662 “01".,
2472 5598 2523 5651 in
2551 5595 2684 5650 Coti.
2714 5592 3019 5662 Reg.Snec.
3052 5591 3191 5657 apud
3233 5591 3433 5647 l’amcl.
3465 5598 3521 5647 et
3556 5591 3615 5647 in
3653 5595 3848 5650 omni-

2262 5669 2359 5725 bus
2391 5670 2475 5725 ed.
2505 5667 2650 5722 libris
2672 5665 3159 5720 Sacrameutornm.
