4026 6302
202 296 264 351 ετ,
1420 314 1622 369 LIBER
1663 312 2291 377 SACRAMENTORUM.
3438 331 3505 386 δι

285 418 421 512 Alio.
456 445 514 459 -
538 420 740 482 Beata:
769 438 825 485 et
848 430 1097 501 gloriosae
1126 445 1443 502 semperque
1474 436 1695 505 virginis
1722 434 1815 490 Dei
1851 437 1891 495 Α
1921 440 2101 496 omnia
2156 442 2398 498 Doctoris
2458 441 2707 498 Gentium
2777 440 3107 512 protectione
3175 442 3497 501 muniantur.

220 509 496 576 genitricis
547 512 738 571 Maria:
794 535 914 583 nos,
967 520 1211 587 Domine,
1256 538 1583 592 qumsumus,
1628 527 1818 581 merita

228 613 652 674 consequantur,
696 616 755 661 et
787 616 932 663 tuam
982 612 1136 667 nobis
1189 613 1571 683 indulgentiam
1605 630 1821 688 semper

231 688 545 758 implorent.
578 693 700 747 Per.

303 783 442 837 Alia.
465 787 783 858 —Porrige
823 791 999 857 nobis,
1033 792 1196 861 Deus,
1240 796 1512 852 dexteram
1559 807 1725 865 tuam,
1764 808 1820 855 et

231 888 327 940 per
374 876 827 936 intercessionem
876 884 1046 939 beate
1094 898 1146 940 et
1192 888 1438 956 gloriosae
1504 904 1820 959 semperque

225 966 443 1032 virginis
476 967 576 1025 Dei
605 973 887 1040 genitricis
908 975 1086 1030 Mariae
1109 978 1364 1032 auxilium
1391 980 1545 1033 nobis
1573 994 1818 1048 superna:

221 1054 453 1111 Virtutis
484 1060 755 1128 impende.
793 1064 894 1119 Per
921 1067 1190 1123 eumdem.

651 1170 700 1208 ta
733 1156 884 1225 (195)
913 1172 1307 1214 δερτιηαεειιη
1341 1168 1385 1213 ο.

297 1238 573 1307 Concede,
602 1259 933 1313 quasumus,
966 1251 1309 1318 omnipotens
1340 1251 1499 1315 Deus,
1543 1251 1812 1321 fragilitati

224 1341 431 1383 nostra:
460 1331 845 1390 sufﬁcientiam
887 1348 1303 1408 competentem.
1353 1351 1411 1396 ut
1439 1355 1550 1397 suae
1597 1356 1814 1411 repara-

222 1420 386 1473 tionis
412 1422 688 1490 eﬂ'ectnm,
734 1435 789 1481 ct
830 1428 912 1495 pia
956 1431 1362 1486 conversatione
1414 1442 1709 1495 recenseat,
1758 1442 1814 1489 et

220 1525 342 1563 cum
375 1515 742 1571 exsultatione
766 1518 1037 1586 suscipiat.

300 1603 469 1671 Super
498 1607 778 1659 oblata.—
799 1608 1045 1666 Concede
1084 1612 1258 1677 nobis,
1291 1612 1603 1667 misericors
1646 1613 1807 1683 Deus,

222 1705 279 1748 et
328 1697 488 1766 digne
541 1699 648 1753 tuis
694 1702 897 1756 servire
940 1717 1155 1772 semper
1201 1703 1475 1771 altaribus,
1521 1714 1573 1759 et
1621 1719 1806 1761 eorum

224 1798 481 1854 perpetua
517 1792 930 1859 participatione
960 1795 1173 1849 salvari.
1204 1795 1327 1851 Per.

300 1877 573 1946 Prcelatio.
607 1910 679 1920 —
721 1881 854 1936 Vere
880 1883 1096 1953 dignum
1127 1893 1182 1939 et
1202 1884 1403 1953 justum
1452 1893 1562 1948 est,
1593 1899 1803 1954 aequum

222 1974 282 2019 et
311 1968 566 2033 salutare,
595 1983 690 2022 nos
719 1969 810 2023 tibi
842 1985 1054 2040 semper
1081 1982 1135 2027 et
1164 1972 1359 2042 ubique
1388 1975 1585 2041 gratias
1622 1988 1803 2042 agere,

224 2056 463 2111 Domine
509 2067 703 2122 sancte,
760 2060 919 2115 Pater
965 2062 1322 2131 omnipotens,
1374 2072 1576 2118 a'terne
1622 2064 1798 2119 Deus:

218 2145 349 2210 quia
410 2161 508 2214 per
560 2162 624 2201 ea
692 2163 811 2218 quze
863 2151 1261 2220 conspiciuntur
1309 2152 1620 2208 instruimur
1684 2154 1802 2224 qui-

220 2236 329 2289 bus
373 2237 546 2293 modis
605 2238 673 2291 ad
718 2239 1004 2295 invisibilia
1054 2243 1269 2299 tendere
1327 2243 1641 2301 debeamus.
1700 2245 1805 2300 De-

221 2326 387 2393 nique
416 2342 834 2397 commonemur,
863 2332 987 2385 anni
1011 2333 1237 2389 ducente
1265 2348 1537 2399 successu,
1569 2335 1636 2389 de
1666 2352 1802 2405 prte-

224 2416 398 2469 teritis
426 2417 490 2471 ad
516 2418 713 2484 futura,
735 2420 802 2475 de
825 2423 1150 2476 vetustatein
1170 2427 1458 2477 novitatem
1482 2424 1603 2479 vitae
1626 2433 1793 2480 trans~

217 2506 333 2569 ire,
389 2507 540 2576 (I94)
593 2518 680 2574 ut,
737 2512 962 2567 terrenis
1016 2514 1490 2570 sustentationibus
1546 2516 1796 2583 expediti,

215 2597 460 2651 cmlestis
489 2598 617 2653 doni
650 2602 922 2670 capiamus
949 2601 1353 2659 desiderabilius
1386 2606 1705 2660 ubertatem.
1734 2608 1800 2661 Et

215 2686 370 2756 (195)
403 2703 500 2755 per
524 2704 645 2743 eum
673 2691 848 2745 cibum
876 2693 963 2760 qui
1013 2692 1284 2749 beneficiis
1326 2704 1657 2764 praerogatur
1703 2696 1797 2750 al-

215 2780 386 2833 ternis
415 2780 524 2849 33
552 2783 928 2850 perveniamus
953 2785 1015 2839 ad
1047 2786 1242 2840 victum
1274 2787 1391 2841 sine
1437 2787 1545 2842 ﬁne
1574 2801 1796 2843 mansu-

214 2886 362 2935 rum,
392 2871 572 2926 Jesum
600 2871 871 2928 Christum
902 2875 1181 2930 Dominum
1208 2885 1474 2931 nostrum.
1499 2877 1598 2931 Per
1613 2891 1791 2947 quem.

289 2962 601 3018 Benedictio.
632 2996 701 3005 —
718 2965 1067 3035 Omnipotens
1111 2968 1251 3023 Deus
1279 2968 1352 3023 ita
1380 2968 1607 3024 stadium
1634 2969 1796 3026 vestri

214 3068 406 3108 cursus
461 3055 693 3124 dirigere
745 3056 1013 3125 dignetur,
1058 3066 1113 3111 ut
1161 3058 1402 3113 bravium
1443 3074 1538 3115 vos
1582 3070 1794 3115 aeternae

1925 528 2047 584 Per.

1994 620 2167 687 Super
2213 623 2402 679 oblata.
2427 654 2495 666 -—
2532 622 2790 687 intende,
2841 635 3187 691 quaesumus,
3240 622 3498 689 Domine,

1924 710 2134 766 llostias
2186 712 2395 768 familias
2446 722 2572 777 tum,
2605 722 2658 767 et
2704 727 2862 782 quam
2909 712 3050 767 sacri
3104 712 3341 767 muneris
3372 711 3501 766 facis

1919 815 2039 855 esse
2070 803 2399 871 participem,
2431 804 2604 858 tribue
2651 804 2814 873 (198)
2845 802 2909 856 ad
2938 802 3057 871 ejus
3109 802 3495 871 plenitudinem

1922 895 2220 959 pervenire.
2256 895 2374 948 Per.

1993 981 2262 1051 Prwfutio.
2294 1014 2362 1023 —
2394 984 2531 1037 Vere
2559 984 2776 1053 dignum
2807 993 2862 1039 et
2896 985 3099 1053 justum
3148 993 3249 1048 est,
3283 1000 3495 1055 aequum

1917 1080 1971 1125 et
1993 1072 2251 1138 salutare,
2276 1086 2374 1126 nos
2399 1072 2491 1126 tibi
2522 1086 2733 1139 semper
2774 1083 2824 1125 et
2854 1073 3046 1140 ubique
3074 1074 3270 1142 gratias
3312 1088 3492 1144 agere,

1917 1160 2143 1216 Domine
2180 1172 2387 1229 sancte,
2434 1160 2590 1215 Pater
2640 1162 3007 1229 Omnipotens,
3064 1172 3263 1218 aeterne
3302 1165 3487 1218 Deus:

1917 1250 2005 1319 qui
2038 1253 2349 1306 rationalem
2400 1259 2720 1315 creaturam,
2755 1266 2842 1317 ne,
2877 1252 3269 1319 temporalibus.
3311 1253 3489 1307 dedita

1917 1341 2087 1404 bonis,
2118 1342 2182 1395 ad
2214 1343 2429 1410 praemia
2468 1342 2789 1409 sempiterna
2820 1355 2922 1394 non
2954 1340 3152 1403 tendat,
3185 1355 3245 1393 ea
3278 1341 3492 1408 dispen—

1914 1433 2121 1489 satione
2143 1432 2379 1502 dignaris
2400 1432 2638 1499 erndire,
2666 1441 2723 1486 ut
2750 1446 2848 1487 nec
2877 1432 3223 1500 castigatione
3253 1430 3487 1493 deﬁciat,

1915 1537 2014 1578 nec
2068 1526 2507 1593 prosperitatibus
2548 1524 2853 1589 insolescat,
2902 1522 2996 1577 sed
3051 1522 3153 1577 hoc
3176 1521 3352 1589 potius
3399 1523 3489 1576 liat

1912 1613 2029 1682 ejus
2080 1614 2312 1683 gloriosa
2376 1616 2629 1679 devotio,
2688 1629 2793 1683 quo
2857 1613 3016 1667 nullis
3080 1611 3489 1667 adversitatibus

1912 1703 2099 1757 obruta
2138 1712 2450 1772 superetur.
2482 1703 2583 1758 Per
2612 1701 2882 1758 Christum
2916 1702 3220 1757 Dominum.

1844 1790 1892 1849 B
1988 1793 2303 1849 Benedictio.
2330 1826 2397 1835 —
2430 1796 2527 1850 Det
2566 1794 2715 1850 vobis
2748 1794 3004 1849 Dominus
3030 1807 3188 1848 nosse
3232 1792 3481 1863 mysteria

1907 1885 2057 1955 regni
2084 1884 2199 1954 Dei,
2249 1886 2337 1955 qui
2364 1886 2475 1955 jam
2505 1885 2634 1941 dare
2673 1884 2923 1955 dignatus
2959 1893 3041 1939 est
3067 1884 3306 1938 auditum
3335 1881 3481 1937 verbi

1905 1977 2007 2030 sui.
2037 1977 2226 2030 Amen.
2272 1976 2464 2046 Sicque
2492 1986 2697 2032 mentes
2727 1984 2930 2030 vestras
2959 1975 3177 2031 seminis
3205 1974 3288 2030 sui
3327 1983 3497 2042 copta.

1906 2065 2130 2133 repleat,
2160 2075 2217 2119 ut
2245 2066 2296 2119 in
2320 2067 2469 2121 vobis
2492 2066 2623 2120 illud
2662 2066 2762 2120 sibi
2792 2064 2983 2135 placite
3011 2064 3330 2119 fructiﬁcare
3355 2078 3481 2118 con-

1904 2155 2079 2209 cedat.
2098 2158 2290 2211 Amen.
2322 2156 2390 2211 Et
2412 2155 2483 2210 ita
2510 2172 2605 2211 vos
2634 2156 2702 2210 ab
2749 2156 2893 2209 omni
2941 2155 3231 2209 tentatione
3259 2154 3479 2220 muniat,

1903 2255 2164 2314 quatenus
2186 2245 2334 2316 (199)
2368 2247 2574 2312 triceni,
2611 2246 2894 2315 sexageni,
2918 2253 3079 2313 atque
3128 2244 3338 2299 centeni
3372 2244 3477 2302 fru-

1902 2345 2021 2391 ctus
2038 2352 2135 2406 pro
2162 2351 2275 2392 suae
2300 2338 2485 2407 gratias
2513 2336 2909 2404 distributione,
2938 2334 3326 2406 magniﬁcentia
3357 2350 3479 2390 ntu-

1902 2435 2077 2481 neret.
2108 2429 2297 2481 Amen.
2329 2427 2477 2494 Quod
2512 2428 2644 2495 ipse.

1971 2514 2176 2586 351M
2206 2514 2863 2586 Complendum.—(200)
2907 2514 3058 2569 Adsit
3104 2515 3276 2581 nobis,
3327 2530 3475 2585 qum-

1900 2618 2105 2674 sumus,
2131 2606 2375 2673 Domine,
2408 2606 2561 2661 cibus
2590 2620 2762 2671 sacer,
2790 2615 3049 2675 potusque
3078 2605 3347 2671 salutaris,
3380 2606 3471 2673 qui

1899 2703 1953 2749 et
1984 2695 2332 2765 temporalem
2359 2695 2521 2749 vitam
2571 2695 2807 2760 muniat,
2838 2703 2894 2750 et
2931 2704 3145 2765 praestet
3196 2705 3468 2751 aeternam.

1898 2783 2004 2841 Per
2033 2785 2315 2839 Dominum
2343 2794 2605 2840 nostrum.

1970 2877 2141 2947 Super
2168 2879 2434 2950 populum.
2469 2909 2539 2917 —
2566 2878 2743 2933 Tuere
2763 2920 2777 2946 ,
2829 2891 3131 2949 quaesumus
3157 2917 3173 2943 ,
3206 2877 3429 2932 Domine
3452 2915 3470 2943 ,

1896 2969 2102 3039 plebem
2156 2978 2333 3034 tuam,
2384 2978 2438 3024 et
2475 2982 2681 3024 sacram
2721 2968 3113 3025 solemnitatem
3146 2968 3468 3022 recolentem

1895 3060 2079 3130 gratiae
2128 3060 2362 3115 caelestis
2389 3058 2629 3127 largitate
2677 3073 3017 3129 prosequere,
3053 3068 3106 3112 ut
3130 3098 3145 3123 ,
3177 3057 3471 3113 visibilibus

217 3146 341 3196 vitae
373 3145 832 3214 comprehendere
860 3146 1038 3201 faciat.
1074 3150 1264 3203 Amen.
1294 3149 1363 3204 Et
1389 3149 1459 3203 ita
1508 3166 1601 3206 vos
1626 3151 1789 3205 absti-
1815 3158 1862 3221 ο
1894 3150 2072 3220 adjuta
2098 3152 2316 3217 solatiis,
2354 3150 2420 3205 ad
2448 3150 2728 3206 invisibilia
2756 3150 2893 3206 bona
2945 3149 3247 3221 promptius
3277 3150 3465 3206 incite-

215 3236 413 3288 nentiae
454 3238 619 3290 armis
647 3236 961 3305 circumdet,
1001 3247 1057 3292 ut
1085 3239 1246 3294 nullis
1273 3239 1393 3295 vitze
1422 3239 1578 3309 hujus
1604 3240 1783 3297 oneri-

216 3326 315 3379 bus
345 3340 374 3376 a
405 3326 554 3395 (196)
582 3328 930 3395 perventione
962 3330 1325 3384 retardemini.
1364 3332 1555 3388 Amen.
1580 3332 1785 3402 Quique

211 3428 304 3467 vos
336 3415 547 3469 vineam
578 3432 729 3471 suam
759 3433 953 3474 vocare
984 3420 1245 3490 vobisque
1266 3432 1482 3477 sanctos
1511 3426 1785 3492 operarios

210 3504 423 3559 mittere
466 3506 716 3575 dignatus
769 3517 870 3573 est,
906 3510 1017 3579 ipse
1046 3524 1139 3564 vos
1185 3526 1278 3566 sua
1324 3514 1490 3581 gratia
1538 3513 1786 3583 dignetur

210 3594 481 3659 excolere,
517 3604 573 3648 ut
614 3595 837 3650 denario
883 3598 1005 3652 vitae
1053 3602 1303 3667 perennis
1356 3618 1635 3658 munerare
1678 3620 1782 3658 non

208 3686 425 3737 abnuat.
451 3686 600 3751 Quod
633 3688 745 3754 ipse
773 3700 1047 3757 prmstare.

274 3776 358 3827 Ad
394 3774 787 3843 Complendum.
821 3809 888 3819 —
920 3779 1126 3835 Fideles
1181 3783 1278 3847 tui,
1328 3783 1501 3852 Dens,
1561 3802 1651 3854 per
1695 3795 1782 3841 tua

204 3866 341 3919 dona
373 3869 678 3936 ﬁrmentur,
707 3880 763 3924 ut
793 3871 981 3926 eadem
1012 3883 1064 3927 et
1095 3876 1433 3943 percipiendo
1483 3882 1779 3948 requirant,

204 3970 258 4012 et
279 3960 575 4027 quaerendo
601 3963 717 4015 sine
747 3960 850 4016 ﬁne
873 3964 1191 4033 percipiant.
1222 3965 1344 4019 Per.

280 4052 454 4119 Super
492 4053 761 4122 pepulitm.
787 4083 856 4094 -—
882 4054 1075 4109 Preces
1106 4057 1278 4125 populi
1310 4059 1381 4112 tui
1407 4098 1421 4123 ,
1456 4074 1777 4128 quaesumus,

204 4140 451 4205 Domine,
481 4143 780 4197 clementer
800 4144 1021 4211 exaudi,
1044 4154 1101 4199 ut
1123 4146 1210 4211 qui
1237 4147 1380 4216 juste
1409 4164 1504 4216 pro
1546 4152 1780 4219 peccatis

202 4237 403 4289 nostris
424 4234 740 4305 afﬂigimur,
771 4252 867 4305 pro
898 4238 971 4292 tui
1004 4240 1236 4295 nominis
1277 4240 1445 4311 gloria
1474 4243 1781 4299 misericor-

201 4324 339 4378 diter
364 4324 676 4380 liberemur.
710 4326 813 4381 Per
836 4327 1141 4386 Dominum.

644 4416 797 4487 (197)
827 4433 877 4473 ιιι
904 4433 1229 4475 εειΑαεειιιΑ
1272 4418 1325 4475 ι’.

1891 3251 1996 3297 tur.
2026 3242 2149 3297 Per.

2239 3348 2483 3390 DOUINICL
2519 3343 2543 3373 °
2574 3349 2626 3389 IN
2663 3348 3103 3399 QUINQUAGISIIA.

1958 3424 2151 3480 Preces
2189 3434 2439 3492 nostras,
2491 3438 2815 3495 quacSnmus,
2870 3426 3113 3494 Domine,
3166 3423 3469 3481 clementer

1886 3516 2097 3582 exaudi,
2156 3524 2313 3585 atque
2340 3531 2368 3570 a
2410 3525 2748 3585 peccatorum
2795 3516 3023 3572 vinculis
3075 3515 3350 3571 absolutos
3398 3517 3473 3572 alr

1886 3608 2030 3661 omni
2058 3622 2156 3661 nos
2183 3606 2505 3662 adversitate
2531 3608 2761 3662 custodi.
2784 3598 2907 3662 Per.

1959 3696 2126 3765 Super
2152 3697 2346 3751 oblata.
2376 3726 2447 3737 --
2469 3697 2592 3751 Haec
2614 3698 2820 3762 Ilostia,
2862 3696 3106 3763 Domine,
3136 3712 3462 3766 quaesumus,

1886 3788 2138 3843 emnndct
2188 3798 2365 3842 nostra
2394 3787 2623 3856 .delicta,
2656 3788 2807 3856 (201)
2851 3797 2905 3843 et
2947 3788 3269 3843 sacrificium
3316 3789 3461 3845 cele-

1886 3878 2145 3933 brandum
2179 3878 2517 3934 subditorum
2547 3878 2640 3943 tibi
2668 3892 2890 3949 corpora
2917 3888 3235 3949 mentesque
3265 3880 3468 3935 sanctia

1887 3970 2025 4024 ﬁcet.
2063 3970 2177 4026 Per.

1957 4059 2224 4129 Prwfatio.
2249 4091 2320 4103 --
2346 4046 2486 4115 Vere
2517 4060 2731 4130 dignum
2781 4066 2834 4114 et
2858 4068 3061 4128 justum
3088 4066 3207 4124 est,
3239 4074 3449 4128 :equum

1884 4151 2209 4216 etsalutare,
2242 4165 2339 4204 nos
2383 4149 2478 4203 tibi
2508 4143 2719 4218 semper
2748 4157 2802 4203 et
2846 4149 3037 4217 ubique
3060 4150 3256 4217 gratias
3282 4162 3461 4217 agere,

1884 4241 2110 4295 Domine
2141 4250 2340 4305 sancte,
2369 4238 2525 4294 Pater
2554 4240 2890 4308 onmipotens
2909 4280 2924 4305 ,
2969 4248 3169 4292 aeterne
3198 4238 3338 4292 Deus
3369 4255 3382 4291 :
3408 4247 3462 4293 et

1883 4331 2031 4399 (202)
2077 4330 2402 4399 Maiestatem
2450 4340 2591 4384 tuam
2643 4330 2800 4400 (205)
2850 4326 2877 4367 ἀ
2924 4344 3122 4384 cernua
3175 4329 3462 4385 devotione

1880 4439 2129 4491 exorare,
2157 4433 2214 4479 ut
2244 4425 2511 4479 modulum
2564 4434 2788 4479 terrence
2818 4421 3122 4494 fragilitatis
3166 4423 3457 4493 aSpiciens,

274 4507 434 4574 Dens,
469 4509 558 4577 qui
590 4511 856 4578 conspicis
883 4512 1007 4580 quia
1048 4528 1111 4567 ex
1156 4513 1302 4567 nulla
1356 4524 1542 4573 nosara
1567 4518 1778 4573 actione
1806 4522 1858 4583 ι)
1886 4530 1990 4571 non
2019 4517 2070 4570 in
2104 4516 2181 4570 ira
2211 4526 2299 4569 tua
2329 4530 2425 4584 pro
2454 4526 2631 4569 nostra
2663 4515 2924 4583 pravitate
2964 4529 3060 4570 nos
3098 4530 3316 4585 arguas,
3365 4512 3478 4570 sed.

200 4598 560 4665 confidimus,
614 4601 847 4657 concede
898 4604 1153 4672 propitius
1207 4612 1265 4658 ut
1320 4616 1509 4665 contra
1550 4608 1775 4664 adversa

273 4788 297 4815 ε
322 4776 548 4857 ln.Cod:
580 4779 709 4847 Reg.
752 4779 909 4834 Suec.
944 4791 1009 4857 _e_t_
1030 4783 1098 4842 {in
1137 4783 1161 4838 Ι
1196 4782 1486 4857 'l‘_heoder.,
1537 4785 1591 4857 in
1648 4786 1779 4857 Sep-

200 4850 498 4919 tungesimo.
530 4849 585 4902 In
630 4859 852 4917 utroque
891 4852 1124 4917 additur,
1173 4854 1240 4906 ad
1271 4866 1498 4908 sanctum
1552 4849 1779 4910 Lauren-

196 4918 341 4981 tium,
376 4927 429 4971 et
454 4922 507 4969 in
540 4918 805 4973 'l'hender.
840 4922 966 4987 foris
1010 4939 1230 4976 murum.
1262 4924 1316 4977 In
1357 4925 1490 4978 Cod.
1524 4924 1725 4980 Pamel.
1761 4943 1776 4979 :

198 4992 366 5044 Slalio
394 4989 463 5039 ad
492 5001 723 5041 sanctum
763 4988 1113 5057 Laurentium,
1138 4996 1251 5047 sine
1282 4995 1390 5048 ttllo
1427 4994 1628 5049 addito.
1672 4995 1779 5049 Ea-

195 5062 315 5135 dem
346 5060 654 5135 assignatur
698 5060 748 5112 in
786 5058 1191 5135 [:tletidaROm.
1223 5080 1343 5135 eum
1390 5065 1778 5135 Evang.,_quod

192 5129 528 5201 etiamnunc
550 5128 761 5201 legitur:
796 5129 969 5201 Prima
998 5134 1177 5184 Oratio
1206 5134 1400 5201 ubique
1436 5128 1563 5188 est':
1597 5128 1779 5189 Preces

192 5198 372 5320 1populi
390 5197 481 5262 tui,
502 5206 560 5250 ut
583 5197 638 5250 in
666 5197 844 5251 ofﬁcio
872 5198 1286 5270 Septuagesimae
1303 5197 1441 5258 nunc
1468 5204 1627 5258 etiam
1658 5204 1756 5258 ba-

236 5288 259 5319 :
286 5284 364 5319 lll'.

236 5274 364 5319 :inr.

261 5334 474 5408 bjApud
519 5334 835 5408 Pamelium,
863 5339 1311 5408 consentientibus
1349 5341 1476 5395 Mss.
1524 5341 1721 5397 nostris
1744 5382 1759 5408 ,

187 5407 344 5460 statio
371 5416 451 5461 est
481 5407 554 5458 ad
599 5416 834 5459 sanctum
863 5406 1107 5465 Paulum.
1138 5409 1214 5463 ita
1254 5410 1414 5465 etiam
1454 5412 1505 5465 in
1536 5406 1757 5467 Kalend.

191 5475 365 5550 (tuon,
398 5477 486 5529 ubi
538 5476 799 5550 Evangel.
844 5479 1263 5550 prtescribitur,
1299 5478 1426 5533 Cum
1454 5482 1604 5535 turba
1632 5482 1758 5550 plu-

186 5548 489 5618 ἠρίφθη..
538 5557 600 5600 ut
650 5548 704 5599 in
759 5546 1024 5603 hodiernis
1075 5548 1393 5605 Missalibus.
1427 5550 1593 5605 Porro
1632 5546 1756 5618 quid

188 5615 541 5687 intelligerent
574 5624 790 5672 veteres
837 5632 929 5687 per
969 5619 1250 5673 stationem
1306 5619 1501 5676 docere
1550 5615 1760 5676 videtur

1883 4611 2140 4666 immensa
2196 4608 2476 4663 clementia
2531 4608 2806 4676 puriﬁces,
2837 4608 3085 4669 erudias.
3137 4603 3455 4663 consoleris.

1875 4785 2261 4852 Tertullianus,
2288 4788 2380 4841 ιιι).
2403 4785 2469 4842 de
2496 4786 2648 4843 Orat.
2678 4804 2691 4841 :
2719 4787 2992 4853 Similiter,
3016 4787 3223 4856 inquit,
3265 4788 3328 4841 de
3351 4803 3455 4846 sta-

1876 4859 2071 4909 tionum
2097 4857 2292 4919 diebus,
2321 4873 2421 4910 non
2450 4865 2629 4923 putant
2658 4859 2882 4924 plerique
2918 4858 3286 4921 sacriﬁciorum
3321 4861 3454 4914 Ora-

1878 4926 2095 4980 tionibus
2141 4927 2589 4990 interveniendnm,
2621 4928 2754 4995 quod
2802 4927 2955 4981 statio
2992 4925 3234 4979 solvenda
3272 4928 3337 4981 sit
3366 4946 3453 4984 ac-

1877 5006 2022 5062 cepto
2056 5011 2268 5061 corpore
2294 4996 2521 5051 Domini.
2569 4997 2800 5052 Consule
2827 4995 3155 5050 eruditorum
3188 5006 3341 5053 notas
3385 5002 3452 5053 ad

1880 5066 2021 5119 hunc
2048 5065 2245 5119 locum.

1955 5145 1977 5172 ο
2008 5133 2157 5203 Apud
2205 5135 2441 5203 Pamel.,
2461 5145 2513 5189 et
2566 5136 2617 5187 in
2656 5133 2943 5203 Codicibus
2969 5134 3329 5203 nostrisque.
3360 5138 3448 5191 ad-

1871 5205 2015 5258 ditur
2041 5202 2068 5268 ,
2110 5205 2176 5257 ad
2224 5202 2457 5259 sanctum
2509 5205 2735 5257 Petrum.
2780 5203 2861 5270 ita
2897 5202 2948 5255 in
2988 5202 3210 5256 Kalend.
3270 5203 3446 5270 Rom..

1872 5277 1959 5328 ubi
1987 5274 2237 5340 Evangel.
2285 5281 2388 5341 est,
2434 5274 2719 5341 Assumpsit
2756 5269 2813 5324 J.
2844 5271 3131 5341 duodecim,
3179 5283 3236 5324 ut
3289 5275 3445 5333 hodie

1872 5359 2082 5411 quoque
2131 5344 2342 5412 legitur.
2368 5340 2677 5412 V'Homil._"2
2717 5341 2905 5412 sancti
2921 5340 3159 5412 Gregorii
3200 5341 3250 5412 in
3300 5344 3458 5403 idem.

1875 5410 2220 5485 Evangelinm
2236 5410 2432 5485 _hab_i_ta
2461 5411 2553 5465 fuit
2579 5410 2853 5466 Deminica
2874 5410 3358 5485 Quinquagesimte,
3388 5417 3439 5472 in

1869 5483 2038 5536 sancti
2064 5483 2203 5536 Petri
2233 5480 2481 5537 Basilica.

1940 5551 1967 5589 τι
2000 5551 2075 5605 Ita
2100 5564 2309 5621 quoque
2338 5552 2390 5606 itt
2423 5550 2557 5621 god.
2588 5548 2821 5614 Gemet.,
2845 5559 2901 5605 et
2928 5550 2982 5606 in
3004 5550 3213 5605 duobus
3240 5552 3435 5616 Theod

1871 5620 1939 5679 lu.
1969 5618 2308 5682 EdilJVatic.
2338 5630 2392 5678 et
2418 5618 2742 5681 Gussanvill.
2773 5620 2964 5693 legitur
2989 5637 3235 5693 congrua.
