4026 6306
200 283 255 339 57
1391 288 1590 344 LIBER
1633 290 2271 348 SACRAMENTOHUM.
3408 305 3480 360 58

215 397 401 469 gentia:
456 396 624 451 nobis
666 398 917 466 spiritum
957 399 1214 467 benignus
1260 400 1532 464 infundas,
1583 417 1686 467 quo
1726 402 1804 455 vel
1837 405 1883 462 Λ
1912 399 2189 455 Christum
2219 403 2497 455 Dominum
2542 413 2778 459 nostrum
2815 422 2827 458 τ
2861 407 2949 475 qui
2982 408 3302 464 continuatis
3339 427 3475 479 qua-

217 490 314 559 ipsi
369 486 774 542 rationabiliter
825 490 1025 557 agenda
1075 505 1380 555 cernamus,
1428 491 1506 544 vel
1541 493 1655 553 eis,
1713 492 1802 557 qui

219 579 394 651 (ΞΗ)
459 578 660 634 inutilia
722 579 989 644 sentiunt,
1051 580 1379 645 indicemus,
1434 596 1553 635 esse
1613 581 1800 651 (212)

218 671 574 732 censendum;
614 682 713 720 nec
766 667 940 723 studia
996 679 1172 721 nostra
1222 679 1515 733 sectemur,
1548 670 1639 723 sed
1673 671 1804 725 oll'e-

222 761 461 816 rentibus
522 759 748 812 meliora
805 758 1116 811 subdamur.
1169 758 1427 823 Quoniam
1487 761 1601 812 haec
1664 760 1801 827 apud

220 862 277 908 te
318 850 575 919 sapientia
602 860 683 903 est
704 865 827 916 quae
858 865 961 901 non
994 850 1103 901 suis
1136 850 1364 903 inlueret
1396 850 1552 915 vitiis,
1580 851 1671 904 sed
1705 868 1804 904 un-

221 942 500 1008 decunque
546 939 807 1009 prolatam
853 939 1343 1006 diligitveritatem.
1396 940 1496 993 Per
1533 939 1800 995 Christum

220 1032 533 1087 Dominum.

290 1121 374 1171 Ad
412 1118 801 1187 Complendum.
829 1147 897 1156 —
926 1116 1181 1184 Spiritum
1216 1117 1396 1182 nobis,
1425 1118 1675 1191 Domine,
1701 1125 1802 1172 tua:

215 1212 503 1265 charitatis
532 1208 768 1271 infunde,
802 1217 859 1261 ut
888 1222 1019 1275 quos
1049 1223 1154 1261 uno
1178 1211 1381 1263 caelesti
1412 1224 1545 1277 pane
1576 1210 1801 1275 satiasti,

218 1315 315 1358 tua
340 1304 499 1357 facias
525 1304 717 1370 pietate
745 1300 1062 1355 concordes.
1178 1372 1185 1377 _

290 1396 464 1464 Super
483 1393 748 1461 populum.
778 1420 851 1431 —
889 1392 1157 1454 Guberna,
1187 1391 1445 1455 Domine,
1478 1402 1800 1459 quaesumus,

218 1487 433 1553 plebem
486 1495 631 1538 tuam
658 1521 675 1547 ,
724 1492 778 1537 et
809 1483 911 1536 tuis
942 1482 1212 1538 heneliciis
1239 1498 1450 1552 semper
1486 1482 1757 1537 arcumula
1783 1524 1800 1549 ,

218 1585 277 1628 ut
304 1586 356 1629 et
390 1574 674 1643 praesentis
714 1574 842 1626 vita:
871 1572 1121 1626 subsidiis
1166 1573 1430 1642 gaudeat,
1482 1582 1535 1627 et
1564 1583 1797 1628 aeternae.

216 1667 339 1724 Per.

456 1761 563 1830 37
602 1775 837 1815 saeuam
876 1775 1036 1813 lN'l'ltA
1075 1773 1552 1822 qumquam-25mm.

295 1874 505 1928 Exaudi
539 1887 658 1936 nos,
693 1873 979 1926 miseratur
1003 1881 1057 1926 et
1087 1874 1393 1926 misericors
1416 1871 1578 1935 Deus,
1603 1879 1656 1925 et
1682 1884 1806 1924 con-

220 1968 471 2021 tinentia:
502 1966 750 2020 salutaris
774 1966 1033 2033 propitius
1072 1965 1224 2020 nobis
1254 1964 1395 2020 dona
1421 1963 1679 2019 concede.
1707 1964 1804 2017 Per

220 2058 516 2111 Dominum
540 2070 801 2110 nostrum.

294 2149 469 2217 Super
492 2148 762 2217 populum.
786 2178 857 2188 —
880 2149 1126 2213 Prtepara
1156 2163 1254 2201 nos
1273 2190 1286 2209 ,
1317 2161 1624 2215 qumsumns
1650 2186 1665 2210 ,
1698 2146 1803 2201 Do-

221 2239 391 2301 mine,
420 2237 580 2305 bujus
618 2238 958 2291 abstinentia:
1002 2238 1204 2290 festivis
1234 2238 1457 2299 olﬁciis,
1491 2249 1546 2291 ut
1574 2239 1686 2290 haac
1712 2251 1801 2290 sa-

225 2328 428 2382 criﬁcia
456 2330 759 2384 veneranda
792 2330 988 2384 sobriis
1017 2345 1226 2398 semper
1263 2331 1530 2384 men'ibus
1566 2330 1805 2385 celebre-

226 2405 366 2473 mus.
404 2420 530 2474 Per.

303 2509 579 2578 Pra'fatio.
607 2537 677 2550 —
706 2511 843 2565 Vere
874 2510 1092 2578 dignum
1133 2520 1185 2565 et
1225 2513 1426 2581 justum
1452 2521 1533 2567 est
1553 2554 1567 2575 ,
1593 2526 1802 2581 :equum

220 2609 273 2654 et
298 2601 558 2664 salutare,
588 2615 684 2654 nos
704 2601 798 2654 tibi
829 2614 1042 2669 semper
1066 2611 1120 2655 et
1159 2601 1355 2670 ubique
1385 2603 1581 2670 gratias
1620 2617 1800 2671 agere,

223 2690 453 2745 Domine
481 2699 690 2755 sancte,
720 2690 879 2746 Pater
907 2691 1244 2759 omnipotens
1264 2730 1281 2757 ,
1304 2701 1505 2745 aeterne
1535 2692 1673 2746 Deus
1706 2708 1719 2744 :
1750 2700 1805 2745 et

221 2778 563 2848 Majestatem
605 2787 748 2832 tuam
790 2780 1105 2849 suppliciter
1147 2780 1456 2848 deprecari,
1488 2790 1800 2835 utmentcm

223 2877 464 2922 nostram
493 2869 583 2922 tibi
612 2868 861 2935 placitam
891 2869 1147 2937 benignus
1167 2870 1529 2939 efﬁcias,quae
1561 2886 1665 2925 non
1690 2881 1805 2924 tan-

222 2967 335 3010 tsm
364 2958 597 3025 speciem
649 2958 900 3012 bonitatis
936 2960 1217 3027 ostendat,
1246 2960 1338 3014 sed
1374 2960 1595 3028 justitia:
1624 2961 1806 3014 fructi-

224 3048 326 3100 bus
350 3047 651 3099 illumiuata
682 3046 965 3111 clarescat,
1001 3058 1206 3117 tuaeque
1246 3064 1459 3118 semper
1486 3050 1664 3105 dedita
1696 3052 1804 3103 Ma-

1908 491 2149 560 draginta
2180 493 2367 547 diebus
2408 503 2461 547 et
2507 498 2748 549 noctibus
2792 498 2891 551 hoc
2926 498 3181 566 jejunium
3220 516 3322 553 non
3343 517 3470 556 esu-

1909 579 2055 633 riens
2086 581 2382 649 dedicavit;
2410 594 2588 651 postea
2622 586 2762 639 enim
2797 588 2982 642 esuriit
3014 605 3117 643 non
3152 600 3257 643 tam
3292 592 3470 645 cibum

1908 670 2175 727 hominum
2214 690 2372 742 quam
2414 677 2669 743 salutem;
2709 695 2805 733 nec
2844 696 3089 735 escarum
3135 684 3470 739 saecularium

1904 764 2088 830 epulas
2116 766 2451 834 concupivit,
2478 770 2573 823 sed
2617 773 2913 827 animarum
2944 775 3267 831 desideravit
3300 780 3476 846 potius

1904 859 2258 913 sanctitatem.
2295 862 2461 914 Cibus
2502 880 2727 932 namque
2756 868 2870 935 ejus
2909 879 2990 923 est
3029 869 3137 939 38
3180 871 3477 941 redemptio

1906 949 2243 1014 populorum.
2282 950 2431 1019 (215)
2463 951 2624 1005 Cibus
2655 956 2770 1023 ejus
2793 969 2871 1010 est
2904 961 3066 1014 totius
3106 961 3257 1014 bona:
3287 964 3477 1016 volun—

1905 1036 2026 1089 tatis
2069 1038 2288 1091 ell‘ectus
2319 1055 2332 1090 :
2368 1042 2455 1106 qui
2501 1057 2598 1095 nos
2628 1043 2803 1098 docuit
2840 1052 3084 1115 operari,
3130 1068 3231 1105 non
3274 1053 3474 1117 cibum,

1903 1126 1990 1193 qui
2018 1128 2240 1178 terrenis
2273 1130 2496 1195 dapibus
2535 1144 2849 1201 apparatur,
2882 1138 2973 1188 sed
3015 1155 3134 1192 eum
3160 1142 3248 1207 qui
3272 1142 3478 1195 divina-

1904 1231 2020 1269 rum
2053 1217 2446 1284 Scripturarutu
2480 1221 2710 1276 lectione
2741 1227 3048 1293 percipitur.
3098 1230 3197 1283 Per
3223 1247 3403 1299 quem.

1973 1306 2285 1362 Benedictio.
2309 1343 2378 1354 --
2402 1311 2685 1366 Benedicat
2737 1313 2886 1370 vobis
2940 1321 3276 1386 omn'pmens
3306 1323 3476 1387 Deus,

1904 1399 1994 1468 qui
2043 1401 2523 1469 quadragenarium
2595 1422 2870 1466 numerum
2901 1408 2953 1462 in
3011 1411 3177 1479 Moysi
3239 1422 3291 1465 et
3350 1412 3479 1466 Elia:

1903 1504 2111 1543 necnon
2144 1501 2196 1544 et
2223 1491 2524 1547 Mediatoris
2552 1498 2716 1550 nostri
2740 1497 2944 1566 jejunio
2971 1498 3322 1564 consecravit,
3345 1517 3476 1555 cou-

1904 1578 2164 1647 cedatque
2195 1580 2343 1635 vobis
2371 1582 2443 1635 ita
2471 1587 2767 1653 transigere
2802 1588 3080 1656 pttcsentis
3108 1590 3227 1642 vita:
3257 1590 3476 1658 dispen—

1903 1673 2162 1726 sationem
2184 1715 2198 1739 ,
2237 1684 2329 1740 ut,
2359 1688 2579 1746 accepto
2610 1694 2638 1731 a
2672 1679 3061 1736 Patrefamilias
3089 1686 3479 1739 remuneratio-

1832 1766 1879 1825 B
1906 1761 1987 1815 n’s
2015 1761 2266 1827 denario,
2300 1766 2625 1831 perveniatis
2647 1768 2712 1821 ad
2748 1778 3087 1837 peccatorum
3121 1772 3355 1826 omnium
3386 1788 3482 1826 re-

1906 1853 2251 1919 missionem,
2285 1864 2339 1909 et
2398 1855 2462 1909 ad
2510 1857 2795 1927 gloriosam
2845 1875 2963 1914 cum
3003 1862 3202 1916 sanctis
3233 1863 3482 1917 omnibus

1903 1945 2375 1999 resurrectionem.
2406 1948 2598 2002 Amen.
2626 1948 2832 2017 Detque
2858 1953 3010 2005 vobis
3038 1953 3355 2021 spiritalium
3383 1954 3483 2006 vir-

1907 2042 2076 2087 tutum
2126 2035 2417 2090 iavictricia
2456 2038 2687 2111 [Forte,
2733 2041 2992 2113 victricia]
3052 2058 3234 2106 arma,
3287 2043 3482 2112 quibus

1905 2126 2148 2191 exemplo
2181 2126 2389 2179 Domini
2417 2129 2701 2185 dcviurere
2734 2132 2950 2186 valeatis
2974 2134 3174 2201 antiqui
3200 2135 3367 2188 hostis
3394 2149 3482 2187 sa-

1905 2217 2183 2284 gacissima
2211 2227 2557 2274 tentamenta.
2585 2223 2775 2275 Amen.
2800 2224 2915 2288 Quo
2957 2240 3061 2279 non
3097 2228 3147 2278 in
3178 2227 3293 2279 solo
3321 2240 3479 2294 pane,

1904 2306 1995 2358 sed
2030 2308 2079 2359 in
2120 2310 2261 2361 omni
2294 2312 2455 2362 verbo
2483 2312 2620 2377 quod
2658 2314 2723 2366 de
2753 2330 2844 2367 ore
2873 2315 2986 2382 ejus
3012 2317 3282 2383 proetrdit,
3308 2316 3478 2385 spiri-

1910 2395 2068 2449 talem
2117 2410 2391 2453 sumentes
2431 2400 2771 2469 alimoniam,
2810 2419 2903 2472 per
2935 2405 3262 2473 jejuniorum
3292 2409 3479 2462 obser-

1906 2487 2174 2541 vationem
2206 2499 2262 2541 et
2296 2497 2608 2544 cmterorum
2640 2492 2899 2545 bonorum
2933 2510 3153 2563 operum
3194 2497 3479 2551 exhibitio-

1907 2591 2027 2630 uem
2072 2579 2344 2645 percipere
2405 2582 2716 2635 mereamini
2759 2583 3253 2640 iutmarccscibilem
3298 2588 3481 2656 gloria:

1904 2677 2177 2718 coronam.
2211 2666 2403 2720 Amen.
2428 2668 2581 2734 Quod
2615 2670 2726 2736 ipse
2758 2680 3010 2735 prmstare
3039 2673 3307 2742 dignetur.

1975 2754 2055 2806 Ad
2086 2755 2472 2823 Compleudum.
2495 2758 2679 2811 —Tui
2716 2774 2843 2825 nos,
2880 2760 3133 2827 Domine,
3162 2764 3481 2818 sacramenti

1912 2842 2098 2895 lilgatio
2142 2852 2325 2896 sancta
2373 2856 2668 2914 restauret,
2694 2858 2747 2900 et
2785 2864 2813 2900 a
2848 2859 3109 2904 vetustate
3140 2862 3389 2919 purgatos
3425 2854 3481 2907 in

1906 2932 2145 3000 mysterii
2175 2933 2425 2986 salutaris
2450 2933 2851 2990 faciattransire
2883 2939 3231 2993 consortium.
3263 2941 3382 2996 Per.

1978 3022 2147 3091 Super
2172 3026 2434 3093 populum.
2459 3054 2531 3067 —
2561 3027 2615 3080 In
2648 3028 2899 3097 populum
2926 3038 3070 3083 tuum
3094 3073 3108 3096 ,
3139 3047 3444 3097 qntesumus
3463 3076 3479 3098 ,

222 3139 396 3206 icsmﬁ
420 3179 435 3200 ’
464 3138 723 3192 bencﬁcm
753 3139 1057 3193 desiderata
1092 3115 1379 3209 p'crcipim:
1403 3142 1503 3208 Qui
1551 3157 1801 3197 necessa_
1830 3124 1877 3187 ο
1911 3115 2160 3183 Domine,
2200 3116 2502 3171 benedictio
2541 3120 2753 3187 copiosa
2794 3119 3118 3186 descendat,
3153 3122 3479 3192 indulgentia

230 3231 324 3283 riis
357 3229 609 3295 prose-.,ui
648 3231 960 3284 muneribus
992 3248 1093 3285 non
1133 3235 1336 3286 omittis
1359 3249 1493 3302 quos
1526 3244 1615 3287 tuo
1641 3234 1803 3288 cultui

226 3320 539 3385 pmtiteris
572 3320 954 3375 convenienter
985 3320 1238 3375 intentos.
1270 3321 1374 3376 Per
1406 3323 1674 3377 Christum
1705 3325 1807 3377 Do-

226 3408 425 3461 minum
450 3418 719 3462 nostrum.

292 3499 371 3551 Ad
425 3498 823 3567 Complendum.
872 3529 944 3538 —
992 3500 1188 3554 Tribue
1246 3500 1439 3566 nobis,
1470 3502 1805 3571 omnipotens

225 3591 398 3653 Deus,
436 3598 494 3644 ut
533 3592 671 3644 dona
710 3591 985 3654 cmlestia,
1027 3608 1146 3660 qua:
1185 3593 1367 3647 debito
1407 3593 1807 3663 frequentamus

223 3681 517 3749 obsequio,
551 3682 806 3734 salutaria
836 3681 988 3734 nobis
1010 3682 1208 3751 jttgiter
1231 3684 1552 3737 sentiamus.
1587 3684 1706 3738 Per.

292 3771 466 3841 Super
490 3771 758 3841 populum.
779 3772 1052 3837 -—Tuere,
1083 3773 1327 3836 Domine,
1346 3774 1599 3842 populum
1634 3784 1801 3842 tuum,

222 3869 277 3915 et
330 3863 400 3915 ab
451 3863 698 3916 onmibus
750 3864 983 3929 peccatis
1033 3865 1327 3921 clementer
1368 3869 1634 3935 emunda,
1683 3871 1805 3938 quia

224 3952 366 4005 nulla
398 3952 447 4006 ei
479 3953 697 4007 nocebit
731 3952 1060 4021 adversitas,
1102 3955 1145 4009 si
1179 3957 1321 4009 nulla
1362 3956 1666 4013 dominetur
1700 3959 1804 4013 ini-

224 4044 420 4109 quitas.
447 4041 574 4097 Per.

723 4142 751 4170 ⁸
789 4148 845 4188 ΙΝ
881 4148 1279 4197 QUADRAGESHIA
1288 4175 1302 4191 ο

297 4246 372 4299 Ad
406 4246 646 4301 Missam.
674 4278 745 4288 —
778 4250 949 4315 Deus,
981 4252 1068 4321 qui
1112 4251 1413 4308 Ecclesium
1458 4263 1599 4309 tuam
1632 4271 1805 4311 annua

222 4339 685 4408 Quadragcsimali
720 4340 1096 4398 observatione
1128 4344 1379 4413 puriﬁcas
1399 4386 1413 4408 ,
1440 4355 1629 4413 praesta
1654 4347 1808 4401 fami-

224 4431 310 4483 lia:
337 4435 438 4483 tua:
483 4437 541 4481 ut
594 4429 736 4498 quod
786 4447 816 4485 a
860 4440 912 4486 te
940 4433 1183 4490 obtinere
1225 4436 1540 4490 abstinendo
1599 4440 1799 4506 nititur,

224 4520 250 4559 δ
280 4522 377 4576 hoc
406 4523 564 4576 bonis
588 4525 841 4591 operibus
867 4538 1205 4597 exsequatur.
1238 4530 1338 4584 Per
1372 4532 1675 4587 Dominum.

293 4615 461 4685 Super
483 4617 679 4669 oblata.
707 4647 778 4657 —
798 4618 1125 4675 Sacriﬁcium
1149 4622 1636 4692 Quadragesimalis
1676 4626 1808 4680 initii

227 4704 547 4759 solemniter
591 4706 965 4775 immolamus,
995 4718 1045 4764 te
1066 4752 1079 4773 ,
1117 4713 1336 4767 Domine
1356 4757 1371 4779 ,
1419 4715 1768 4783 deprecantes
1791 4757 1805 4780 ,

220 4798 276 4845 u't
314 4809 435 4847 cum
485 4796 765 4862 epularum
820 4800 1161 4855 restrictione
1220 4805 1507 4858 carnalium
1563 4821 1592 4859 a
1636 4808 1809 4861 noxiis

220 4898 427 4950 quoque
459 4884 830 4951 voluptatibus
864 4897 1242 4955 temperemus.
1269 4893 1369 4945 Per
1396 4894 1697 4951 Dominum,

296 4974 567 5044 Prwfatio.
592 5007 661 5018 —
693 4978 828 5033 Vere
861 4982 1078 5049 d‘gnum
1107 4996 1158 5039 et
1190 4988 1388 5054 justum
1439 4999 1552 5058 est,
1599 5008 1809 5062 (equum

221 5075 273 5115 ct
296 5067 535 5121 salutare
554 5109 569 5128 ,
603 5082 704 5122 nos
747 5069 839 5123 tibi
873 5085 1085 5138 semper
1106 5085 1159 5128 et
1185 5077 1380 5146 ubique
1405 5080 1604 5147 gratias
1629 5098 1808 5153 agere,

222 5155 446 5208 Domine
478 5166 689 5220 sancte,
728 5159 880 5213 Pater
906 5163 1263 5233 omnipotens,
1296 5177 1494 5224 aeterne
1520 5171 1658 5225 Deus
1678 5214 1690 5236 ,
1719 5191 1812 5242 per

292 5280 315 5304 δ
356 5271 467 5334 AL,
496 5272 558 5344 in
591 5270 1020 5344 Quadragesimo.
1055 5278 1203 5342 Apud
1246 5279 1449 5337 Pamel.
1483 5286 1694 5341 additur
1722 5292 1801 5344 Ad

216 5350 451 5412 sanctum
478 5339 738 5412 Joannem
764 5339 1127 5399 in'Lateranis.
1165 5349 1217 5400 ltt
1251 5350 1474 5405 Kalend.
1504 5339 1801 5412 Ιίοιηξῑιῆιἰ

222 5420 331 5489 tum
363 5426 378 5462 :
410 5411 493 5462 Ad
550 5410 851 5489 (tolerantis)
906 5416 1176 5489 assignato
1233 5419 1437 5489 Evang.
1496 5410 1803 5484 Ductusﬁest

214 5480 369 5567 Iesu]:
389 5489 552 5567 ,‘etc..
572 5483 841 5567 Ιιεηιιτμίϐ
869 5480 1040 5565 saneti
1070 5487 1307 5567 Qregorii
1342 5480 1412 5544 in"
1430 5493 1628 5561 Evang.
1662 5480 1805 5567 legi:

221 5558 308 5601 tur
330 5550 507 5627 habita
537 5553 589 5603 in
611 5552 836 5627 “basilica
872 5555 1054 5627 sancti,
1081 5550 1295 5612 Joannis
1326 5577 1438 5627 qua:
1462 5550 1647 5618 dicitur
1671 5550 1798 5621 c3}.-

215 5621 534 5695 :tautiuimm
553 5663 568 5684 ,
600 5620 872 5673 Dominica
899 5639 909 5674 t
938 5626 985 5675 in
1022 5620 1443 5695 Quadragesiina.

300 5686 323 5723 ἰ
370 5689 445 5742 ιω
472 5692 610 5744 Cod.
659 5691 788 5759 ltcg.
837 5692 1018 5757 Suco,
1046 5686 1505 5757 consentientibus
1552 5705 1668 5759 aliis
1701 5718 1806 5761 tum

1905 3206 2116 3270 veniat,
2150 3209 2445 3262 consolatio
2479 3210 2761 3276 tribuatur,
2794 3212 2922 3265 lides
2945 3224 3125 3267 sancta
3156 3226 3481 3276 succrescat,

1907 3299 2202 3364 redemptio
2230 3300 2551 3365 sempiterna
2584 3300 2851 3356 ﬁrmetur.
2879 3303 2999 3357 Per.

1978 3389 2305 3444 Alia.—Da
2331 3392 2513 3458 nobis,
2561 3409 2897 3461 quaesumus,
2931 3397 3271 3464 omnipotens
3313 3399 3484 3463 Deus,

1907 3490 2120 3535 veterum
2147 3484 2517 3550 promissionis
2548 3485 2743 3554 gaudia
2775 3503 3049 3555 quaerere,
3083 3498 3135 3543 et
3159 3490 3377 3557 quaesita
3408 3490 3485 3545 ci-

1910 3571 2012 3623 tius
2042 3572 2303 3627 invenire.
2342 3575 2462 3627 Per.

1979 3658 2112 3711 Alia.
2145 3688 2214 3698 --
2242 3660 2462 3725 Adesto,
2486 3676 2812 3729 qutesumus,
2841 3663 3064 3719 Domine
3090 3705 3105 3729 ,
3136 3665 3484 3735 supplicatio-

1908 3750 2064 3804 nibus
2092 3750 2288 3804 nostris
2310 3790 2325 3808 .
2357 3760 2412 3805 et
2444 3752 2494 3804 in
2528 3763 2613 3806 tua
2649 3753 3010 3809 misericordia
3044 3757 3381 3812 conﬁdentes
3418 3758 3486 3811 ab

1908 3840 2051 3893 omni
2096 3854 2192 3893 nos
2236 3839 2562 3895 adversitate
2613 3842 2841 3897 custodi.
2896 3846 2997 3899 Per
3045 3845 3331 3900 Dominum
3381 3861 3487 3900 no-

1908 3939 2094 3983 strum.

1981 4018 2123 4071 Alia.
2151 4049 2219 4059 —-
2242 4018 2491 4075 Concede
2511 4061 2525 4086 ,
2572 4037 2878 4091 quaesumus
2900 4068 2915 4092 ,
2950 4028 3285 4095 omnipotens
3316 4028 3484 4092 Deus,

1911 4119 1967 4162 ut
1996 4124 2090 4178 per
2111 4124 2284 4163 annua
2311 4110 2799 4181 Quadragesimalis
2840 4116 3098 4170 exercitia
3128 4116 3277 4185 (2H)
3305 4130 3487 4170 sacra-

1911 4201 2112 4266 menti,
2147 4211 2202 4255 et
2236 4203 2299 4255 ad
2349 4203 2747 4270 intelligendum
2784 4205 2979 4259 Christi
3019 4207 3361 4276 proﬁciamus
3402 4224 3488 4262 ar-

1909 4306 2098 4346 canum
2126 4336 2142 4361 ,
2174 4302 2227 4345 et
2266 4291 2489 4349 ell‘ectus
2525 4294 2640 4363 ejus
2684 4295 2839 4364 digna
2873 4296 3280 4353 conversatione
3317 4306 3487 4353 secte-

1909 4399 2047 4437 mur.
2080 4383 2199 4438 Per.

1982 4473 2133 4544 (2‘15)
2177 4472 2275 4527 Per
2301 4484 2458 4528 totam
2511 4475 3006 4546 Quadragcsimam,
3044 4479 3354 4548 quotidiani:
3385 4480 3488 4531 dic-

1913 4565 2003 4618 bus
2027 4604 2042 4629 ,
2070 4566 2217 4632 ﬁnita
2263 4565 2454 4629 Missa,
2490 4568 2754 4635 cpiscopus
2799 4578 2843 4620 et
2879 4567 3051 4622 clerict
3096 4570 3399 4634 discedunt,
3444 4577 3489 4621 et

1912 4666 2165 4707 exuuntur
2194 4656 2352 4708 sacris
2386 4657 2618 4721 vestibus,
2653 4666 2697 4708 et
2739 4666 2856 4711 tunc
2894 4658 3101 4711 redeunt
3121 4658 3188 4711 ad
3225 4657 3487 4726 l’esperos.

1912 4744 1980 4796 Ει
2001 4744 2176 4797 nullus
2202 4745 2412 4797 clericus
2444 4746 2497 4798 in
2529 4747 2738 4798 ecclesia
2782 4746 2932 4816 (2l6)
2964 4757 3062 4800 sfat
3095 4759 3267 4816 operto
3296 4750 3488 4818 capite,

1912 4834 2008 4888 nisi
2047 4834 2230 4887 habeat
2260 4835 2630 4902 inﬁrmitatem,
2664 4840 2770 4890 ullo
2801 4848 3040 4905 tempore.

2198 4929 2353 4969 FEBIA
2395 4930 2430 4967 ll
2472 4931 2629 4969 INTRA
2678 4931 3114 4978 QITADRAGESHIAH
3159 4930 3203 4969 ε.

1986 5006 2281 5065 Lonverte,
2313 5016 2439 5066 nos,
2472 5002 2611 5055 Deus
2642 5004 2886 5056 salutaris
2910 5015 3113 5069 uoster,
3136 5015 3217 5068 et,
3250 5014 3307 5059 ut
3335 5006 3490 5061 nobis

1915 5090 2174 5159 jejunium
2204 5092 2671 5161 Quadragesitnale
2714 5094 2987 5158 proﬁciat,
3031 5102 3238 5148 mentes
3279 5103 3495 5150 nostras

1922 5183 2028 5252 39
2053 5183 2365 5237 caelestibus
2395 5183 2596 5235 instrue
2618 5182 2929 5249 disciplinis.
2959 5183 3079 5236 Per.

1912 5298 2102 5365 Editis,
2128 5306 2237 5352 tum
2279 5300 2430 5359 Mss.,
2463 5307 2688 5363 excepto
2720 5298 2943 5364 l’amel.,
2970 5302 3056 5354 ubi
3083 5302 3245 5357 habes
3279 5306 3373 5358 hoc
3399 5305 3488 5358 bo-

1909 5369 2263 5490 nispmori'bus.
2297 5370 2394 5421 llic
2421 5365 2704 5435 Cod.livg.
2737 5370 2893 5423 Suec.
2929 5372 2979 5422 iu
3009 5373 3192 5427 multis
3219 5375 3488 5445 discrepat

1908 5453 1935 5490 a
2011 5452 2128 5489 amc
2157 5476 2169 5488 .

1981 5521 2001 5544 ρ
2047 5506 2278 5568 l’amel.,
2328 5508 2692 5561 consentiente
2722 5509 2946 5567 Kalend.
2984 5515 3161 5575 Rom.,
3187 5516 3373 5571 addit:
3405 5517 3489 5570 Ad

1910 5590 2143 5629 sanctum
2181 5575 2390 5627 Petrum
2413 5575 2479 5627 ad
2508 5576 2728 5632 t‘illCllll.
2766 5583 2817 5633 ltt
2852 5582 3168 5637 lialeudario
3200 5604 3305 5643 non
3344 5587 3489 5643 aliud

1916 5648 2209 5716 assignatur
2238 5648 2435 5713 livang.
2466 5662 2621 5715 quam
2655 5652 2793 5717 quod
2832 5669 2967 5709 nunc
2999 5655 3215 5726 legitur.

2294 5808 2330 5835 6
