4026 6312
550 313 615 368 59
1719 308 1964 366 SANCTI
2005 304 2331 362 GREGORII
2369 307 2586 364 MAGNI
3730 310 3807 368 60

622 434 791 505 Super
811 435 997 489 oblata.
1030 462 1100 473 —
1124 434 1353 499 Accepta
1386 428 1477 482 tibi
1496 426 1597 494 sit,
1633 425 1855 481 Domine
1880 467 1894 491 ,
1923 432 2119 483 nostra:
2146 423 2196 481 Α
2225 424 2438 489 exaudi,
2473 435 2526 480 et
2555 432 2742 480 contra
2772 432 2962 480 cuncta
2987 424 3141 480 nobis
3166 423 3499 479 adversantia
3523 424 3809 482 dexteram

551 522 857 581 devotionis
884 523 1105 585 oblatio,
1124 538 1238 590 qua:
1267 530 1319 574 et
1344 516 1599 586 jejunium
1624 525 1884 579 nostrum,
1919 523 2123 581 leone-

552 624 727 679 rantc,
758 613 1087 678 sanctiﬁcet,
1119 621 1171 665 et
1198 607 1577 678 indulgentiam
1614 606 1766 661 nobis
1790 615 1894 661 tum
1920 620 2123 661 conso-

554 705 769 759 lationis
792 704 1048 758 obtineat.
1074 700 1197 754 Per.

625 795 894 864 Prtefatio.
922 822 990 835 -
1018 792 1155 847 Vere
1196 791 1413 859 dignum
1439 797 1494 844 et
1535 789 1737 858 justum
1772 796 1886 849 est.
1911 803 2120 857 aequum

548 894 602 936 et
623 886 886 946 salutare,
912 896 1009 935 nos
1038 880 1133 935 tibi
1165 896 1380 948 semper
1407 887 1463 935 et
1491 879 1689 949 ubique
1712 880 1910 948 gratias
1937 895 2120 948 agere,

550 973 781 1039 Domine,
822 978 1047 1034 sancte,
1080 969 1237 1024 Pater
1282 971 1658 1038 omnipotens,
1698 978 1900 1025 aeterne
1934 970 2071 1025 Deus
2103 985 2120 1024 :

546 1065 633 1130 qui
666 1063 762 1116 das
789 1077 965 1117 escam
1004 1062 1148 1119 omni
1192 1064 1381 1127 carni,
1426 1071 1482 1117 et
1521 1076 1618 1117 nos
1657 1076 1762 1115 non
1806 1061 1979 1116 solum
2006 1077 2123 1117 car-

548 1152 790 1220 nalibus,
812 1152 905 1206 sed
937 1153 1095 1207 etiam
1138 1152 1465 1221 spiritalibus
1514 1152 1651 1207 escis
1678 1152 1889 1217 reﬁcis,
1921 1160 1977 1205 ut
2017 1167 2121 1207 non

548 1241 601 1294 in
628 1243 744 1296 solo
772 1258 907 1310 pane
940 1245 1209 1306 vivamus,
1242 1244 1333 1298 sed
1357 1244 1409 1297 in
1434 1243 1577 1297 omni
1605 1244 1770 1298 verbo
1797 1250 1889 1297 tuo
1911 1243 2121 1298 vitalem

548 1332 840 1387 habeamus
890 1334 1226 1399 alimoniam;
1278 1349 1376 1388 nec
1423 1343 1626 1388 tantum
1677 1333 1973 1402 epulando,
2027 1334 2122 1388 sed

548 1427 709 1477 etiam
747 1424 1038 1493 jejunando
1077 1439 1375 1493 pascamur.
1422 1424 1551 1477 Nam
1584 1432 1642 1477 ut
1679 1423 1903 1492 dapibus
1931 1430 1986 1477 et
2024 1437 2121 1491 po-

549 1516 684 1568 culis
711 1530 931 1581 corpora
950 1556 964 1581 ,
1004 1516 1081 1569 sic
1106 1515 1326 1583 jejuniis
1355 1523 1404 1568 et
1449 1514 1732 1568 virtutibus
1762 1514 1955 1567 animae
1985 1514 2123 1583 sagi-

551 1612 765 1657 nantur.
806 1604 1046 1673 Magnam
1079 1604 1129 1657 in
1162 1605 1262 1657 hoc
1293 1619 1513 1658 munere
1538 1604 1900 1658 salubritatem
1930 1604 2123 1657 mentis

550 1708 613 1747 ac
649 1694 889 1761 corporis
930 1693 1222 1758 contulisti,
1249 1695 1372 1762 quia
1403 1694 1663 1763 jejunium
1713 1694 1868 1749 nobis
1901 1710 2116 1747 venera-

548 1785 657 1839 h'le
685 1786 975 1850 dedicasti,
1016 1796 1072 1839 ut
1112 1786 1177 1839 ad
1222 1785 1550 1853 paradisum,
1582 1785 1650 1839 de
1677 1800 1782 1854 quo
1826 1800 1930 1838 non
1954 1785 2117 1838 absti-
2151 1782 2197 1838 Β

551 1874 728 1928 uendo
769 1874 1095 1940 decidimus,
1139 1875 1432 1943 jejunando
1482 1875 1774 1930 soletnnius
1817 1874 2117 1929 redeamus.

558 1962 660 2017 Per
686 1962 953 2017 Christum
985 1965 1261 2018 Dominum
1290 1972 1553 2018 nostrum.

617 2053 695 2105 Ad
733 2051 1126 2117 Complendum.
1161 2084 1231 2094 —
1280 2054 1538 2108 Salutaris
1569 2054 1683 2117 tui,
1717 2054 1940 2108 Domine
1966 2096 1981 2119 ,
2008 2071 2122 2108 mu-

544 2155 674 2194 nere
701 2142 875 2196 satiati
901 2184 917 2208 ,
950 2143 1217 2210 supplices
1239 2158 1560 2205 exoramus,
1592 2153 1649 2197 ut
1688 2144 1839 2215 cujus
1879 2146 2122 2201 laetamur

543 2244 719 2302 gustu,
752 2248 1069 2287 renovemur
1090 2232 1303 2287 effectu.
1334 2234 1432 2287 Per
1462 2234 1730 2289 eumdem.

622 2321 790 2391 Super
816 2323 1084 2391 populum.
1108 2353 1179 2363 —
1210 2323 1367 2386 Esto,
1400 2323 1650 2389 Domine,
1674 2325 1932 2392 propitius
1981 2325 2121 2393 plebi

547 2423 672 2477 tina,
703 2422 756 2466 et
782 2414 1060 2480 temporali
1093 2414 1457 2468 cunsoluti0ne
1486 2430 1591 2467 non
1616 2414 1832 2469 deseras
1860 2431 2016 2482 quam
2044 2417 2120 2470 vis

542 2503 609 2557 ad
638 2513 836 2558 :cterna
863 2504 1205 2558 contendere.
1240 2505 1340 2559 Per
1367 2504 1670 2561 Dominum.

1163 2603 1189 2629 ⁸
1231 2610 1384 2648 I’EIIA
1427 2610 1503 2649 111.

620 2684 875 2755 Respice,
914 2687 1167 2748 Domine,
1200 2685 1451 2740 familiam
1495 2695 1634 2740 tuam
1658 2727 1670 2747 ,
1702 2696 1757 2741 et
1796 2697 1984 2755 praesta
2007 2731 2020 2749 ,
2061 2696 2121 2742 ut

543 2776 679 2845 apud
725 2787 774 2831 te
814 2792 963 2831 meus
1012 2787 1189 2831 nostra
1236 2785 1323 2829 tuo
1363 2776 1631 2832 desiderio
1662 2776 1887 2846 fulgeat,
1919 2795 2037 2848 quae
2060 2794 2119 2834 se

543 2868 721 2921 carnis
753 2869 1108 2922 maceratione
1137 2869 1382 2935 castigat.
1413 2868 1534 2923 Per.

620 2956 792 3023 Super
821 2957 1014 3008 oblata.
1045 2986 1113 2995 —-
1138 2956 1378 3022 Oblatis,
1408 2957 1629 3011 Domine
1648 3000 1663 3025 ,
1694 2957 1905 3024 placare
1933 2974 2119 3016 mune-

546 3045 717 3107 ribus,
748 3053 800 3097 et
822 3060 849 3096 a
883 3043 1089 3097 cunctis
1110 3058 1208 3097 nos
1245 3043 1470 3098 defende
1492 3045 1761 3113 periculis.

618 3131 888 3200 Prwfatio.
919 3162 982 3173 ——
1014 3133 1148 3188 Vere
1174 3132 1389 3203 dignum
1416 3142 1471 3189 et
1511 3134 1715 3202 justum
1764 3143 1874 3200 est,
1904 3152 2113 3207 aequum
2141 3131 2188 3192 C

544 3230 598 3274 et
619 3222 878 3287 salutare,
913 3237 1011 3276 nos
1043 3222 1136 3276 tibi
1159 3237 1371 3291 semper
1400 3233 1454 3278 et
1478 3224 1676 3294 ubique
1704 3228 1903 3294 gratias
1931 3242 2111 3297 agere,

548 3311 772 3365 Domine
797 3322 1001 3376 sancte,
1033 3313 1187 3367 Pater
1211 3313 1565 3381 omnipotens,
1594 3325 1793 3371 aeterne
1822 3316 1995 3383 Deus,
2020 3334 2114 3388 per

544 3400 815 3455 Christum
865 3402 1145 3456 Dominum
1197 3412 1436 3458 nostrum
1466 3422 1478 3457 :
1508 3404 1561 3458 in
1614 3420 1720 3474 quo
1760 3405 2112 3474 jejunantiutn

545 3489 677 3543 ﬁdes
729 3491 910 3553 alitur,
963 3506 1085 3560 spes
1137 3492 1467 3560 provehitur,
1520 3494 1753 3549 charitas
1808 3497 2110 3552 roboratur.

545 3580 660 3646 Ipse
689 3582 829 3635 enim
884 3591 965 3635 est
1025 3584 1173 3651 panis
1223 3585 1375 3639 vivus
1404 3595 1456 3638 et
1482 3600 1639 3640 verus
1682 3589 1769 3656 qui
1817 3590 2110 3646 Stleltmtia

546 3674 859 3727 aeternitatis
885 3685 936 3729 et
969 3690 1093 3730 esca
1123 3677 1333 3730 virtutis
1362 3687 1464 3732 est.
1493 3676 1729 3733 Verbum
1760 3681 1900 3734 enim
1933 3689 2110 3748 tuum,

546 3775 641 3828 per
671 3762 807 3833 quod
840 3763 973 3816 facta
1014 3774 1137 3818 sunt
1184 3767 1383 3832 omnia,
1430 3782 1533 3821 non
1556 3768 1726 3822 solum
1762 3769 2110 3826 humanarum

555 3854 810 3906 tuentium
837 3895 851 3916 ,
885 3855 977 3907 sed
1009 3856 1241 3922 ipsorum
1297 3860 1447 3923 panis
1478 3867 1557 3910 est
1605 3858 1929 3928 angelorum.
1964 3861 2113 3918 Hunc

543 3954 732 4006 panem
758 3942 1063 3999 ministrare
1090 3946 1243 3999 nobis
1295 3962 1398 4000 tton
1429 3947 1626 4001 desinis
1648 3989 1662 4009 .
1689 3961 1772 4015 et,
1804 3960 1860 4004 ut
1888 3966 2006 4006 eum
2031 3952 2113 4007 iu-

544 4031 852 4088 desineuter
900 4037 1231 4104 esuriamus,
1276 4037 1527 4093 hortaris.
1585 4039 1748 4110 Cujus
1787 4057 1946 4098 carne
1986 4047 2109 4100 dum

542 4124 826 4191 paseintur,
870 4125 1218 4193 roborantur,
1266 4137 1319 4182 et
1371 4132 1628 4194 sanguine
1675 4132 1799 4186 dum
1846 4144 2106 4205 notantur,

537 4212 821 4267 ahlnimur.
849 4214 953 4269 Per
974 4231 1151 4285 quem.

608 4300 687 4353 Ad
716 4303 1103 4372 Complendum.
1130 4336 1201 4348 —
1221 4307 1575 4376 Sumpsimus,
1610 4310 1860 4378 Domtne,
1886 4313 2104 4369 celebri-

538 4396 666 4446 tatis
689 4413 877 4450 annua:
908 4400 1085 4452 Vutiva
1116 4410 1447 4454 sacramenta
1476 4418 1489 4453 :
1522 4415 1744 4469 praesta,
1768 4421 2069 4473 quaesumus
2089 4449 2104 4473 ,

2226 522 2330 568 tua:
2364 516 2655 585 Majestatis
2684 516 2933 571 extende.
2958 516 3059 571 Per
3089 517 3367 572 Dominum
3395 526 3654 572 nostrum.

2295 605 2432 658 Alia.
2456 633 2525 646 —
2552 604 2896 660 Devotionem
2944 606 3125 674 populi
3158 606 3264 671 tui,
3297 606 3553 675 Domine,
3583 623 3805 674 quaesu-

2225 710 2372 761 mus,
2401 697 2659 767 benignus
2685 700 2899 753 intende
2920 738 2934 764 ,
2957 708 3014 753 ut
3043 700 3131 766 qui
3162 715 3257 768 per
3285 698 3660 753 abstinentiam
3688 716 3811 754 ma-

2223 798 2475 842 cerantur
2498 788 2550 843 in
2606 805 2859 855 corpore,
2898 806 2994 858 per
3027 784 3259 845 fructum
3299 790 3425 846 boni
3464 791 3639 861 operis
3676 794 3808 848 reﬁ-

2223 878 2434 932 ciantur
2462 880 2513 933 in
2536 886 2739 934 mente.
2768 879 2870 935 Per
2902 880 3211 935 Dominum.

2296 992 2464 1062 Super
2515 992 2701 1047 oblata.
2755 1022 2826 1035 -—
2872 993 3128 1062 Suscipe,
3171 994 3393 1049 Creator
3459 996 3806 1065 omnipotens

2226 1082 2368 1137 Deus
2386 1125 2400 1148 ,
2423 1099 2541 1152 qua:
2567 1084 2873 1153 jejunantes
2895 1085 2962 1140 de
2990 1094 3094 1139 tute
3133 1085 3512 1140 muniﬁcentia:
3553 1085 3803 1155 largitate

2224 1172 2536 1238 deferimus,
2585 1182 2638 1227 et
2675 1190 2771 1243 pro
2808 1175 3085 1243 temporali
3113 1174 3264 1229 nobis
3306 1174 3497 1229 collata
3527 1174 3801 1243 praesidio,

2224 1261 2292 1314 ad
2314 1263 2476 1315 vitam
2512 1273 2767 1319 converte
2803 1263 3120 1333 propitiatus
3165 1272 3444 1319 aeternam.
3492 1263 3592 1317 Per
3617 1261 3804 1318 Domi-

2228 1367 2350 1405 num
2384 1362 2646 1408 nostrum.

2298 1459 2565 1530 Pra’fatio.
2594 1491 2667 1502 —
2695 1462 2830 1517 Vere
2882 1462 3096 1532 dignum
3129 1469 3184 1517 et
3232 1461 3429 1529 justum
3459 1468 3564 1526 est,
3587 1474 3803 1528 aequum

2225 1560 2280 1605 et
2308 1554 2568 1619 salutare,
2597 1566 2697 1606 nos
2721 1552 2816 1608 tibi
2844 1567 3059 1622 semper
3081 1562 3134 1606 et
3162 1553 3358 1622 ubique
3384 1552 3584 1620 gratias
3613 1565 3803 1619 agere,

2228 1640 2450 1694 Domine
2488 1649 2702 1715 sancte,
2733 1641 2890 1695 Pater
2928 1641 3308 1708 omnipotens,
3358 1647 3559 1695 aeterne
3608 1639 3753 1693 Deus
3785 1656 3804 1692 :

2225 1731 2311 1797 qui
2347 1731 2396 1781 in
2443 1730 2753 1784 alimentum
2803 1730 3044 1797 corporis
3076 1728 3288 1783 humani
3334 1730 3540 1797 frugum
3587 1729 3801 1798 copiam

2228 1821 2444 1890 produci
2471 1820 2706 1889 jussisti,
2751 1828 2805 1874 et
2846 1821 2899 1873 in
2928 1819 3236 1874 alimentum
3275 1820 3573 1873 animarum
3609 1818 3803 1888 jejunii

2226 1912 2382 1963 nobis
2407 1910 2726 1964 medicinam
2774 1908 3033 1964 iudidisti.
3067 1908 3144 1963 Te
3198 1910 3377 1977 itaque
3415 1909 3686 1977 supplices
3721 1908 3804 1962 in-

2226 2014 2475 2053 vocamus
2496 2039 2512 2063 ,
2554 2009 2610 2053 ut
2644 1998 2737 2053 tibi
2786 1999 2859 2053 sit
2887 1998 3213 2066 acceptabile
3240 1997 3501 2067 jejunium
3535 2009 3803 2064 nostrum,

2223 2101 2277 2144 et
2305 2104 2403 2144 nos
2460 2106 2489 2144 a
2541 2090 2675 2144 cibis
2713 2088 3059 2160 jejunantes,
3094 2090 3324 2159 peccatis
3372 2089 3642 2145 absolvas.
3698 2089 3802 2145 Per

2223 2181 2517 2236 Christum.

2293 2295 2373 2346 Ad
2395 2291 2780 2363 Complendum.
2808 2324 2874 2335 —
2904 2292 3041 2360 Tui,
3069 2294 3290 2346 Domine
3308 2335 3322 2358 ,
3349 2293 3694 2361 perceptione
3714 2308 3798 2347 sa-

2222 2386 2479 2439 cramenti
2500 2426 2514 2449 ,
2541 2395 2593 2438 et
2623 2400 2651 2437 a
2683 2386 2879 2438 nostris
2912 2385 3228 2438 mundemur
3247 2385 3489 2450 occultis,
3521 2394 3575 2439 et
3601 2385 3670 2439 ab
3704 2383 3799 2440 1ιό-

2223 2474 2381 2528 stium
2413 2475 2700 2529 liberemur
2726 2475 2953 2529 insidiis.
2983 2473 3085 2528 Per
3118 2475 3417 2531 Dominum.

2295 2587 2467 2658 Super
2514 2593 2780 2657 populum.
2820 2620 2889 2629 -—
2921 2589 3125 2644 Mentes
3164 2599 3402 2653 nostras,
3460 2602 3796 2657 quaesumus,

2224 2678 2476 2744 Domine,
2532 2679 2732 2734 lumine
2782 2687 2887 2733 tua:
2925 2668 3178 2735 claritatis
3226 2680 3459 2743 illustra,
3512 2688 3567 2734 ut
3612 2679 3798 2734 videre

2222 2770 2489 2838 possimus
2514 2785 2631 2838 qua:
2669 2770 2871 2839 agenda
2898 2779 3053 2836 sunt,
3083 2779 3137 2825 et
3164 2786 3281 2841 qua:
3310 2780 3458 2826 recta
3487 2778 3611 2826 sunt
3638 2784 3798 2839 agere

2221 2862 2514 2916 valeamus.
2544 2860 2647 2916 Per
2673 2862 2953 2917 Dominum
2980 2873 3239 2917 nostrum.

2504 2986 2658 3027 FIRIA
2699 2984 2721 3011 ο
2762 2986 2794 3025 ν
2834 2987 2989 3026 ΙΝἸΊὶΑ

2288 3074 2532 3144 Suscipe,
2556 3091 2883 3147 quaesumus,
2911 3078 3156 3143 Domine,
3173 3091 3359 3147 preces
3381 3084 3610 3140 nostras,
3639 3083 3697 3129 et
3726 3074 3792 3129 ad

2216 3180 2373 3221 aures
2419 3167 2805 3223 misericordia:
2851 3178 2953 3222 tua:
3002 3168 3382 3239 postulationes
3419 3179 3642 3223 sacratae
3696 3167 3793 3223 tibi

2217 3257 2389 3327 plebis
2421 3258 2659 3313 admitte.
2686 3259 2787 3314 Per
2820 3259 3123 3314 Dominum.

3040 2985 3502 3034 QUADRAGESIIAI.

2287 3369 2454 3440 Super
2491 3371 2679 3425 oblata.
2716 3400 2786 3411 —
2821 3371 3088 3427 Sacriﬁcia
3110 3412 3124 3436 ,
3160 3370 3416 3437 Domine,
3447 3385 3785 3440 qumsumus,

2217 3462 2315 3516 ista
2343 3475 2441 3515 nos
2468 3462 2711 3523 salvent.
2755 3477 2876 3520 aute
2916 3461 3321 3518 medicinalibus
3365 3471 3492 3517 sunt
3544 3463 3787 3518 instituta

2211 3550 2452 3620 jejuniis.
2486 3552 2608 3607 Per.

2286 3665 2389 3737 αι
2434 3666 2697 3735 Praefatio.
2746 3694 2816 3704 ——
2874 3663 3009 3719 Vere
3062 3663 3276 3734 dignum
3328 3673 3383 3719 et
3424 3664 3622 3734 justum
3668 3671 3778 3729 est,

2216 3772 2421 3825 acquum
2447 3764 2500 3811 et
2522 3755 2776 3820 salutare,
2810 3769 2907 3808 nos
2938 3753 3033 3808 tibi
3062 3768 3273 3823 semper
3318 3763 3373 3809 et
3421 3755 3619 3823 ubique
3662 3769 3788 3824 gra-

2219 3848 2317 3902 tias
2344 3862 2519 3916 agere,
2558 3847 2777 3899 Domine
2806 3854 3009 3914 sancte,
3032 3845 3189 3900 Pater
3213 3847 3566 3913 omnipotens,
3583 3856 3785 3899 aeterne

2216 3936 2356 3991 Deus
2390 3955 2402 3988 :
2437 3936 2557 4005 quia
2583 3944 2953 4003 competenter
2995 3945 3151 4004 atque
3202 3936 3488 3992 salubriter
3532 3936 3784 4005 religiosa

2215 4039 2338 4084 sunt
2366 4029 2516 4083 nobis
2544 4028 2784 4082 instituta
2811 4028 3036 4097 jejunia,
3063 4038 3118 4081 ut
3141 4043 3414 4097 corporea:
3434 4028 3784 4098 iucunditatis

2220 4120 2601 4174 immoderatas
2630 4131 2970 4172 coerceamus
2995 4117 3291 4185 illecebras,
3312 4128 3364 4173 et
3387 4129 3612 4172 terrente
3640 4119 3787 4173 dele-

2214 4212 2460 4267 elationis
2513 4211 2795 4265 insolentia
2852 4210 3158 4275 refrenato,
3201 4211 3381 4278 purior
3427 4219 3586 4279 atque
3634 4220 3785 4266 tran-

2212 4303 2426 4373 quillior
2451 4304 2713 4371 appetitus
2742 4302 2807 4356 ad
2839 4302 3076 4357 ctelestia
3121 4303 3527 4372 comemplanda
3576 4314 3784 4373 myste-

2212 4395 2293 4448 ria
2325 4393 2555 4448 ﬁdelium
2584 4392 2835 4449 reddatur
2850 4394 3168 4448 animarum.
3196 4394 3297 4448 Per
3313 4393 3581 4448 Christum
3603 4393 3785 4448 Domi-

536 4502 597 4545 ut
625 4499 676 4543 et
704 4489 1017 4555 temporalis
1049 4491 1174 4543 vitae
1202 4490 1310 4560 40
1353 4492 1505 4544 nobis
1528 4494 1677 4562 (217)
1714 4496 1951 4549 remedio
1986 4514 2107 4565 pro-
2133 4493 2185 4552 Ι)
2212 4498 2336 4537 "um
2369 4493 2633 4538 "05mm-

538 4581 787 4643 vcuiaut,
822 4588 876 4633 et
925 4589 1159 4633 aeternae.
1208 4580 1309 4635 Per
1339 4581 1620 4636 Dominum
1660 4595 1898 4639 nostrum
1927 4586 2107 4642 Jesum

535 4675 832 4730 Christum.

614 4769 781 4835 Super
830 4764 1096 4835 populum.
1128 4765 1530 4818 —Ascendant
1576 4765 1643 4820 ad
1701 4774 1785 4832 te,
1848 4767 2104 4837 Domine,

538 4872 723 4926 preces
761 4866 988 4920 nostrae,
1027 4864 1083 4910 et
1123 4855 1189 4909 ab
1230 4855 1470 4910 Ecclesia
1518 4865 1606 4910 tua
1632 4866 1877 4915 cunctam
1908 4864 2108 4932 repelle

540 4950 850 5019 nequitiam.
877 4948 1001 5004 Per.

939 5035 968 5075 ι’
1009 5053 1165 5093 rem;
1205 5053 1257 5092 tv
1295 5053 1480 5093 unum
1520 5054 1682 5093 PRIII.

608 5130 798 5187 Preces
844 5137 1082 5197 nostras,
1129 5142 1472 5199 quaesumus,
1529 5129 1772 5199 Domine,
1810 5132 2101 5192 clementer

604 5250 630 5277 ⁸
665 5243 834 5299 Statio
864 5244 1019 5312 hujus
1038 5243 1140 5299 diei
1167 5258 1231 5299 ex
1263 5244 1465 5298 Pamel.
1497 5253 1544 5295 et
1571 5242 1795 5300 Kalend.
1824 5245 1979 5302 Rom.
2015 5259 2100 5305 est

536 5315 602 5365 ad
633 5325 856 5367 sanctam
895 5315 1237 5367 Auastasiam.
1266 5314 1405 5368 Idem
1446 5314 1700 5376 Evangel.
1731 5318 2097 5383 prmscribitur
2126 5368 2131 5374 .

531 5383 671 5457 quod
703 5385 752 5437 in
774 5385 1041 5457 hodierno
1070 5383 1256 5457 cilicio
1279 5392 1476 5438 exstat.
1518 5384 1659 5438 Idem
1694 5386 2095 5457 intelligendum

528 5453 599 5509 de
624 5463 742 5506 catt.
769 5452 946 5517 feriis,
982 5453 1081 5508 nisi
1113 5454 1265 5506 aliter
1292 5464 1521 5507 notetur.

598 5521 627 5561 δ
643 5522 792 5589 Apud
808 5522 1006 5595 Pamel.
1025 5539 1039 5576 :
1056 5520 1192 5595 er.
1219 5521 1252 5574 4
1273 5523 1598 5595 hebdomadi:
1617 5526 1796 5595 primm
1824 5525 2090 5595 Quadrag.

528 5592 596 5644 att
618 5602 844 5645 sanctam
878 5592 1013 5647 Mar.
1046 5591 1317 5658 Maiorem.
1349 5594 1402 5647 ltt
1438 5592 1658 5647 Kalend.
1689 5594 1731 5646 li
1773 5610 1845 5648 m.
1876 5609 1891 5647 :
1919 5591 2094 5650 Mense

530 5663 724 5730 primo,
755 5663 822 5715 ad
849 5673 1072 5719 sanctam
1118 5661 1363 5718 Marium.
1410 5663 1587 5719 Codex
1638 5664 1764 5734 Itcg.
1799 5663 1956 5721 Suec.
1996 5681 2092 5736 pa-

2284 4592 2363 4645 Ad
2387 4592 2775 4663 Complendum.
2807 4623 2877 4638 -—
2918 4595 3153 4649 Tuorum
3189 4610 3307 4664 nos,
3343 4595 3582 4661 Domine,
3615 4594 3781 4667 largi-

2211 4690 2319 4738 tate
2341 4682 2626 4748 donorum,
2661 4693 2714 4738 et
2763 4686 3143 4754 temporalibus
3168 4686 3353 4739 attolle
3405 4685 3696 4756 praesidiis,
3727 4694 3781 4742 et

2209 4789 2407 4830 renova
2435 4775 2797 4844 sempiternis.
2830 4776 2931 4829 Per
2964 4777 3245 4830 Dominum
3268 4786 3532 4830 nostrum.

2280 4863 2449 4932 Super
2470 4868 2736 4934 papulum.
2784 4894 2853 4905 -—-
2906 4866 3002 4930 Da,
3034 4881 3361 4934 quaesumus,
3403 4867 3645 4933 Domine,
3675 4882 3782 4938 po‘

2134 4982 2137 4983 ν
2209 4954 2347 5023 pulis
2392 4954 2733 5017 Christianis,
2763 4963 2819 5008 et
2851 4971 2969 5025 quae
3016 4958 3330 5024 proﬁtentur
3376 4971 3689 5027 agnoscere,
3722 4967 3776 5013 et

2207 5050 2423 5104 caalest:
2457 5065 2649 5105 munus
2682 5051 2903 5119 diligere
2939 5053 3078 5121 quod
3123 5053 3481 5122 frequentant.
3528 5052 3630 5108 Per
3679 5053 3780 5107 Do-

2207 5155 2433 5200 minum.
2770 5164 2773 5165 '

2204 5268 2425 5321 rumper
2453 5255 2702 5311 dissentit
2723 5270 2750 5309 a
2775 5256 2975 5311 Pamel.

2275 5337 2297 5363 (ι
2339 5324 2559 5378 Kalend.
2589 5325 2742 5378 Rom.
2780 5345 2792 5378 :
2825 5327 2905 5378 Ad
2926 5337 3155 5380 sanctum
3178 5326 3528 5392 Laurentium,
3554 5330 3623 5382 ad
3645 5328 3774 5383 For-

2201 5409 2474 5459 monsum,
2525 5395 2666 5462 quod
2727 5396 2930 5451 Pamel.
2989 5397 3206 5450 exhibet
3253 5412 3349 5463 pro
3390 5397 3598 5452 diversa
3650 5400 3770 5453 lect.

2201 5464 2352 5529 Apud
2381 5479 2501 5517 eum
2552 5465 2745 5532 legitur
2768 5482 2781 5517 :
2807 5466 2888 5519 Ad
2934 5475 3167 5519 sanctum
3206 5464 3368 5522 Laur.
3404 5467 3529 5531 foris
3551 5484 3772 5522 murum.

2202 5532 2594 5604 Favetprimus
2625 5534 2855 5604 Theod.,
2891 5545 2946 5591 at
2978 5536 3245 5592 secundus
3281 5537 3443 5593 habet
3482 5556 3494 5591 :
3530 5540 3608 5592 Ad
3640 5537 3773 5592 Leu.

2201 5613 2327 5657 rem.
2361 5602 2411 5656 in
2438 5601 2708 5660 Formosa.
