4026 6336
299 329 365 385 6|

600 454 626 482 ³³
673 463 843 502 FERIA
880 463 932 502 Vl
970 463 1130 503 INTRA
1167 463 1627 512 ρυΔυιιΑςεειΙΑι.

394 564 546 627 Esto,
571 561 828 625 Domine,
860 559 1119 630 propitius
1160 560 1300 628 plebi
1345 567 1466 627 tute,
1497 568 1552 614 et
1595 575 1752 630 quam
1807 561 1905 615 tibi

327 657 463 712 iacis
487 669 605 710 esse
628 653 906 714 devotam,
921 651 1150 721 benigno
1171 650 1354 706 refove
1377 663 1657 706 miseratus
1676 653 1904 707 auxilio.

333 752 434 805 Per
464 745 740 800 Dominum
766 752 1035 796 nostrum.

398 838 569 902 Super
613 833 812 887 oblata.
860 861 937 874 ——
981 830 1225 899 Suscipe,
1272 844 1599 899 quaesumus,
1652 830 1900 897 Domine,

323 927 522 982 nostris
552 923 734 977 oblata
764 919 1019 986 servitiis,
1055 928 1111 975 et
1140 928 1226 974 tua
1257 918 1516 989 pr0pitius
1536 918 1676 975 dona
1705 921 1903 975 sancti-

318 1023 443 1073 fica.
482 1016 611 1072 Per.

394 1107 667 1173 Prcfutio.
710 1132 771 1143 -
800 1102 941 1157 Vere
967 1102 1182 1170 dignum
1214 1109 1268 1154 et
1317 1102 1517 1171 justum
1559 1112 1657 1166 est,
1690 1117 1896 1172 acquum

318 1212 379 1258 et
402 1202 656 1263 salutare,
684 1213 783 1253 nos
810 1198 904 1252 tibi
946 1212 1155 1263 semper
1177 1204 1230 1250 et
1258 1196 1452 1264 ubique
1481 1196 1676 1266 gratias
1716 1211 1893 1264 agere,

324 1294 548 1348 Domine
600 1299 805 1353 sancte,
865 1288 1022 1341 Pater
1071 1287 1435 1353 omnipotens,
1461 1296 1662 1341 aeterne
1706 1287 1891 1342 Deus:

318 1385 408 1452 qui
432 1381 622 1451 jejunii
650 1377 1034 1433 observatione
1061 1386 1115 1431 et
1150 1377 1605 1446 eleemosynarum
1655 1378 1895 1444 gratissi-

313 1487 398 1526 ma
432 1471 720 1540 largitione
748 1482 844 1521 nos
886 1466 1114 1521 docuisti
1156 1475 1459 1520 nostrorum
1504 1466 1757 1537 consequi
1809 1482 1895 1522 re—

309 1561 486 1616 media
520 1569 878 1629 peccatorum.
914 1558 1065 1611 Unde
1106 1566 1247 1610 tuam
1281 1558 1629 1626 imploramus
1660 1560 1893 1613 clemen-

318 1654 467 1717 tiam,
500 1660 580 1719 ut,
626 1651 709 1703 his
762 1647 1228 1703 observationibus
1272 1657 1327 1703 et
1372 1649 1581 1703 caeteris
1626 1649 1882 1705 bonorum

311 1757 537 1811 operum
565 1739 985 1794 exbibitionibus
1030 1736 1239 1799 muniti,
1274 1752 1334 1791 ea
1382 1752 1666 1806 operemur
1692 1738 1907 1805 quibus‘

1533 336 1733 394 LIBER
1773 340 2402 402 SACRAMEN'I'ORUM.

3515 363 3584 419 62

1935 459 1980 512 Α
2006 452 2204 520 jejunio
2235 464 2410 509 nostra
2436 456 2730 523 sanctifica,
2764 467 2822 513 ut
2855 462 2995 531 quod
3025 463 3363 520 observantia
3393 479 3574 525 nostra

2015 546 2290 611 profitt-tur
2309 547 2661 613 extrinsecus,
2691 550 2911 607 interius
2941 564 3213 623 operetur.
3263 557 3364 612 Per
3396 559 3575 614 Domi-

2012 650 2135 688 num
2167 647 2425 691 nostrum.

2080 726 2346 796 Prwfatio.
2370 759 2442 770 —
2472 729 2607 785 Vere
2642 731 2859 802 dignum
2890 741 2943 788 et
2979 732 3180 803 justum
3210 742 3325 801 est,
3366 750 3575 806 aequum

2008 823 2060 868 et
2087 816 2338 881 salutare,
2369 833 2466 875 nos
2490 820 2584 873 tibi
2616 834 2826 890 semper
2855 828 2909 877 et
2933 824 3129 892 ubique
3166 824 3365 894 gratias
3392 840 3571 895 agerc,

2008 903 2228 958 Domine
2256 918 2458 970 sancte,
2508 908 2671 962 Pater
2725 913 3085 981 omnipotens,
3133 922 3334 969 aeterne
3389 916 3571 971 Deus:

2005 994 2330 1051 illuminator
2358 1008 2411 1052 et
2437 998 2762 1069 Redemptor
2791 1004 3088 1060 animarum
3125 1015 3452 1073 nostrarum,
3477 1010 3571 1077 qui

2004 1101 2099 1140 nos
2131 1103 2224 1155 per
2251 1089 2477 1155 primum
2508 1091 2695 1158 Adam,
2723 1094 3059 1151 abstinentia:
3088 1098 3204 1168 lege
3233 1098 3446 1165 violata,
3476 1116 3566 1169 pa-

2001 1176 2179 1231 radiso
2208 1180 2431 1248 ejectos,
2469 1181 2715 1236 fortiores
2738 1183 2927 1252 jejunii
2959 1188 3195 1243 remedio
3224 1190 3289 1243 ad
3334 1192 3565 1259 antiqua:

1999 1269 2180 1336 patria:
2207 1269 2588 1324 beatitudinem
2619 1288 2710 1338 per
2750 1274 2973 1342 gratiam
3021 1279 3304 1331 revocasti.
3352 1280 3567 1347 Nosque

1997 1356 2079 1423 pia
2102 1358 2425 1413 institutione
2446 1361 2673 1414 docuisti
2695 1362 2885 1430 quibus
2907 1364 3364 1420 observationibus
3389 1383 3416 1420 a
3442 1382 3563 1435 pec.

1995 1446 2128 1500 catis
2177 1450 2424 1505 omnibus
2471 1451 2792 1506 liberemuu
2832 1453 2935 1507 Per
2972 1453 3239 1509 Christum
3283 1456 3561 1512 Dominum
3598 1456 3601 1457 ⁷

1995 1549 2253 1593 nostrum.

2066 1630 2147 1683 Ad
2169 1629 2556 1701 Compleudum.
2583 1661 2653 1673 —
2681 1633 3197 1714 Sanctiﬁcationibus
3226 1635 3351 1700 tuis,
3383 1637 3553 1689 omni-

1994 1734 2181 1791 potens
2208 1724 2370 1792 Deus,
2400 1734 2453 1779 et
2482 1726 2607 1779 vitia
2656 1734 2836 1779 nostra
2878 1735 3153 1793 curentur,
3181 1735 3237 1782 et
3278 1726 3428 1798 (219)
3474 1743 3559 1782 re-

306 1833 371 1886 ad
402 1841 604 1885 aeterna
636 1828 829 1898 gaudia
860 1826 1233 1897 consequenda
1262 1836 1314 1881 et
1350 1841 1475 1895 spes
1507 1827 1657 1880 nobis
1687 1842 1881 1896 suppe.
1919 1811 1962 1870 Β
1989 1812 2160 1867 media
2187 1814 2339 1868 nobis
2359 1823 2554 1869 aeterna
2587 1816 2921 1883 proveniant.
2956 1815 3059 1871 Per
3078 1814 3348 1871 Christum
3373 1814 3556 1869 Domi-

308 1934 385 1978 tat
412 1934 462 1976 et
495 1922 739 1975 facultas.
763 1921 864 1974 Per
890 1918 1180 1973 Chrismm.

383 2013 463 2063 Ad
494 2009 880 2078 Complendum.
908 2036 978 2045 —
1006 2007 1105 2059 Per
1132 2004 1309 2073 hujus,
1345 2005 1585 2070 Domine,
1616 2006 1884 2073 operatio-

308 2117 431 2156 nem
458 2100 716 2170 mysterii,
751 2108 803 2152 et
833 2098 957 2151 vitia
989 2106 1167 2150 nostra
1198 2106 1508 2165 purgentur,
1541 2108 1593 2152 et
1616 2098 1758 2166 justa
1785 2100 1882 2154 de-

304 2191 505 2245 sideria
536 2190 877 2257 impleantur.
914 2188 1012 2243 Per
1044 2189 1324 2241 Dominum
1355 2198 1617 2243 nostrum.

376 2283 546 2352 Super
568 2282 837 2352 populum.
868 2309 937 2318 —
960 2281 1254 2345 Conserva,
1273 2296 1600 2349 qua-sumus,
1630 2282 1873 2345 Domine,

309 2374 558 2444 populum
592 2383 765 2438 tuum,
794 2380 849 2423 et
870 2371 935 2424 ab
963 2371 1209 2424 omnibus
1236 2386 1366 2440 quas
1394 2382 1625 2425 meretur
1642 2372 1873 2425 adversi-

303 2463 502 2517 tatibus
534 2462 701 2515 redde
724 2475 969 2514 securum
991 2501 1004 2524 ,
1038 2468 1126 2522 ut,
1174 2461 1555 2529 tranquillitate
1605 2470 1872 2530 percepta,

302 2552 489 2606 devota
525 2552 623 2605 tibi
652 2558 832 2604 mente
862 2548 1144 2603 deserviat.
1175 2548 1297 2604 Per.

367 2666 517 2730 (9.18)
546 2680 779 2719 sssuno
802 2680 851 2719 IN
892 2663 919 2701 ι’
949 2680 1019 2717 xu
1048 2678 1386 2718 Ll-ZC'I‘IONIBUS
1416 2677 1597 2717 αδκεις
1628 2679 1798 2718 Plinii.

368 2777 635 2846 Populum
686 2785 855 2838 tuum,
912 2775 1151 2841 Domine,
1208 2788 1545 2843 quaesumus,
1606 2774 1871 2842 propitius

294 2867 405 2937 42
435 2866 669 2928 respice,
700 2873 859 2933 atque
888 2864 955 2917 ab
980 2878 1043 2919 eo
1072 2863 1281 2932 ﬂagella
1308 2871 1411 2916 tua:
1438 2862 1721 2917 iracundia:
1745 2864 1865 2918 cle-

294 2967 507 3014 menter
534 2964 738 3012 averte.
773 2957 875 3011 Per
908 2955 1183 3010 Dominum
1217 2964 1480 3009 nostrum.

362 3051 499 3103 Alia.
526 3076 596 3088 —
626 3048 768 3101 Dvus
794 3046 883 3116 qui
905 3045 1271 3112 delinquentes
1311 3044 1485 3113 perire
1515 3058 1621 3097 non
1647 3043 1867 3111 pateris,

1990 1918 2115 1954 num
2140 1911 2401 1957 nostrum.

2085 1991 2254 2058 Super
2282 1992 2546 2061 populum.
2573 2020 2642 2031 -—-
2682 1991 2763 2046 Ab
2806 1992 3050 2048 omnibus
3080 2007 3197 2057 nos,
3227 2007 3557 2062 quaesumus,

1987 2079 2229 2143 Domine,
2250 2080 2483 2146 peccatis
2507 2080 2763 2148 propitius
2784 2081 3022 2151 absolve,
3045 2092 3101 2135 ut
3120 2093 3367 2152 percepta
3396 2084 3550 2137 venia

1984 2180 2339 2238 peccatorum,
2371 2172 2550 2227 liberis
2581 2172 2673 2226 tibi
2704 2174 2966 2227 mentibus
2992 2176 3311 2228 serviamus.
3342 2176 3466 2231 Per.

2262 2284 2368 2355 43
2398 2298 2420 2326 ο
2446 2301 2690 2342 nouuva
2718 2303 2754 2341 ll
2776 2303 2825 2341 ια
2855 2303 3269 2350 ousnnscssms.

2054 2395 2210 2459 Deus,
2242 2397 2333 2464 qui
2356 2397 2621 2466 conSpicis
2646 2400 2787 2451 omni
2820 2413 2915 2451 nos
2961 2400 3153 2453 virtute
3194 2399 3427 2461 destitui,
3466 2399 3547 2451 in-

1982 2485 2148 2537 terius
2172 2486 2515 2553 exteriusque
2541 2486 2771 2551 custodi,
2795 2498 2853 2541 ut
2877 2495 2931 2540 et
2957 2487 3024 2540 ab
3046 2489 3291 2541 omnibus
3311 2488 3549 2540 adversi-

1980 2573 2170 2627 tatibus
2202 2576 2505 2629 muniamur
2531 2576 2584 2629 in
2614 2591 2862 2644 corpore,
2895 2586 2943 2631 el
2976 2590 3005 2629 a
3054 2591 3223 2644 pravis
3260 2576 3539 2645 cogitatio-

1977 2662 2132 2716 nibus
2157 2664 2472 2720 mundemur
2508 2668 2561 2720 in
2594 2676 2792 2720 mente.
2824 2666 2925 2720 Per
2955 2665 3257 2718 Dominum.

2054 2782 2221 2849 Super
2251 2776 2437 2831 oblata.
2470 2807 2537 2817 —
2565 2777 2816 2832 Ecclesia:
2866 2786 2988 2842 tum,
3040 2775 3281 2840 Domine,
3328 2789 3547 2829 munera

1985 2872 2223 2941 placatus
2247 2883 2479 2935 assume,
2503 2883 2619 2937 qua:
2646 2876 2701 2921 et
2730 2867 3031 2921 misericors
3064 2864 3330 2919 olferenda
3364 2864 3548 2917 tribui-

1973 2961 2064 3027 sti,
2094 2968 2144 3014 et
2173 2960 2229 3016 in
2253 2968 2449 3013 nostra:
2481 2957 2662 3012 salutis
2690 2965 2931 3024 potenter
2957 2955 3125 3010 efficis
3152 2956 3377 3008 transire
3429 2969 3547 3025 my-

1973 3050 2216 3104 sterium.
2247 3048 2346 3103 Per
2376 3048 2657 3104 Dominum
2681 3055 2936 3100 nostrum.

291 3142 383 3195 sed
409 3148 715 3207 exspectas,
741 3147 796 3192 ut
826 3145 1204 3193 convertantur
1245 3144 1301 3190 et
1339 3136 1555 3203 vivant,
1590 3135 1826 3189 debitam
1847 3174 1862 3198 ,
1897 3168 1942 3229 ο
2044 3138 2314 3209 menu‘o.
2362 3168 2433 3178 —
2484 3138 2615 3192 Vere
2635 3138 2849 3206 dignum
2879 3143 2933 3191 et
2956 3134 3160 3204 justum
3190 3143 3290 3197 est,
3320 3148 3531 3203 aequum

292 3244 626 3301 qumsumus,
670 3228 908 3297 peccatis
945 3227 1143 3280 nostris
1170 3225 1436 3293 suspende
1478 3225 1786 3289 vindictam,
1814 3232 1869 3279 et

295 3330 485 3388 praesta
520 3318 784 3387 propitius
808 3331 874 3369 ne
904 3313 1253 3368 dissimulatio
1285 3313 1524 3367 cumulet
1576 3312 1864 3376 ultionem,

293 3413 385 3467 sed
416 3413 591 3480 potius
616 3425 709 3478 per
727 3408 989 3478 jejunium
1016 3405 1321 3461 emendatio
1348 3405 1516 3474 prosit
1542 3405 1608 3458 ad
1633 3405 1866 3459 veniam.

292 3502 417 3559 Per.

360 3594 497 3647 Alia.
529 3621 603 3631 ——
625 3591 905 3645 Prolector
930 3595 1112 3644 noster
1141 3588 1342 3655 aSpice,
1371 3587 1532 3649 Deus,
1556 3593 1614 3638 ut
1642 3584 1729 3653 qui
1752 3598 1861 3639 ma-

290 3699 465 3741 .orum
496 3693 801 3736 nostrorum
847 3680 1081 3749 pondere
1131 3677 1440 3747 premimur,
1476 3682 1720 3744 percepta
1767 3676 1867 3727 mi-

288 3772 605 3835 sericordia,
640 3771 807 3825 libera
835 3769 929 3822 tibi
959 3778 1133 3821 mente
1162 3766 1496 3820 famulemur.
1530 3765 1649 3818 Per.

357 3863 501 3917 Alia.
540 3891 613 3901 —
640 3860 864 3925 Adesto,
891 3873 1213 3927 quaesumus,
1242 3856 1486 3918 Domine,
1519 3855 1863 3922 supplicatio-

286 3956 445 4009 nibus
469 3954 693 4017 nostris,
721 3961 779 4006 ut
805 3966 949 4019 esse,
982 3961 1031 4004 te
1060 3950 1340 4018 largiente,
1374 3963 1671 4002 mereamur
1701 3958 1754 4002 et
1782 3949 1863 4002 in-

286 4057 365 4101 ter
391 4059 654 4115 prospera
679 4044 908 4098 humiles
936 4051 990 4095 et
1017 4041 1156 4095 inter
1181 4041 1404 4095 adversa
1430 4041 1625 4094 securi.
1661 4040 1783 4094 Per.

360 4137 503 4189 Alia.
530 4163 607 4175 —
629 4134 885 4188 Actiones
910 4140 1136 4196 nostras,
1171 4144 1476 4199 quaesumus
1497 4169 1511 4193 ,
1541 4129 1786 4194 Domine,
1809 4138 1863 4183 et

286 4224 577 4293 aspirando
638 4223 893 4291 praeveni,
948 4231 1001 4275 et
1057 4219 1359 4289 adjuvando
1411 4233 1770 4287 prosequere,
1803 4228 1862 4274 ut

283 4322 473 4367 cunt-ta
507 4321 690 4367 nostra
717 4309 957 4380 operatio
978 4320 1031 4364 et
1060 4324 1087 4363 a
1113 4318 1162 4364 te
1188 4322 1400 4376 semper
1422 4307 1661 4376 incipiat,
1686 4315 1738 4362 et
1763 4322 1857 4377 per

284 4414 334 4458 te
353 4412 525 4471 empta
556 4402 791 4456 finiatur.
818 4402 938 4455 Per.

357 4496 435 4548 Ad
467 4496 705 4548 Missam.
736 4522 799 4535 —
840 4494 999 4558 Deus,
1033 4491 1123 4560 qui
1168 4492 1337 4547 tribus
1383 4492 1559 4559 pueris
1606 4490 1859 4560 mitigasti

284 4584 526 4637 flammas
555 4584 779 4653 ignium,
812 4582 1047 4638 concede
1077 4582 1337 4651 propitius
1388 4588 1445 4634 ut
1492 4594 1592 4635 nos
1630 4580 1857 4635 famulos

284 4682 398 4727 tuos
427 4690 535 4729 non
565 4685 754 4729 exurat
786 4675 995 4729 ﬂamma
1026 4675 1296 4728 vitiorum.
1326 4672 1427 4728 Per
1455 4670 1727 4728 Christum
1751 4673 1858 4727 ι)οτ

281 4782 507 4819 "unum.

349 4854 521 4924 Super
549 4856 738 4909 oblata.
770 4884 841 4895 —
870 4854 1231 4911 Praesentibus
1273 4853 1571 4921 sacriﬁciis,
1602 4853 1846 4921 Domine,

347 4977 375 5005 ι
412 4969 605 5039 Magno
626 4984 892 5024 consensu
916 4969 1001 5023 hic
1032 4969 1256 5031 Pamel.,
1288 4968 1512 5023 Kalend.
1541 4969 1722 5035 Rom.,
1743 4970 1846 5025 Co-

276 5039 380 5091 dex
410 5039 543 5107 Reg.
578 5040 741 5097 Suec.
775 5050 831 5095 et
856 5040 961 5094 duo
982 5039 1185 5096 Theod.
1221 5047 1410 5093 notant
1447 5053 1545 5107 pro
1566 5040 1797 5097 statione
1826 5057 1843 5094 :

276 5108 356 5159 Ad
393 5107 689 5162 Anostolos.

275 5118 355 5178 Att
393 5118 662 5178 Apostotos
674 5147 689 5161 .

342 5176 369 5213 ι’
404 5176 473 5231 Ita
503 5178 639 5233 Cod.
672 5192 862 5247 omnes
879 5178 1006 5234 editi
1039 5188 1092 5233 et
1119 5192 1279 5232 manu
1306 5178 1530 5233 exarati.
1566 5181 1715 5247 Apud
1744 5180 1842 5234 Pa-

272 5248 573 5302 melium'ct
603 5249 655 5301 in
686 5246 906 5303 Calend.
938 5249 1092 5302 Rom.
1125 5247 1366 5302 additur:
1392 5248 1473 5300 Ad
1493 5246 1723 5303 sanctum
1741 5249 1845 5305 Pe-

269 5327 420 5368 trum.
439 5318 572 5371 Cum
602 5317 654 5371 in
677 5318 808 5373 Mss.
827 5318 1081 5373 habeatur
1097 5334 1165 5372 xu
1186 5317 1353 5382 Lect.,
1369 5322 1666 5387 suspicatur
1685 5320 1845 5374 .loan-

271 5401 364 5439 nes
396 5387 596 5441 Fronto
625 5388 908 5456 legendum
938 5389 992 5441 in
1011 5388 1311 5442 duodecima
1331 5389 1562 5456 lectione,
1596 5390 1846 5445 nimirum

266 5471 327 5526 ex
361 5456 675 5525 Evangelia,
705 5473 824 5525 quae
852 5465 970 5526 post
994 5458 1235 5513 undecim
1259 5458 1391 5513 alias
1415 5474 1479 5512 ex
1498 5459 1658 5514 variis
1679 5476 1846 5515 sacrae

264 5524 555 5591 Seriptura:
588 5524 742 5582 libris
773 5524 951 5582 ﬁebat.
1003 5529 1078 5582 Ex
1126 5529 1364 5584 Pamelio
1411 5528 1699 5585 Sabbatum
1746 5532 1846 5585 hoc

262 5597 537 5667 duodecim
563 5597 844 5650 lectionum
876 5608 1229 5666 nuncupatur,
1260 5601 1395 5667 quod
1423 5610 1512 5651 aut
1553 5615 1622 5652 xu
1645 5601 1843 5654 soleant

263 5664 361 5747 legi
389 5667 635 5720 lectiones
668 5666 903 5747 diverstc,
932 5677 1027 5747 συί
1058 5664 1145 5722 sea:
1172 5664 1373 5747 civilem
1413 5670 1649 5747 lectiones
1688 5672 1843 5724 semel

266 5735 442 5791 (ἱνα-ες
471 5746 517 5791 ει
562 5739 721 5792 semel
767 5736 959 5792 Latine.
989 5737 1219 5795 Consule
1249 5740 1449 5798 Parnel.
1495 5740 1558 5794 ad
1592 5740 1727 5796 hunc
1756 5741 1833 5795 lo-

1977 3242 2025 3288 el
2057 3233 2311 3297 salutare,
2344 3245 2441 3284 nos
2466 3230 2557 3284 tibi
2584 3245 2794 3298 semper
2822 3238 2876 3284 et
2914 3225 3329 3296 ubique'gratias
3358 3241 3540 3296 agere,

1977 3322 2200 3377 Domine
2256 3331 2462 3386 sancte,
2515 3320 2672 3374 Pater
2722 3321 3079 3387 omnipotens,
3124 3327 3322 3371 aeterne
3355 3319 3540 3372 Deus:

1971 3422 2025 3468 et
2055 3411 2384 3482 Majestatem
2412 3421 2553 3464 tuam
2584 3410 2893 3477 suppliciter
2916 3423 3156 3475 exorare,
3186 3416 3241 3461 ut
3272 3407 3535 3461 mentibus

1968 3505 2164 3556 nostris
2195 3503 2520 3555 medicinalis
2549 3500 2901 3555 observantia:
2955 3513 3144 3552 munus
3174 3498 3437 3553 infundas.
3471 3498 3536 3551 Et

1967 3595 2054 3660 qui
2088 3591 2472 3659 negligentibus
2502 3590 2660 3644 etiam
2691 3588 2981 3642 subsidium
3012 3588 3148 3642 ferre
3168 3602 3270 3641 non
3294 3587 3523 3654 desinis,

1968 3681 2219 3734 beneﬁcia
2277 3681 2515 3748 praebeas
2572 3678 2772 3748 pctiora
2830 3678 3051 3733 devotis.
3108 3678 3211 3733 Per
3254 3676 3525 3732 Christum

1969 3771 2266 3825 Dominum.

2037 3860 2350 3914 Benedictio.
2396 3891 2465 3900 —
2494 3858 2844 3929 Omnipotens
2892 3861 3053 3925 Deus,
3080 3859 3265 3928 jejunii
3313 3868 3534 3914 cauera-

1968 3968 2192 4021 rumque
2243 3954 2492 4006 virtutum
2524 3954 2795 4008 dedicator
2837 3961 2996 4024 atque
3038 3961 3269 4016 amator,
3295 3967 3389 4006 sua
3438 3967 3535 4005 vos

1967 4042 2339 4095 benedictione
2374 4042 2685 4096 sanctificet.
2735 4045 2926 4097 Amen.
2978 4041 3239 4095 Acceudat
3284 4056 3335 4094 ιιι
3382 4039 3535 4094 vobis

1968 4134 2069 4203 piae
2091 4133 2388 4187 devotionis
2427 4133 2696 4197 allectum,
2725 4140 2780 4186 et
2830 4132 3062 4199 praebeat
3109 4128 3532 4197 supplicantibus

1964 4239 2118 4279 suum
2157 4224 2416 4290 benignus
2460 4224 2717 4276 auditum.
2772 4224 2962 4275 Amen.
3016 4222 3283 4286 Quatenus
3328 4226 3535 4272 mentes

1963 4326 2155 4370 vestrae
2184 4314 2408 4369 sinceris
2455 4320 2687 4382 purgatae
2727 4311 2982 4382 jejuniis,
3004 4312 3264 4367 bonorum
3293 4310 3531 4363 otnuiutn

1963 4403 2638 4460 exubereutincrementis.
2690 4404 2881 4455 Amen.
2929 4400 3080 4467 Quod
3128 4400 3244 4466 ipse
3274 4407 3531 4467 praestare

1964 4496 2226 4550 dignetur.

2054 4510 2226 4550 netur.

2018 4511 2114 4640 gAd
2151 4584 2541 4649 Complendum.
2579 4610 2649 4621 -—-
2686 4580 2925 4645 Rcfecti,
2956 4581 3214 4645 Domino,
3256 4593 3391 4647 pane
3416 4592 3529 4632 cm-

1964 4678 2085 4733 lesti
2111 4718 2126 4742 ,
2177 4682 2243 4731 ad
2280 4675 2477 4740 vitam,
2518 4687 2823 4743 quaesumus
2847 4714 2861 4738 ,
2905 4683 3203 4727 nutriamur
3243 4680 3520 4725 atternam.

1963 4767 2084 4823 Per.

2035 4856 2204 4926 Super
2224 4856 2490 4926 populum.
2536 4884 2605 4893 —
2653 4852 2933 4908 Familiam
2981 4861 3150 4920 tuam,
3199 4862 3531 4919 quaesumus,

1953 4990 2239 5113 (iulcmApud
2269 5044 2559 5099 Pamelium
2607 5044 2799 5113 Ιθείυπ
2829 5041 2916 5094 hic
2965 5056 2981 5093 ³
3033 5039 3301 5113 00mm“
3343 5046 3521 5113 rem".

1950 5111 2054 5169 Sed
2082 5107 2455 5185 legendumiex
2487 5107 2684 5185 nostris
2722 5112 2847 5164 Mss.
2880 5118 2934 5162 et
2958 5109 3263 5185 praesertim
3288 5121 3351 5185 es
3378 5107 3517 5185 Cod.

1953 5185 2084 5248 Reg.
2114 5175 2271 5241 Suec.
2308 5201 2322 5237 :
2356 5184 2450 5236 Die
2478 5183 2732 5236 dominica
2763 5188 2923 5248 vacat.
2955 5178 3043 5232 Sic
3093 5191 3303 5246 quoque
3326 5175 3524 5248 legitur

1952 5255 2005 5308 in
2030 5243 2249 5309 Kalend.
2277 5254 2431 5307 Rom.
2455 5252 2559 5305 Cur
2580 5260 2754 5303 autem
2783 5247 2988 5300 dicatur
3010 5243 3205 5313 vacare,
3229 5260 3294 5300 ex
3315 5243 3525 5298 Joanne

1957 5325 2222 5379 Frontone
2249 5335 2453 5391 repete.
2479 5322 2637 5374 Certe
2661 5318 2731 5391 in,
2760 5318 2889 5391 Cod.
2911 5317 3055 5391 Reg.
3103 5317 3281 5391 Suom,
3308 5314 3370 5391 _in
3415 5314 3519 5368 Ge-

1957 5405 2107 5457 met.,
2141 5394 2193 5447 in
2223 5383 2449 5456 Theod.,
2483 5398 2612 5451 etc.,
2646 5386 2877 5440 cilicium
2906 5383 3065 5457 huius
3112 5383 3403 5457 Dominica'.
3428 5398 3518 5438 as-

1952 5452 2211 5532 signatur,
2243 5462 2381 5516 sicut
2412 5452 2461 5512 in
2512 5460 2631 5512 aliis
2662 5456 2969 5532 Dominicis,
3000 5464 3221 5522 excepta
3264 5452 3520 5532 statione.
3604 5460 3618 5473 '

1955 5521 2208 5588 Fortasse
2229 5535 2812 5602 ergoproptersacros
2836 5527 3072 5602 ordines,
3106 5521 3328 5591 vespere
3364 5521 3511 5602 .Sabf

1953 5604 2058 5657 bati
2088 5615 2278 5670 magno
2294 5596 2492 5670 labore
2516 5597 2743 5670 collatos
2762 5635 2779 5659 ,
2807 5610 2913 5652 non
2958 5596 3117 5652 fiebat
3144 5596 3417 5665 processio
3461 5598 3518 5646 et

1944 5673 2119 5744 statio,
2152 5666 2249 5728 n‘ec
2278 5667 2494 5726 humilia
2516 5666 2826 5723 habebatur.

2014 5891 2037 5899 ,ί
2057 5867 2118 5893 9.3-
2144 5882 2196 5893 καί
