  <div class='ocr_page' id='page_1' title='image "/cluster/home/n/w/nwhite01/storage/ocr_20150623/78/uva.x000827090/039.png"; bbox 0 0 4026 6296; ppageno 0'>
   <div class='ocr_carea' id='block_1_1' title="bbox 521 279 3752 350">
    <p class='ocr_par' dir='ltr' id='par_1_1' title="bbox 521 279 3752 350">
     <span class='ocr_line' id='line_1_1' title="bbox 521 279 3752 350; baseline 0.002 -12"><span class='ocrx_word' id='word_1_1' title='bbox 521 283 587 338; x_wconf 68' lang='grc'><strong>075</strong></span> <span class='ocrx_word' id='word_1_2' title='bbox 1722 282 1962 339; x_wconf 84' lang='lat' dir='ltr'><strong>SANCTI</strong></span> <span class='ocrx_word' id='word_1_3' title='bbox 2002 282 2041 333; x_wconf 85' lang='lat' dir='ltr'><strong>G</strong></span> <span class='ocrx_word' id='word_1_4' title='bbox 2054 279 2327 335; x_wconf 75' lang='lat' dir='ltr'><strong>REGORII</strong></span> <span class='ocrx_word' id='word_1_5' title='bbox 2365 280 2576 336; x_wconf 80' lang='lat' dir='ltr'><strong>MAGNI</strong></span> <span class='ocrx_word' id='word_1_6' title='bbox 3684 294 3752 350; x_wconf 64' lang='lat'><strong>65</strong></span> 
     </span>
    </p>
   </div>
   <div class='ocr_carea' id='block_1_2' title="bbox 521 367 3763 469">
    <p class='ocr_par' dir='ltr' id='par_1_2' title="bbox 521 367 3763 469">
     <span class='ocr_line' id='line_1_2' title="bbox 521 367 3763 469; baseline 0.002 -20"><span class='ocrx_word' id='word_1_7' title='bbox 521 397 762 461; x_wconf 85' lang='lat' dir='ltr'><strong>Domine,</strong></span> <span class='ocrx_word' id='word_1_8' title='bbox 812 396 1121 465; x_wconf 72' lang='lat' dir='ltr'><strong>propitiatus</strong></span> <span class='ocrx_word' id='word_1_9' title='bbox 1163 396 1386 459; x_wconf 89' lang='lat' dir='ltr'><strong>illustra,</strong></span> <span class='ocrx_word' id='word_1_10' title='bbox 1434 403 1490 448; x_wconf 90' lang='lat' dir='ltr'><strong>ut</strong></span> <span class='ocrx_word' id='word_1_11' title='bbox 1530 394 1879 460; x_wconf 88' lang='lat' dir='ltr'><strong>beneplacitis</strong></span> <span class='ocrx_word' id='word_1_12' title='bbox 1916 393 2084 446; x_wconf 68' lang='lat' dir='ltr'><strong>inhm-</strong></span> <span class='ocrx_word' id='word_1_13' title='bbox 2116 401 2160 452; x_wconf 74' lang='grc' dir='ltr'><strong>Α</strong></span> <span class='ocrx_word' id='word_1_14' title='bbox 2188 409 2397 463; x_wconf 87' lang='lat' dir='ltr'><strong>quoque</strong></span> <span class='ocrx_word' id='word_1_15' title='bbox 2445 394 2588 449; x_wconf 87' lang='lat' dir='ltr'><strong>vitiis</strong></span> <span class='ocrx_word' id='word_1_16' title='bbox 2632 408 2847 469; x_wconf 67' lang='lat' dir='ltr'><strong>cessare</strong></span> <span class='ocrx_word' id='word_1_17' title='bbox 2885 397 3139 452; x_wconf 83' lang='lat' dir='ltr'><strong>concede.</strong></span> <span class='ocrx_word' id='word_1_18' title='bbox 3185 397 3285 452; x_wconf 84' lang='lat' dir='ltr'><strong>Per</strong></span> <span class='ocrx_word' id='word_1_19' title='bbox 3327 367 3606 455; x_wconf 48' lang='lat' dir='ltr'><strong>Dominu&#39;m</strong></span> <span class='ocrx_word' id='word_1_20' title='bbox 3656 418 3763 456; x_wconf 88' lang='lat' dir='ltr'><strong>no-</strong></span> 
     </span>
    </p>
   </div>
   <div class='ocr_carea' id='block_1_3' title="bbox 520 485 2083 556">
    <p class='ocr_par' dir='ltr' id='par_1_3' title="bbox 520 485 2083 556">
     <span class='ocr_line' id='line_1_3' title="bbox 520 485 2083 556; baseline -0.006 -12"><span class='ocrx_word' id='word_1_21' title='bbox 520 494 721 555; x_wconf 74' lang='lat' dir='ltr'><strong>rendo,</strong></span> <span class='ocrx_word' id='word_1_22' title='bbox 763 503 948 548; x_wconf 89' lang='lat' dir='ltr'><strong>cuncta</strong></span> <span class='ocrx_word' id='word_1_23' title='bbox 991 505 1108 556; x_wconf 64' lang='lat' dir='ltr'><strong>qua:</strong></span> <span class='ocrx_word' id='word_1_24' title='bbox 1150 490 1285 543; x_wconf 86' lang='lat' dir='ltr'><strong>bona</strong></span> <span class='ocrx_word' id='word_1_25' title='bbox 1326 498 1449 541; x_wconf 86' lang='lat' dir='ltr'><strong>sunt</strong></span> <span class='ocrx_word' id='word_1_26' title='bbox 1500 494 1767 541; x_wconf 88' lang='lat' dir='ltr'><strong>mereatur</strong></span> <span class='ocrx_word' id='word_1_27' title='bbox 1819 485 2083 553; x_wconf 78' lang='lat' dir='ltr'><strong>accipere.</strong></span> 
     </span>
    </p>
   </div>
   <div class='ocr_carea' id='block_1_4' title="bbox 523 585 643 637">
    <p class='ocr_par' dir='ltr' id='par_1_4' title="bbox 523 585 643 637">
     <span class='ocr_line' id='line_1_4' title="bbox 523 585 643 637; baseline 0.017 -2"><span class='ocrx_word' id='word_1_28' title='bbox 523 585 643 637; x_wconf 76' lang='lat' dir='ltr'><strong>l’er.</strong></span> 
     </span>
    </p>
   </div>
   <div class='ocr_carea' id='block_1_5' title="bbox 564 602 1818 702">
    <p class='ocr_par' dir='ltr' id='par_1_5' title="bbox 564 602 1818 702">
     <span class='ocr_line' id='line_1_5' title="bbox 564 602 1818 702; baseline -0.006 2"><span class='ocrx_word' id='word_1_29' title='bbox 564 602 643 638; x_wconf 36' lang='grc' dir='ltr'><strong>ιι..</strong></span> <span class='ocrx_word' id='word_1_30' title='bbox 803 661 825 685; x_wconf 70' lang='grc'>⁴¹</span> <span class='ocrx_word' id='word_1_31' title='bbox 868 665 1019 702; x_wconf 76' lang='grc' dir='ltr'><strong>ΙιἹῖΒΙΑ</strong></span> <span class='ocrx_word' id='word_1_32' title='bbox 1063 664 1098 702; x_wconf 89' lang='lat' dir='ltr'><strong>Il</strong></span> <span class='ocrx_word' id='word_1_33' title='bbox 1131 664 1179 699; x_wconf 78' lang='lat' dir='ltr'><strong>IN</strong></span> <span class='ocrx_word' id='word_1_34' title='bbox 1219 659 1529 699; x_wconf 59' lang='lat' dir='ltr'><strong>IIEBDOMADA</strong></span> <span class='ocrx_word' id='word_1_35' title='bbox 1568 658 1818 697; x_wconf 68' lang='lat' dir='ltr'><strong>SECUNDA.</strong></span> 
     </span>
    </p>
   </div>
   <div class='ocr_carea' id='block_1_6' title="bbox 593 732 2083 806">
    <p class='ocr_par' dir='ltr' id='par_1_6' title="bbox 593 732 2083 806">
     <span class='ocr_line' id='line_1_6' title="bbox 593 732 2083 806; baseline -0.007 -13"><span class='ocrx_word' id='word_1_36' title='bbox 593 743 808 804; x_wconf 67' lang='lat' dir='ltr'><strong>Prmsta,</strong></span> <span class='ocrx_word' id='word_1_37' title='bbox 837 751 1164 806; x_wconf 73' lang='lat' dir='ltr'><strong>qumsumus,</strong></span> <span class='ocrx_word' id='word_1_38' title='bbox 1214 735 1549 800; x_wconf 89' lang='lat' dir='ltr'><strong>onmipotcns</strong></span> <span class='ocrx_word' id='word_1_39' title='bbox 1596 733 1754 796; x_wconf 90' lang='lat' dir='ltr'><strong>Deus,</strong></span> <span class='ocrx_word' id='word_1_40' title='bbox 1788 742 1844 785; x_wconf 91' lang='lat' dir='ltr'><strong>ut</strong></span> <span class='ocrx_word' id='word_1_41' title='bbox 1892 732 2083 784; x_wconf 76' lang='lat' dir='ltr'><strong>familia</strong></span> 
     </span>
    </p>
   </div>
   <div class='ocr_carea' id='block_1_7' title="bbox 522 822 2086 898">
    <p class='ocr_par' dir='ltr' id='par_1_7' title="bbox 522 822 2086 898">
     <span class='ocr_line' id='line_1_7' title="bbox 522 822 2086 898; baseline -0.004 -17"><span class='ocrx_word' id='word_1_42' title='bbox 522 842 606 882; x_wconf 86' lang='lat' dir='ltr'><strong>tua</strong></span> <span class='ocrx_word' id='word_1_43' title='bbox 653 830 804 898; x_wconf 63' lang='lat'><strong>(220)</strong></span> <span class='ocrx_word' id='word_1_44' title='bbox 852 843 969 894; x_wconf 76' lang='lat' dir='ltr'><strong>qua:</strong></span> <span class='ocrx_word' id='word_1_45' title='bbox 1014 840 1091 888; x_wconf 92' lang='lat' dir='ltr'><strong>se,</strong></span> <span class='ocrx_word' id='word_1_46' title='bbox 1140 823 1421 891; x_wconf 83' lang='lat' dir='ltr'><strong>afﬂigendo</strong></span> <span class='ocrx_word' id='word_1_47' title='bbox 1462 838 1656 888; x_wconf 83' lang='lat' dir='ltr'><strong>carne,</strong></span> <span class='ocrx_word' id='word_1_48' title='bbox 1708 825 1774 875; x_wconf 92' lang='lat' dir='ltr'><strong>ab</strong></span> <span class='ocrx_word' id='word_1_49' title='bbox 1821 822 2086 875; x_wconf 80' lang='lat' dir='ltr'><strong>alimentis</strong></span> 
     </span>
    </p>
   </div>
   <div class='ocr_carea' id='block_1_8' title="bbox 520 911 2082 982">
    <p class='ocr_par' dir='ltr' id='par_1_8' title="bbox 520 911 2082 982">
     <span class='ocr_line' id='line_1_8' title="bbox 520 911 2082 982; baseline -0.005 -11"><span class='ocrx_word' id='word_1_50' title='bbox 520 922 766 982; x_wconf 72' lang='lat' dir='ltr'><strong>abstinet,</strong></span> <span class='ocrx_word' id='word_1_51' title='bbox 808 914 1060 969; x_wconf 86' lang='lat' dir='ltr'><strong>sectando</strong></span> <span class='ocrx_word' id='word_1_52' title='bbox 1095 914 1357 982; x_wconf 92' lang='lat' dir='ltr'><strong>justitiam</strong></span> <span class='ocrx_word' id='word_1_53' title='bbox 1411 927 1438 963; x_wconf 89' lang='lat' dir='ltr'><strong>a</strong></span> <span class='ocrx_word' id='word_1_54' title='bbox 1494 914 1649 979; x_wconf 89' lang='lat' dir='ltr'><strong>eulpa</strong></span> <span class='ocrx_word' id='word_1_55' title='bbox 1689 911 1913 979; x_wconf 90' lang='lat' dir='ltr'><strong>jejunet.</strong></span> <span class='ocrx_word' id='word_1_56' title='bbox 1963 911 2082 963; x_wconf 85' lang='lat' dir='ltr'><strong>Per.</strong></span> 
     </span>
    </p>
   </div>
   <div class='ocr_carea' id='block_1_9' title="bbox 590 1000 2084 1076">
    <p class='ocr_par' dir='ltr' id='par_1_9' title="bbox 590 1000 2084 1076">
     <span class='ocr_line' id='line_1_9' title="bbox 590 1000 2084 1076; baseline -0.005 -16"><span class='ocrx_word' id='word_1_57' title='bbox 590 1007 755 1076; x_wconf 83' lang='lat' dir='ltr'><strong>Super</strong></span> <span class='ocrx_word' id='word_1_58' title='bbox 777 1005 969 1059; x_wconf 84' lang='lat' dir='ltr'><strong>oblata.</strong></span> <span class='ocrx_word' id='word_1_59' title='bbox 996 1035 1066 1043; x_wconf 94' lang='lat'>—</span> <span class='ocrx_word' id='word_1_60' title='bbox 1097 1004 1219 1058; x_wconf 75' lang='lat' dir='ltr'><strong>llaec</strong></span> <span class='ocrx_word' id='word_1_61' title='bbox 1245 1003 1449 1063; x_wconf 82' lang='lat' dir='ltr'><strong>Hostia,</strong></span> <span class='ocrx_word' id='word_1_62' title='bbox 1480 1003 1724 1067; x_wconf 87' lang='lat' dir='ltr'><strong>Domine,</strong></span> <span class='ocrx_word' id='word_1_63' title='bbox 1775 1000 2084 1069; x_wconf 79' lang='lat' dir='ltr'><strong>placationis</strong></span> 
     </span>
    </p>
   </div>
   <div class='ocr_carea' id='block_1_10' title="bbox 517 1090 2010 1162">
    <p class='ocr_par' dir='ltr' id='par_1_10' title="bbox 517 1090 2010 1162">
     <span class='ocr_line' id='line_1_10' title="bbox 517 1090 2010 1162; baseline -0.003 -14"><span class='ocrx_word' id='word_1_64' title='bbox 517 1108 568 1148; x_wconf 82' lang='lat' dir='ltr'><strong>et</strong></span> <span class='ocrx_word' id='word_1_65' title='bbox 600 1097 763 1148; x_wconf 82' lang='lat' dir='ltr'><strong>laudis</strong></span> <span class='ocrx_word' id='word_1_66' title='bbox 789 1105 875 1147; x_wconf 90' lang='lat' dir='ltr'><strong>tua</strong></span> <span class='ocrx_word' id='word_1_67' title='bbox 906 1110 1004 1148; x_wconf 90' lang='lat' dir='ltr'><strong>nos</strong></span> <span class='ocrx_word' id='word_1_68' title='bbox 1033 1094 1404 1162; x_wconf 84' lang='lat' dir='ltr'><strong>pmpitiatione</strong></span> <span class='ocrx_word' id='word_1_69' title='bbox 1434 1092 1620 1161; x_wconf 89' lang='lat' dir='ltr'><strong>dignos</strong></span> <span class='ocrx_word' id='word_1_70' title='bbox 1641 1091 1853 1145; x_wconf 86' lang='lat' dir='ltr'><strong>efficiat.</strong></span> <span class='ocrx_word' id='word_1_71' title='bbox 1890 1090 2010 1144; x_wconf 75' lang='lat' dir='ltr'><strong>Per.</strong></span> 
     </span>
    </p>
   </div>
   <div class='ocr_carea' id='block_1_11' title="bbox 592 1182 2083 1252">
    <p class='ocr_par' dir='ltr' id='par_1_11' title="bbox 592 1182 2083 1252">
     <span class='ocr_line' id='line_1_11' title="bbox 592 1182 2083 1252; baseline -0.001 -17"><span class='ocrx_word' id='word_1_72' title='bbox 592 1185 856 1252; x_wconf 71' lang='lat' dir='ltr'><strong>Pra&#39;fult&#39;o.</strong></span> <span class='ocrx_word' id='word_1_73' title='bbox 884 1213 955 1223; x_wconf 93' lang='lat'><strong><em>—</em></strong></span> <span class='ocrx_word' id='word_1_74' title='bbox 987 1183 1124 1237; x_wconf 88' lang='lat' dir='ltr'><strong>Vere</strong></span> <span class='ocrx_word' id='word_1_75' title='bbox 1154 1183 1366 1251; x_wconf 89' lang='lat' dir='ltr'><strong>dignum</strong></span> <span class='ocrx_word' id='word_1_76' title='bbox 1399 1192 1451 1235; x_wconf 89' lang='lat' dir='ltr'><strong>et</strong></span> <span class='ocrx_word' id='word_1_77' title='bbox 1493 1182 1690 1249; x_wconf 87' lang='lat' dir='ltr'><strong>justum</strong></span> <span class='ocrx_word' id='word_1_78' title='bbox 1741 1190 1841 1234; x_wconf 87' lang='lat' dir='ltr'><strong>est.</strong></span> <span class='ocrx_word' id='word_1_79' title='bbox 1873 1195 2083 1247; x_wconf 65' lang='lat' dir='ltr'><strong>aequum</strong></span> 
     </span>
    </p>
   </div>
   <div class='ocr_carea' id='block_1_12' title="bbox 517 1270 2082 1343">
    <p class='ocr_par' dir='ltr' id='par_1_12' title="bbox 517 1270 2082 1343">
     <span class='ocr_line' id='line_1_12' title="bbox 517 1270 2082 1343; baseline -0.002 -18"><span class='ocrx_word' id='word_1_80' title='bbox 517 1283 568 1326; x_wconf 76' lang='lat' dir='ltr'><strong>i-t</strong></span> <span class='ocrx_word' id='word_1_81' title='bbox 594 1273 846 1339; x_wconf 84' lang='lat' dir='ltr'><strong>salutare,</strong></span> <span class='ocrx_word' id='word_1_82' title='bbox 872 1272 981 1343; x_wconf 65' lang='grc'><strong>44</strong></span> <span class='ocrx_word' id='word_1_83' title='bbox 1011 1286 1107 1325; x_wconf 92' lang='lat' dir='ltr'><strong>nos</strong></span> <span class='ocrx_word' id='word_1_84' title='bbox 1155 1272 1245 1325; x_wconf 89' lang='lat' dir='ltr'><strong>tibi</strong></span> <span class='ocrx_word' id='word_1_85' title='bbox 1288 1285 1497 1338; x_wconf 84' lang='lat' dir='ltr'><strong>semper</strong></span> <span class='ocrx_word' id='word_1_86' title='bbox 1541 1278 1593 1323; x_wconf 89' lang='lat' dir='ltr'><strong>et</strong></span> <span class='ocrx_word' id='word_1_87' title='bbox 1641 1270 1831 1336; x_wconf 90' lang='lat' dir='ltr'><strong>ubique</strong></span> <span class='ocrx_word' id='word_1_88' title='bbox 1886 1278 2082 1338; x_wconf 82' lang='lat' dir='ltr'><strong>gratias</strong></span> 
     </span>
    </p>
   </div>
   <div class='ocr_carea' id='block_1_13' title="bbox 521 1359 2083 1430">
    <p class='ocr_par' dir='ltr' id='par_1_13' title="bbox 521 1359 2083 1430">
     <span class='ocr_line' id='line_1_13' title="bbox 521 1359 2083 1430; baseline -0.003 -13"><span class='ocrx_word' id='word_1_89' title='bbox 521 1379 714 1430; x_wconf 79' lang='lat' dir='ltr'><strong>agere,</strong></span> <span class='ocrx_word' id='word_1_90' title='bbox 772 1364 995 1417; x_wconf 89' lang='lat' dir='ltr'><strong>Domine</strong></span> <span class='ocrx_word' id='word_1_91' title='bbox 1039 1369 1242 1426; x_wconf 82' lang='lat' dir='ltr'><strong>sancte,</strong></span> <span class='ocrx_word' id='word_1_92' title='bbox 1296 1361 1450 1413; x_wconf 82' lang='lat' dir='ltr'><strong>Pater</strong></span> <span class='ocrx_word' id='word_1_93' title='bbox 1497 1359 1852 1426; x_wconf 88' lang='lat' dir='ltr'><strong>omnipotens,</strong></span> <span class='ocrx_word' id='word_1_94' title='bbox 1885 1371 2083 1413; x_wconf 84' lang='lat' dir='ltr'><strong>aeterne</strong></span> 
     </span>
    </p>
   </div>
   <div class='ocr_carea' id='block_1_14' title="bbox 519 1449 2080 1521">
    <p class='ocr_par' dir='ltr' id='par_1_14' title="bbox 519 1449 2080 1521">
     <span class='ocr_line' id='line_1_14' title="bbox 519 1449 2080 1521; baseline -0.003 -15"><span class='ocrx_word' id='word_1_95' title='bbox 519 1456 656 1507; x_wconf 88' lang='lat' dir='ltr'><strong>Dens</strong></span> <span class='ocrx_word' id='word_1_96' title='bbox 684 1471 695 1505; x_wconf 92' lang='lat'><strong>:</strong></span> <span class='ocrx_word' id='word_1_97' title='bbox 722 1462 776 1507; x_wconf 87' lang='lat' dir='ltr'><strong>et</strong></span> <span class='ocrx_word' id='word_1_98' title='bbox 803 1461 1050 1521; x_wconf 81' lang='lat' dir='ltr'><strong>pietatem</strong></span> <span class='ocrx_word' id='word_1_99' title='bbox 1071 1460 1210 1503; x_wconf 90' lang='lat' dir='ltr'><strong>tuam</strong></span> <span class='ocrx_word' id='word_1_100' title='bbox 1228 1450 1444 1518; x_wconf 79' lang='lat' dir='ltr'><strong>supplici</strong></span> <span class='ocrx_word' id='word_1_101' title='bbox 1466 1449 1745 1502; x_wconf 84' lang='lat' dir='ltr'><strong>devotione</strong></span> <span class='ocrx_word' id='word_1_102' title='bbox 1768 1449 2080 1516; x_wconf 88' lang='lat' dir='ltr'><strong>deposcere,</strong></span> 
     </span>
    </p>
   </div>
   <div class='ocr_carea' id='block_1_15' title="bbox 519 1540 2080 1610">
    <p class='ocr_par' dir='ltr' id='par_1_15' title="bbox 519 1540 2080 1610">
     <span class='ocr_line' id='line_1_15' title="bbox 519 1540 2080 1610; baseline -0.001 -16"><span class='ocrx_word' id='word_1_103' title='bbox 519 1555 572 1595; x_wconf 89' lang='lat' dir='ltr'><strong>ut</strong></span> <span class='ocrx_word' id='word_1_104' title='bbox 601 1544 788 1610; x_wconf 77' lang='lat' dir='ltr'><strong>jejuuii</strong></span> <span class='ocrx_word' id='word_1_105' title='bbox 819 1542 987 1596; x_wconf 88' lang='lat' dir='ltr'><strong>nostri</strong></span> <span class='ocrx_word' id='word_1_106' title='bbox 1037 1540 1306 1595; x_wconf 88' lang='lat' dir='ltr'><strong>oblatione</strong></span> <span class='ocrx_word' id='word_1_107' title='bbox 1351 1541 1606 1608; x_wconf 82' lang='lat' dir='ltr'><strong>placatus,</strong></span> <span class='ocrx_word' id='word_1_108' title='bbox 1639 1547 1692 1593; x_wconf 87' lang='lat' dir='ltr'><strong>et</strong></span> <span class='ocrx_word' id='word_1_109' title='bbox 1742 1548 2080 1607; x_wconf 88' lang='lat' dir='ltr'><strong>peccatorum</strong></span> 
     </span>
    </p>
   </div>
   <div class='ocr_carea' id='block_1_16' title="bbox 523 1629 2081 1695">
    <p class='ocr_par' dir='ltr' id='par_1_16' title="bbox 523 1629 2081 1695">
     <span class='ocr_line' id='line_1_16' title="bbox 523 1629 2081 1695; baseline -0.001 -10"><span class='ocrx_word' id='word_1_110' title='bbox 523 1634 670 1686; x_wconf 68' lang='lat' dir='ltr'><strong>nobis</strong></span> <span class='ocrx_word' id='word_1_111' title='bbox 710 1634 973 1686; x_wconf 79' lang='lat' dir='ltr'><strong>concedas</strong></span> <span class='ocrx_word' id='word_1_112' title='bbox 1000 1632 1232 1695; x_wconf 91' lang='lat' dir='ltr'><strong>veniam,</strong></span> <span class='ocrx_word' id='word_1_113' title='bbox 1267 1640 1319 1683; x_wconf 93' lang='lat' dir='ltr'><strong>et</strong></span> <span class='ocrx_word' id='word_1_114' title='bbox 1350 1644 1447 1683; x_wconf 92' lang='lat' dir='ltr'><strong>nos</strong></span> <span class='ocrx_word' id='word_1_115' title='bbox 1472 1644 1500 1681; x_wconf 92' lang='lat' dir='ltr'><strong>a</strong></span> <span class='ocrx_word' id='word_1_116' title='bbox 1530 1630 1701 1683; x_wconf 84' lang='lat' dir='ltr'><strong>noxiis</strong></span> <span class='ocrx_word' id='word_1_117' title='bbox 1724 1629 1919 1684; x_wconf 88' lang='lat' dir='ltr'><strong>liberes</strong></span> <span class='ocrx_word' id='word_1_118' title='bbox 1947 1630 2081 1683; x_wconf 83' lang='lat' dir='ltr'><strong>insi-</strong></span> 
     </span>
    </p>
   </div>
   <div class='ocr_carea' id='block_1_17' title="bbox 518 1720 1665 1777">
    <p class='ocr_par' dir='ltr' id='par_1_17' title="bbox 518 1720 1665 1777">
     <span class='ocr_line' id='line_1_17' title="bbox 518 1720 1665 1777; baseline -0.003 -2"><span class='ocrx_word' id='word_1_119' title='bbox 518 1724 641 1775; x_wconf 73' lang='lat' dir='ltr'><strong>dLis.</strong></span> <span class='ocrx_word' id='word_1_120' title='bbox 678 1724 778 1777; x_wconf 91' lang='lat' dir='ltr'><strong>Per</strong></span> <span class='ocrx_word' id='word_1_121' title='bbox 807 1722 1071 1777; x_wconf 87' lang='lat' dir='ltr'><strong>Christum</strong></span> <span class='ocrx_word' id='word_1_122' title='bbox 1102 1720 1382 1775; x_wconf 90' lang='lat' dir='ltr'><strong>Dominum</strong></span> <span class='ocrx_word' id='word_1_123' title='bbox 1407 1729 1665 1773; x_wconf 90' lang='lat' dir='ltr'><strong>nostrum.</strong></span> 
     </span>
    </p>
   </div>
   <div class='ocr_carea' id='block_1_18' title="bbox 588 1807 2078 1879">
    <p class='ocr_par' dir='ltr' id='par_1_18' title="bbox 588 1807 2078 1879">
     <span class='ocr_line' id='line_1_18' title="bbox 588 1807 2078 1879; baseline -0.001 -15"><span class='ocrx_word' id='word_1_124' title='bbox 588 1812 665 1864; x_wconf 84' lang='lat' dir='ltr'><strong>Ad</strong></span> <span class='ocrx_word' id='word_1_125' title='bbox 693 1810 1077 1879; x_wconf 86' lang='lat' dir='ltr'><strong>Complendum.</strong></span> <span class='ocrx_word' id='word_1_126' title='bbox 1110 1839 1177 1850; x_wconf 92' lang='lat'><strong>—</strong></span> <span class='ocrx_word' id='word_1_127' title='bbox 1206 1809 1330 1864; x_wconf 78' lang='lat' dir='ltr'><strong>Haec</strong></span> <span class='ocrx_word' id='word_1_128' title='bbox 1356 1823 1452 1863; x_wconf 92' lang='lat' dir='ltr'><strong>nos</strong></span> <span class='ocrx_word' id='word_1_129' title='bbox 1480 1809 1800 1873; x_wconf 91' lang='lat' dir='ltr'><strong>communio,</strong></span> <span class='ocrx_word' id='word_1_130' title='bbox 1834 1807 2078 1875; x_wconf 89' lang='lat' dir='ltr'><strong>Domine,</strong></span> 
     </span>
    </p>
   </div>
   <div class='ocr_carea' id='block_1_19' title="bbox 519 1900 2085 1974">
    <p class='ocr_par' dir='ltr' id='par_1_19' title="bbox 519 1900 2085 1974">
     <span class='ocr_line' id='line_1_19' title="bbox 519 1900 2085 1974; baseline -0.001 -17"><span class='ocrx_word' id='word_1_131' title='bbox 519 1912 703 1974; x_wconf 86' lang='lat' dir='ltr'><strong>purget</strong></span> <span class='ocrx_word' id='word_1_132' title='bbox 727 1920 753 1956; x_wconf 89' lang='lat' dir='ltr'><strong>a</strong></span> <span class='ocrx_word' id='word_1_133' title='bbox 787 1904 1028 1971; x_wconf 87' lang='lat' dir='ltr'><strong>crimine,</strong></span> <span class='ocrx_word' id='word_1_134' title='bbox 1056 1912 1108 1958; x_wconf 90' lang='lat' dir='ltr'><strong>et</strong></span> <span class='ocrx_word' id='word_1_135' title='bbox 1128 1902 1362 1958; x_wconf 83' lang='lat' dir='ltr'><strong>caelestis</strong></span> <span class='ocrx_word' id='word_1_136' title='bbox 1386 1902 1608 1957; x_wconf 85' lang='lat' dir='ltr'><strong>remedii</strong></span> <span class='ocrx_word' id='word_1_137' title='bbox 1636 1900 1791 1954; x_wconf 81' lang='lat' dir='ltr'><strong>faciat</strong></span> <span class='ocrx_word' id='word_1_138' title='bbox 1812 1915 1930 1955; x_wconf 92' lang='lat' dir='ltr'><strong>esse</strong></span> <span class='ocrx_word' id='word_1_139' title='bbox 1954 1916 2085 1955; x_wconf 86' lang='lat' dir='ltr'><strong>con-</strong></span> 
     </span>
    </p>
   </div>
   <div class='ocr_carea' id='block_1_20' title="bbox 519 1994 862 2052">
    <p class='ocr_par' dir='ltr' id='par_1_20' title="bbox 519 1994 862 2052">
     <span class='ocr_line' id='line_1_20' title="bbox 519 1994 862 2052; baseline 0.012 -6"><span class='ocrx_word' id='word_1_140' title='bbox 519 2006 712 2048; x_wconf 72' lang='lat' dir='ltr'><strong>sortes.</strong></span> <span class='ocrx_word' id='word_1_141' title='bbox 744 1994 862 2052; x_wconf 85' lang='lat' dir='ltr'><strong>Per.</strong></span> 
     </span>
    </p>
   </div>
   <div class='ocr_carea' id='block_1_21' title="bbox 591 2079 2083 2153">
    <p class='ocr_par' dir='ltr' id='par_1_21' title="bbox 591 2079 2083 2153">
     <span class='ocr_line' id='line_1_21' title="bbox 591 2079 2083 2153; baseline -0.001 -16"><span class='ocrx_word' id='word_1_142' title='bbox 591 2086 757 2153; x_wconf 80' lang='lat' dir='ltr'><strong>Super</strong></span> <span class='ocrx_word' id='word_1_143' title='bbox 788 2084 1053 2152; x_wconf 80' lang='lat' dir='ltr'><strong>populum.</strong></span> <span class='ocrx_word' id='word_1_144' title='bbox 1087 2113 1152 2122; x_wconf 96' lang='lat'><strong>—</strong></span> <span class='ocrx_word' id='word_1_145' title='bbox 1173 2082 1322 2140; x_wconf 83' lang='lat' dir='ltr'><strong>Tuis.</strong></span> <span class='ocrx_word' id='word_1_146' title='bbox 1345 2095 1669 2148; x_wconf 63' lang='lat' dir='ltr'><strong>quaesumus,</strong></span> <span class='ocrx_word' id='word_1_147' title='bbox 1696 2079 1935 2144; x_wconf 91' lang='lat' dir='ltr'><strong>Domine,</strong></span> <span class='ocrx_word' id='word_1_148' title='bbox 1956 2081 2083 2136; x_wconf 82' lang='lat' dir='ltr'><strong>ade-</strong></span> 
     </span>
    </p>
   </div>
   <div class='ocr_carea' id='block_1_22' title="bbox 517 2170 2083 2242">
    <p class='ocr_par' dir='ltr' id='par_1_22' title="bbox 517 2170 2083 2242">
     <span class='ocr_line' id='line_1_22' title="bbox 517 2170 2083 2242; baseline 0 -17"><span class='ocrx_word' id='word_1_149' title='bbox 517 2185 599 2227; x_wconf 83' lang='lat' dir='ltr'><strong>sto</strong></span> <span class='ocrx_word' id='word_1_150' title='bbox 625 2175 969 2242; x_wconf 85' lang='lat' dir='ltr'><strong>supplicibus,</strong></span> <span class='ocrx_word' id='word_1_151' title='bbox 999 2184 1050 2227; x_wconf 89' lang='lat' dir='ltr'><strong>et</strong></span> <span class='ocrx_word' id='word_1_152' title='bbox 1073 2174 1206 2227; x_wconf 86' lang='lat' dir='ltr'><strong>inter</strong></span> <span class='ocrx_word' id='word_1_153' title='bbox 1229 2172 1507 2224; x_wconf 81' lang='lat' dir='ltr'><strong>mundanae</strong></span> <span class='ocrx_word' id='word_1_154' title='bbox 1560 2171 1836 2239; x_wconf 83' lang='lat' dir='ltr'><strong>pravitatis</strong></span> <span class='ocrx_word' id='word_1_155' title='bbox 1864 2170 2083 2225; x_wconf 88' lang='lat' dir='ltr'><strong>insidias</strong></span> 
     </span>
    </p>
   </div>
   <div class='ocr_carea' id='block_1_23' title="bbox 518 2262 2079 2334">
    <p class='ocr_par' dir='ltr' id='par_1_23' title="bbox 518 2262 2079 2334">
     <span class='ocr_line' id='line_1_23' title="bbox 518 2262 2079 2334; baseline -0.002 -18"><span class='ocrx_word' id='word_1_156' title='bbox 518 2265 857 2334; x_wconf 85' lang='lat' dir='ltr'><strong>fragilitatem</strong></span> <span class='ocrx_word' id='word_1_157' title='bbox 886 2271 1118 2318; x_wconf 90' lang='lat' dir='ltr'><strong>nostram</strong></span> <span class='ocrx_word' id='word_1_158' title='bbox 1150 2262 1472 2331; x_wconf 88' lang='lat' dir='ltr'><strong>sempiterna</strong></span> <span class='ocrx_word' id='word_1_159' title='bbox 1507 2262 1701 2329; x_wconf 86' lang='lat' dir='ltr'><strong>pietate</strong></span> <span class='ocrx_word' id='word_1_160' title='bbox 1737 2275 2079 2330; x_wconf 88' lang='lat' dir='ltr'><strong>prosequere.</strong></span> 
     </span>
    </p>
   </div>
   <div class='ocr_carea' id='block_1_24' title="bbox 518 2352 637 2407">
    <p class='ocr_par' dir='ltr' id='par_1_24' title="bbox 518 2352 637 2407">
     <span class='ocr_line' id='line_1_24' title="bbox 518 2352 637 2407; baseline 0 0"><span class='ocrx_word' id='word_1_161' title='bbox 518 2352 637 2407; x_wconf 78' lang='lat' dir='ltr'><strong>[’er.</strong></span> 
     </span>
    </p>
   </div>
   <div class='ocr_carea' id='block_1_25' title="bbox 798 2442 1800 2496">
    <p class='ocr_par' dir='ltr' id='par_1_25' title="bbox 798 2442 1800 2496">
     <span class='ocr_line' id='line_1_25' title="bbox 798 2442 1800 2496; baseline -0.005 0"><span class='ocrx_word' id='word_1_162' title='bbox 798 2442 825 2480; x_wconf 71' lang='grc' dir='ltr'><strong>ι’</strong></span> <span class='ocrx_word' id='word_1_163' title='bbox 853 2458 1006 2496; x_wconf 67' lang='lat' dir='ltr'><strong>FERIA</strong></span> <span class='ocrx_word' id='word_1_164' title='bbox 1033 2456 1089 2495; x_wconf 89' lang='lat' dir='ltr'><strong>Ill</strong></span> <span class='ocrx_word' id='word_1_165' title='bbox 1116 2456 1165 2494; x_wconf 69' lang='lat' dir='ltr'><strong>IN</strong></span> <span class='ocrx_word' id='word_1_166' title='bbox 1206 2454 1517 2493; x_wconf 71' lang='lat' dir='ltr'><strong>nseooum</strong></span> <span class='ocrx_word' id='word_1_167' title='bbox 1548 2453 1800 2492; x_wconf 70' lang='lat' dir='ltr'><strong>saeuum.</strong></span> 
     </span>
    </p>
   </div>
   <div class='ocr_carea' id='block_1_26' title="bbox 587 2528 2084 2601">
    <p class='ocr_par' dir='ltr' id='par_1_26' title="bbox 587 2528 2084 2601">
     <span class='ocr_line' id='line_1_26' title="bbox 587 2528 2084 2601; baseline -0.004 -14"><span class='ocrx_word' id='word_1_168' title='bbox 587 2534 809 2598; x_wconf 82' lang='lat' dir='ltr'><strong>Perﬁce,</strong></span> <span class='ocrx_word' id='word_1_169' title='bbox 860 2548 1184 2601; x_wconf 67' lang='lat' dir='ltr'><strong>quarsumns,</strong></span> <span class='ocrx_word' id='word_1_170' title='bbox 1243 2531 1484 2595; x_wconf 88' lang='lat' dir='ltr'><strong>Domine,</strong></span> <span class='ocrx_word' id='word_1_171' title='bbox 1516 2528 1779 2599; x_wconf 84' lang='lat' dir='ltr'><strong>benignus</strong></span> <span class='ocrx_word' id='word_1_172' title='bbox 1828 2528 1880 2582; x_wconf 93' lang='lat' dir='ltr'><strong>in</strong></span> <span class='ocrx_word' id='word_1_173' title='bbox 1933 2530 2084 2583; x_wconf 91' lang='lat' dir='ltr'><strong>nobis</strong></span> 
     </span>
    </p>
   </div>
   <div class='ocr_carea' id='block_1_27' title="bbox 519 2622 2085 2690">
    <p class='ocr_par' dir='ltr' id='par_1_27' title="bbox 519 2622 2085 2690">
     <span class='ocr_line' id='line_1_27' title="bbox 519 2622 2085 2690; baseline -0.002 -14"><span class='ocrx_word' id='word_1_174' title='bbox 519 2626 863 2681; x_wconf 68' lang='lat' dir='ltr'><strong>observantia:</strong></span> <span class='ocrx_word' id='word_1_175' title='bbox 893 2634 1092 2679; x_wconf 66' lang='lat' dir='ltr'><strong>sanctae</strong></span> <span class='ocrx_word' id='word_1_176' title='bbox 1125 2624 1437 2690; x_wconf 84' lang='lat' dir='ltr'><strong>subsidium,</strong></span> <span class='ocrx_word' id='word_1_177' title='bbox 1475 2634 1526 2676; x_wconf 92' lang='lat' dir='ltr'><strong>ut</strong></span> <span class='ocrx_word' id='word_1_178' title='bbox 1554 2637 1671 2689; x_wconf 72' lang='lat' dir='ltr'><strong>qum</strong></span> <span class='ocrx_word' id='word_1_179' title='bbox 1700 2632 1749 2675; x_wconf 89' lang='lat' dir='ltr'><strong>te</strong></span> <span class='ocrx_word' id='word_1_180' title='bbox 1768 2631 1985 2675; x_wconf 90' lang='lat' dir='ltr'><strong>auctore</strong></span> <span class='ocrx_word' id='word_1_181' title='bbox 2011 2622 2085 2673; x_wconf 88' lang='lat' dir='ltr'><strong>fa-</strong></span> 
     </span>
    </p>
   </div>
   <div class='ocr_carea' id='block_1_28' title="bbox 519 2711 2085 2783">
    <p class='ocr_par' dir='ltr' id='par_1_28' title="bbox 519 2711 2085 2783">
     <span class='ocr_line' id='line_1_28' title="bbox 519 2711 2085 2783; baseline -0.003 -14"><span class='ocrx_word' id='word_1_182' title='bbox 519 2716 704 2770; x_wconf 89' lang='lat' dir='ltr'><strong>cienda</strong></span> <span class='ocrx_word' id='word_1_183' title='bbox 735 2716 1099 2780; x_wconf 75' lang='lat' dir='ltr'><strong>cognovimus,</strong></span> <span class='ocrx_word' id='word_1_184' title='bbox 1135 2723 1186 2769; x_wconf 92' lang='lat' dir='ltr'><strong>te</strong></span> <span class='ocrx_word' id='word_1_185' title='bbox 1211 2724 1464 2783; x_wconf 83' lang='lat' dir='ltr'><strong>operante</strong></span> <span class='ocrx_word' id='word_1_186' title='bbox 1491 2712 1822 2781; x_wconf 88' lang='lat' dir='ltr'><strong>impleamus.</strong></span> <span class='ocrx_word' id='word_1_187' title='bbox 1854 2711 1955 2767; x_wconf 85' lang='lat' dir='ltr'><strong>Per</strong></span> <span class='ocrx_word' id='word_1_188' title='bbox 1980 2711 2085 2765; x_wconf 81' lang='lat' dir='ltr'><strong>Do-</strong></span> 
     </span>
    </p>
   </div>
   <div class='ocr_carea' id='block_1_29' title="bbox 519 2807 735 2859">
    <p class='ocr_par' dir='ltr' id='par_1_29' title="bbox 519 2807 735 2859">
     <span class='ocr_line' id='line_1_29' title="bbox 519 2807 735 2859; baseline 0.005 -1"><span class='ocrx_word' id='word_1_189' title='bbox 519 2807 735 2859; x_wconf 80' lang='lat' dir='ltr'><strong>minuto.</strong></span> 
     </span>
    </p>
   </div>
   <div class='ocr_carea' id='block_1_30' title="bbox 587 2894 2084 2966">
    <p class='ocr_par' dir='ltr' id='par_1_30' title="bbox 587 2894 2084 2966">
     <span class='ocr_line' id='line_1_30' title="bbox 587 2894 2084 2966; baseline -0.001 -15"><span class='ocrx_word' id='word_1_190' title='bbox 587 2897 754 2966; x_wconf 83' lang='lat' dir='ltr'><strong>Super</strong></span> <span class='ocrx_word' id='word_1_191' title='bbox 775 2896 965 2949; x_wconf 86' lang='lat' dir='ltr'><strong>oblata.</strong></span> <span class='ocrx_word' id='word_1_192' title='bbox 984 2925 1053 2936; x_wconf 92' lang='lat'><strong>—</strong></span> <span class='ocrx_word' id='word_1_193' title='bbox 1082 2895 1566 2950; x_wconf 82' lang='lat' dir='ltr'><strong>Sanctificationem</strong></span> <span class='ocrx_word' id='word_1_194' title='bbox 1601 2903 1740 2949; x_wconf 89' lang='lat' dir='ltr'><strong>tuam</strong></span> <span class='ocrx_word' id='word_1_195' title='bbox 1765 2894 1949 2958; x_wconf 92' lang='lat' dir='ltr'><strong>nobis,</strong></span> <span class='ocrx_word' id='word_1_196' title='bbox 1979 2894 2084 2949; x_wconf 92' lang='lat' dir='ltr'><strong>Do-</strong></span> 
     </span>
    </p>
   </div>
   <div class='ocr_carea' id='block_1_31' title="bbox 518 2986 2083 3054">
    <p class='ocr_par' dir='ltr' id='par_1_31' title="bbox 518 2986 2083 3054">
     <span class='ocr_line' id='line_1_31' title="bbox 518 2986 2083 3054; baseline -0.001 -15"><span class='ocrx_word' id='word_1_197' title='bbox 518 2987 658 3039; x_wconf 88' lang='lat' dir='ltr'><strong>mine</strong></span> <span class='ocrx_word' id='word_1_198' title='bbox 682 3026 697 3049; x_wconf 93' lang='lat'><strong>,</strong></span> <span class='ocrx_word' id='word_1_199' title='bbox 731 2986 813 3038; x_wconf 87' lang='lat' dir='ltr'><strong>his</strong></span> <span class='ocrx_word' id='word_1_200' title='bbox 858 2986 1126 3053; x_wconf 85' lang='lat' dir='ltr'><strong>mysteriis</strong></span> <span class='ocrx_word' id='word_1_201' title='bbox 1176 2986 1406 3054; x_wconf 85' lang='lat' dir='ltr'><strong>placatus</strong></span> <span class='ocrx_word' id='word_1_202' title='bbox 1437 2999 1684 3052; x_wconf 86' lang='lat' dir='ltr'><strong>operare,</strong></span> <span class='ocrx_word' id='word_1_203' title='bbox 1715 2999 1834 3053; x_wconf 65' lang='lat' dir='ltr'><strong>quae</strong></span> <span class='ocrx_word' id='word_1_204' title='bbox 1854 2998 1952 3038; x_wconf 93' lang='lat' dir='ltr'><strong>nos</strong></span> <span class='ocrx_word' id='word_1_205' title='bbox 1972 2992 2027 3038; x_wconf 89' lang='lat' dir='ltr'><strong>et</strong></span> <span class='ocrx_word' id='word_1_206' title='bbox 2053 3001 2083 3037; x_wconf 89' lang='lat' dir='ltr'><strong>a</strong></span> 
     </span>
    </p>
   </div>
   <div class='ocr_carea' id='block_1_32' title="bbox 2190 492 2382 535">
    <p class='ocr_par' dir='ltr' id='par_1_32' title="bbox 2190 492 2382 535">
     <span class='ocr_line' id='line_1_32' title="bbox 2190 492 2382 535; baseline 0.01 -2"><span class='ocrx_word' id='word_1_207' title='bbox 2190 492 2382 535; x_wconf 86' lang='lat' dir='ltr'><strong>strum.</strong></span> 
     </span>
    </p>
   </div>
   <div class='ocr_carea' id='block_1_33' title="bbox 2260 571 3760 643">
    <p class='ocr_par' dir='ltr' id='par_1_33' title="bbox 2260 571 3760 643">
     <span class='ocr_line' id='line_1_33' title="bbox 2260 571 3760 643; baseline 0.007 -20"><span class='ocrx_word' id='word_1_208' title='bbox 2260 571 2427 637; x_wconf 80' lang='lat' dir='ltr'><strong>Super</strong></span> <span class='ocrx_word' id='word_1_209' title='bbox 2455 572 2643 625; x_wconf 81' lang='lat' dir='ltr'><strong>oblata.</strong></span> <span class='ocrx_word' id='word_1_210' title='bbox 2672 599 2744 611; x_wconf 94' lang='lat'><strong><em>—</em></strong></span> <span class='ocrx_word' id='word_1_211' title='bbox 2770 571 3010 640; x_wconf 82' lang='lat' dir='ltr'><strong>Hostias,</strong></span> <span class='ocrx_word' id='word_1_212' title='bbox 3046 574 3269 628; x_wconf 87' lang='lat' dir='ltr'><strong>Domine</strong></span> <span class='ocrx_word' id='word_1_213' title='bbox 3289 614 3303 639; x_wconf 95' lang='lat'><strong>,</strong></span> <span class='ocrx_word' id='word_1_214' title='bbox 3332 590 3463 643; x_wconf 89' lang='lat' dir='ltr'><strong>quas</strong></span> <span class='ocrx_word' id='word_1_215' title='bbox 3494 576 3585 630; x_wconf 88' lang='lat' dir='ltr'><strong>tibi</strong></span> <span class='ocrx_word' id='word_1_216' title='bbox 3615 576 3760 633; x_wconf 80' lang='lat' dir='ltr'><strong>oﬂ&#39;e-</strong></span> 
     </span>
    </p>
   </div>
   <div class='ocr_carea' id='block_1_34' title="bbox 2189 660 3764 731">
    <p class='ocr_par' dir='ltr' id='par_1_34' title="bbox 2189 660 3764 731">
     <span class='ocr_line' id='line_1_34' title="bbox 2189 660 3764 731; baseline 0.005 -18"><span class='ocrx_word' id='word_1_217' title='bbox 2189 661 2385 724; x_wconf 90' lang='lat' dir='ltr'><strong>rimus,</strong></span> <span class='ocrx_word' id='word_1_218' title='bbox 2427 660 2684 728; x_wconf 84' lang='lat' dir='ltr'><strong>prepitius</strong></span> <span class='ocrx_word' id='word_1_219' title='bbox 2724 661 2964 727; x_wconf 89' lang='lat' dir='ltr'><strong>respice,</strong></span> <span class='ocrx_word' id='word_1_220' title='bbox 3004 672 3055 716; x_wconf 89' lang='lat' dir='ltr'><strong>et</strong></span> <span class='ocrx_word' id='word_1_221' title='bbox 3103 680 3198 731; x_wconf 89' lang='lat' dir='ltr'><strong>per</strong></span> <span class='ocrx_word' id='word_1_222' title='bbox 3244 666 3357 718; x_wconf 73' lang='lat' dir='ltr'><strong>bmc</strong></span> <span class='ocrx_word' id='word_1_223' title='bbox 3393 673 3574 719; x_wconf 91' lang='lat' dir='ltr'><strong>sancta</strong></span> <span class='ocrx_word' id='word_1_224' title='bbox 3610 680 3764 720; x_wconf 90' lang='lat' dir='ltr'><strong>com-</strong></span> 
     </span>
    </p>
   </div>
   <div class='ocr_carea' id='block_1_35' title="bbox 2187 749 3763 819">
    <p class='ocr_par' dir='ltr' id='par_1_35' title="bbox 2187 749 3763 819">
     <span class='ocr_line' id='line_1_35' title="bbox 2187 749 3763 819; baseline 0.006 -18"><span class='ocrx_word' id='word_1_225' title='bbox 2187 749 2381 803; x_wconf 90' lang='lat' dir='ltr'><strong>mercia</strong></span> <span class='ocrx_word' id='word_1_226' title='bbox 2428 750 2631 804; x_wconf 87' lang='lat' dir='ltr'><strong>vincula</strong></span> <span class='ocrx_word' id='word_1_227' title='bbox 2662 761 2993 819; x_wconf 84' lang='lat' dir='ltr'><strong>peccatorum</strong></span> <span class='ocrx_word' id='word_1_228' title='bbox 3035 762 3338 807; x_wconf 91' lang='lat' dir='ltr'><strong>nostrorum</strong></span> <span class='ocrx_word' id='word_1_229' title='bbox 3388 755 3620 809; x_wconf 89' lang='lat' dir='ltr'><strong>absolve.</strong></span> <span class='ocrx_word' id='word_1_230' title='bbox 3652 755 3763 812; x_wconf 86' lang='lat' dir='ltr'><strong>Per</strong></span> 
     </span>
    </p>
   </div>
   <div class='ocr_carea' id='block_1_36' title="bbox 2188 838 2487 892">
    <p class='ocr_par' dir='ltr' id='par_1_36' title="bbox 2188 838 2487 892">
     <span class='ocr_line' id='line_1_36' title="bbox 2188 838 2487 892; baseline 0.003 -1"><span class='ocrx_word' id='word_1_231' title='bbox 2188 838 2487 892; x_wconf 75' lang='lat' dir='ltr'><strong>Dominum.</strong></span> 
     </span>
    </p>
   </div>
   <div class='ocr_carea' id='block_1_37' title="bbox 2262 925 3759 1002">
    <p class='ocr_par' dir='ltr' id='par_1_37' title="bbox 2262 925 3759 1002">
     <span class='ocr_line' id='line_1_37' title="bbox 2262 925 3759 1002; baseline 0.007 -25"><span class='ocrx_word' id='word_1_232' title='bbox 2262 925 2524 994; x_wconf 73' lang='lat' dir='ltr'><strong>Prwfatio.</strong></span> <span class='ocrx_word' id='word_1_233' title='bbox 2560 956 2629 965; x_wconf 93' lang='lat'><strong>—-</strong></span> <span class='ocrx_word' id='word_1_234' title='bbox 2662 928 2794 982; x_wconf 87' lang='lat' dir='ltr'><strong>Vere</strong></span> <span class='ocrx_word' id='word_1_235' title='bbox 2823 928 3038 997; x_wconf 89' lang='lat' dir='ltr'><strong>dignum</strong></span> <span class='ocrx_word' id='word_1_236' title='bbox 3085 939 3137 983; x_wconf 90' lang='lat' dir='ltr'><strong>et</strong></span> <span class='ocrx_word' id='word_1_237' title='bbox 3160 931 3358 999; x_wconf 88' lang='lat' dir='ltr'><strong>justum</strong></span> <span class='ocrx_word' id='word_1_238' title='bbox 3389 940 3504 996; x_wconf 88' lang='lat' dir='ltr'><strong>est,</strong></span> <span class='ocrx_word' id='word_1_239' title='bbox 3544 948 3759 1002; x_wconf 68' lang='lat' dir='ltr'><strong>aequum</strong></span> 
     </span>
    </p>
   </div>
   <div class='ocr_carea' id='block_1_38' title="bbox 2186 1016 3756 1091">
    <p class='ocr_par' dir='ltr' id='par_1_38' title="bbox 2186 1016 3756 1091">
     <span class='ocr_line' id='line_1_38' title="bbox 2186 1016 3756 1091; baseline 0.006 -23"><span class='ocrx_word' id='word_1_240' title='bbox 2186 1021 2237 1068; x_wconf 88' lang='lat' dir='ltr'><strong>et</strong></span> <span class='ocrx_word' id='word_1_241' title='bbox 2264 1016 2527 1082; x_wconf 89' lang='lat' dir='ltr'><strong>salutare,</strong></span> <span class='ocrx_word' id='word_1_242' title='bbox 2564 1030 2661 1070; x_wconf 92' lang='lat' dir='ltr'><strong>nos</strong></span> <span class='ocrx_word' id='word_1_243' title='bbox 2688 1018 2779 1070; x_wconf 87' lang='lat' dir='ltr'><strong>tibi</strong></span> <span class='ocrx_word' id='word_1_244' title='bbox 2811 1033 3020 1084; x_wconf 88' lang='lat' dir='ltr'><strong>semper</strong></span> <span class='ocrx_word' id='word_1_245' title='bbox 3047 1028 3100 1072; x_wconf 87' lang='lat' dir='ltr'><strong>et</strong></span> <span class='ocrx_word' id='word_1_246' title='bbox 3131 1019 3322 1088; x_wconf 89' lang='lat' dir='ltr'><strong>ubique</strong></span> <span class='ocrx_word' id='word_1_247' title='bbox 3347 1022 3545 1089; x_wconf 79' lang='lat' dir='ltr'><strong>gratias</strong></span> <span class='ocrx_word' id='word_1_248' title='bbox 3571 1038 3756 1091; x_wconf 84' lang='lat' dir='ltr'><strong>agerc,</strong></span> 
     </span>
    </p>
   </div>
   <div class='ocr_carea' id='block_1_39' title="bbox 2187 1105 3752 1176">
    <p class='ocr_par' dir='ltr' id='par_1_39' title="bbox 2187 1105 3752 1176">
     <span class='ocr_line' id='line_1_39' title="bbox 2187 1105 3752 1176; baseline 0.006 -20"><span class='ocrx_word' id='word_1_249' title='bbox 2187 1105 2407 1159; x_wconf 63' lang='lat' dir='ltr'><strong>Domine</strong></span> <span class='ocrx_word' id='word_1_250' title='bbox 2456 1117 2666 1171; x_wconf 91' lang='lat' dir='ltr'><strong>sancte,</strong></span> <span class='ocrx_word' id='word_1_251' title='bbox 2720 1106 2875 1160; x_wconf 85' lang='lat' dir='ltr'><strong>Pater</strong></span> <span class='ocrx_word' id='word_1_252' title='bbox 2920 1110 3289 1175; x_wconf 88' lang='lat' dir='ltr'><strong>omnipotens,</strong></span> <span class='ocrx_word' id='word_1_253' title='bbox 3338 1121 3538 1164; x_wconf 68' lang='lat' dir='ltr'><strong>aeterne</strong></span> <span class='ocrx_word' id='word_1_254' title='bbox 3580 1114 3752 1176; x_wconf 88' lang='lat' dir='ltr'><strong>Deus,</strong></span> 
     </span>
    </p>
   </div>
   <div class='ocr_carea' id='block_1_40' title="bbox 2186 1192 3758 1266">
    <p class='ocr_par' dir='ltr' id='par_1_40' title="bbox 2186 1192 3758 1266">
     <span class='ocr_line' id='line_1_40' title="bbox 2186 1192 3758 1266; baseline 0.004 -19"><span class='ocrx_word' id='word_1_255' title='bbox 2186 1209 2278 1262; x_wconf 91' lang='lat' dir='ltr'><strong>per</strong></span> <span class='ocrx_word' id='word_1_256' title='bbox 2305 1192 2571 1247; x_wconf 91' lang='lat' dir='ltr'><strong>Christum</strong></span> <span class='ocrx_word' id='word_1_257' title='bbox 2600 1194 2877 1249; x_wconf 91' lang='lat' dir='ltr'><strong>Dominum</strong></span> <span class='ocrx_word' id='word_1_258' title='bbox 2921 1206 3182 1250; x_wconf 91' lang='lat' dir='ltr'><strong>nostrum.</strong></span> <span class='ocrx_word' id='word_1_259' title='bbox 3225 1197 3329 1252; x_wconf 88' lang='lat' dir='ltr'><strong>Per</strong></span> <span class='ocrx_word' id='word_1_260' title='bbox 3353 1212 3508 1266; x_wconf 86' lang='lat' dir='ltr'><strong>quem</strong></span> <span class='ocrx_word' id='word_1_261' title='bbox 3539 1198 3758 1256; x_wconf 89' lang='lat' dir='ltr'><strong>humani</strong></span> 
     </span>
    </p>
   </div>
   <div class='ocr_carea' id='block_1_41' title="bbox 2183 1283 3758 1357">
    <p class='ocr_par' dir='ltr' id='par_1_41' title="bbox 2183 1283 3758 1357">
     <span class='ocr_line' id='line_1_41' title="bbox 2183 1283 3758 1357; baseline 0.004 -21"><span class='ocrx_word' id='word_1_262' title='bbox 2183 1284 2394 1351; x_wconf 85' lang='lat' dir='ltr'><strong>generis</strong></span> <span class='ocrx_word' id='word_1_263' title='bbox 2441 1283 2924 1337; x_wconf 86' lang='lat' dir='ltr'><strong>reconciliationem</strong></span> <span class='ocrx_word' id='word_1_264' title='bbox 2955 1284 3182 1338; x_wconf 89' lang='lat' dir='ltr'><strong>mirabili</strong></span> <span class='ocrx_word' id='word_1_265' title='bbox 3209 1285 3603 1354; x_wconf 89' lang='lat' dir='ltr'><strong>dispensatione</strong></span> <span class='ocrx_word' id='word_1_266' title='bbox 3628 1302 3758 1357; x_wconf 85' lang='lat' dir='ltr'><strong>ope-</strong></span> 
     </span>
    </p>
   </div>
   <div class='ocr_carea' id='block_1_42' title="bbox 2184 1377 3751 1445">
    <p class='ocr_par' dir='ltr' id='par_1_42' title="bbox 2184 1377 3751 1445">
     <span class='ocr_line' id='line_1_42' title="bbox 2184 1377 3751 1445; baseline 0.004 -20"><span class='ocrx_word' id='word_1_267' title='bbox 2184 1382 2328 1426; x_wconf 88' lang='lat' dir='ltr'><strong>ratus</strong></span> <span class='ocrx_word' id='word_1_268' title='bbox 2369 1388 2463 1441; x_wconf 90' lang='lat' dir='ltr'><strong>es,</strong></span> <span class='ocrx_word' id='word_1_269' title='bbox 2511 1382 2733 1441; x_wconf 63' lang='lat' dir='ltr'><strong>praesta,</strong></span> <span class='ocrx_word' id='word_1_270' title='bbox 2776 1388 3116 1442; x_wconf 71' lang='lat' dir='ltr'><strong>quaesumus,</strong></span> <span class='ocrx_word' id='word_1_271' title='bbox 3158 1384 3214 1429; x_wconf 89' lang='lat' dir='ltr'><strong>ut</strong></span> <span class='ocrx_word' id='word_1_272' title='bbox 3260 1384 3445 1429; x_wconf 92' lang='lat' dir='ltr'><strong>sancto</strong></span> <span class='ocrx_word' id='word_1_273' title='bbox 3486 1377 3751 1445; x_wconf 89' lang='lat' dir='ltr'><strong>purificati</strong></span> 
     </span>
    </p>
   </div>
   <div class='ocr_carea' id='block_1_43' title="bbox 2182 1460 3757 1539">
    <p class='ocr_par' dir='ltr' id='par_1_43' title="bbox 2182 1460 3757 1539">
     <span class='ocr_line' id='line_1_43' title="bbox 2182 1460 3757 1539; baseline 0.006 -26"><span class='ocrx_word' id='word_1_274' title='bbox 2182 1460 2417 1530; x_wconf 86' lang='lat' dir='ltr'><strong>jejunio,</strong></span> <span class='ocrx_word' id='word_1_275' title='bbox 2450 1472 2502 1516; x_wconf 89' lang='lat' dir='ltr'><strong>et</strong></span> <span class='ocrx_word' id='word_1_276' title='bbox 2535 1461 2782 1539; x_wconf 39' lang='lat' dir='ltr'><strong>tibiItoto</strong></span> <span class='ocrx_word' id='word_1_277' title='bbox 2824 1462 2987 1517; x_wconf 89' lang='lat' dir='ltr'><strong>corde</strong></span> <span class='ocrx_word' id='word_1_278' title='bbox 3031 1464 3196 1516; x_wconf 91' lang='lat' dir='ltr'><strong>simus</strong></span> <span class='ocrx_word' id='word_1_279' title='bbox 3233 1464 3491 1533; x_wconf 86' lang='lat' dir='ltr'><strong>subjecti,</strong></span> <span class='ocrx_word' id='word_1_280' title='bbox 3520 1477 3574 1521; x_wconf 92' lang='lat' dir='ltr'><strong>et</strong></span> <span class='ocrx_word' id='word_1_281' title='bbox 3614 1468 3757 1521; x_wconf 92' lang='lat' dir='ltr'><strong>inter</strong></span> 
     </span>
    </p>
   </div>
   <div class='ocr_carea' id='block_1_44' title="bbox 2187 1551 3757 1623">
    <p class='ocr_par' dir='ltr' id='par_1_44' title="bbox 2187 1551 3757 1623">
     <span class='ocr_line' id='line_1_44' title="bbox 2187 1551 3757 1623; baseline 0.003 -18"><span class='ocrx_word' id='word_1_282' title='bbox 2187 1551 2472 1606; x_wconf 74' lang='lat' dir='ltr'><strong>mundana:</strong></span> <span class='ocrx_word' id='word_1_283' title='bbox 2503 1552 2775 1621; x_wconf 86' lang='lat' dir='ltr'><strong>pravitatis</strong></span> <span class='ocrx_word' id='word_1_284' title='bbox 2807 1553 3057 1616; x_wconf 76' lang='lat' dir='ltr'><strong>insidias,</strong></span> <span class='ocrx_word' id='word_1_285' title='bbox 3105 1563 3154 1606; x_wconf 90' lang='lat' dir='ltr'><strong>te</strong></span> <span class='ocrx_word' id='word_1_286' title='bbox 3180 1551 3463 1607; x_wconf 85' lang='lat' dir='ltr'><strong>miserante</strong></span> <span class='ocrx_word' id='word_1_287' title='bbox 3504 1569 3757 1623; x_wconf 83' lang='lat' dir='ltr'><strong>perseve-</strong></span> 
     </span>
    </p>
   </div>
   <div class='ocr_carea' id='block_1_45' title="bbox 2188 1640 3273 1711">
    <p class='ocr_par' dir='ltr' id='par_1_45' title="bbox 2188 1640 3273 1711">
     <span class='ocr_line' id='line_1_45' title="bbox 2188 1640 3273 1711; baseline -0.002 -16"><span class='ocrx_word' id='word_1_288' title='bbox 2188 1658 2369 1696; x_wconf 88' lang='lat' dir='ltr'><strong>remus</strong></span> <span class='ocrx_word' id='word_1_289' title='bbox 2398 1644 2572 1696; x_wconf 67' lang='lat' dir='ltr'><strong>illaasi.</strong></span> <span class='ocrx_word' id='word_1_290' title='bbox 2611 1643 2710 1696; x_wconf 83' lang='lat' dir='ltr'><strong>Per</strong></span> <span class='ocrx_word' id='word_1_291' title='bbox 2738 1657 2893 1711; x_wconf 90' lang='lat' dir='ltr'><strong>quem</strong></span> <span class='ocrx_word' id='word_1_292' title='bbox 2924 1640 3273 1711; x_wconf 81' lang='lat' dir='ltr'><strong>Majestatem.</strong></span> 
     </span>
    </p>
   </div>
   <div class='ocr_carea' id='block_1_46' title="bbox 2111 1733 3754 1807">
    <p class='ocr_par' dir='ltr' id='par_1_46' title="bbox 2111 1733 3754 1807">
     <span class='ocr_line' id='line_1_46' title="bbox 2111 1733 3754 1807; baseline 0.002 -22"><span class='ocrx_word' id='word_1_293' title='bbox 2111 1748 2155 1807; x_wconf 76' lang='grc' dir='ltr'><strong>Β</strong></span> <span class='ocrx_word' id='word_1_294' title='bbox 2256 1734 2336 1786; x_wconf 83' lang='lat' dir='ltr'><strong>Ad</strong></span> <span class='ocrx_word' id='word_1_295' title='bbox 2367 1734 2755 1803; x_wconf 86' lang='lat' dir='ltr'><strong>Complendum.</strong></span> <span class='ocrx_word' id='word_1_296' title='bbox 2786 1761 2854 1774; x_wconf 82' lang='lat'><strong>—-</strong></span> <span class='ocrx_word' id='word_1_297' title='bbox 2884 1734 3142 1801; x_wconf 87' lang='lat' dir='ltr'><strong>Sumptis,</strong></span> <span class='ocrx_word' id='word_1_298' title='bbox 3177 1733 3417 1798; x_wconf 90' lang='lat' dir='ltr'><strong>Domine,</strong></span> <span class='ocrx_word' id='word_1_299' title='bbox 3451 1748 3754 1789; x_wconf 83' lang='lat' dir='ltr'><strong>sacramen-</strong></span> 
     </span>
    </p>
   </div>
   <div class='ocr_carea' id='block_1_47' title="bbox 2186 1827 3758 1897">
    <p class='ocr_par' dir='ltr' id='par_1_47' title="bbox 2186 1827 3758 1897">
     <span class='ocr_line' id='line_1_47' title="bbox 2186 1827 3758 1897; baseline 0.001 -16"><span class='ocrx_word' id='word_1_300' title='bbox 2186 1829 2285 1896; x_wconf 91' lang='lat' dir='ltr'><strong>tis,</strong></span> <span class='ocrx_word' id='word_1_301' title='bbox 2320 1829 2382 1882; x_wconf 92' lang='lat' dir='ltr'><strong>ad</strong></span> <span class='ocrx_word' id='word_1_302' title='bbox 2412 1828 2562 1897; x_wconf 66' lang='lat'><strong>(2&#39;21)</strong></span> <span class='ocrx_word' id='word_1_303' title='bbox 2592 1827 2972 1895; x_wconf 84' lang='lat' dir='ltr'><strong>redemptionis</strong></span> <span class='ocrx_word' id='word_1_304' title='bbox 2998 1836 3244 1891; x_wconf 62' lang='lat' dir='ltr'><strong>(uterum,</strong></span> <span class='ocrx_word' id='word_1_305' title='bbox 3277 1842 3594 1894; x_wconf 75' lang='lat' dir='ltr'><strong>qua-sumus,</strong></span> <span class='ocrx_word' id='word_1_306' title='bbox 3628 1842 3758 1896; x_wconf 59' lang='lat' dir='ltr'><strong>pro-</strong></span> 
     </span>
    </p>
   </div>
   <div class='ocr_carea' id='block_1_48' title="bbox 2184 1916 3266 1987">
    <p class='ocr_par' dir='ltr' id='par_1_48' title="bbox 2184 1916 3266 1987">
     <span class='ocr_line' id='line_1_48' title="bbox 2184 1916 3266 1987; baseline -0.003 -16"><span class='ocrx_word' id='word_1_307' title='bbox 2184 1918 2421 1972; x_wconf 90' lang='lat' dir='ltr'><strong>liciamus</strong></span> <span class='ocrx_word' id='word_1_308' title='bbox 2449 1926 2809 1987; x_wconf 81' lang='lat' dir='ltr'><strong>augmentum.</strong></span> <span class='ocrx_word' id='word_1_309' title='bbox 2841 1918 2940 1971; x_wconf 89' lang='lat' dir='ltr'><strong>Per</strong></span> <span class='ocrx_word' id='word_1_310' title='bbox 2969 1916 3266 1970; x_wconf 86' lang='lat' dir='ltr'><strong>Dominum.</strong></span> 
     </span>
    </p>
   </div>
   <div class='ocr_carea' id='block_1_49' title="bbox 2259 2006 3758 2078">
    <p class='ocr_par' dir='ltr' id='par_1_49' title="bbox 2259 2006 3758 2078">
     <span class='ocr_line' id='line_1_49' title="bbox 2259 2006 3758 2078; baseline 0.001 -16"><span class='ocrx_word' id='word_1_311' title='bbox 2259 2009 2428 2078; x_wconf 82' lang='lat' dir='ltr'><strong>Super</strong></span> <span class='ocrx_word' id='word_1_312' title='bbox 2456 2008 2722 2077; x_wconf 88' lang='lat' dir='ltr'><strong>populum.</strong></span> <span class='ocrx_word' id='word_1_313' title='bbox 2754 2038 2822 2048; x_wconf 93' lang='lat'><strong>—</strong></span> <span class='ocrx_word' id='word_1_314' title='bbox 2854 2008 3025 2072; x_wconf 89' lang='lat' dir='ltr'><strong>Deus,</strong></span> <span class='ocrx_word' id='word_1_315' title='bbox 3056 2006 3370 2062; x_wconf 73' lang='lat' dir='ltr'><strong>innocentia:</strong></span> <span class='ocrx_word' id='word_1_316' title='bbox 3400 2009 3674 2063; x_wconf 89' lang='lat' dir='ltr'><strong>restitutor</strong></span> <span class='ocrx_word' id='word_1_317' title='bbox 3701 2018 3758 2064; x_wconf 89' lang='lat' dir='ltr'><strong>et</strong></span> 
     </span>
    </p>
   </div>
   <div class='ocr_carea' id='block_1_50' title="bbox 2184 2098 3758 2167">
    <p class='ocr_par' dir='ltr' id='par_1_50' title="bbox 2184 2098 3758 2167">
     <span class='ocr_line' id='line_1_50' title="bbox 2184 2098 3758 2167; baseline -0.001 -15"><span class='ocrx_word' id='word_1_318' title='bbox 2184 2106 2413 2162; x_wconf 87' lang='lat' dir='ltr'><strong>amator,</strong></span> <span class='ocrx_word' id='word_1_319' title='bbox 2438 2098 2606 2166; x_wconf 83' lang='lat' dir='ltr'><strong>dirige</strong></span> <span class='ocrx_word' id='word_1_320' title='bbox 2632 2098 2695 2151; x_wconf 89' lang='lat' dir='ltr'><strong>ad</strong></span> <span class='ocrx_word' id='word_1_321' title='bbox 2726 2106 2775 2151; x_wconf 91' lang='lat' dir='ltr'><strong>te</strong></span> <span class='ocrx_word' id='word_1_322' title='bbox 2800 2107 3006 2153; x_wconf 88' lang='lat' dir='ltr'><strong>tuorum</strong></span> <span class='ocrx_word' id='word_1_323' title='bbox 3034 2098 3196 2152; x_wconf 88' lang='lat' dir='ltr'><strong>corda</strong></span> <span class='ocrx_word' id='word_1_324' title='bbox 3222 2110 3495 2151; x_wconf 89' lang='lat' dir='ltr'><strong>servorum</strong></span> <span class='ocrx_word' id='word_1_325' title='bbox 3515 2138 3530 2163; x_wconf 95' lang='lat'><strong>,</strong></span> <span class='ocrx_word' id='word_1_326' title='bbox 3560 2107 3616 2152; x_wconf 93' lang='lat' dir='ltr'><strong>ut</strong></span> <span class='ocrx_word' id='word_1_327' title='bbox 3644 2101 3758 2167; x_wconf 90' lang='lat' dir='ltr'><strong>spi-</strong></span> 
     </span>
    </p>
   </div>
   <div class='ocr_carea' id='block_1_51' title="bbox 2185 2186 3759 2254">
    <p class='ocr_par' dir='ltr' id='par_1_51' title="bbox 2185 2186 3759 2254">
     <span class='ocr_line' id='line_1_51' title="bbox 2185 2186 3759 2254; baseline 0.002 -14"><span class='ocrx_word' id='word_1_328' title='bbox 2185 2188 2317 2240; x_wconf 89' lang='lat' dir='ltr'><strong>ritus</strong></span> <span class='ocrx_word' id='word_1_329' title='bbox 2366 2186 2441 2241; x_wconf 91' lang='lat' dir='ltr'><strong>tui</strong></span> <span class='ocrx_word' id='word_1_330' title='bbox 2489 2186 2701 2242; x_wconf 88' lang='lat' dir='ltr'><strong>fervore</strong></span> <span class='ocrx_word' id='word_1_331' title='bbox 2746 2196 3033 2254; x_wconf 87' lang='lat' dir='ltr'><strong>concepto,</strong></span> <span class='ocrx_word' id='word_1_332' title='bbox 3082 2197 3135 2241; x_wconf 93' lang='lat' dir='ltr'><strong>et</strong></span> <span class='ocrx_word' id='word_1_333' title='bbox 3174 2186 3227 2239; x_wconf 91' lang='lat' dir='ltr'><strong>in</strong></span> <span class='ocrx_word' id='word_1_334' title='bbox 3276 2186 3379 2239; x_wconf 87' lang='lat' dir='ltr'><strong>fide</strong></span> <span class='ocrx_word' id='word_1_335' title='bbox 3422 2187 3759 2243; x_wconf 78' lang='lat' dir='ltr'><strong>inveniamur</strong></span> 
     </span>
    </p>
   </div>
   <div class='ocr_carea' id='block_1_52' title="bbox 2184 2271 3538 2340">
    <p class='ocr_par' dir='ltr' id='par_1_52' title="bbox 2184 2271 3538 2340">
     <span class='ocr_line' id='line_1_52' title="bbox 2184 2271 3538 2340; baseline -0.001 -12"><span class='ocrx_word' id='word_1_336' title='bbox 2184 2274 2400 2329; x_wconf 85' lang='lat' dir='ltr'><strong>stabiles</strong></span> <span class='ocrx_word' id='word_1_337' title='bbox 2420 2315 2433 2338; x_wconf 95' lang='lat'><strong>,</strong></span> <span class='ocrx_word' id='word_1_338' title='bbox 2465 2282 2519 2327; x_wconf 92' lang='lat' dir='ltr'><strong>et</strong></span> <span class='ocrx_word' id='word_1_339' title='bbox 2546 2275 2596 2327; x_wconf 91' lang='lat' dir='ltr'><strong>in</strong></span> <span class='ocrx_word' id='word_1_340' title='bbox 2628 2289 2787 2340; x_wconf 83' lang='lat' dir='ltr'><strong>Opere</strong></span> <span class='ocrx_word' id='word_1_341' title='bbox 2815 2275 3078 2328; x_wconf 84' lang='lat' dir='ltr'><strong>efficaces.</strong></span> <span class='ocrx_word' id='word_1_342' title='bbox 3110 2271 3211 2327; x_wconf 91' lang='lat' dir='ltr'><strong>Per</strong></span> <span class='ocrx_word' id='word_1_343' title='bbox 3240 2272 3538 2326; x_wconf 90' lang='lat' dir='ltr'><strong>Dominum.</strong></span> 
     </span>
    </p>
   </div>
   <div class='ocr_carea' id='block_1_53' title="bbox 2457 2365 3486 2419">
    <p class='ocr_par' dir='ltr' id='par_1_53' title="bbox 2457 2365 3486 2419">
     <span class='ocr_line' id='line_1_53' title="bbox 2457 2365 3486 2419; baseline -0.002 -1"><span class='ocrx_word' id='word_1_344' title='bbox 2457 2365 2482 2402; x_wconf 77' lang='grc' dir='ltr'>ά</span> <span class='ocrx_word' id='word_1_345' title='bbox 2524 2381 2680 2419; x_wconf 70' lang='lat' dir='ltr'><strong>manu</strong></span> <span class='ocrx_word' id='word_1_346' title='bbox 2717 2382 2749 2418; x_wconf 94' lang='lat' dir='ltr'><strong>v</strong></span> <span class='ocrx_word' id='word_1_347' title='bbox 2789 2381 2840 2419; x_wconf 74' lang='lat' dir='ltr'><strong>IN</strong></span> <span class='ocrx_word' id='word_1_348' title='bbox 2879 2380 3193 2418; x_wconf 74' lang='lat' dir='ltr'><strong>HBBDOMADA</strong></span> <span class='ocrx_word' id='word_1_349' title='bbox 3229 2378 3486 2418; x_wconf 67' lang='lat' dir='ltr'><strong>saeuum.</strong></span> 
     </span>
    </p>
   </div>
   <div class='ocr_carea' id='block_1_54' title="bbox 2255 2453 3752 2523">
    <p class='ocr_par' dir='ltr' id='par_1_54' title="bbox 2255 2453 3752 2523">
     <span class='ocr_line' id='line_1_54' title="bbox 2255 2453 3752 2523; baseline 0 -16"><span class='ocrx_word' id='word_1_350' title='bbox 2255 2455 2452 2508; x_wconf 69' lang='lat' dir='ltr'><strong>Prtesta</strong></span> <span class='ocrx_word' id='word_1_351' title='bbox 2484 2454 2635 2508; x_wconf 90' lang='lat' dir='ltr'><strong>nobis</strong></span> <span class='ocrx_word' id='word_1_352' title='bbox 2654 2494 2670 2520; x_wconf 97' lang='lat'><strong>,</strong></span> <span class='ocrx_word' id='word_1_353' title='bbox 2703 2453 2955 2519; x_wconf 89' lang='lat' dir='ltr'><strong>Domine,</strong></span> <span class='ocrx_word' id='word_1_354' title='bbox 2985 2467 3319 2522; x_wconf 69' lang='lat' dir='ltr'><strong>qumsumus,</strong></span> <span class='ocrx_word' id='word_1_355' title='bbox 3348 2453 3597 2508; x_wconf 86' lang='lat' dir='ltr'><strong>auxilium</strong></span> <span class='ocrx_word' id='word_1_356' title='bbox 3626 2469 3752 2523; x_wconf 87' lang='lat' dir='ltr'><strong>gra-</strong></span> 
     </span>
    </p>
   </div>
   <div class='ocr_carea' id='block_1_55' title="bbox 2186 2540 3756 2610">
    <p class='ocr_par' dir='ltr' id='par_1_55' title="bbox 2186 2540 3756 2610">
     <span class='ocr_line' id='line_1_55' title="bbox 2186 2540 3756 2610; baseline 0.001 -16"><span class='ocrx_word' id='word_1_357' title='bbox 2186 2542 2269 2594; x_wconf 69' lang='lat' dir='ltr'><strong>tia:</strong></span> <span class='ocrx_word' id='word_1_358' title='bbox 2301 2552 2436 2606; x_wconf 65' lang='lat' dir='ltr'><strong>tua),</strong></span> <span class='ocrx_word' id='word_1_359' title='bbox 2469 2550 2559 2605; x_wconf 87' lang='lat' dir='ltr'><strong>ut,</strong></span> <span class='ocrx_word' id='word_1_360' title='bbox 2586 2540 2807 2610; x_wconf 89' lang='lat' dir='ltr'><strong>jejuniis</strong></span> <span class='ocrx_word' id='word_1_361' title='bbox 2828 2550 2881 2595; x_wconf 91' lang='lat' dir='ltr'><strong>et</strong></span> <span class='ocrx_word' id='word_1_362' title='bbox 2905 2542 3236 2595; x_wconf 86' lang='lat' dir='ltr'><strong>orationibus</strong></span> <span class='ocrx_word' id='word_1_363' title='bbox 3261 2541 3639 2596; x_wconf 87' lang='lat' dir='ltr'><strong>convenienter</strong></span> <span class='ocrx_word' id='word_1_364' title='bbox 3672 2543 3756 2596; x_wconf 83' lang='lat' dir='ltr'><strong>in-</strong></span> 
     </span>
    </p>
   </div>
   <div class='ocr_carea' id='block_1_56' title="bbox 2188 2631 3757 2701">
    <p class='ocr_par' dir='ltr' id='par_1_56' title="bbox 2188 2631 3757 2701">
     <span class='ocr_line' id='line_1_56' title="bbox 2188 2631 3757 2701; baseline 0.003 -18"><span class='ocrx_word' id='word_1_365' title='bbox 2188 2632 2315 2685; x_wconf 89' lang='lat' dir='ltr'><strong>tenti</strong></span> <span class='ocrx_word' id='word_1_366' title='bbox 2338 2672 2354 2695; x_wconf 96' lang='lat'><strong>,</strong></span> <span class='ocrx_word' id='word_1_367' title='bbox 2387 2631 2674 2686; x_wconf 75' lang='lat' dir='ltr'><strong>liberemur</strong></span> <span class='ocrx_word' id='word_1_368' title='bbox 2701 2631 2768 2685; x_wconf 89' lang='lat' dir='ltr'><strong>ab</strong></span> <span class='ocrx_word' id='word_1_369' title='bbox 2796 2631 3035 2686; x_wconf 87' lang='lat' dir='ltr'><strong>hostibus</strong></span> <span class='ocrx_word' id='word_1_370' title='bbox 3065 2631 3256 2685; x_wconf 88' lang='lat' dir='ltr'><strong>mentis</strong></span> <span class='ocrx_word' id='word_1_371' title='bbox 3284 2640 3337 2685; x_wconf 91' lang='lat' dir='ltr'><strong>et</strong></span> <span class='ocrx_word' id='word_1_372' title='bbox 3365 2632 3620 2701; x_wconf 88' lang='lat' dir='ltr'><strong>corporis.</strong></span> <span class='ocrx_word' id='word_1_373' title='bbox 3654 2633 3757 2687; x_wconf 84' lang='lat' dir='ltr'><strong>Per</strong></span> 
     </span>
    </p>
   </div>
   <div class='ocr_carea' id='block_1_57' title="bbox 2188 2721 2495 2776">
    <p class='ocr_par' dir='ltr' id='par_1_57' title="bbox 2188 2721 2495 2776">
     <span class='ocr_line' id='line_1_57' title="bbox 2188 2721 2495 2776; baseline 0.007 -2"><span class='ocrx_word' id='word_1_374' title='bbox 2188 2721 2495 2776; x_wconf 89' lang='lat' dir='ltr'><strong>Dominum.</strong></span> 
     </span>
    </p>
   </div>
   <div class='ocr_carea' id='block_1_58' title="bbox 2256 2809 3757 2881">
    <p class='ocr_par' dir='ltr' id='par_1_58' title="bbox 2256 2809 3757 2881">
     <span class='ocr_line' id='line_1_58' title="bbox 2256 2809 3757 2881; baseline 0.001 -15"><span class='ocrx_word' id='word_1_375' title='bbox 2256 2813 2425 2878; x_wconf 84' lang='lat' dir='ltr'><strong>Super</strong></span> <span class='ocrx_word' id='word_1_376' title='bbox 2455 2811 2640 2864; x_wconf 78' lang='lat' dir='ltr'><strong>oblata.</strong></span> <span class='ocrx_word' id='word_1_377' title='bbox 2673 2840 2744 2851; x_wconf 91' lang='lat'><strong>—</strong></span> <span class='ocrx_word' id='word_1_378' title='bbox 2770 2811 3001 2880; x_wconf 81' lang='lat' dir='ltr'><strong>Accepta</strong></span> <span class='ocrx_word' id='word_1_379' title='bbox 3035 2809 3131 2865; x_wconf 90' lang='lat' dir='ltr'><strong>tibi</strong></span> <span class='ocrx_word' id='word_1_380' title='bbox 3159 2812 3297 2876; x_wconf 86' lang='lat' dir='ltr'><strong>sint,</strong></span> <span class='ocrx_word' id='word_1_381' title='bbox 3328 2811 3580 2877; x_wconf 91' lang='lat' dir='ltr'><strong>Domine,</strong></span> <span class='ocrx_word' id='word_1_382' title='bbox 3612 2829 3757 2881; x_wconf 75' lang='lat' dir='ltr'><strong>qum-</strong></span> 
     </span>
    </p>
   </div>
   <div class='ocr_carea' id='block_1_59' title="bbox 2185 2901 3757 2971">
    <p class='ocr_par' dir='ltr' id='par_1_59' title="bbox 2185 2901 3757 2971">
     <span class='ocr_line' id='line_1_59' title="bbox 2185 2901 3757 2971; baseline 0.003 -16"><span class='ocrx_word' id='word_1_383' title='bbox 2185 2917 2388 2966; x_wconf 88' lang='lat' dir='ltr'><strong>sumus,</strong></span> <span class='ocrx_word' id='word_1_384' title='bbox 2416 2904 2580 2955; x_wconf 86' lang='lat' dir='ltr'><strong>nostri</strong></span> <span class='ocrx_word' id='word_1_385' title='bbox 2612 2901 2749 2956; x_wconf 88' lang='lat' dir='ltr'><strong>dona</strong></span> <span class='ocrx_word' id='word_1_386' title='bbox 2776 2902 2964 2971; x_wconf 87' lang='lat' dir='ltr'><strong>jejunii</strong></span> <span class='ocrx_word' id='word_1_387' title='bbox 2986 2943 3000 2968; x_wconf 93' lang='lat'><strong>,</strong></span> <span class='ocrx_word' id='word_1_388' title='bbox 3031 2917 3149 2970; x_wconf 70' lang='lat' dir='ltr'><strong>qua:</strong></span> <span class='ocrx_word' id='word_1_389' title='bbox 3171 2914 3221 2956; x_wconf 89' lang='lat' dir='ltr'><strong>et</strong></span> <span class='ocrx_word' id='word_1_390' title='bbox 3246 2904 3522 2971; x_wconf 87' lang='lat' dir='ltr'><strong>expiando</strong></span> <span class='ocrx_word' id='word_1_391' title='bbox 3545 2920 3639 2959; x_wconf 88' lang='lat' dir='ltr'><strong>nos</strong></span> <span class='ocrx_word' id='word_1_392' title='bbox 3666 2917 3757 2959; x_wconf 85' lang='lat' dir='ltr'><strong>tua</strong></span> 
     </span>
    </p>
   </div>
   <div class='ocr_carea' id='block_1_60' title="bbox 2185 2992 3757 3064">
    <p class='ocr_par' dir='ltr' id='par_1_60' title="bbox 2185 2992 3757 3064">
     <span class='ocr_line' id='line_1_60' title="bbox 2185 2992 3757 3064; baseline 0.004 -20"><span class='ocrx_word' id='word_1_393' title='bbox 2185 2993 2357 3063; x_wconf 85' lang='lat' dir='ltr'><strong>gratia</strong></span> <span class='ocrx_word' id='word_1_394' title='bbox 2400 2993 2592 3061; x_wconf 86' lang='lat' dir='ltr'><strong>dignos</strong></span> <span class='ocrx_word' id='word_1_395' title='bbox 2637 2992 2908 3059; x_wconf 83' lang='lat' dir='ltr'><strong>efﬁciant,</strong></span> <span class='ocrx_word' id='word_1_396' title='bbox 2950 3001 3003 3047; x_wconf 91' lang='lat' dir='ltr'><strong>et</strong></span> <span class='ocrx_word' id='word_1_397' title='bbox 3038 2993 3103 3046; x_wconf 90' lang='lat' dir='ltr'><strong>ad</strong></span> <span class='ocrx_word' id='word_1_398' title='bbox 3146 2995 3466 3062; x_wconf 71' lang='lat' dir='ltr'><strong>sempiterna</strong></span> <span class='ocrx_word' id='word_1_399' title='bbox 3495 2996 3757 3064; x_wconf 76' lang='lat' dir='ltr'><strong>promissa</strong></span> 
     </span>
    </p>
   </div>
   <div class='ocr_carea' id='block_1_61' title="bbox 520 3072 2651 3169">
    <p class='ocr_par' dir='ltr' id='par_1_61' title="bbox 520 3072 2651 3169">
     <span class='ocr_line' id='line_1_61' title="bbox 520 3072 2651 3169; baseline 0 -43"><span class='ocrx_word' id='word_1_400' title='bbox 520 3072 741 3128; x_wconf 84' lang='lat' dir='ltr'><strong>terrenis</strong></span> <span class='ocrx_word' id='word_1_401' title='bbox 774 3081 961 3143; x_wconf 82' lang='lat' dir='ltr'><strong>purget</strong></span> <span class='ocrx_word' id='word_1_402' title='bbox 990 3072 1154 3142; x_wconf 86' lang='lat' dir='ltr'><strong>vitiis,</strong></span> <span class='ocrx_word' id='word_1_403' title='bbox 1183 3084 1235 3128; x_wconf 92' lang='lat' dir='ltr'><strong>et</strong></span> <span class='ocrx_word' id='word_1_404' title='bbox 1255 3073 1321 3127; x_wconf 91' lang='lat' dir='ltr'><strong>ad</strong></span> <span class='ocrx_word' id='word_1_405' title='bbox 1354 3074 1599 3129; x_wconf 76' lang='lat' dir='ltr'><strong>etelestia</strong></span> <span class='ocrx_word' id='word_1_406' title='bbox 1632 3074 1773 3129; x_wconf 88' lang='lat' dir='ltr'><strong>dona</strong></span> <span class='ocrx_word' id='word_1_407' title='bbox 1802 3073 2077 3142; x_wconf 88' lang='lat' dir='ltr'><strong>perducat.</strong></span> <span class='ocrx_word' id='word_1_408' title='bbox 2108 3107 2154 3169; x_wconf 65' lang='grc' dir='ltr'>ο</span> <span class='ocrx_word' id='word_1_409' title='bbox 2186 3083 2496 3153; x_wconf 68' lang='lat' dir='ltr'><strong>perducam,</strong></span> <span class='ocrx_word' id='word_1_410' title='bbox 2530 3084 2651 3138; x_wconf 73' lang='lat' dir='ltr'><strong>per,</strong></span> 
     </span>
    </p>
   </div>
   <div class='ocr_carea' id='block_1_62' title="bbox 525 3164 960 3220">
    <p class='ocr_par' dir='ltr' id='par_1_62' title="bbox 525 3164 960 3220">
     <span class='ocr_line' id='line_1_62' title="bbox 525 3164 960 3220; baseline -0.002 -2"><span class='ocrx_word' id='word_1_411' title='bbox 525 3166 626 3220; x_wconf 83' lang='lat' dir='ltr'><strong>Per</strong></span> <span class='ocrx_word' id='word_1_412' title='bbox 657 3164 960 3218; x_wconf 89' lang='lat' dir='ltr'><strong>Dominum.</strong></span> 
     </span>
    </p>
   </div>
   <div class='ocr_carea' id='block_1_63' title="bbox 590 3254 2083 3325">
    <p class='ocr_par' dir='ltr' id='par_1_63' title="bbox 590 3254 2083 3325">
     <span class='ocr_line' id='line_1_63' title="bbox 590 3254 2083 3325; baseline 0 -17"><span class='ocrx_word' id='word_1_413' title='bbox 590 3254 859 3324; x_wconf 73' lang='lat' dir='ltr'><strong>Prwfatio.</strong></span> <span class='ocrx_word' id='word_1_414' title='bbox 892 3284 961 3295; x_wconf 89' lang='lat'><strong>——</strong></span> <span class='ocrx_word' id='word_1_415' title='bbox 985 3255 1119 3310; x_wconf 86' lang='lat' dir='ltr'><strong>Vere</strong></span> <span class='ocrx_word' id='word_1_416' title='bbox 1147 3255 1360 3325; x_wconf 87' lang='lat' dir='ltr'><strong>dignum</strong></span> <span class='ocrx_word' id='word_1_417' title='bbox 1391 3264 1446 3311; x_wconf 90' lang='lat' dir='ltr'><strong>et</strong></span> <span class='ocrx_word' id='word_1_418' title='bbox 1488 3254 1691 3324; x_wconf 90' lang='lat' dir='ltr'><strong>justum</strong></span> <span class='ocrx_word' id='word_1_419' title='bbox 1732 3262 1847 3320; x_wconf 90' lang='lat' dir='ltr'><strong>est,</strong></span> <span class='ocrx_word' id='word_1_420' title='bbox 1877 3270 2083 3324; x_wconf 66' lang='lat' dir='ltr'><strong>aequum</strong></span> 
     </span>
    </p>
   </div>
   <div class='ocr_carea' id='block_1_64' title="bbox 527 3344 2085 3414">
    <p class='ocr_par' dir='ltr' id='par_1_64' title="bbox 527 3344 2085 3414">
     <span class='ocr_line' id='line_1_64' title="bbox 527 3344 2085 3414; baseline -0.001 -16"><span class='ocrx_word' id='word_1_421' title='bbox 527 3353 581 3398; x_wconf 91' lang='lat' dir='ltr'><strong>et</strong></span> <span class='ocrx_word' id='word_1_422' title='bbox 609 3345 861 3409; x_wconf 89' lang='lat' dir='ltr'><strong>salutare,</strong></span> <span class='ocrx_word' id='word_1_423' title='bbox 892 3360 988 3399; x_wconf 89' lang='lat' dir='ltr'><strong>nos</strong></span> <span class='ocrx_word' id='word_1_424' title='bbox 1016 3345 1108 3398; x_wconf 87' lang='lat' dir='ltr'><strong>tibi</strong></span> <span class='ocrx_word' id='word_1_425' title='bbox 1139 3360 1349 3412; x_wconf 89' lang='lat' dir='ltr'><strong>semper</strong></span> <span class='ocrx_word' id='word_1_426' title='bbox 1378 3355 1428 3400; x_wconf 90' lang='lat' dir='ltr'><strong>et</strong></span> <span class='ocrx_word' id='word_1_427' title='bbox 1454 3345 1650 3413; x_wconf 90' lang='lat' dir='ltr'><strong>ubique</strong></span> <span class='ocrx_word' id='word_1_428' title='bbox 1680 3344 1878 3413; x_wconf 86' lang='lat' dir='ltr'><strong>gratias</strong></span> <span class='ocrx_word' id='word_1_429' title='bbox 1906 3359 2085 3414; x_wconf 87' lang='lat' dir='ltr'><strong>agere,</strong></span> 
     </span>
    </p>
   </div>
   <div class='ocr_carea' id='block_1_65' title="bbox 524 3434 2087 3503">
    <p class='ocr_par' dir='ltr' id='par_1_65' title="bbox 524 3434 2087 3503">
     <span class='ocr_line' id='line_1_65' title="bbox 524 3434 2087 3503; baseline 0.001 -16"><span class='ocrx_word' id='word_1_430' title='bbox 524 3435 747 3490; x_wconf 89' lang='lat' dir='ltr'><strong>Domine</strong></span> <span class='ocrx_word' id='word_1_431' title='bbox 774 3445 977 3500; x_wconf 89' lang='lat' dir='ltr'><strong>sancte,</strong></span> <span class='ocrx_word' id='word_1_432' title='bbox 1004 3435 1158 3489; x_wconf 89' lang='lat' dir='ltr'><strong>Pater</strong></span> <span class='ocrx_word' id='word_1_433' title='bbox 1180 3435 1538 3503; x_wconf 88' lang='lat' dir='ltr'><strong>omnipotens,</strong></span> <span class='ocrx_word' id='word_1_434' title='bbox 1563 3446 1761 3489; x_wconf 73' lang='lat' dir='ltr'><strong>mterne</strong></span> <span class='ocrx_word' id='word_1_435' title='bbox 1785 3434 1924 3489; x_wconf 91' lang='lat' dir='ltr'><strong>Deus</strong></span> <span class='ocrx_word' id='word_1_436' title='bbox 1952 3449 1971 3489; x_wconf 89' lang='lat'><strong><em>:</em></strong></span> <span class='ocrx_word' id='word_1_437' title='bbox 2000 3434 2087 3502; x_wconf 91' lang='lat' dir='ltr'><strong>qui</strong></span> 
     </span>
    </p>
   </div>
   <div class='ocr_carea' id='block_1_66' title="bbox 522 3523 2088 3593">
    <p class='ocr_par' dir='ltr' id='par_1_66' title="bbox 522 3523 2088 3593">
     <span class='ocr_line' id='line_1_66' title="bbox 522 3523 2088 3593; baseline -0.001 -16"><span class='ocrx_word' id='word_1_438' title='bbox 522 3524 591 3578; x_wconf 89' lang='lat' dir='ltr'><strong>ob</strong></span> <span class='ocrx_word' id='word_1_439' title='bbox 616 3526 912 3579; x_wconf 90' lang='lat' dir='ltr'><strong>animarum</strong></span> <span class='ocrx_word' id='word_1_440' title='bbox 962 3525 1223 3579; x_wconf 90' lang='lat' dir='ltr'><strong>medelam</strong></span> <span class='ocrx_word' id='word_1_441' title='bbox 1265 3525 1454 3593; x_wconf 72' lang='lat' dir='ltr'><strong>ji-junii</strong></span> <span class='ocrx_word' id='word_1_442' title='bbox 1505 3524 1787 3579; x_wconf 88' lang='lat' dir='ltr'><strong>devotione</strong></span> <span class='ocrx_word' id='word_1_443' title='bbox 1836 3523 2088 3591; x_wconf 87' lang='lat' dir='ltr'><strong>castigari</strong></span> 
     </span>
    </p>
   </div>
   <div class='ocr_carea' id='block_1_67' title="bbox 523 3615 2088 3687">
    <p class='ocr_par' dir='ltr' id='par_1_67' title="bbox 523 3615 2088 3687">
     <span class='ocr_line' id='line_1_67' title="bbox 523 3615 2088 3687; baseline -0.002 -17"><span class='ocrx_word' id='word_1_444' title='bbox 523 3633 743 3685; x_wconf 84' lang='lat' dir='ltr'><strong>corpora</strong></span> <span class='ocrx_word' id='word_1_445' title='bbox 790 3619 1125 3687; x_wconf 68' lang='lat' dir='ltr'><strong>prrecepisti;</strong></span> <span class='ocrx_word' id='word_1_446' title='bbox 1172 3616 1425 3679; x_wconf 73' lang='lat' dir='ltr'><strong>ioncede,</strong></span> <span class='ocrx_word' id='word_1_447' title='bbox 1457 3631 1780 3685; x_wconf 81' lang='lat' dir='ltr'><strong>quaesumus,</strong></span> <span class='ocrx_word' id='word_1_448' title='bbox 1827 3623 1883 3668; x_wconf 89' lang='lat' dir='ltr'><strong>ut</strong></span> <span class='ocrx_word' id='word_1_449' title='bbox 1928 3615 2088 3668; x_wconf 88' lang='lat' dir='ltr'><strong>corda</strong></span> 
     </span>
    </p>
   </div>
   <div class='ocr_carea' id='block_1_68' title="bbox 523 3706 2088 3775">
    <p class='ocr_par' dir='ltr' id='par_1_68' title="bbox 523 3706 2088 3775">
     <span class='ocr_line' id='line_1_68' title="bbox 523 3706 2088 3775; baseline -0.001 -16"><span class='ocrx_word' id='word_1_450' title='bbox 523 3717 705 3761; x_wconf 72' lang='lat' dir='ltr'><strong>n0stra</strong></span> <span class='ocrx_word' id='word_1_451' title='bbox 734 3706 803 3760; x_wconf 88' lang='lat' dir='ltr'><strong>ita</strong></span> <span class='ocrx_word' id='word_1_452' title='bbox 837 3708 1046 3775; x_wconf 90' lang='lat' dir='ltr'><strong>pietatis</strong></span> <span class='ocrx_word' id='word_1_453' title='bbox 1090 3718 1192 3761; x_wconf 69' lang='lat' dir='ltr'><strong>tua:</strong></span> <span class='ocrx_word' id='word_1_454' title='bbox 1247 3708 1455 3762; x_wconf 85' lang='lat' dir='ltr'><strong>valeant</strong></span> <span class='ocrx_word' id='word_1_455' title='bbox 1508 3721 1764 3761; x_wconf 82' lang='lat' dir='ltr'><strong>exercere</strong></span> <span class='ocrx_word' id='word_1_456' title='bbox 1817 3706 2088 3775; x_wconf 86' lang='lat' dir='ltr'><strong>mandata,</strong></span> 
     </span>
    </p>
   </div>
   <div class='ocr_carea' id='block_1_69' title="bbox 525 3797 2083 3866">
    <p class='ocr_par' dir='ltr' id='par_1_69' title="bbox 525 3797 2083 3866">
     <span class='ocr_line' id='line_1_69' title="bbox 525 3797 2083 3866; baseline 0.004 -20"><span class='ocrx_word' id='word_1_457' title='bbox 525 3806 580 3849; x_wconf 87' lang='lat' dir='ltr'><strong>nt</strong></span> <span class='ocrx_word' id='word_1_458' title='bbox 612 3797 675 3849; x_wconf 92' lang='lat' dir='ltr'><strong>ad</strong></span> <span class='ocrx_word' id='word_1_459' title='bbox 710 3805 795 3851; x_wconf 85' lang='lat' dir='ltr'><strong>tua</strong></span> <span class='ocrx_word' id='word_1_460' title='bbox 827 3813 1148 3863; x_wconf 91' lang='lat' dir='ltr'><strong>mereamur,</strong></span> <span class='ocrx_word' id='word_1_461' title='bbox 1195 3806 1245 3852; x_wconf 89' lang='lat' dir='ltr'><strong>te</strong></span> <span class='ocrx_word' id='word_1_462' title='bbox 1273 3799 1589 3866; x_wconf 84' lang='lat' dir='ltr'><strong>Opitulante,</strong></span> <span class='ocrx_word' id='word_1_463' title='bbox 1623 3797 1904 3866; x_wconf 79' lang='lat' dir='ltr'><strong>pervenire</strong></span> <span class='ocrx_word' id='word_1_464' title='bbox 1957 3811 2083 3865; x_wconf 84' lang='lat' dir='ltr'><strong>pro-</strong></span> 
     </span>
    </p>
   </div>
   <div class='ocr_carea' id='block_1_70' title="bbox 530 3882 1531 3942">
    <p class='ocr_par' dir='ltr' id='par_1_70' title="bbox 530 3882 1531 3942">
     <span class='ocr_line' id='line_1_70' title="bbox 530 3882 1531 3942; baseline 0.001 -3"><span class='ocrx_word' id='word_1_465' title='bbox 530 3888 711 3941; x_wconf 87' lang='lat' dir='ltr'><strong>missa.</strong></span> <span class='ocrx_word' id='word_1_466' title='bbox 748 3888 846 3941; x_wconf 83' lang='lat' dir='ltr'><strong>Per</strong></span> <span class='ocrx_word' id='word_1_467' title='bbox 878 3888 1155 3941; x_wconf 90' lang='lat' dir='ltr'><strong>Dominum</strong></span> <span class='ocrx_word' id='word_1_468' title='bbox 1185 3897 1446 3942; x_wconf 85' lang='lat' dir='ltr'><strong>nostrum.</strong></span> <span class='ocrx_word' id='word_1_469' title='bbox 1524 3882 1531 3887; x_wconf 77' lang='grc'><em>’</em></span> 
     </span>
    </p>
   </div>
   <div class='ocr_carea' id='block_1_71' title="bbox 599 3978 2093 4045">
    <p class='ocr_par' dir='ltr' id='par_1_71' title="bbox 599 3978 2093 4045">
     <span class='ocr_line' id='line_1_71' title="bbox 599 3978 2093 4045; baseline 0.001 -14"><span class='ocrx_word' id='word_1_470' title='bbox 599 3978 673 4031; x_wconf 82' lang='lat' dir='ltr'><strong>Ad</strong></span> <span class='ocrx_word' id='word_1_471' title='bbox 708 3978 1093 4042; x_wconf 85' lang='lat' dir='ltr'><strong>Complendum.</strong></span> <span class='ocrx_word' id='word_1_472' title='bbox 1117 4008 1187 4019; x_wconf 89' lang='lat'><strong>—-</strong></span> <span class='ocrx_word' id='word_1_473' title='bbox 1214 3978 1279 4033; x_wconf 90' lang='lat' dir='ltr'><strong>Ut</strong></span> <span class='ocrx_word' id='word_1_474' title='bbox 1301 3978 1492 4045; x_wconf 89' lang='lat' dir='ltr'><strong>sacris,</strong></span> <span class='ocrx_word' id='word_1_475' title='bbox 1525 3978 1779 4043; x_wconf 90' lang='lat' dir='ltr'><strong>Domine,</strong></span> <span class='ocrx_word' id='word_1_476' title='bbox 1806 3978 2093 4034; x_wconf 87' lang='lat' dir='ltr'><strong>reddamur</strong></span> 
     </span>
    </p>
   </div>
   <div class='ocr_carea' id='block_1_72' title="bbox 526 4067 2094 4136">
    <p class='ocr_par' dir='ltr' id='par_1_72' title="bbox 526 4067 2094 4136">
     <span class='ocr_line' id='line_1_72' title="bbox 526 4067 2094 4136; baseline 0.006 -22"><span class='ocrx_word' id='word_1_477' title='bbox 526 4068 669 4134; x_wconf 76' lang='lat' dir='ltr'><strong>digni</strong></span> <span class='ocrx_word' id='word_1_478' title='bbox 702 4068 1010 4121; x_wconf 89' lang='lat' dir='ltr'><strong>muneribus</strong></span> <span class='ocrx_word' id='word_1_479' title='bbox 1042 4086 1054 4121; x_wconf 73' lang='grc' dir='ltr'>ε</span> <span class='ocrx_word' id='word_1_480' title='bbox 1088 4067 1170 4121; x_wconf 78' lang='lat' dir='ltr'><strong>fac</strong></span> <span class='ocrx_word' id='word_1_481' title='bbox 1213 4082 1310 4121; x_wconf 91' lang='lat' dir='ltr'><strong>nos</strong></span> <span class='ocrx_word' id='word_1_482' title='bbox 1355 4067 1479 4130; x_wconf 91' lang='lat' dir='ltr'><strong>tuis,</strong></span> <span class='ocrx_word' id='word_1_483' title='bbox 1523 4082 1846 4136; x_wconf 64' lang='lat' dir='ltr'><strong>quaesumus,</strong></span> <span class='ocrx_word' id='word_1_484' title='bbox 1879 4067 2094 4123; x_wconf 73' lang='lat' dir='ltr'><strong>obedire</strong></span> 
     </span>
    </p>
   </div>
   <div class='ocr_carea' id='block_1_73' title="bbox 527 4156 1541 4213">
    <p class='ocr_par' dir='ltr' id='par_1_73' title="bbox 527 4156 1541 4213">
     <span class='ocr_line' id='line_1_73' title="bbox 527 4156 1541 4213; baseline 0.003 -5"><span class='ocrx_word' id='word_1_485' title='bbox 527 4156 806 4211; x_wconf 80' lang='lat' dir='ltr'><strong>mundatis.</strong></span> <span class='ocrx_word' id='word_1_486' title='bbox 842 4157 943 4213; x_wconf 88' lang='lat' dir='ltr'><strong>Per</strong></span> <span class='ocrx_word' id='word_1_487' title='bbox 974 4158 1249 4212; x_wconf 75' lang='lat' dir='ltr'><strong>Dominum</strong></span> <span class='ocrx_word' id='word_1_488' title='bbox 1280 4166 1541 4211; x_wconf 92' lang='lat' dir='ltr'><strong>nostrum.</strong></span> 
     </span>
    </p>
   </div>
   <div class='ocr_carea' id='block_1_74' title="bbox 599 4250 2175 4327">
    <p class='ocr_par' dir='ltr' id='par_1_74' title="bbox 599 4250 2175 4327">
     <span class='ocr_line' id='line_1_74' title="bbox 599 4250 2175 4327; baseline 0.001 -23"><span class='ocrx_word' id='word_1_489' title='bbox 599 4250 767 4316; x_wconf 82' lang='lat' dir='ltr'><strong>Super</strong></span> <span class='ocrx_word' id='word_1_490' title='bbox 797 4252 1060 4320; x_wconf 87' lang='lat' dir='ltr'><strong>populum.</strong></span> <span class='ocrx_word' id='word_1_491' title='bbox 1092 4250 1383 4305; x_wconf 70' lang='lat' dir='ltr'><strong>—-Pra:sta</strong></span> <span class='ocrx_word' id='word_1_492' title='bbox 1434 4250 1625 4319; x_wconf 89' lang='lat' dir='ltr'><strong>populo</strong></span> <span class='ocrx_word' id='word_1_493' title='bbox 1671 4258 1784 4317; x_wconf 88' lang='lat' dir='ltr'><strong>tuo,</strong></span> <span class='ocrx_word' id='word_1_494' title='bbox 1845 4251 2089 4319; x_wconf 86' lang='lat' dir='ltr'><strong>Domine,</strong></span> <span class='ocrx_word' id='word_1_495' title='bbox 2172 4326 2175 4327; x_wconf 13' lang='grc' dir='ltr'><em>ν</em></span> 
     </span>
    </p>
   </div>
   <div class='ocr_carea' id='block_1_75' title="bbox 526 4341 2091 4408">
    <p class='ocr_par' dir='ltr' id='par_1_75' title="bbox 526 4341 2091 4408">
     <span class='ocr_line' id='line_1_75' title="bbox 526 4341 2091 4408; baseline 0.001 -15"><span class='ocrx_word' id='word_1_496' title='bbox 526 4358 855 4408; x_wconf 71' lang='grc' dir='ltr'><strong>ιιιιίηευηιυδ,</strong></span> <span class='ocrx_word' id='word_1_497' title='bbox 882 4342 1269 4396; x_wconf 89' lang='lat' dir='ltr'><strong>consolationis</strong></span> <span class='ocrx_word' id='word_1_498' title='bbox 1320 4343 1591 4408; x_wconf 84' lang='lat' dir='ltr'><strong>auxilium,</strong></span> <span class='ocrx_word' id='word_1_499' title='bbox 1627 4351 1678 4396; x_wconf 90' lang='lat' dir='ltr'><strong>et</strong></span> <span class='ocrx_word' id='word_1_500' title='bbox 1708 4341 1970 4396; x_wconf 91' lang='lat' dir='ltr'><strong>diuturnis</strong></span> <span class='ocrx_word' id='word_1_501' title='bbox 2000 4358 2091 4397; x_wconf 84' lang='lat' dir='ltr'><strong>ca-</strong></span> 
     </span>
    </p>
   </div>
   <div class='ocr_carea' id='block_1_76' title="bbox 2261 3171 3759 3245">
    <p class='ocr_par' dir='ltr' id='par_1_76' title="bbox 2261 3171 3759 3245">
     <span class='ocr_line' id='line_1_76' title="bbox 2261 3171 3759 3245; baseline 0.004 -21"><span class='ocrx_word' id='word_1_502' title='bbox 2261 3171 2527 3239; x_wconf 73' lang='lat' dir='ltr'><strong>Prwfatio.</strong></span> <span class='ocrx_word' id='word_1_503' title='bbox 2556 3201 2628 3213; x_wconf 89' lang='lat'><strong><em>—</em></strong></span> <span class='ocrx_word' id='word_1_504' title='bbox 2654 3172 2791 3228; x_wconf 84' lang='lat' dir='ltr'><strong>Vere</strong></span> <span class='ocrx_word' id='word_1_505' title='bbox 2819 3173 3038 3243; x_wconf 88' lang='lat' dir='ltr'><strong>dignum</strong></span> <span class='ocrx_word' id='word_1_506' title='bbox 3066 3183 3122 3230; x_wconf 91' lang='lat' dir='ltr'><strong>et</strong></span> <span class='ocrx_word' id='word_1_507' title='bbox 3143 3175 3346 3244; x_wconf 89' lang='lat' dir='ltr'><strong>justum</strong></span> <span class='ocrx_word' id='word_1_508' title='bbox 3390 3184 3499 3240; x_wconf 90' lang='lat' dir='ltr'><strong>est,</strong></span> <span class='ocrx_word' id='word_1_509' title='bbox 3544 3190 3759 3245; x_wconf 66' lang='lat' dir='ltr'><strong>aequum</strong></span> 
     </span>
    </p>
   </div>
   <div class='ocr_carea' id='block_1_77' title="bbox 2190 3261 3757 3334">
    <p class='ocr_par' dir='ltr' id='par_1_77' title="bbox 2190 3261 3757 3334">
     <span class='ocr_line' id='line_1_77' title="bbox 2190 3261 3757 3334; baseline 0.004 -20"><span class='ocrx_word' id='word_1_510' title='bbox 2190 3269 2246 3314; x_wconf 89' lang='lat' dir='ltr'><strong>et</strong></span> <span class='ocrx_word' id='word_1_511' title='bbox 2270 3261 2524 3328; x_wconf 84' lang='lat' dir='ltr'><strong>salutare,</strong></span> <span class='ocrx_word' id='word_1_512' title='bbox 2556 3276 2653 3315; x_wconf 90' lang='lat' dir='ltr'><strong>nos</strong></span> <span class='ocrx_word' id='word_1_513' title='bbox 2681 3262 2773 3315; x_wconf 90' lang='lat' dir='ltr'><strong>tibi</strong></span> <span class='ocrx_word' id='word_1_514' title='bbox 2807 3277 3016 3331; x_wconf 86' lang='lat' dir='ltr'><strong>semper</strong></span> <span class='ocrx_word' id='word_1_515' title='bbox 3045 3272 3098 3318; x_wconf 90' lang='lat' dir='ltr'><strong>et</strong></span> <span class='ocrx_word' id='word_1_516' title='bbox 3124 3263 3320 3333; x_wconf 90' lang='lat' dir='ltr'><strong>ubique</strong></span> <span class='ocrx_word' id='word_1_517' title='bbox 3347 3266 3542 3333; x_wconf 82' lang='lat' dir='ltr'><strong>gratias</strong></span> <span class='ocrx_word' id='word_1_518' title='bbox 3570 3279 3757 3334; x_wconf 89' lang='lat' dir='ltr'><strong>agere,</strong></span> 
     </span>
    </p>
   </div>
   <div class='ocr_carea' id='block_1_78' title="bbox 2190 3349 3758 3419">
    <p class='ocr_par' dir='ltr' id='par_1_78' title="bbox 2190 3349 3758 3419">
     <span class='ocr_line' id='line_1_78' title="bbox 2190 3349 3758 3419; baseline 0.003 -17"><span class='ocrx_word' id='word_1_519' title='bbox 2190 3349 2415 3404; x_wconf 90' lang='lat' dir='ltr'><strong>Domine</strong></span> <span class='ocrx_word' id='word_1_520' title='bbox 2457 3360 2674 3415; x_wconf 85' lang='lat' dir='ltr'><strong>sancte,</strong></span> <span class='ocrx_word' id='word_1_521' title='bbox 2720 3349 2879 3405; x_wconf 89' lang='lat' dir='ltr'><strong>Pater</strong></span> <span class='ocrx_word' id='word_1_522' title='bbox 2919 3352 3289 3419; x_wconf 90' lang='lat' dir='ltr'><strong>omnipotens,</strong></span> <span class='ocrx_word' id='word_1_523' title='bbox 3330 3361 3527 3407; x_wconf 81' lang='lat' dir='ltr'><strong>:eterne</strong></span> <span class='ocrx_word' id='word_1_524' title='bbox 3574 3352 3758 3406; x_wconf 89' lang='lat' dir='ltr'><strong>Deus:</strong></span> 
     </span>
    </p>
   </div>
   <div class='ocr_carea' id='block_1_79' title="bbox 2190 3441 3759 3511">
    <p class='ocr_par' dir='ltr' id='par_1_79' title="bbox 2190 3441 3759 3511">
     <span class='ocr_line' id='line_1_79' title="bbox 2190 3441 3759 3511; baseline 0.002 -17"><span class='ocrx_word' id='word_1_525' title='bbox 2190 3450 2244 3494; x_wconf 86' lang='lat' dir='ltr'><strong>et</strong></span> <span class='ocrx_word' id='word_1_526' title='bbox 2286 3449 2426 3494; x_wconf 88' lang='lat' dir='ltr'><strong>tuam</strong></span> <span class='ocrx_word' id='word_1_527' title='bbox 2468 3455 2586 3495; x_wconf 92' lang='lat' dir='ltr'><strong>eum</strong></span> <span class='ocrx_word' id='word_1_528' title='bbox 2630 3441 2984 3496; x_wconf 86' lang='lat' dir='ltr'><strong>celebratione</strong></span> <span class='ocrx_word' id='word_1_529' title='bbox 3021 3441 3217 3511; x_wconf 88' lang='lat' dir='ltr'><strong>jejunii</strong></span> <span class='ocrx_word' id='word_1_530' title='bbox 3262 3442 3509 3511; x_wconf 85' lang='lat' dir='ltr'><strong>pietatem</strong></span> <span class='ocrx_word' id='word_1_531' title='bbox 3549 3442 3759 3497; x_wconf 84' lang='lat' dir='ltr'><strong>devotis</strong></span> 
     </span>
    </p>
   </div>
   <div class='ocr_carea' id='block_1_80' title="bbox 2194 3529 3757 3599">
    <p class='ocr_par' dir='ltr' id='par_1_80' title="bbox 2194 3529 3757 3599">
     <span class='ocr_line' id='line_1_80' title="bbox 2194 3529 3757 3599; baseline 0.001 -16"><span class='ocrx_word' id='word_1_532' title='bbox 2194 3530 2460 3583; x_wconf 87' lang='lat' dir='ltr'><strong>mentibus</strong></span> <span class='ocrx_word' id='word_1_533' title='bbox 2488 3529 2807 3595; x_wconf 89' lang='lat' dir='ltr'><strong>obsecrare,</strong></span> <span class='ocrx_word' id='word_1_534' title='bbox 2841 3538 2898 3583; x_wconf 89' lang='lat' dir='ltr'><strong>ut</strong></span> <span class='ocrx_word' id='word_1_535' title='bbox 2926 3530 3016 3598; x_wconf 92' lang='lat' dir='ltr'><strong>qui</strong></span> <span class='ocrx_word' id='word_1_536' title='bbox 3038 3571 3052 3595; x_wconf 91' lang='lat'><strong>,</strong></span> <span class='ocrx_word' id='word_1_537' title='bbox 3088 3532 3316 3598; x_wconf 86' lang='lat' dir='ltr'><strong>peccatis</strong></span> <span class='ocrx_word' id='word_1_538' title='bbox 3359 3530 3757 3599; x_wconf 85' lang='lat' dir='ltr'><strong>ingruentibus,</strong></span> 
     </span>
    </p>
   </div>
   <div class='ocr_carea' id='block_1_81' title="bbox 2192 3617 3766 3687">
    <p class='ocr_par' dir='ltr' id='par_1_81' title="bbox 2192 3617 3766 3687">
     <span class='ocr_line' id='line_1_81' title="bbox 2192 3617 3766 3687; baseline 0.001 -15"><span class='ocrx_word' id='word_1_539' title='bbox 2192 3619 2450 3672; x_wconf 89' lang='lat' dir='ltr'><strong>malorum</strong></span> <span class='ocrx_word' id='word_1_540' title='bbox 2482 3617 2717 3687; x_wconf 88' lang='lat' dir='ltr'><strong>pondere</strong></span> <span class='ocrx_word' id='word_1_541' title='bbox 2744 3618 3051 3687; x_wconf 88' lang='lat' dir='ltr'><strong>premimur,</strong></span> <span class='ocrx_word' id='word_1_542' title='bbox 3081 3628 3137 3674; x_wconf 90' lang='lat' dir='ltr'><strong>et</strong></span> <span class='ocrx_word' id='word_1_543' title='bbox 3178 3633 3205 3670; x_wconf 88' lang='lat' dir='ltr'><strong>a</strong></span> <span class='ocrx_word' id='word_1_544' title='bbox 3249 3619 3477 3687; x_wconf 85' lang='lat' dir='ltr'><strong>peccatis</strong></span> <span class='ocrx_word' id='word_1_545' title='bbox 3513 3619 3766 3673; x_wconf 74' lang='lat' dir='ltr'><strong>omnibus</strong></span> 
     </span>
    </p>
   </div>
   <div class='ocr_carea' id='block_1_82' title="bbox 2193 3708 3763 3777">
    <p class='ocr_par' dir='ltr' id='par_1_82' title="bbox 2193 3708 3763 3777">
     <span class='ocr_line' id='line_1_82' title="bbox 2193 3708 3763 3777; baseline 0.002 -15"><span class='ocrx_word' id='word_1_546' title='bbox 2193 3709 2498 3777; x_wconf 88' lang='lat' dir='ltr'><strong>liberemur,</strong></span> <span class='ocrx_word' id='word_1_547' title='bbox 2524 3717 2579 3763; x_wconf 87' lang='lat' dir='ltr'><strong>et</strong></span> <span class='ocrx_word' id='word_1_548' title='bbox 2606 3708 2770 3764; x_wconf 89' lang='lat' dir='ltr'><strong>libera</strong></span> <span class='ocrx_word' id='word_1_549' title='bbox 2801 3708 2895 3763; x_wconf 90' lang='lat' dir='ltr'><strong>tibi</strong></span> <span class='ocrx_word' id='word_1_550' title='bbox 2924 3716 3101 3765; x_wconf 88' lang='lat' dir='ltr'><strong>mente</strong></span> <span class='ocrx_word' id='word_1_551' title='bbox 3131 3708 3464 3765; x_wconf 83' lang='lat' dir='ltr'><strong>famulemur.</strong></span> <span class='ocrx_word' id='word_1_552' title='bbox 3486 3710 3585 3765; x_wconf 91' lang='lat' dir='ltr'><strong>Per</strong></span> <span class='ocrx_word' id='word_1_553' title='bbox 3605 3709 3763 3765; x_wconf 81' lang='lat' dir='ltr'><strong>Chri-</strong></span> 
     </span>
    </p>
   </div>
   <div class='ocr_carea' id='block_1_83' title="bbox 2193 3803 2930 3857">
    <p class='ocr_par' dir='ltr' id='par_1_83' title="bbox 2193 3803 2930 3857">
     <span class='ocr_line' id='line_1_83' title="bbox 2193 3803 2930 3857; baseline -0.003 0"><span class='ocrx_word' id='word_1_554' title='bbox 2193 3811 2331 3857; x_wconf 89' lang='lat' dir='ltr'><strong>stum</strong></span> <span class='ocrx_word' id='word_1_555' title='bbox 2361 3803 2640 3857; x_wconf 91' lang='lat' dir='ltr'><strong>Dominum</strong></span> <span class='ocrx_word' id='word_1_556' title='bbox 2670 3810 2930 3856; x_wconf 90' lang='lat' dir='ltr'><strong>nostrum.</strong></span> 
     </span>
    </p>
   </div>
   <div class='ocr_carea' id='block_1_84' title="bbox 2270 3892 3761 3963">
    <p class='ocr_par' dir='ltr' id='par_1_84' title="bbox 2270 3892 3761 3963">
     <span class='ocr_line' id='line_1_84' title="bbox 2270 3892 3761 3963; baseline -0.002 -17"><span class='ocrx_word' id='word_1_557' title='bbox 2270 3894 2351 3947; x_wconf 84' lang='lat' dir='ltr'><strong>Ad</strong></span> <span class='ocrx_word' id='word_1_558' title='bbox 2391 3893 2777 3963; x_wconf 84' lang='lat' dir='ltr'><strong>Complendum.</strong></span> <span class='ocrx_word' id='word_1_559' title='bbox 2810 3923 2876 3933; x_wconf 96' lang='lat'><strong>—</strong></span> <span class='ocrx_word' id='word_1_560' title='bbox 2904 3892 3082 3948; x_wconf 85' lang='lat' dir='ltr'><strong>Gratia</strong></span> <span class='ocrx_word' id='word_1_561' title='bbox 3122 3900 3208 3945; x_wconf 89' lang='lat' dir='ltr'><strong>tua</strong></span> <span class='ocrx_word' id='word_1_562' title='bbox 3247 3905 3345 3947; x_wconf 87' lang='lat' dir='ltr'><strong>nos</strong></span> <span class='ocrx_word' id='word_1_563' title='bbox 3368 3932 3384 3957; x_wconf 91' lang='lat'><strong>,</strong></span> <span class='ocrx_word' id='word_1_564' title='bbox 3424 3904 3761 3962; x_wconf 59' lang='lat' dir='ltr'><strong>quaesumus,</strong></span> 
     </span>
    </p>
   </div>
   <div class='ocr_carea' id='block_1_85' title="bbox 2194 3981 3766 4053">
    <p class='ocr_par' dir='ltr' id='par_1_85' title="bbox 2194 3981 3766 4053">
     <span class='ocr_line' id='line_1_85' title="bbox 2194 3981 3766 4053; baseline -0.001 -16"><span class='ocrx_word' id='word_1_565' title='bbox 2194 3984 2449 4051; x_wconf 89' lang='lat' dir='ltr'><strong>Domine,</strong></span> <span class='ocrx_word' id='word_1_566' title='bbox 2478 4000 2584 4038; x_wconf 92' lang='lat' dir='ltr'><strong>non</strong></span> <span class='ocrx_word' id='word_1_567' title='bbox 2616 3983 2979 4053; x_wconf 88' lang='lat' dir='ltr'><strong>derelinquat,</strong></span> <span class='ocrx_word' id='word_1_568' title='bbox 3012 3997 3129 4050; x_wconf 64' lang='lat' dir='ltr'><strong>quae</strong></span> <span class='ocrx_word' id='word_1_569' title='bbox 3154 3991 3209 4037; x_wconf 88' lang='lat' dir='ltr'><strong>et</strong></span> <span class='ocrx_word' id='word_1_570' title='bbox 3233 3996 3400 4039; x_wconf 66' lang='lat' dir='ltr'><strong>sacra</strong></span> <span class='ocrx_word' id='word_1_571' title='bbox 3430 3997 3527 4037; x_wconf 92' lang='lat' dir='ltr'><strong>nos</strong></span> <span class='ocrx_word' id='word_1_572' title='bbox 3555 3981 3766 4036; x_wconf 83' lang='lat' dir='ltr'><strong>deditos</strong></span> 
     </span>
    </p>
   </div>
   <div class='ocr_carea' id='block_1_86' title="bbox 2202 4072 3765 4143">
    <p class='ocr_par' dir='ltr' id='par_1_86' title="bbox 2202 4072 3765 4143">
     <span class='ocr_line' id='line_1_86' title="bbox 2202 4072 3765 4143; baseline -0.002 -14"><span class='ocrx_word' id='word_1_573' title='bbox 2202 4076 2359 4131; x_wconf 88' lang='lat' dir='ltr'><strong>faciat</strong></span> <span class='ocrx_word' id='word_1_574' title='bbox 2386 4076 2667 4141; x_wconf 88' lang='lat' dir='ltr'><strong>servituti,</strong></span> <span class='ocrx_word' id='word_1_575' title='bbox 2694 4084 2748 4130; x_wconf 89' lang='lat' dir='ltr'><strong>et</strong></span> <span class='ocrx_word' id='word_1_576' title='bbox 2778 4085 2919 4129; x_wconf 90' lang='lat' dir='ltr'><strong>tuam</strong></span> <span class='ocrx_word' id='word_1_577' title='bbox 2948 4072 3104 4128; x_wconf 87' lang='lat' dir='ltr'><strong>nobis</strong></span> <span class='ocrx_word' id='word_1_578' title='bbox 3141 4088 3297 4143; x_wconf 85' lang='lat' dir='ltr'><strong>Opem</strong></span> <span class='ocrx_word' id='word_1_579' title='bbox 3334 4088 3546 4141; x_wconf 86' lang='lat' dir='ltr'><strong>semper</strong></span> <span class='ocrx_word' id='word_1_580' title='bbox 3584 4073 3765 4142; x_wconf 84' lang='lat' dir='ltr'><strong>aequi-</strong></span> 
     </span>
    </p>
   </div>
   <div class='ocr_carea' id='block_1_87' title="bbox 2196 4164 3033 4220">
    <p class='ocr_par' dir='ltr' id='par_1_87' title="bbox 2196 4164 3033 4220">
     <span class='ocr_line' id='line_1_87' title="bbox 2196 4164 3033 4220; baseline -0.007 0"><span class='ocrx_word' id='word_1_581' title='bbox 2196 4174 2297 4220; x_wconf 89' lang='lat' dir='ltr'><strong>rat.</strong></span> <span class='ocrx_word' id='word_1_582' title='bbox 2332 4166 2433 4220; x_wconf 87' lang='lat' dir='ltr'><strong>Per</strong></span> <span class='ocrx_word' id='word_1_583' title='bbox 2463 4164 2743 4219; x_wconf 91' lang='lat' dir='ltr'><strong>Dominum</strong></span> <span class='ocrx_word' id='word_1_584' title='bbox 2773 4170 3033 4217; x_wconf 89' lang='lat' dir='ltr'><strong>nostrum.</strong></span> 
     </span>
    </p>
   </div>
   <div class='ocr_carea' id='block_1_88' title="bbox 2266 4248 3766 4327">
    <p class='ocr_par' dir='ltr' id='par_1_88' title="bbox 2266 4248 3766 4327">
     <span class='ocr_line' id='line_1_88' title="bbox 2266 4248 3766 4327; baseline -0.005 -16"><span class='ocrx_word' id='word_1_585' title='bbox 2266 4256 2375 4327; x_wconf 70' lang='grc'><strong>46</strong></span> <span class='ocrx_word' id='word_1_586' title='bbox 2405 4256 2575 4326; x_wconf 88' lang='lat' dir='ltr'><strong>Super</strong></span> <span class='ocrx_word' id='word_1_587' title='bbox 2606 4255 2873 4323; x_wconf 83' lang='lat' dir='ltr'><strong>populum.</strong></span> <span class='ocrx_word' id='word_1_588' title='bbox 2902 4282 2973 4293; x_wconf 92' lang='lat'><strong><em>—</em></strong></span> <span class='ocrx_word' id='word_1_589' title='bbox 3000 4251 3232 4315; x_wconf 85' lang='lat' dir='ltr'><strong>Adesto,</strong></span> <span class='ocrx_word' id='word_1_590' title='bbox 3268 4250 3485 4304; x_wconf 88' lang='lat' dir='ltr'><strong>Domine</strong></span> <span class='ocrx_word' id='word_1_591' title='bbox 3504 4290 3519 4315; x_wconf 96' lang='lat'><strong>,</strong></span> <span class='ocrx_word' id='word_1_592' title='bbox 3551 4248 3766 4304; x_wconf 88' lang='lat' dir='ltr'><strong>famulis</strong></span> 
     </span>
    </p>
   </div>
   <div class='ocr_carea' id='block_1_89' title="bbox 2197 4340 3757 4418">
    <p class='ocr_par' dir='ltr' id='par_1_89' title="bbox 2197 4340 3757 4418">
     <span class='ocr_line' id='line_1_89' title="bbox 2197 4340 3757 4418; baseline -0.007 -15"><span class='ocrx_word' id='word_1_593' title='bbox 2197 4351 2324 4414; x_wconf 91' lang='lat' dir='ltr'><strong>tuis,</strong></span> <span class='ocrx_word' id='word_1_594' title='bbox 2348 4359 2401 4403; x_wconf 91' lang='lat' dir='ltr'><strong>et</strong></span> <span class='ocrx_word' id='word_1_595' title='bbox 2425 4356 2732 4418; x_wconf 86' lang='lat' dir='ltr'><strong>perpetuam</strong></span> <span class='ocrx_word' id='word_1_596' title='bbox 2759 4344 3134 4414; x_wconf 87' lang='lat' dir='ltr'><strong>benignitatem</strong></span> <span class='ocrx_word' id='word_1_597' title='bbox 3160 4341 3353 4409; x_wconf 86' lang='lat' dir='ltr'><strong>largire</strong></span> <span class='ocrx_word' id='word_1_598' title='bbox 3382 4340 3721 4409; x_wconf 90' lang='lat' dir='ltr'><strong>poscentibus</strong></span> <span class='ocrx_word' id='word_1_599' title='bbox 3741 4380 3757 4402; x_wconf 90' lang='lat'><strong>,</strong></span> 
     </span>
    </p>
   </div>
   <div class='ocr_carea' id='block_1_90' title="bbox 530 4430 3765 4524">
    <p class='ocr_par' dir='ltr' id='par_1_90' title="bbox 530 4430 3765 4524">
     <span class='ocr_line' id='line_1_90' title="bbox 530 4430 3765 4524; baseline 0 -43"><span class='ocrx_word' id='word_1_600' title='bbox 530 4432 851 4484; x_wconf 82' lang='lat' dir='ltr'><strong>lamitatibus</strong></span> <span class='ocrx_word' id='word_1_601' title='bbox 881 4433 1206 4484; x_wconf 88' lang='lat' dir='ltr'><strong>laborantem</strong></span> <span class='ocrx_word' id='word_1_602' title='bbox 1237 4430 1497 4497; x_wconf 81' lang='lat' dir='ltr'><strong>prepitius</strong></span> <span class='ocrx_word' id='word_1_603' title='bbox 1524 4431 1790 4494; x_wconf 79' lang='lat' dir='ltr'><strong>reSpirate</strong></span> <span class='ocrx_word' id='word_1_604' title='bbox 1832 4430 2087 4484; x_wconf 89' lang='lat' dir='ltr'><strong>concede.</strong></span> <span class='ocrx_word' id='word_1_605' title='bbox 2121 4467 2174 4524; x_wconf 76' lang='grc' dir='ltr'><strong>Ι)</strong></span> <span class='ocrx_word' id='word_1_606' title='bbox 2199 4445 2258 4491; x_wconf 80' lang='lat' dir='ltr'><strong>ut</strong></span> <span class='ocrx_word' id='word_1_607' title='bbox 2287 4438 2367 4490; x_wconf 72' lang='lat' dir='ltr'><strong>liis</strong></span> <span class='ocrx_word' id='word_1_608' title='bbox 2394 4438 2482 4504; x_wconf 87' lang='lat' dir='ltr'><strong>qui</strong></span> <span class='ocrx_word' id='word_1_609' title='bbox 2518 4446 2571 4490; x_wconf 79' lang='lat' dir='ltr'><strong>te</strong></span> <span class='ocrx_word' id='word_1_610' title='bbox 2609 4443 2828 4489; x_wconf 84' lang='lat' dir='ltr'><strong>auctore</strong></span> <span class='ocrx_word' id='word_1_611' title='bbox 2871 4443 2925 4488; x_wconf 85' lang='lat' dir='ltr'><strong>et</strong></span> <span class='ocrx_word' id='word_1_612' title='bbox 2966 4432 3321 4502; x_wconf 86' lang='lat' dir='ltr'><strong>gubernatore</strong></span> <span class='ocrx_word' id='word_1_613' title='bbox 3362 4430 3671 4499; x_wconf 84' lang='lat' dir='ltr'><strong>gloriantur,</strong></span> <span class='ocrx_word' id='word_1_614' title='bbox 3711 4438 3765 4482; x_wconf 90' lang='lat' dir='ltr'><strong>et</strong></span> 
     </span>
    </p>
   </div>
   <div class='ocr_carea' id='block_1_91' title="bbox 527 4519 1526 4574">
    <p class='ocr_par' dir='ltr' id='par_1_91' title="bbox 527 4519 1526 4574">
     <span class='ocr_line' id='line_1_91' title="bbox 527 4519 1526 4574; baseline -0.004 -1"><span class='ocrx_word' id='word_1_615' title='bbox 527 4519 631 4574; x_wconf 77' lang='lat' dir='ltr'><strong>l‘er</strong></span> <span class='ocrx_word' id='word_1_616' title='bbox 660 4521 922 4573; x_wconf 81' lang='lat' dir='ltr'><strong>Christum</strong></span> <span class='ocrx_word' id='word_1_617' title='bbox 957 4519 1233 4572; x_wconf 87' lang='lat' dir='ltr'><strong>Dominum</strong></span> <span class='ocrx_word' id='word_1_618' title='bbox 1266 4527 1526 4571; x_wconf 86' lang='lat' dir='ltr'><strong>nostrum.</strong></span> 
     </span>
    </p>
   </div>
   <div class='ocr_carea' id='block_1_92' title="bbox 809 4622 1810 4665">
    <p class='ocr_par' dir='ltr' id='par_1_92' title="bbox 809 4622 1810 4665">
     <span class='ocr_line' id='line_1_92' title="bbox 809 4622 1810 4665; baseline -0.001 -2"><span class='ocrx_word' id='word_1_619' title='bbox 809 4626 964 4665; x_wconf 67' lang='lat' dir='ltr'><strong>FEDIA</strong></span> <span class='ocrx_word' id='word_1_620' title='bbox 1000 4622 1020 4648; x_wconf 68' lang='grc' dir='ltr'>θ</span> <span class='ocrx_word' id='word_1_621' title='bbox 1052 4625 1101 4663; x_wconf 75' lang='lat' dir='ltr'><strong>IV</strong></span> <span class='ocrx_word' id='word_1_622' title='bbox 1131 4625 1179 4663; x_wconf 65' lang='lat' dir='ltr'><strong>IK</strong></span> <span class='ocrx_word' id='word_1_623' title='bbox 1218 4624 1531 4665; x_wconf 71' lang='lat' dir='ltr'><strong>HEBDOIADA</strong></span> <span class='ocrx_word' id='word_1_624' title='bbox 1556 4624 1810 4663; x_wconf 73' lang='lat' dir='ltr'><strong>SECUNDA.</strong></span> 
     </span>
    </p>
   </div>
   <div class='ocr_carea' id='block_1_93' title="bbox 606 4698 2093 4769">
    <p class='ocr_par' dir='ltr' id='par_1_93' title="bbox 606 4698 2093 4769">
     <span class='ocr_line' id='line_1_93' title="bbox 606 4698 2093 4769; baseline 0 -16"><span class='ocrx_word' id='word_1_625' title='bbox 606 4702 856 4769; x_wconf 80' lang='lat' dir='ltr'><strong>l’upulttm</strong></span> <span class='ocrx_word' id='word_1_626' title='bbox 885 4711 1051 4768; x_wconf 91' lang='lat' dir='ltr'><strong>tuum,</strong></span> <span class='ocrx_word' id='word_1_627' title='bbox 1079 4700 1321 4764; x_wconf 86' lang='lat' dir='ltr'><strong>Domine,</strong></span> <span class='ocrx_word' id='word_1_628' title='bbox 1347 4698 1603 4767; x_wconf 84' lang='lat' dir='ltr'><strong>propitius</strong></span> <span class='ocrx_word' id='word_1_629' title='bbox 1636 4700 1874 4767; x_wconf 89' lang='lat' dir='ltr'><strong>respice,</strong></span> <span class='ocrx_word' id='word_1_630' title='bbox 1906 4698 2010 4768; x_wconf 68' lang='grc'><strong>45</strong></span> <span class='ocrx_word' id='word_1_631' title='bbox 2040 4710 2093 4753; x_wconf 88' lang='lat' dir='ltr'><strong>et</strong></span> 
     </span>
    </p>
   </div>
   <div class='ocr_carea' id='block_1_94' title="bbox 529 4788 2087 4860">
    <p class='ocr_par' dir='ltr' id='par_1_94' title="bbox 529 4788 2087 4860">
     <span class='ocr_line' id='line_1_94' title="bbox 529 4788 2087 4860; baseline -0.001 -16"><span class='ocrx_word' id='word_1_632' title='bbox 529 4806 662 4860; x_wconf 81' lang='lat' dir='ltr'><strong>quos</strong></span> <span class='ocrx_word' id='word_1_633' title='bbox 690 4791 756 4844; x_wconf 89' lang='lat' dir='ltr'><strong>ab</strong></span> <span class='ocrx_word' id='word_1_634' title='bbox 784 4791 923 4845; x_wconf 91' lang='lat' dir='ltr'><strong>escis</strong></span> <span class='ocrx_word' id='word_1_635' title='bbox 949 4790 1249 4845; x_wconf 87' lang='lat' dir='ltr'><strong>carnalibus</strong></span> <span class='ocrx_word' id='word_1_636' title='bbox 1280 4788 1521 4857; x_wconf 71' lang='lat' dir='ltr'><strong>praecipis</strong></span> <span class='ocrx_word' id='word_1_637' title='bbox 1547 4790 1844 4847; x_wconf 83' lang='lat' dir='ltr'><strong>abstinere.</strong></span> <span class='ocrx_word' id='word_1_638' title='bbox 1863 4804 1891 4842; x_wconf 91' lang='lat' dir='ltr'><strong>a</strong></span> <span class='ocrx_word' id='word_1_639' title='bbox 1920 4790 2087 4851; x_wconf 76' lang='lat' dir='ltr'><strong>noxiis</strong></span> 
     </span>
    </p>
   </div>
   <div class='ocr_carea' id='block_1_95' title="bbox 598 4923 2089 4990">
    <p class='ocr_par' dir='ltr' id='par_1_95' title="bbox 598 4923 2089 4990">
     <span class='ocr_line' id='line_1_95' title="bbox 598 4923 2089 4990; baseline -0.001 -12"><span class='ocrx_word' id='word_1_640' title='bbox 598 4936 623 4960; x_wconf 68' lang='grc' dir='ltr'><strong>ιι</strong></span> <span class='ocrx_word' id='word_1_641' title='bbox 664 4925 813 4983; x_wconf 78' lang='lat' dir='ltr'><strong>Apud</strong></span> <span class='ocrx_word' id='word_1_642' title='bbox 840 4926 1149 4987; x_wconf 87' lang='lat' dir='ltr'><strong>Pamelium,</strong></span> <span class='ocrx_word' id='word_1_643' title='bbox 1176 4923 1626 4977; x_wconf 83' lang='lat' dir='ltr'><strong>consentientibus</strong></span> <span class='ocrx_word' id='word_1_644' title='bbox 1651 4923 1772 4976; x_wconf 84' lang='lat' dir='ltr'><strong>Mss.</strong></span> <span class='ocrx_word' id='word_1_645' title='bbox 1802 4925 1931 4990; x_wconf 82' lang='lat' dir='ltr'><strong>Reg.</strong></span> <span class='ocrx_word' id='word_1_646' title='bbox 1957 4924 2089 4978; x_wconf 87' lang='lat' dir='ltr'><strong>Sue-</strong></span> 
     </span>
    </p>
   </div>
   <div class='ocr_carea' id='block_1_96' title="bbox 530 4992 2085 5058">
    <p class='ocr_par' dir='ltr' id='par_1_96' title="bbox 530 4992 2085 5058">
     <span class='ocr_line' id='line_1_96' title="bbox 530 4992 2085 5058; baseline -0.001 -10"><span class='ocrx_word' id='word_1_647' title='bbox 530 4999 646 5058; x_wconf 52' lang='lat' dir='ltr'><strong>cia‘,</strong></span> <span class='ocrx_word' id='word_1_648' title='bbox 681 4997 912 5058; x_wconf 83' lang='lat' dir='ltr'><strong>Gemet.,</strong></span> <span class='ocrx_word' id='word_1_649' title='bbox 938 4995 1142 5047; x_wconf 88' lang='lat' dir='ltr'><strong>duobus</strong></span> <span class='ocrx_word' id='word_1_650' title='bbox 1164 4993 1390 5055; x_wconf 86' lang='lat' dir='ltr'><strong>&#39;l‘heod.,</strong></span> <span class='ocrx_word' id='word_1_651' title='bbox 1423 5008 1625 5046; x_wconf 88' lang='lat' dir='ltr'><strong>necnon</strong></span> <span class='ocrx_word' id='word_1_652' title='bbox 1658 4992 1883 5047; x_wconf 87' lang='lat' dir='ltr'><strong>Kalend.</strong></span> <span class='ocrx_word' id='word_1_653' title='bbox 1910 4992 2085 5058; x_wconf 82' lang='lat' dir='ltr'><strong>Rom.,</strong></span> 
     </span>
    </p>
   </div>
   <div class='ocr_carea' id='block_1_97' title="bbox 530 5063 1483 5119">
    <p class='ocr_par' dir='ltr' id='par_1_97' title="bbox 530 5063 1483 5119">
     <span class='ocr_line' id='line_1_97' title="bbox 530 5063 1483 5119; baseline -0.003 0"><span class='ocrx_word' id='word_1_654' title='bbox 530 5067 686 5119; x_wconf 79' lang='lat' dir='ltr'><strong>sta&#39;io</strong></span> <span class='ocrx_word' id='word_1_655' title='bbox 716 5074 797 5119; x_wconf 79' lang='lat' dir='ltr'><strong>est</strong></span> <span class='ocrx_word' id='word_1_656' title='bbox 825 5067 891 5118; x_wconf 84' lang='lat' dir='ltr'><strong>ad</strong></span> <span class='ocrx_word' id='word_1_657' title='bbox 908 5075 1135 5118; x_wconf 73' lang='lat' dir='ltr'><strong>sanciunt</strong></span> <span class='ocrx_word' id='word_1_658' title='bbox 1162 5063 1483 5116; x_wconf 77' lang='lat' dir='ltr'><strong>Clementem.</strong></span> 
     </span>
    </p>
   </div>
   <div class='ocr_carea' id='block_1_98' title="bbox 600 5132 2085 5201">
    <p class='ocr_par' dir='ltr' id='par_1_98' title="bbox 600 5132 2085 5201">
     <span class='ocr_line' id='line_1_98' title="bbox 600 5132 2085 5201; baseline -0.003 -12"><span class='ocrx_word' id='word_1_659' title='bbox 600 5135 624 5170; x_wconf 68' lang='grc' dir='ltr'><strong>ι’</strong></span> <span class='ocrx_word' id='word_1_660' title='bbox 654 5137 709 5189; x_wconf 85' lang='grc' dir='ltr'><strong>1η</strong></span> <span class='ocrx_word' id='word_1_661' title='bbox 740 5136 960 5190; x_wconf 81' lang='lat' dir='ltr'><strong>Kalend.</strong></span> <span class='ocrx_word' id='word_1_662' title='bbox 989 5136 1168 5198; x_wconf 80' lang='lat' dir='ltr'><strong>Rom.,</strong></span> <span class='ocrx_word' id='word_1_663' title='bbox 1199 5134 1281 5187; x_wconf 89' lang='lat' dir='ltr'><strong>cui</strong></span> <span class='ocrx_word' id='word_1_664' title='bbox 1310 5132 1666 5201; x_wconf 83' lang='lat' dir='ltr'><strong>suffragantur</strong></span> <span class='ocrx_word' id='word_1_665' title='bbox 1709 5132 1816 5184; x_wconf 84' lang='lat' dir='ltr'><strong>duo</strong></span> <span class='ocrx_word' id='word_1_666' title='bbox 1855 5132 2085 5197; x_wconf 81' lang='lat' dir='ltr'><strong>Theod.,</strong></span> 
     </span>
    </p>
   </div>
   <div class='ocr_carea' id='block_1_99' title="bbox 530 5202 2091 5270">
    <p class='ocr_par' dir='ltr' id='par_1_99' title="bbox 530 5202 2091 5270">
     <span class='ocr_line' id='line_1_99' title="bbox 530 5202 2091 5270; baseline 0 -13"><span class='ocrx_word' id='word_1_667' title='bbox 530 5207 688 5258; x_wconf 84' lang='lat' dir='ltr'><strong>statio</strong></span> <span class='ocrx_word' id='word_1_668' title='bbox 728 5215 809 5260; x_wconf 87' lang='lat' dir='ltr'><strong>est</strong></span> <span class='ocrx_word' id='word_1_669' title='bbox 834 5206 899 5259; x_wconf 85' lang='lat' dir='ltr'><strong>ad</strong></span> <span class='ocrx_word' id='word_1_670' title='bbox 938 5214 1164 5259; x_wconf 76' lang='lat' dir='ltr'><strong>sanctam</strong></span> <span class='ocrx_word' id='word_1_671' title='bbox 1217 5204 1498 5267; x_wconf 80' lang='lat' dir='ltr'><strong>Balbinum,</strong></span> <span class='ocrx_word' id='word_1_672' title='bbox 1528 5204 1678 5270; x_wconf 88' lang='lat' dir='ltr'><strong>cujus</strong></span> <span class='ocrx_word' id='word_1_673' title='bbox 1728 5202 1862 5255; x_wconf 87' lang='lat' dir='ltr'><strong>tituli</strong></span> <span class='ocrx_word' id='word_1_674' title='bbox 1895 5206 2091 5257; x_wconf 89' lang='lat' dir='ltr'><strong>mentio</strong></span> 
     </span>
    </p>
   </div>
   <div class='ocr_carea' id='block_1_100' title="bbox 531 5271 2088 5344">
    <p class='ocr_par' dir='ltr' id='par_1_100' title="bbox 531 5271 2088 5344">
     <span class='ocr_line' id='line_1_100' title="bbox 531 5271 2088 5344; baseline -0.001 -17"><span class='ocrx_word' id='word_1_675' title='bbox 531 5288 610 5327; x_wconf 52' lang='lat' dir='ltr'><strong>est</strong></span> <span class='ocrx_word' id='word_1_676' title='bbox 635 5278 684 5327; x_wconf 93' lang='lat' dir='ltr'><strong>in</strong></span> <span class='ocrx_word' id='word_1_677' title='bbox 714 5276 914 5344; x_wconf 83' lang='lat' dir='ltr'><strong>synodo</strong></span> <span class='ocrx_word' id='word_1_678' title='bbox 946 5276 1119 5328; x_wconf 87' lang='lat' dir='ltr'><strong>habita</strong></span> <span class='ocrx_word' id='word_1_679' title='bbox 1150 5273 1260 5344; x_wconf 18' lang='lat' dir='ltr'><strong>sub»</strong></span> <span class='ocrx_word' id='word_1_680' title='bbox 1287 5282 1470 5326; x_wconf 88' lang='lat' dir='ltr'><strong>sancto</strong></span> <span class='ocrx_word' id='word_1_681' title='bbox 1520 5271 1792 5341; x_wconf 73' lang='lat' dir='ltr'><strong>Gregorio,</strong></span> <span class='ocrx_word' id='word_1_682' title='bbox 1822 5282 1878 5325; x_wconf 91' lang='lat' dir='ltr'><strong>ut</strong></span> <span class='ocrx_word' id='word_1_683' title='bbox 1906 5274 2088 5326; x_wconf 88' lang='lat' dir='ltr'><strong>obser-</strong></span> 
     </span>
    </p>
   </div>
   <div class='ocr_carea' id='block_1_101' title="bbox 531 5342 2092 5411">
    <p class='ocr_par' dir='ltr' id='par_1_101' title="bbox 531 5342 2092 5411">
     <span class='ocr_line' id='line_1_101' title="bbox 531 5342 2092 5411; baseline 0.001 -17"><span class='ocrx_word' id='word_1_684' title='bbox 531 5356 616 5395; x_wconf 74' lang='lat' dir='ltr'><strong>vat</strong></span> <span class='ocrx_word' id='word_1_685' title='bbox 669 5342 819 5399; x_wconf 73' lang='lat' dir='ltr'><strong>Joan.</strong></span> <span class='ocrx_word' id='word_1_686' title='bbox 864 5346 1078 5399; x_wconf 85' lang='lat' dir='ltr'><strong>Fronto.</strong></span> <span class='ocrx_word' id='word_1_687' title='bbox 1113 5342 1267 5407; x_wconf 83' lang='lat' dir='ltr'><strong>Apud</strong></span> <span class='ocrx_word' id='word_1_688' title='bbox 1296 5344 1494 5395; x_wconf 83' lang='lat' dir='ltr'><strong>Pamel.</strong></span> <span class='ocrx_word' id='word_1_689' title='bbox 1545 5344 1737 5411; x_wconf 88' lang='lat' dir='ltr'><strong>legitur</strong></span> <span class='ocrx_word' id='word_1_690' title='bbox 1798 5360 1809 5393; x_wconf 89' lang='lat'><strong>:</strong></span> <span class='ocrx_word' id='word_1_691' title='bbox 1857 5344 1934 5393; x_wconf 78' lang='lat' dir='ltr'><strong>Ad</strong></span> <span class='ocrx_word' id='word_1_692' title='bbox 1965 5360 2092 5396; x_wconf 83' lang='lat' dir='ltr'><strong>san-</strong></span> 
     </span>
    </p>
   </div>
   <div class='ocr_carea' id='block_1_102' title="bbox 528 5412 1953 5479">
    <p class='ocr_par' dir='ltr' id='par_1_102' title="bbox 528 5412 1953 5479">
     <span class='ocr_line' id='line_1_102' title="bbox 528 5412 1953 5479; baseline 0 -16"><span class='ocrx_word' id='word_1_693' title='bbox 528 5423 660 5464; x_wconf 76' lang='lat' dir='ltr'><strong>etam</strong></span> <span class='ocrx_word' id='word_1_694' title='bbox 688 5416 941 5469; x_wconf 76' lang='lat' dir='ltr'><strong>Albinam.</strong></span> <span class='ocrx_word' id='word_1_695' title='bbox 967 5424 1019 5467; x_wconf 89' lang='lat' dir='ltr'><strong>et</strong></span> <span class='ocrx_word' id='word_1_696' title='bbox 1046 5414 1095 5465; x_wconf 91' lang='lat' dir='ltr'><strong>in</strong></span> <span class='ocrx_word' id='word_1_697' title='bbox 1130 5412 1258 5465; x_wconf 86' lang='lat' dir='ltr'><strong>Cod.</strong></span> <span class='ocrx_word' id='word_1_698' title='bbox 1292 5412 1419 5479; x_wconf 82' lang='lat' dir='ltr'><strong>Reg.</strong></span> <span class='ocrx_word' id='word_1_699' title='bbox 1451 5415 1631 5475; x_wconf 83' lang='lat' dir='ltr'><strong>Suec.,</strong></span> <span class='ocrx_word' id='word_1_700' title='bbox 1666 5412 1953 5467; x_wconf 82' lang='lat' dir='ltr'><strong>Salbinam.</strong></span> 
     </span>
    </p>
   </div>
   <div class='ocr_carea' id='block_1_103' title="bbox 604 5481 2091 5551">
    <p class='ocr_par' dir='ltr' id='par_1_103' title="bbox 604 5481 2091 5551">
     <span class='ocr_line' id='line_1_103' title="bbox 604 5481 2091 5551; baseline -0.002 -15"><span class='ocrx_word' id='word_1_701' title='bbox 604 5492 627 5520; x_wconf 72' lang='grc' dir='ltr'><strong><em>ο</em></strong></span> <span class='ocrx_word' id='word_1_702' title='bbox 667 5482 834 5537; x_wconf 85' lang='lat' dir='ltr'><strong>Statio</strong></span> <span class='ocrx_word' id='word_1_703' title='bbox 870 5484 1022 5551; x_wconf 87' lang='lat' dir='ltr'><strong>lmjus</strong></span> <span class='ocrx_word' id='word_1_704' title='bbox 1050 5482 1150 5534; x_wconf 92' lang='lat' dir='ltr'><strong>diei</strong></span> <span class='ocrx_word' id='word_1_705' title='bbox 1178 5481 1236 5551; x_wconf 87' lang='lat' dir='ltr'><strong>in</strong></span> <span class='ocrx_word' id='word_1_706' title='bbox 1266 5481 1488 5535; x_wconf 83' lang='lat' dir='ltr'><strong>Kalend.</strong></span> <span class='ocrx_word' id='word_1_707' title='bbox 1523 5482 1701 5544; x_wconf 59' lang='lat' dir='ltr'><strong>Noun,</strong></span> <span class='ocrx_word' id='word_1_708' title='bbox 1734 5482 1786 5534; x_wconf 94' lang='lat' dir='ltr'><strong>in</strong></span> <span class='ocrx_word' id='word_1_709' title='bbox 1815 5482 1947 5533; x_wconf 78' lang='lat' dir='ltr'><strong>Cod.</strong></span> <span class='ocrx_word' id='word_1_710' title='bbox 1984 5481 2091 5535; x_wconf 86' lang='lat' dir='ltr'><strong>Pa-</strong></span> 
     </span>
    </p>
   </div>
   <div class='ocr_carea' id='block_1_104' title="bbox 532 5549 2091 5613">
    <p class='ocr_par' dir='ltr' id='par_1_104' title="bbox 532 5549 2091 5613">
     <span class='ocr_line' id='line_1_104' title="bbox 532 5549 2091 5613; baseline -0.003 -9"><span class='ocrx_word' id='word_1_711' title='bbox 532 5552 658 5605; x_wconf 86' lang='lat' dir='ltr'><strong>tncl.</strong></span> <span class='ocrx_word' id='word_1_712' title='bbox 685 5562 738 5604; x_wconf 88' lang='lat' dir='ltr'><strong>et</strong></span> <span class='ocrx_word' id='word_1_713' title='bbox 768 5554 816 5606; x_wconf 91' lang='lat' dir='ltr'><strong>in</strong></span> <span class='ocrx_word' id='word_1_714' title='bbox 848 5549 971 5605; x_wconf 54' lang='lat' dir='ltr'><strong>MSS.</strong></span> <span class='ocrx_word' id='word_1_715' title='bbox 1024 5549 1219 5604; x_wconf 89' lang='lat' dir='ltr'><strong>nostris</strong></span> <span class='ocrx_word' id='word_1_716' title='bbox 1246 5589 1260 5613; x_wconf 90' lang='lat'><strong>,</strong></span> <span class='ocrx_word' id='word_1_717' title='bbox 1304 5562 1385 5604; x_wconf 89' lang='lat' dir='ltr'><strong>est</strong></span> <span class='ocrx_word' id='word_1_718' title='bbox 1421 5553 1487 5603; x_wconf 86' lang='lat' dir='ltr'><strong>ad</strong></span> <span class='ocrx_word' id='word_1_719' title='bbox 1537 5561 1765 5604; x_wconf 83' lang='lat' dir='ltr'><strong>sanctam</strong></span> <span class='ocrx_word' id='word_1_720' title='bbox 1814 5550 2091 5612; x_wconf 65' lang='lat' dir='ltr'><strong>Cruci/iam,</strong></span> 
     </span>
    </p>
   </div>
   <div class='ocr_carea' id='block_1_105' title="bbox 532 5621 2093 5700">
    <p class='ocr_par' dir='ltr' id='par_1_105' title="bbox 532 5621 2093 5700">
     <span class='ocr_line' id='line_1_105' title="bbox 532 5621 2093 5700; baseline 0.002 -28"><span class='ocrx_word' id='word_1_721' title='bbox 532 5621 683 5700; x_wconf 71' lang='lat' dir='ltr'><strong>cujus</strong></span> <span class='ocrx_word' id='word_1_722' title='bbox 716 5625 846 5676; x_wconf 84' lang='lat' dir='ltr'><strong>tituli</strong></span> <span class='ocrx_word' id='word_1_723' title='bbox 882 5622 1116 5677; x_wconf 85' lang='lat' dir='ltr'><strong>meminit</strong></span> <span class='ocrx_word' id='word_1_724' title='bbox 1146 5623 1378 5689; x_wconf 73' lang='lat' dir='ltr'><strong>synodus</strong></span> <span class='ocrx_word' id='word_1_725' title='bbox 1424 5622 1579 5676; x_wconf 78' lang='lat' dir='ltr'><strong>Rom.</strong></span> <span class='ocrx_word' id='word_1_726' title='bbox 1618 5622 1716 5675; x_wconf 87' lang='lat' dir='ltr'><strong>sub</strong></span> <span class='ocrx_word' id='word_1_727' title='bbox 1750 5630 1931 5674; x_wconf 76' lang='lat' dir='ltr'><strong>nostro</strong></span> <span class='ocrx_word' id='word_1_728' title='bbox 1964 5621 2093 5675; x_wconf 82' lang='lat' dir='ltr'><strong>Cre-</strong></span> 
     </span>
    </p>
   </div>
   <div class='ocr_carea' id='block_1_106' title="bbox 534 5707 701 5752">
    <p class='ocr_par' dir='ltr' id='par_1_106' title="bbox 534 5707 701 5752">
     <span class='ocr_line' id='line_1_106' title="bbox 534 5707 701 5752; baseline -0.006 -9"><span class='ocrx_word' id='word_1_729' title='bbox 534 5707 701 5752; x_wconf 68' lang='grc' dir='ltr'><strong>ιζινΙἸυ.</strong></span> 
     </span>
    </p>
   </div>
   <div class='ocr_carea' id='block_1_107' title="bbox 2198 4518 3766 4594">
    <p class='ocr_par' dir='ltr' id='par_1_107' title="bbox 2198 4518 3766 4594">
     <span class='ocr_line' id='line_1_107' title="bbox 2198 4518 3766 4594; baseline -0.005 -17"><span class='ocrx_word' id='word_1_730' title='bbox 2198 4534 2513 4594; x_wconf 82' lang='lat' dir='ltr'><strong>congregata</strong></span> <span class='ocrx_word' id='word_1_731' title='bbox 2551 4534 2854 4587; x_wconf 89' lang='lat' dir='ltr'><strong>restaures,</strong></span> <span class='ocrx_word' id='word_1_732' title='bbox 2896 4531 2951 4576; x_wconf 92' lang='lat' dir='ltr'><strong>et</strong></span> <span class='ocrx_word' id='word_1_733' title='bbox 2991 4530 3282 4575; x_wconf 89' lang='lat' dir='ltr'><strong>restaurata</strong></span> <span class='ocrx_word' id='word_1_734' title='bbox 3324 4533 3631 4574; x_wconf 86' lang='lat' dir='ltr'><strong>conserves.</strong></span> <span class='ocrx_word' id='word_1_735' title='bbox 3666 4518 3766 4571; x_wconf 82' lang='lat' dir='ltr'><strong>Per</strong></span> 
     </span>
    </p>
   </div>
   <div class='ocr_carea' id='block_1_108' title="bbox 2199 4614 2499 4669">
    <p class='ocr_par' dir='ltr' id='par_1_108' title="bbox 2199 4614 2499 4669">
     <span class='ocr_line' id='line_1_108' title="bbox 2199 4614 2499 4669; baseline -0.003 -1"><span class='ocrx_word' id='word_1_736' title='bbox 2199 4614 2499 4669; x_wconf 83' lang='lat' dir='ltr'><strong>Dominum.</strong></span> 
     </span>
    </p>
   </div>
   <div class='ocr_carea' id='block_1_109' title="bbox 2453 4709 3506 4755">
    <p class='ocr_par' dir='ltr' id='par_1_109' title="bbox 2453 4709 3506 4755">
     <span class='ocr_line' id='line_1_109' title="bbox 2453 4709 3506 4755; baseline -0.008 0"><span class='ocrx_word' id='word_1_737' title='bbox 2453 4710 2476 4738; x_wconf 76' lang='grc'><strong>⁸</strong></span> <span class='ocrx_word' id='word_1_738' title='bbox 2518 4714 2674 4755; x_wconf 64' lang='grc' dir='ltr'><strong>ΡΕΒῘᾹ</strong></span> <span class='ocrx_word' id='word_1_739' title='bbox 2712 4716 2763 4754; x_wconf 83' lang='lat' dir='ltr'><strong>Vl</strong></span> <span class='ocrx_word' id='word_1_740' title='bbox 2804 4715 2854 4753; x_wconf 75' lang='lat' dir='ltr'><strong>IN</strong></span> <span class='ocrx_word' id='word_1_741' title='bbox 2892 4713 3211 4752; x_wconf 71' lang='grc' dir='ltr'><strong>ΠΒΒοθυλυΑ</strong></span> <span class='ocrx_word' id='word_1_742' title='bbox 3249 4709 3506 4750; x_wconf 65' lang='grc' dir='ltr'><strong>εῑῦυποι.</strong></span> 
     </span>
    </p>
   </div>
   <div class='ocr_carea' id='block_1_110' title="bbox 2273 4789 3765 4861">
    <p class='ocr_par' dir='ltr' id='par_1_110' title="bbox 2273 4789 3765 4861">
     <span class='ocr_line' id='line_1_110' title="bbox 2273 4789 3765 4861; baseline -0.005 -14"><span class='ocrx_word' id='word_1_743' title='bbox 2273 4793 2385 4858; x_wconf 83' lang='lat' dir='ltr'><strong>Da,</strong></span> <span class='ocrx_word' id='word_1_744' title='bbox 2419 4807 2762 4861; x_wconf 65' lang='lat' dir='ltr'><strong>quaesumus,</strong></span> <span class='ocrx_word' id='word_1_745' title='bbox 2795 4792 3132 4859; x_wconf 91' lang='lat' dir='ltr'><strong>omnipotens</strong></span> <span class='ocrx_word' id='word_1_746' title='bbox 3165 4789 3336 4848; x_wconf 88' lang='lat' dir='ltr'><strong>Deus,</strong></span> <span class='ocrx_word' id='word_1_747' title='bbox 3377 4796 3434 4841; x_wconf 93' lang='lat' dir='ltr'><strong>ut</strong></span> <span class='ocrx_word' id='word_1_748' title='bbox 3470 4799 3622 4839; x_wconf 84' lang='lat' dir='ltr'><strong>sacro</strong></span> <span class='ocrx_word' id='word_1_749' title='bbox 3668 4798 3765 4839; x_wconf 82' lang='lat' dir='ltr'><strong>nos</strong></span> 
     </span>
    </p>
   </div>
   <div class='ocr_carea' id='block_1_111' title="bbox 2266 4921 3765 4993">
    <p class='ocr_par' dir='ltr' id='par_1_111' title="bbox 2266 4921 3765 4993">
     <span class='ocr_line' id='line_1_111' title="bbox 2266 4921 3765 4993; baseline -0.004 -14"><span class='ocrx_word' id='word_1_750' title='bbox 2266 4926 2291 4965; x_wconf 76' lang='grc' dir='ltr'>ἀ</span> <span class='ocrx_word' id='word_1_751' title='bbox 2332 4929 2385 4979; x_wconf 89' lang='lat' dir='ltr'><strong>In</strong></span> <span class='ocrx_word' id='word_1_752' title='bbox 2434 4931 2539 4981; x_wconf 83' lang='lat' dir='ltr'><strong>hac</strong></span> <span class='ocrx_word' id='word_1_753' title='bbox 2580 4931 2673 4980; x_wconf 85' lang='lat' dir='ltr'><strong>fer.</strong></span> <span class='ocrx_word' id='word_1_754' title='bbox 2726 4928 2921 4986; x_wconf 83' lang='lat' dir='ltr'><strong>statio,</strong></span> <span class='ocrx_word' id='word_1_755' title='bbox 2964 4928 3111 4993; x_wconf 84' lang='lat' dir='ltr'><strong>juxta</strong></span> <span class='ocrx_word' id='word_1_756' title='bbox 3146 4923 3242 4976; x_wconf 87' lang='lat' dir='ltr'><strong>Ed.</strong></span> <span class='ocrx_word' id='word_1_757' title='bbox 3277 4921 3507 4993; x_wconf 86' lang='lat' dir='ltr'><strong>Pa_mel._,</strong></span> <span class='ocrx_word' id='word_1_758' title='bbox 3540 4934 3765 4973; x_wconf 91' lang='lat' dir='ltr'><strong>consen-</strong></span> 
     </span>
    </p>
   </div>
   <div class='ocr_carea' id='block_1_112' title="bbox 2194 4989 3764 5061">
    <p class='ocr_par' dir='ltr' id='par_1_112' title="bbox 2194 4989 3764 5061">
     <span class='ocr_line' id='line_1_112' title="bbox 2194 4989 3764 5061; baseline -0.004 -13"><span class='ocrx_word' id='word_1_759' title='bbox 2194 4995 2325 5050; x_wconf 86' lang='lat' dir='ltr'><strong>tient</strong></span> <span class='ocrx_word' id='word_1_760' title='bbox 2348 4998 2444 5051; x_wconf 88' lang='lat' dir='ltr'><strong>bus</strong></span> <span class='ocrx_word' id='word_1_761' title='bbox 2472 4997 2602 5049; x_wconf 85' lang='lat' dir='ltr'><strong>Cod.</strong></span> <span class='ocrx_word' id='word_1_762' title='bbox 2633 4997 2761 5061; x_wconf 75' lang='lat' dir='ltr'><strong>Reg.</strong></span> <span class='ocrx_word' id='word_1_763' title='bbox 2795 4989 3034 5048; x_wconf 51' lang='lat' dir='ltr'><strong>Suecfet</strong></span> <span class='ocrx_word' id='word_1_764' title='bbox 3081 4994 3285 5045; x_wconf 87' lang='lat' dir='ltr'><strong>duobus</strong></span> <span class='ocrx_word' id='word_1_765' title='bbox 3317 4989 3521 5061; x_wconf 84' lang='lat' dir='ltr'><strong>Theod.</strong></span> <span class='ocrx_word' id='word_1_766' title='bbox 3543 5032 3555 5049; x_wconf 82' lang='lat'><strong>.</strong></span> <span class='ocrx_word' id='word_1_767' title='bbox 3591 4999 3671 5042; x_wconf 89' lang='lat' dir='ltr'><strong>est</strong></span> <span class='ocrx_word' id='word_1_768' title='bbox 3696 5005 3764 5061; x_wconf 75' lang='lat' dir='ltr'><strong>ao</strong></span> 
     </span>
    </p>
   </div>
   <div class='ocr_carea' id='block_1_113' title="bbox 2194 5059 3764 5119">
    <p class='ocr_par' dir='ltr' id='par_1_113' title="bbox 2194 5059 3764 5119">
     <span class='ocr_line' id='line_1_113' title="bbox 2194 5059 3764 5119; baseline -0.005 -1"><span class='ocrx_word' id='word_1_769' title='bbox 2194 5079 2422 5119; x_wconf 80' lang='lat' dir='ltr'><strong>sanctam</strong></span> <span class='ocrx_word' id='word_1_770' title='bbox 2456 5066 2677 5118; x_wconf 81' lang='lat' dir='ltr'><strong>Mariam</strong></span> <span class='ocrx_word' id='word_1_771' title='bbox 2707 5059 2846 5117; x_wconf 64' lang='lat' dir='ltr'><strong>[rans</strong></span> <span class='ocrx_word' id='word_1_772' title='bbox 2881 5064 3115 5117; x_wconf 82' lang='lat' dir='ltr'><strong>Tiberim.</strong></span> <span class='ocrx_word' id='word_1_773' title='bbox 3153 5063 3204 5114; x_wconf 88' lang='lat' dir='ltr'><strong>ltt</strong></span> <span class='ocrx_word' id='word_1_774' title='bbox 3236 5059 3458 5114; x_wconf 81' lang='lat' dir='ltr'><strong>Kalend.</strong></span> <span class='ocrx_word' id='word_1_775' title='bbox 3491 5060 3642 5111; x_wconf 75' lang='lat' dir='ltr'><strong>Rom.</strong></span> <span class='ocrx_word' id='word_1_776' title='bbox 3675 5060 3764 5111; x_wconf 89' lang='lat' dir='ltr'><strong>ad-</strong></span> 
     </span>
    </p>
   </div>
   <div class='ocr_carea' id='block_1_114' title="bbox 2193 5128 3763 5194">
    <p class='ocr_par' dir='ltr' id='par_1_114' title="bbox 2193 5128 3763 5194">
     <span class='ocr_line' id='line_1_114' title="bbox 2193 5128 3763 5194; baseline -0.006 -5"><span class='ocrx_word' id='word_1_777' title='bbox 2193 5138 2377 5190; x_wconf 83' lang='lat' dir='ltr'><strong>ditur:</strong></span> <span class='ocrx_word' id='word_1_778' title='bbox 2431 5135 2659 5188; x_wconf 79' lang='lat' dir='ltr'><strong>Titulum</strong></span> <span class='ocrx_word' id='word_1_779' title='bbox 2701 5134 2931 5188; x_wconf 72' lang='lat' dir='ltr'><strong>Calliatti.</strong></span> <span class='ocrx_word' id='word_1_780' title='bbox 2966 5133 3365 5186; x_wconf 86' lang='lat' dir='ltr'><strong>Observandum</strong></span> <span class='ocrx_word' id='word_1_781' title='bbox 3414 5137 3528 5194; x_wconf 85' lang='lat' dir='ltr'><strong>est,</strong></span> <span class='ocrx_word' id='word_1_782' title='bbox 3579 5129 3630 5180; x_wconf 90' lang='lat' dir='ltr'><strong>in</strong></span> <span class='ocrx_word' id='word_1_783' title='bbox 3683 5128 3763 5180; x_wconf 84' lang='lat' dir='ltr'><strong>his</strong></span> 
     </span>
    </p>
   </div>
   <div class='ocr_carea' id='block_1_115' title="bbox 2195 5196 3742 5277">
    <p class='ocr_par' dir='ltr' id='par_1_115' title="bbox 2195 5196 3742 5277">
     <span class='ocr_line' id='line_1_115' title="bbox 2195 5196 3742 5277; baseline -0.007 -17"><span class='ocrx_word' id='word_1_784' title='bbox 2195 5205 2628 5277; x_wconf 79' lang='lat' dir='ltr'><strong>Quadragesima:</strong></span> <span class='ocrx_word' id='word_1_785' title='bbox 2658 5204 2877 5277; x_wconf 77' lang='lat' dir='ltr'><strong>officiis,</strong></span> <span class='ocrx_word' id='word_1_786' title='bbox 2912 5202 3187 5277; x_wconf 77' lang='lat' dir='ltr'><strong>Editiones</strong></span> <span class='ocrx_word' id='word_1_787' title='bbox 3229 5199 3395 5253; x_wconf 90' lang='lat' dir='ltr'><strong>Vatic.</strong></span> <span class='ocrx_word' id='word_1_788' title='bbox 3440 5205 3495 5250; x_wconf 88' lang='lat' dir='ltr'><strong>et</strong></span> <span class='ocrx_word' id='word_1_789' title='bbox 3534 5196 3742 5252; x_wconf 84' lang='lat' dir='ltr'><strong>Gussan</strong></span> 
     </span>
    </p>
   </div>
   <div class='ocr_carea' id='block_1_116' title="bbox 2196 5271 3665 5345">
    <p class='ocr_par' dir='ltr' id='par_1_116' title="bbox 2196 5271 3665 5345">
     <span class='ocr_line' id='line_1_116' title="bbox 2196 5271 3665 5345; baseline -0.003 -17"><span class='ocrx_word' id='word_1_790' title='bbox 2196 5271 2286 5329; x_wconf 87' lang='lat' dir='ltr'><strong>vil.</strong></span> <span class='ocrx_word' id='word_1_791' title='bbox 2322 5271 2535 5343; x_wconf 76' lang='lat' dir='ltr'><strong>parum,</strong></span> <span class='ocrx_word' id='word_1_792' title='bbox 2572 5278 2678 5327; x_wconf 91' lang='lat' dir='ltr'><strong>imo</strong></span> <span class='ocrx_word' id='word_1_793' title='bbox 2708 5273 2797 5326; x_wconf 92' lang='lat' dir='ltr'><strong>vix</strong></span> <span class='ocrx_word' id='word_1_794' title='bbox 2830 5288 2858 5325; x_wconf 90' lang='lat' dir='ltr'><strong>a</strong></span> <span class='ocrx_word' id='word_1_795' title='bbox 2891 5282 3068 5325; x_wconf 88' lang='lat' dir='ltr'><strong>nostra</strong></span> <span class='ocrx_word' id='word_1_796' title='bbox 3096 5271 3426 5345; x_wconf 60' lang='lat' dir='ltr'><strong>discrepare.</strong></span> <span class='ocrx_word' id='word_1_797' title='bbox 3573 5333 3610 5345; x_wconf 50' lang='lat' dir='ltr'><strong>ﬁ</strong></span> <span class='ocrx_word' id='word_1_798' title='bbox 3633 5334 3665 5345; x_wconf 54' lang='grc' dir='ltr'>η</span> 
     </span>
    </p>
   </div>
   <div class='ocr_carea' id='block_1_117' title="bbox 2274 5333 3759 5411">
    <p class='ocr_par' dir='ltr' id='par_1_117' title="bbox 2274 5333 3759 5411">
     <span class='ocr_line' id='line_1_117' title="bbox 2274 5333 3759 5411; baseline -0.007 -13"><span class='ocrx_word' id='word_1_799' title='bbox 2274 5354 2296 5381; x_wconf 74' lang='grc' dir='ltr'><strong>ε</strong></span> <span class='ocrx_word' id='word_1_800' title='bbox 2323 5333 2461 5398; x_wconf 76' lang='grc' dir='ltr'><strong>’Μες.</strong></span> <span class='ocrx_word' id='word_1_801' title='bbox 2485 5384 2498 5406; x_wconf 85' lang='grc'>,</span> <span class='ocrx_word' id='word_1_802' title='bbox 2526 5333 2731 5411; x_wconf 81' lang='lat' dir='ltr'><strong>quibus</strong></span> <span class='ocrx_word' id='word_1_803' title='bbox 2771 5352 3128 5411; x_wconf 55' lang='lat' dir='ltr'><strong>consentanea</strong></span> <span class='ocrx_word' id='word_1_804' title='bbox 3169 5333 3291 5411; x_wconf 82' lang='lat' dir='ltr'><strong>sun_t</strong></span> <span class='ocrx_word' id='word_1_805' title='bbox 3321 5335 3537 5411; x_wconf 81' lang='lat' dir='ltr'><strong>ParneIii</strong></span> <span class='ocrx_word' id='word_1_806' title='bbox 3570 5333 3759 5411; x_wconf 61' lang='lat' dir='ltr'><strong>Edita;</strong></span> 
     </span>
    </p>
   </div>
   <div class='ocr_carea' id='block_1_118' title="bbox 2200 5403 3762 5473">
    <p class='ocr_par' dir='ltr' id='par_1_118' title="bbox 2200 5403 3762 5473">
     <span class='ocr_line' id='line_1_118' title="bbox 2200 5403 3762 5473; baseline -0.008 -6"><span class='ocrx_word' id='word_1_807' title='bbox 2200 5416 2277 5467; x_wconf 81' lang='lat' dir='ltr'><strong>Ad</strong></span> <span class='ocrx_word' id='word_1_808' title='bbox 2302 5403 2531 5467; x_wconf 79' lang='lat' dir='ltr'><strong>sanctum</strong></span> <span class='ocrx_word' id='word_1_809' title='bbox 2558 5403 2798 5465; x_wconf 69' lang='lat' dir='ltr'><strong>Vilalem.</strong></span> <span class='ocrx_word' id='word_1_810' title='bbox 2826 5416 2894 5465; x_wconf 85' lang='lat' dir='ltr'><strong>At</strong></span> <span class='ocrx_word' id='word_1_811' title='bbox 2918 5411 2968 5463; x_wconf 89' lang='lat' dir='ltr'><strong>in</strong></span> <span class='ocrx_word' id='word_1_812' title='bbox 2994 5408 3217 5463; x_wconf 82' lang='lat' dir='ltr'><strong>Kalend.</strong></span> <span class='ocrx_word' id='word_1_813' title='bbox 3247 5408 3401 5461; x_wconf 82' lang='lat' dir='ltr'><strong>Rom.</strong></span> <span class='ocrx_word' id='word_1_814' title='bbox 3430 5405 3620 5473; x_wconf 81' lang='lat' dir='ltr'><strong>legitur</strong></span> <span class='ocrx_word' id='word_1_815' title='bbox 3644 5421 3656 5455; x_wconf 88' lang='lat'>:</span> <span class='ocrx_word' id='word_1_816' title='bbox 3687 5403 3762 5455; x_wconf 81' lang='lat' dir='ltr'><strong>Ad</strong></span> 
     </span>
    </p>
   </div>
   <div class='ocr_carea' id='block_1_119' title="bbox 2199 5473 3756 5556">
    <p class='ocr_par' dir='ltr' id='par_1_119' title="bbox 2199 5473 3756 5556">
     <span class='ocr_line' id='line_1_119' title="bbox 2199 5473 3756 5556; baseline -0.01 -17"><span class='ocrx_word' id='word_1_817' title='bbox 2199 5484 2466 5556; x_wconf 74' lang='lat' dir='ltr'><strong>Apostolos</strong></span> <span class='ocrx_word' id='word_1_818' title='bbox 2496 5482 2899 5556; x_wconf 64' lang='lat' dir='ltr'><strong>irttchestiuw,</strong></span> <span class='ocrx_word' id='word_1_819' title='bbox 2935 5480 3035 5556; x_wconf 74' lang='lat' dir='ltr'><strong>nisi</strong></span> <span class='ocrx_word' id='word_1_820' title='bbox 3067 5479 3222 5556; x_wconf 66' lang='lat' dir='ltr'><strong>forte,</strong></span> <span class='ocrx_word' id='word_1_821' title='bbox 3255 5491 3351 5556; x_wconf 73' lang='lat' dir='ltr'><strong>pro</strong></span> <span class='ocrx_word' id='word_1_822' title='bbox 3393 5478 3543 5556; x_wconf 79' lang='lat' dir='ltr'><strong>inter,</strong></span> <span class='ocrx_word' id='word_1_823' title='bbox 3585 5473 3756 5556; x_wconf 55' lang='lat' dir='ltr'><strong>leget}:</strong></span> 
     </span>
    </p>
   </div>
   <div class='ocr_carea' id='block_1_120' title="bbox 2200 5544 3761 5619">
    <p class='ocr_par' dir='ltr' id='par_1_120' title="bbox 2200 5544 3761 5619">
     <span class='ocr_line' id='line_1_120' title="bbox 2200 5544 3761 5619; baseline -0.007 -12"><span class='ocrx_word' id='word_1_824' title='bbox 2200 5544 2323 5607; x_wconf 80' lang='lat' dir='ltr'><strong>dum</strong></span> <span class='ocrx_word' id='word_1_825' title='bbox 2353 5555 2419 5606; x_wconf 90' lang='lat' dir='ltr'><strong>sit</strong></span> <span class='ocrx_word' id='word_1_826' title='bbox 2444 5554 2494 5605; x_wconf 82' lang='lat' dir='ltr'><strong>in</strong></span> <span class='ocrx_word' id='word_1_827' title='bbox 2522 5556 2622 5617; x_wconf 64' lang='lat' dir='ltr'><strong>tit.,</strong></span> <span class='ocrx_word' id='word_1_828' title='bbox 2645 5553 2695 5607; x_wconf 83' lang='lat' dir='ltr'><strong>id</strong></span> <span class='ocrx_word' id='word_1_829' title='bbox 2725 5560 2838 5619; x_wconf 86' lang='lat' dir='ltr'><strong>est,</strong></span> <span class='ocrx_word' id='word_1_830' title='bbox 2883 5552 2934 5603; x_wconf 82' lang='lat' dir='ltr'><strong>in</strong></span> <span class='ocrx_word' id='word_1_831' title='bbox 2982 5550 3126 5603; x_wconf 84' lang='lat' dir='ltr'><strong>titulo</strong></span> <span class='ocrx_word' id='word_1_832' title='bbox 3162 5544 3413 5615; x_wconf 59' lang='lat' dir='ltr'><strong>Vestiam,</strong></span> <span class='ocrx_word' id='word_1_833' title='bbox 3456 5553 3512 5600; x_wconf 88' lang='lat' dir='ltr'><strong>ut</strong></span> <span class='ocrx_word' id='word_1_834' title='bbox 3550 5544 3761 5611; x_wconf 73' lang='lat' dir='ltr'><strong>conjictt</strong></span> 
     </span>
    </p>
   </div>
   <div class='ocr_carea' id='block_1_121' title="bbox 2201 5623 2601 5680">
    <p class='ocr_par' dir='ltr' id='par_1_121' title="bbox 2201 5623 2601 5680">
     <span class='ocr_line' id='line_1_121' title="bbox 2201 5623 2601 5680; baseline -0.003 -2"><span class='ocrx_word' id='word_1_835' title='bbox 2201 5625 2352 5678; x_wconf 82' lang='lat' dir='ltr'><strong>.loan.</strong></span> <span class='ocrx_word' id='word_1_836' title='bbox 2390 5623 2601 5680; x_wconf 60' lang='grc' dir='ltr'><strong>ιθῐοιιιυ.</strong></span> 
     </span>
    </p>
   </div>
  </div>
