4026 6302
208 328 276 383 (.5

1437 332 1635 386 LIBER
1679 332 2305 393 SACRAMENTORUM.
3413 354 3476 404 (si;

216 444 531 512 purificante
552 443 798 515 jejunio,
826 444 1048 499 sinceris
1081 442 1346 497 mentibus
1374 442 1439 493 ad
1471 451 1654 504 stricta
1681 456 1803 494 ven—
1840 450 1886 501 Α
1987 442 2154 513 Super
2194 448 2379 498 oblata.
2433 477 2500 486 —
2548 448 2799 517 Suscipe,
2842 466 3142 515 quaesumus
3163 494 3177 517 ,
3228 455 3443 509 Domine
3473 504 3479 519 ,

224 548 345 589 tura
375 534 535 590 facias
561 536 868 601 pervenire.
903 534 1000 586 Per
1026 530 1308 585 Dominum
1339 538 1597 582 nostrum.

307 629 473 698 Super
500 626 686 679 oblata.
722 654 796 663 —
828 626 951 677 llaec
983 624 1033 676 in
1068 620 1221 674 nobis
1251 621 1535 684 sacriﬁcia,
1570 620 1730 684 Deus,
1762 626 1815 672 et

230 717 644 771 sanctiﬁcatione
700 723 1087 782 permaneant,
1137 722 1190 765 et
1240 709 1553 778 operatione
1594 710 1805 763 firmen-

233 817 339 861 tur.
370 807 485 859 Per.

311 893 578 960 Prwfutio.
610 920 681 935 σ-
713 891 852 943 Vere
879 890 1093 958 dignum
1137 897 1193 943 et
1218 889 1421 957 justum
1452 895 1533 943 est
1555 926 1571 953 ,
1604 901 1811 954 :equum

230 996 283 1036 rt
314 984 572 1047 salutare,
618 998 718 1036 nos
750 984 843 1036 tibi
872 998 1084 1051 semper
1108 992 1163 1036 et
1192 983 1384 1050 ubique
1407 982 1603 1050 gratias
1630 994 1808 1047 agere,

233 1074 467 1128 Domine
502 1082 718 1136 sancte,
762 1073 921 1127 Pater
960 1071 1329 1138 omnipotens,
1378 1080 1577 1123 aeterne
1622 1069 1805 1122 Deus:

224 1163 322 1231 qui
367 1162 739 1228 delinquentes
783 1163 958 1229 perire
997 1176 1101 1214 non
1143 1160 1372 1228 pateris,
1422 1160 1513 1213 sed
1557 1168 1611 1211 ut
1651 1159 1717 1210 ad
1761 1166 1811 1213 te

225 1259 612 1305 convertantur
659 1259 717 1304 et
764 1250 941 1302 vivant
994 1250 1239 1301 hortaris.
1298 1248 1573 1301 Poscimus
1622 1248 1801 1315 itaque

227 1339 484 1404 pietatem
519 1346 662 1391 tuam
705 1347 760 1391 ut
799 1353 829 1389 a
870 1338 1097 1406 peccatis
1141 1340 1337 1391 nostris
1367 1346 1468 1390 tute
1510 1337 1809 1391 severitatis

224 1428 526 1493 suspendas
565 1427 891 1492 vindictam,
931 1438 984 1481 et
1032 1428 1184 1482 nobis
1222 1438 1454 1495 optatam
1496 1430 1804 1482 misericor-

224 1514 368 1568 diter
420 1515 624 1569 tribuas
675 1531 922 1580 ventam;
976 1530 1073 1570 nec
1120 1517 1455 1585 iniquitatum
1503 1527 1805 1570 nostrarum

225 1603 469 1656 molestia
500 1613 755 1672 provocet
802 1604 867 1656 ad
915 1604 1203 1670 ultionem,
1256 1605 1348 1658 sed
1386 1604 1573 1673 jejunii
1622 1607 1808 1660 obser-

228 1693 372 1745 vatio
403 1701 456 1746 et
487 1708 691 1747 morum
734 1693 1040 1747 emendatio
1073 1702 1123 1747 te
1152 1695 1330 1747 ﬂectat
1359 1695 1424 1747 ad
1470 1704 1803 1762 peccatorum

1916 531 2225 588 devotorum
2255 552 2471 590 munera
2505 539 2855 604 famulorum,
2888 548 2943 594 et
2973 554 3056 595 tua
3100 545 3291 597 divinis
3336 550 3449 611 puri

1918 622 2013 674 ﬁea
2043 626 2337 679 servientes
2368 626 2563 693 pietate
2595 632 2893 697 mysteriis,
2927 633 3117 698 quibus
3144 636 3301 688 etiam
3328 634 3480 701 ju~ti-

1916 714 2042 765 fleas
2074 712 2222 782 (225)
2252 715 2573 782 ignorantes.
2605 718 2725 773 Per.

1986 804 2256 874 Prwfatia.
2286 836 2356 846 —
2384 808 2525 862 Vere
2562 810 2776 877 (lignum
2810 822 2862 865 et
2886 813 3087 880 justum
3120 822 3198 866 est
3219 853 3233 876 ,
3275 828 3480 880 aequum

1912 905 1962 944 et
1988 894 2242 960 salutare,
2269 912 2366 950 nos
2397 898 2488 951 tibi
2520 913 2729 968 semper
2757 910 2808 954 et
2839 903 3031 968 ubique
3062 904 3254 971 gratias
3284 918 3443 971 agere
3465 943 3480 968 ,

1915 984 2137 1038 Domine
2181 998 2399 1051 sancte,
2446 988 2599 1042 Pater
2648 991 3016 1059 omnipitens,
3058 984 3259 1048 :etérne
3301 995 3478 1047 Deus:

1911 1084 1964 1128 et
1992 1084 2042 1129 te
2071 1077 2378 1144 suppliciter
2409 1093 2631 1132 exorare
2650 1119 2665 1143 ,
2698 1089 2756 1132 ut
2786 1096 2906 1134 cum
2946 1084 3262 1137 abstinentia
3291 1099 3482 1152 corpo-

1912 1165 2007 1217 rali
2038 1180 2187 1218 mens
2219 1182 2427 1234 quoque
2457 1178 2637 1220 nostra
2677 1182 2865 1222 sensus
2894 1170 3126 1225 declinet
3152 1173 3385 1227 illicitos.
3416 1175 3481 1227 Et

1914 1252 2063 1322 (ρει)
2095 1269 2212 1321 quae
2244 1264 2451 1308 trriena
2480 1255 2834 1309 delectatione
2862 1259 3163 1313 carnalibus
3191 1263 3361 1330 epulis
3390 1264 3481 1316 ab-

1911 1359 2201 1413 negamus,
2256 1346 2498 1400 humana:
2547 1348 2832 1402 voluntatis
2870 1351 3046 1417 pravis
3086 1350 3480 1406 intentionibus

1910 1447 2272 1503 amputemus.
2304 1440 2579 1504 Quatenus
2610 1440 2672 1493 ad
2702 1448 2883 1493 sancta
2911 1450 3216 1493 sanctorum
3250 1442 3478 1496 fideliter

1909 1530 2296 1599 salubriterque
2321 1532 2577 1599 capienda
2623 1531 2944 1599 competenti
2981 1531 3184 1599 jejunio
3214 1533 3482 1585 valeamus

1908 1620 2097 1688 aptari.
2125 1622 2295 1674 Tanto
2322 1622 2475 1675 nobis
2499 1622 2631 1675 certi
2659 1623 2971 1689 propensius
2994 1622 3190 1690 jugiter
3214 1622 3479 1685 adfutura,

1909 1720 2107 1779 quanto
2130 1711 2384 1767 fuerimus
2405 1728 2587 1767 eorum
2618 1714 3029 1768 institutionibus
3051 1714 3329 1782 gratiores.
3360 1714 3480 1769 Per.

226 1792 535 1836 nostrorum
588 1781 975 1837 remissionem.
1007 1781 1135 1859 .l’er
1193 1782 1460 1836 Christum
1523 1783 1801 1838 Dominum

1986 1799 2304 1856 Benedictio.
2335 1830 2406 1843 -—
2443 1813 2464 1839 ο
2495 1801 2841 1869 Omnipotens
2872 1802 3011 1856 Deus
3036 1781 3357 1870 jejuniornm
3393 1818 3483 1855 ve-

230 1883 495 1926 nostrum.

300 1962 384 2014 Ad
422 1961 803 2031 Compleudum.
834 1991 904 2002 ——
934 1961 1036 2014 Fac
1079 1975 1175 2015 nos
1200 2003 1214 2024 ,
1248 1975 1554 2031 qu285umus
1575 2003 1588 2026 ,
1624 1961 1807 2014 DOmi-

228 2066 331 2113 ne,
368 2060 585 2121 accepto
613 2053 835 2119 pignore
864 2050 1051 2103 salutis
1085 2060 1301 2105 retenta:
1332 2052 1409 2104 sic
1441 2050 1655 2104 tendere
1679 2065 1807 2104 eon-

227 2151 507 2210 gruenter,
548 2153 603 2196 ut
644 2141 711 2195 ad
750 2157 868 2195 eam
912 2141 1196 2210 pervenire
1243 2142 1524 2210 possimus.
1573 2141 1674 2195 Per
1706 2142 1809 2195 Do-

231 2233 457 2285 minum.

305 2324 478 2392 Super
508 2325 772 2395 pupulum.
804 2354 874 2365 —
904 2324 977 2378 Da
999 2364 1014 2389 ,
1044 2338 1347 2392 quaesumus
1372 2366 1386 2391 ,
1422 2324 1648 2377 Domine
1667 2365 1681 2389 ,
1713 2339 1809 2393 po-

239 2416 363 2484 pulo
391 2426 481 2470 tuo
511 2416 735 2471 salutem
768 2416 962 2471 mentis
992 2426 1043 2471 et
1070 2417 1309 2484 corporis
1333 2455 1348 2479 ,
1380 2424 1437 2469 ut
1457 2458 1472 2480 ,
1505 2417 1655 2469 bonis
1684 2432 1809 2485 ope-

241 2506 391 2559 ribus
423 2508 756 2575 inhazrendo,
789 2517 891 2561 tuae
917 2522 1127 2575 semper
1158 2507 1363 2561 virtutis
1390 2517 1660 2561 mereatur
1686 2523 1809 2577 pro—

232 2598 461 2650 tectione
489 2594 727 2649 defendi.
760 2596 879 2650 Per.

499 2692 527 2719 δ
576 2698 807 2738 8ΔΒΒΑΤο
847 2700 896 2738 IN
936 2700 1244 2741 ﬂEBDOMADA
1284 2700 1540 2740 SECUNDA.

301 2769 372 2821 Da
395 2809 410 2835 ,
440 2783 769 2839 qumsnmus,
804 2772 1047 2834 Domine.
1082 2775 1283 2829 nostris
1315 2774 1561 2829 effectum
1588 2772 1807 2842 jejuniis

236 2861 565 2928 salutarem,
596 2872 652 2916 ut
680 2864 957 2931 castigatio
987 2867 1163 2919 carnis
1194 2877 1463 2936 assumpta
1493 2867 1559 2919 ad
1592 2877 1807 2922 nostra-

230 2962 345 3001 rum
377 2950 771 3017 vegetationem
804 2960 1037 3007 transeat
1063 2954 1382 3007 animarum.

297 3042 475 3108 Super
508 3044 697 3099 oblata.
730 3076 801 3086 -—
830 3046 923 3100 liis
952 3049 1256 3113 sacriﬁciis,
1288 3049 1541 3114 Domine,
1575 3049 1808 3104 concede

230 3132 498 3198 placatus,
550 3142 609 3186 ut
655 3136 742 3202 qui
794 3138 1022 3206 propriis
1066 3154 1281 3192 oramus
1321 3140 1522 3192 absolvi
1565 3139 1770 3193 delictis

233 3235 334 3274 non
358 3238 648 3289 gravemur
670 3222 819 3293 (29:2)
840 3228 1100 3280 externis.
1121 3227 1220 3281 Per
1242 3227 1520 3281 Domimm
1545 3236 1802 3282 nostrum.

298 3309 574 3381 Prtefatio.
611 3342 683 3353 —
713 3316 844 3369 Vere
883 3316 1100 3383 dignum
1144 3326 1197 3371 et
1220 3317 1418 3386 jusmm
1451 3327 1529 3371 est
1552 3360 1565 3382 ,
1597 3334 1803 3386 aequum

231 3410 284 3454 et
324 3402 600 3468 salutare,
632 3418 731 3459 nos
772 3406 865 3461 tibi
908 3421 1119 3474 semper
1148 3415 1199 3461 et
1232 3408 1426 3476 ubique
1460 3411 1656 3475 gratias
1684 3423 1806 3477 age-

231 3507 319 3553 re.
355 3494 581 3549 Domine
610 3504 828 3559 sancte,
863 3496 967 3567 47
1000 3497 1156 3552 Pater
1194 3499 1564 3567 omnipotens,
1608 3508 1806 3553 teterne

237 3583 418 3636 Deus:
479 3593 535 3637 et
588 3592 732 3639 tuam
789 3585 987 3654 iugiter
1042 3602 1263 3643 exorare
1316 3589 1690 3654 clementiam,
1751 3598 1805 3643 ut

231 3681 437 3726 mentes
477 3682 723 3740 nostras,
767 3691 899 3743 quas
941 3676 1205 3746 conspicis
1254 3679 1482 3733 terrenis
1532 3679 1806 3734 all'ectibus

235 3763 591 3829 praegravari,
626 3764 1034 3819 medicinalilms
1066 3767 1266 3821 tribuas
1293 3767 1509 3837 jejuniis
1549 3784 1801 3824 exonera-

228 3850 308 3913 ri,
338 3859 393 3903 et
422 3865 523 3919 per
554 3851 893 3906 alllictionem
925 3869 1204 3922 corporum
1235 3858 1503 3924 proveniat
1534 3859 1688 3912 nobis
1719 3875 1799 3912 ro-

231 3939 325 3993 bur
352 3941 677 3997 animarum.
710 3942 812 3997 Per
842 3942 1130 3998 Christum.

300 4032 379 4082 Ad
406 4029 807 4100 Complendum.
840 4060 906 4071 -—
938 4034 1266 4088 Sacramenti
1301 4035 1401 4099 tui,
1440 4035 1691 4101 Domine,
1727 4036 1800 4089 di-

231 4121 347 4173 vina
381 4121 571 4174 libatio
603 4123 899 4191 penetralia
931 4124 1098 4177 nostri
1129 4126 1305 4178 cordis
1337 4125 1607 4190 infundat,
1641 4133 1696 4178 et
1725 4140 1806 4178 sui

231 4210 523 4278 participes
554 4218 803 4279 potenter
832 4212 1045 4265 efﬁciat.
1080 4211 1180 4266 Per
1208 4211 1481 4266 Christum
1527 4214 1805 4267 Dominum

232 4309 493 4351 n05trum.

306 4385 475 4454 Super
513 4388 783 4457 papulum.
824 4417 895 4428 —
930 4388 1205 4443 Familiam
1248 4400 1426 4454 tuam,
1468 4407 1804 4460 qumsumus,

237 4474 496 4542 Domine,
538 4476 789 4531 continua
830 4478 1024 4546 pietate
1063 4479 1265 4534 custodi
1291 4520 1304 4544 ,
1350 4491 1405 4534 ut
1446 4497 1562 4546 qua:
1603 4484 1653 4536 in
1693 4484 1803 4536 ευΙτι

1786 3181 1801 3205 ’
1834 3180 1876 3238 C

1913 1903 2145 1946 atrorum
2184 1894 2429 1947 victimas
2456 1894 2749 1949 clementer
2777 1895 3035 1963 accipiat,
3066 1904 3119 1949 et
3160 1910 3251 1947 sua
3274 1911 3366 1948 vos
3391 1897 3482 1949 be-

1912 1981 2213 2036 nedictione
2251 1983 2439 2051 dignos
2466 1983 2683 2037 efficiat.
2713 1984 2904 2038 Amen.
2947 1984 3145 2038 Mentes
3185 1995 3388 2039 vestras
3416 1987 3483 2040 ita

1912 2069 2248 2139 parcimonize
2278 2072 2417 2125 dono
2448 2085 2633 2126 contra
2666 2073 2791 2127 vitia
2821 2074 3058 2141 muniat,
3088 2086 3474 2144 praeceptorum

1912 2173 2126 2212 suorum
2176 2160 2431 2216 doctrinis
2471 2162 2711 2229 erudiat,
2757 2164 3029 2218 charitatis
3070 2166 3210 2219 dono
3239 2167 3480 2235 repleat,

1912 2258 1969 2305 ut
1998 2267 2092 2305 vos
2114 2252 2164 2305 in
2192 2252 2436 2308 erunibus
2458 2255 2557 2307 sibi
2584 2255 2791 2322 placere
2814 2256 3089 2310 concedat.
3116 2259 3306 2311 Amen.
3341 2258 3481 2324 Qua-

1913 2347 2097 2407 tenus,
2131 2343 2412 2410 praesentis
2441 2343 2870 2412 Quadragcsimae
2914 2346 3099 2400 diebus
3140 2346 3480 2401 devo:issime

1912 2430 2234 2495 celebratis,
2277 2432 2343 2485 ad
2389 2432 2666 2485 Paschalia
2722 2432 2851 2487 festa
2904 2434 3190 2501 puriﬁcatis
3235 2438 3482 2491 cordibus

1912 2524 2166 2576 accedere
2198 2523 2435 2576 valeatis.
2470 2524 2657 2577 Amen.
2695 2523 2846 2588 Quod
2883 2525 2996 2592 ipse
3025 2535 3301 2592 praestare.

1982 2612 2060 2663 Ad
2092 2610 2480 2677 Complendum.
2514 2640 2583 2649 ——
2611 2611 2827 2664 Cunctis
2868 2625 2999 2677 nos,
3038 2612 3288 2675 Domine,
3322 2613 3481 2665 reati-

1912 2700 2010 2753 bus
2037 2710 2087 2753 et
2121 2700 2372 2763 periculis
2402 2700 2716 2767 prepitiattts
2748 2701 2991 2765 absolve,
3035 2716 3167 2769 quos
3208 2703 3339 2756 tanti
3366 2719 3481 2772 my-

1914 2789 2065 2843 sterii
2096 2789 2283 2843 tribuis
2312 2804 2431 2843 esse
2461 2790 2762 2858 participes.
2791 2790 2889 2843 Per
2913 2789 3191 2843 Dominum
3219 2800 3479 2847 nostrum.

1979 2878 2088 2950 48
2118 2880 2284 2948 Super
2314 2881 2576 2949 populum.
2610 2909 2681 2919 —
2713 2879 3020 2947 Suljectum
3063 2881 3155 2934 tibi
3197 2882 3476 2948 pupulum,

1911 2982 2216 3037 qumsumus
2238 3009 2251 3033 ,
2284 2968 2537 3033 Domine,
2571 2969 2872 3037 prepitiatio
2901 2970 3137 3023 cmlestis
3165 2971 3477 3039 amplificet,

1917 3068 1972 3113 et
2003 3061 2109 3114 tuis
2134 3074 2345 3122 semper
2368 3058 2526 3112 faciat
2551 3061 2749 3113 servire
2778 3061 3059 3114 mandatis.

2197 3166 2221 3204 ά
2264 3184 2418 3223 rents
2460 3183 2497 3222 ιι
2540 3184 2587 3222 ιιι
2626 3184 2942 3224 ιιιειιυοιίιυλ
2983 3184 3198 3224 TERTIA.

1979 3274 2242 3330 Cordibus
2281 3278 2507 3341 nostris,
2549 3292 2885 3346 qumsumus,
2916 3277 3139 3331 Domine
3159 3317 3174 3342 ,
3208 3278 3467 3346 benignus

1912 3363 2132 3418 infunde
2152 3407 2165 3431 ,
2198 3374 2256 3417 ut
2283 3363 2422 3418 sicut
2459 3366 2526 3418 ab
2566 3367 2703 3419 escis
2730 3364 3095 3433 corporalibus
3125 3366 3477 3430 abstinemus,

1909 3455 1981 3509 ita
2004 3470 2193 3509 sensus
2216 3471 2423 3525 quoque
2448 3466 2660 3511 nostros
2683 3472 2710 3510 a
2741 3458 2914 3511 noxiis
2943 3457 3278 3511 retraltamns
3302 3472 3481 3513 orces.

1909 3545 2079 3599 sibus.
2110 3545 2212 3600 Per
2244 3546 2523 3600 Dominum
2554 3555 2812 3601 nostrum.

1998 3658 2158 3726 Super
2187 3657 2375 3712 oblata.
2400 3685 2468 3695 —
2492 3656 2677 3709 Munus
2699 3653 2837 3723 quod
2867 3653 2981 3721 tibi,
3006 3636 3251 3717 Damine,
3283 3662 3481 3707 nostrm

1908 3748 2179 3804 servitutis
2209 3746 2478 3802 oderimus
2499 3789 2513 3814 ,
2546 3754 2600 3800 tu
2627 3746 2860 3800 salutare
2887 3741 3037 3797 nobis
3067 3742 3262 3811 perﬁce
3299 3757 3479 3798 saera-

1910 3850 2167 3893 mentum.
2201 3837 2323 3891 Per.

1980 3949 2246 4018 Prwfatfo.
2270 3977 2339 3988 -—
2364 3948 2496 4003 Vere
2517 3947 2731 4017 dignum
2753 3954 2807 4000 et
2832 3946 3032 4014 justum
3060 3953 3176 4010 est,
3199 3960 3405 4014 aequum
3428 3954 3481 3999 et

1911 4038 2141 4093 salutare
2162 4078 2177 4103 ,
2209 4053 2306 4091 nos
2337 4037 2433 4091 tibi
2462 4052 2672 4104 semper
2714 4047 2769 4091 et
2808 4036 3003 4103 ubique
3041 4034 3237 4104 gratias
3279 4050 3437 4104 agere
3460 4076 3475 4096 ,

1912 4130 2135 4185 Dcinine
2161 4141 2344 4183 sancte
2364 4169 2378 4193 ,
2413 4128 2566 4181 l’ater
2593 4128 2925 4195 omnipotens
2944 4168 2957 4191 ,
2991 4136 3187 4180 mterne
3218 4126 3355 4178 Deus
3381 4141 3395 4177 ε
3428 4136 3481 4179 et

1912 4221 2250 4275 clementiam
2285 4222 2426 4272 tuam
2455 4232 2575 4271 cum
2623 4216 2768 4269 omni
2811 4213 3197 4283 supplicatione
3242 4217 3476 4281 precari,

1891 4319 1971 4365 «ιιι
2004 4325 2097 4378 per
2128 4311 2264 4363 hanc
2295 4309 2621 4377 jejuniorum
2656 4305 3084 4360 observationem
3114 4312 3316 4359 crescat
3355 4320 3477 4358 nos-

1915 4410 2009 4453 tra:
2038 4397 2331 4453 devotionis
2363 4398 2602 4463 allectus,
2624 4406 2677 4451 et
2705 4406 2912 4449 nostras
2939 4396 3177 4449 actiones
3205 4395 3480 4463 religiosus

1911 4500 2133 4543 exornet
2161 4488 2379 4543 effectus
2406 4505 2419 4553 ;
2454 4497 2745 4554 quatenus,
2782 4494 2832 4539 te
2859 4485 3183 4550 auxiliante,
3215 4493 3270 4540 et
3296 4486 3363 4539 ab
3394 4488 3480 4536 Im-

233 4578 327 4631 spe
364 4566 553 4633 gratia:
597 4566 834 4621 ccelestis
873 4568 1135 4633 innititur,
1183 4572 1385 4624 cmlcsti
1430 4574 1586 4625 etiam
1629 4583 1803 4640 prote-

1916 4582 2084 4635 manis
2128 4596 2338 4648 semper
2383 4579 2713 4633 retrabamur
2758 4578 3103 4640 excessibus,
3160 4588 3214 4632 et
3267 4579 3481 4632 monitis

232 4656 405 4711 ctione
434 4655 729 4710 muniatur.
756 4657 859 4712 Per
888 4659 1150 4712 eumdem.

543 4754 571 4793 δ
612 4771 861 4811 continet
897 4772 951 4810 ιιι
990 4773 1039 4811 ιιι
1076 4773 1493 4820 ρυιοιιειίιεειιιλ.

301 4855 651 4921 Quaesumus,
681 4858 1021 4925 omnipotens
1064 4857 1234 4922 Deus,
1267 4865 1386 4911 vota
1420 4857 1691 4911 humilium
1721 4872 1805 4913 re-

228 4947 410 5013 spice,
440 4956 605 5017 atque
630 4947 697 5002 ad
728 4947 1092 5003 defensionem
1125 4960 1360 5003 nostram
1390 4952 1661 5004 dexteram
1702 4961 1804 5005 tua)

230 5035 519 5101 Maiestatis
545 5038 796 5092 extende.
826 5037 928 5092 Per
960 5038 1237 5093 Dominum

300 5218 324 5245 ο
369 5209 462 5262 llic
513 5222 711 5278 magno
755 5222 1017 5262 consensu
1057 5208 1247 5278 legitur
1284 5209 1441 5264 statio
1484 5210 1551 5262 ad
1596 5221 1796 5263 sanctos

229 5280 593 5334 Marcellinum
613 5288 659 5330 et
688 5276 918 5330 Petrum.

298 5351 324 5386 δ
368 5351 478 5401 Non
513 5350 688 5401 minus
716 5347 1057 5401 consentiunt
1087 5347 1306 5403 Codices
1336 5349 1461 5402 editi
1489 5358 1541 5402 et
1574 5363 1702 5402 mss.
1744 5350 1795 5403 in

223 5420 538 5486 assignanila
582 5416 843 5486 hodierna
871 5420 1095 5472 statione
1122 5420 1189 5470 ad
1213 5431 1440 5470 sanctum
1468 5418 1798 5470 Laurentium

224 5484 355 5558 [uris
377 5505 599 5541 murum.
634 5487 689 5539 In
723 5484 945 5558 Kalend.
979 5486 1132 5540 Rom.
1167 5498 1339 5539 tamen
1382 5489 1691 5556 simpliciter
1725 5490 1797 5542 le-

222 5554 400 5626 gitur:
434 5560 512 5610 Ad
541 5554 1141 5626 santIuMaurentiutit
1170 5566 1462 5626 martyrem.

297 5644 315 5665 θ
359 5628 675 5681 Benedictio
713 5626 829 5675 inec
858 5625 1003 5678 abest
1030 5627 1096 5679 ab
1136 5625 1230 5679 Ed.
1266 5626 1431 5679 Vatie.
1476 5636 1527 5679 et
1569 5627 1803 5682 Cussan-

226 5700 309 5751 vit.
344 5712 550 5751 necnon
582 5712 611 5749 a
647 5696 777 5748 Mss.
813 5697 1002 5749 nostris
1031 5706 1080 5748 et
1113 5711 1140 5747 a
1170 5694 1300 5747 Cod.
1336 5698 1534 5748 l‘ainel.

1911 4673 2174 4728 inliterere
2226 4675 2522 4735 valeamus,
2576 4682 2625 4724 te
2672 4669 2962 4739 largiente,
3011 4669 3334 4723 cwlestibns.
3381 4669 3479 4723 Per

1910 4764 2174 4819 Christum
2209 4764 2483 4816 Dominum
2517 4771 2773 4815 nostrum.

1980 4855 2061 4907 Ad
2090 4853 2479 4922 Complendum.
2506 4884 2579 4894 —-—
2610 4853 2803 4905 Praesta
2826 4892 2840 4915 ,
2873 4862 3209 4917 quaesumus,
3241 4848 3477 4914 omnipo-

1912 4956 2028 5002 tens
2053 4957 2108 5002 et
2131 4946 2432 5000 misericors
2452 4945 2611 5009 Deus,
2631 4952 2687 4997 ut
2709 4957 2826 5010 qua:
2848 4956 2941 4994 ore
2966 4938 3321 5008 contingimus
3349 4954 3473 5006 pura

1902 5048 2080 5093 tuente
2108 5036 2395 5108 capiamus.
2431 5035 2531 5089 i’er
2560 5032 2835 5087 Dominum
2869 5038 3122 5084 nostrum.

1980 5209 2005 5245 ιι
2046 5210 2213 5262 Statio
2236 5210 2286 5263 in
2308 5207 2440 5262 Cod.
2459 5208 2657 5260 Pamcl.
2673 5216 2723 5259 et
2740 5205 2867 5259 Mss.
2890 5201 3137 5256 indicitur
3156 5204 3223 5255 ad
3244 5212 3475 5256 snnclum

1908 5278 2141 5331 Marcum
2159 5318 2174 5340 ,
2203 5278 2331 5331 utin
2355 5276 2576 5329 Kalend.
2610 5276 2761 5326 item.
2786 5276 3060 5327 Ubservat.
3088 5272 3243 5325 Joan.
3270 5273 3472 5325 Fronto

1905 5358 2144 5402 sanctum
2169 5347 2418 5409 Marcum,
2442 5345 2507 5398 de
2529 5359 2632 5411 quo
2661 5344 2762 5407 hic,
2794 5357 2914 5396 esse
2938 5343 3094 5396 lion.
3134 5342 3468 5404 Pontilicem,

1905 5420 1992 5487 qui
2020 5417 2103 5469 die
2131 5417 2160 5467 7
2192 5414 2678 5487 Octobris-colitur,
2730 5412 2881 5479 cujus
2904 5412 3138 5487 .nomine
3187 5421 3361 5487 exstit
3413 5413 3465 5487 in

1907 5481 2035 5539 urbe
2063 5486 2306 5551 antiquus
2349 5483 2552 5536 titulus.
2597 5485 2860 5535 Atlmmiet
2904 5481 3163 5534 Pamelius
3198 5482 3299 5534 hac
3340 5482 3468 5532 furia

1909 5557 2018 5609 fieri
2050 5554 2254 5607 solitam
2283 5552 2731 5607 denuntiationem
2777 5552 2928 5618 primi
2971 5552 3210 5604 scrutin'i
3254 5552 3467 5604 electu-

1912 5643 2023 5677 rnm
2069 5625 2180 5677 sive
2208 5623 2705 5678 catecltntnenormn
2726 5662 2738 5685 ,
2769 5622 2905 5689 rpind
2953 5619 3081 5674 feria
3111 5623 3143 5674 4
3175 5636 3289 5690 seq.
3330 5623 3463 5675 celc~

1910 5698 1959 5739 lu
1976 5699 2179 5746 :tbttlut‘.
