4026 6302
522 351 581 404 5'1
1698 330 1938 388 SANCTl
1974 326 2293 380 GliEGURll
2336 321 2545 378 MAGNI

591 464 755 530 Super
786 458 1044 529 populum.
1087 484 1154 495 —
1179 454 1443 508 Conserva
1465 490 1478 512 ,
1513 447 1767 510 Domtnc,
1824 444 2074 498 familiam
2107 444 2181 498 Α·

516 567 658 610 tuatn
692 550 844 604 bonis
875 562 1085 614 semper
1125 543 1372 611 operibus
1412 538 1705 601 eruditam,
1743 545 1797 589 et
1835 535 1911 588 sic
1957 548 2089 599 prae-

524 643 758 698 sentibus
779 638 1054 692 consolare
1079 631 1362 694 subsidiis,
1392 638 1451 682 ut
1476 629 1541 680 ad
1571 639 1801 694 superna
1831 623 2089 693 perducas

523 737 660 791 dona
692 730 969 804 prOpitius.
1005 728 1104 781 Per
1135 723 1414 778 Dominum
1443 728 1706 774 nostrum.

801 829 826 857 ⁸
857 831 1015 871 ΪΕΜΔ
1054 830 1108 868 Ill
1148 829 1198 867 IN
1236 825 1550 865 HEBDOIADA
1587 822 1803 861 TERTIA.
1967 819 2008 839 κ

599 909 799 966 Exaudi
831 921 926 960 nos
949 945 962 969 ,
995 905 1334 972 omnipotens
1364 909 1420 955 et
1463 898 1766 952 misericors
1811 894 1951 948 Deus
1976 935 1991 959 ,
2037 899 2092 945 et

528 998 872 1056 continentiae
911 994 1160 1048 salutaris
1199 989 1456 1059 propitius
1487 987 1640 1042 nobis
1666 985 1806 1040 dona
1832 979 2087 1038 concede.

526 1092 645 1147 Per.
661 1102 664 1106 '

597 1177 764 1242 Super
793 1170 982 1224 oblata.
1037 1169 1137 1222 Per
1167 1167 1281 1220 hate
1308 1164 1513 1228 veniat,
1544 1175 1874 1232 quaesumus,
1908 1156 2089 1211 Domi-

530 1283 629 1331 ne,
660 1272 991 1320 sacramenta
1021 1258 1169 1328 (225)
1203 1266 1397 1310 nostra:
1432 1253 1811 1320 redemptionis
1840 1249 2088 1313 effectus,

528 1360 618 1426 qui
650 1372 746 1411 nos
773 1366 826 1409 et
856 1355 923 1408 ab
953 1352 1196 1406 humanis
1225 1348 1456 1403 retrahat
1495 1359 1708 1412 semper
1748 1341 2087 1404 excessibus,

526 1457 580 1500 et
609 1447 672 1499 ad
702 1444 951 1498 salutaria
982 1450 1168 1495 cuncta
1198 1439 1475 1507 perducat.
1511 1436 1611 1490 Per
1643 1431 1921 1487 Dominum
1966 1445 2091 1483 nos-

529 1545 693 1590 trum.

599 1627 864 1693 Prwfatio.
895 1653 961 1663 —
991 1624 1127 1677 Vere
1167 1621 1382 1689 dignum
1426 1627 1477 1672 et
1504 1616 1703 1685 justum
1745 1622 1856 1680 est,
1883 1625 2091 1678 atquum

532 1727 587 1772 et
615 1718 869 1778 salutare,
902 1729 998 1767 nos
1030 1713 1120 1766 tibi
1151 1726 1362 1778 semper
1390 1717 1442 1762 ct
1472 1707 1660 1775 ubique
1688 1705 1882 1773 gratias
1911 1715 2089 1768 agere,

3679 313 3774 368 68

2494 445 2514 472 θ
2546 445 2700 484 ΡΕΗΙΛ
2736 442 2766 480 ν
2797 441 2846 479 IN
2881 441 3195 480 lIEBDOIADA
3218 439 3430 481 TERTIA.

2263 524 2535 585 Concede,
2569 533 2895 589 quaesumus,
2963 518 3302 584 omnipotens
3325 518 3460 570 Deus
3487 556 3502 580 ,
3560 525 3618 570 ut
3662 516 3775 584 qui

2195 613 2538 683 protectionis
2566 620 2668 664 tua:
2697 609 2918 678 gratiam
2949 608 3236 676 quaerimus
3257 647 3271 668 ,
3313 605 3517 659 liberati
3545 620 3576 658 a
3601 607 3776 660 malis

2199 702 2474 764 omnibus,
2504 714 2688 755 secura
2719 698 2816 752 tibi
2848 706 3025 751 mente
3053 697 3364 751 serviamus.
3395 696 3516 750 Per.

2262 793 2444 859 Super
2470 791 2656 844 oblata.
2681 817 2751 828 —
2781 788 2923 841 Deus
2949 826 2965 853 ,
2996 786 3062 840 de
3107 785 3258 854 cujus
3275 786 3457 854 gratia:
3487 799 3609 840 rore
3639 786 3780 838 des-

2200 884 2377 940 cendit
2407 881 2542 936 utad
2565 878 2812 950 mysteria
2844 887 2956 945 tua,
2986 878 3221 947 purgatis
3242 877 3506 942 sensibus,
3539 877 3778 930 acceda-

2198 993 2337 1039 mus,
2369 983 2594 1044 praasta,
2627 985 2926 1042 quaesumus
2949 1010 2964 1035 ,
2995 970 3126 1023 utin
3156 983 3338 1022 eorum
3370 968 3652 1022 traditione
3677 980 3782 1020 so-

2191 1069 2439 1123 lemniter
2489 1062 2794 1119 honoranda
2863 1069 3170 1129 competens
3231 1059 3534 1114 deferamus
3603 1059 3781 1115 obse-

2191 1160 2396 1228 quium.
2427 1157 2547 1210 Per.

2261 1248 2368 1317 5o
2415 1245 2682 1314 Praefatio.
2729 1270 2793 1282 —-
2838 1241 2975 1296 Vere
3038 1239 3255 1308 dignum
3305 1248 3359 1295 et
3403 1239 3603 1309 justum
3648 1250 3778 1304 est,

2191 1352 2399 1406 aequum
2423 1345 2476 1390 et
2502 1335 2732 1388 salutare
2750 1373 2765 1398 ,
2791 1345 2886 1385 nos
2911 1331 3003 1384 tibi
3024 1344 3240 1398 semper
3268 1339 3322 1385 et
3349 1330 3543 1400 ubique
3569 1333 3780 1400 gratias

2192 1443 2377 1498 agere,
2433 1427 2651 1480 Domine
2693 1434 2907 1490 sancte,
2953 1423 3113 1475 Pater
3157 1422 3530 1489 omnipOtens,
3565 1431 3778 1475 aeterne

2195 1519 2332 1573 Deus
2378 1535 2390 1570 :
2437 1528 2490 1570 et
2519 1528 2659 1570 tuam
2689 1517 3000 1568 immensam
3032 1514 3366 1568 clementiam
3390 1515 3609 1581 supplici
3640 1525 3780 1566 voto

2196 1611 2486 1676 deposcere
2509 1651 2522 1672 ,
2557 1617 2612 1660 ut
2641 1622 2739 1660 nos
2775 1605 2999 1658 famulos
3040 1614 3184 1670 tuos,
3224 1613 3277 1656 et
3306 1602 3488 1670 jejunii
3527 1617 3778 1655 macera-

2197 1705 2336 1754 tione
2363 1699 2676 1767 castigatos,
2708 1705 2762 1750 et
2791 1696 2996 1750 caeteris
3027 1695 3282 1747 bonorum
3319 1708 3535 1761 cperunt
3557 1692 3779 1746 exhibi-

536 1807 757 1860 Domine
786 1814 999 1865 sancte,
1044 1802 1198 1854 Pater
1245 1797 1614 1864 omnipotens,
1667 1802 1863 1845 aeterne
1913 1790 2086 1841 Deus:
2127 1786 2165 1843 Β
2199 1791 2426 1844 tionibus
2455 1787 2720 1850 eruditus,
2757 1786 2807 1838 in
2857 1783 3119 1838 mandatis
3170 1783 3270 1836 tuis
3321 1782 3482 1836 facias
3518 1797 3774 1850 persevc-

536 1896 622 1962 qui
653 1891 982 1960 peccantium
1016 1905 1117 1942 non
1151 1889 1228 1939 vis
1257 1887 1460 1938 animas
1503 1882 1702 1951 perire,
1738 1880 1830 1932 sed
1871 1876 2091 1943 culpas;

536 1989 592 2034 ct
633 1988 913 2047 peccantes
954 1993 1056 2030 non
1087 1990 1299 2043 semper
1341 1974 1591 2027 continuo
1626 1970 1863 2038 judicas,
1908 1966 1999 2019 sed
2029 1965 2094 2018 ad

532 2071 894 2137 pmnitentiam
925 2076 1243 2135 provocatos
1285 2071 1579 2131 exspectas.
1614 2062 1842 2122 Averte,
1887 2071 2096 2125 qumsu-

537 2175 685 2219 mus,
717 2159 825 2228 49
853 2174 884 2212 a
934 2157 1085 2211 nobis
1135 2169 1290 2222 quam
1335 2166 1601 2205 meremur
1641 2150 1806 2215 iram,
1845 2156 1897 2200 et
1937 2159 2093 2214 quatn

538 2259 781 2315 Optamus
821 2262 979 2314 super
1020 2259 1114 2297 nos
1154 2241 1365 2296 eﬂunde
1403 2240 1772 2300 clementiam,
1821 2247 1909 2299 ut,
1944 2248 2096 2288 sacro

539 2335 804 2404 puriﬁcati
841 2333 1074 2402 jejunio,
1116 2333 1400 2385 electorum
1444 2339 1650 2382 tuorum
1680 2328 1863 2380 ascisci
1894 2339 2096 2379 merea-

536 2440 654 2477 mur
683 2423 928 2491 collegio.
959 2422 1060 2476 Per
1089 2421 1354 2474 Christum
1387 2419 1662 2472 Dominum
1696 2427 1953 2470 nostrum.

603 2513 683 2564 Ad
716 2512 1101 2580 Compleudum.
1127 2537 1194 2549 --
1211 2510 1408 2578 Sacris,
1431 2509 1672 2575 Domine,
1702 2506 1967 2574 mysteriis
1994 2521 2098 2559 ex-

533 2601 686 2668 piati,
717 2610 772 2654 et
792 2600 997 2653 veniam
1025 2615 1414 2668 consequamur
1439 2607 1492 2652 et
1521 2599 1766 2668 gratiam.
1799 2597 1918 2649 Per.

607 2690 774 2759 Super
797 2679 1062 2761 papulurit.
1104 2721 1175 2730 ——
1222 2689 1485 2752 Concede,
1520 2689 1821 2741 misericors
1853 2688 2011 2750 Deus,
2042 2695 2098 2740 ut

535 2778 756 2834 devotus
787 2780 882 2833 tibi
912 2781 1133 2848 populus
1177 2793 1390 2847 semper
1419 2779 1635 2842 existat,
1664 2789 1718 2832 et
1762 2777 1830 2831 de
1877 2786 1962 2830 tua
1991 2778 2098 2830 cle-

532 2872 754 2939 mentia,
783 2870 922 2939 quod
953 2870 1004 2925 ei
1034 2871 1222 2939 prosit,
1255 2871 1622 2924 indesinenter
1650 2869 1905 2934 obtineat.
1938 2869 2058 2923 Per.

833 2958 860 2996 δ
895 2976 1050 3013 ηιιιΑ
1077 2976 1125 3014 tv
1154 2976 1201 3013 1N
1232 2975 1542 3014 ueunouaua
1572 2975 1783 3013 TERTIA.

605 3049 805 3102 Praesta
852 3049 1027 3112 nobis,
1059 3064 1384 3118 qumsumus,
1421 3050 1661 3115 Domine,
1699 3058 1755 3102 ut
1782 3048 2095 3102 salutaribus

2199 1897 2314 1934 rare
2338 1881 2594 1942 sincerus,
2624 1888 2676 1931 et
2705 1877 2768 1930 ad
2794 1875 3057 1944 pascha'ia
3086 1873 3216 1928 festa
3242 1873 3516 1942 pervenire
3545 1875 3772 1935 illmsos;

2197 1974 2380 2039 sicque
2418 1969 2764 2038 prasentibus
2817 1967 3063 2021 subsidiis
3115 1965 3478 2029 consolemur,
3505 1974 3776 2032 quatenus

2197 2064 2260 2116 ad
2303 2073 2504 2115 aeterna
2539 2061 2728 2129 gaudia
2765 2059 3063 2128 pertingch
3107 2071 3429 2112 mereamur.
3467 2056 3567 2110 Per
3614 2054 3777 2110 Chri-

2196 2161 2333 2205 stum
2357 2150 2657 2202 Dominum.

2273 2241 2354 2294 Ad
2385 2240 2776 2307 Complendum.
2805 2267 2876 2278 -—
2905 2237 3232 2293 Sacramenti
3263 2236 3357 2300 tui,
3389 2235 3627 2296 Domine,
3678 2247 3775 2285 vc-

2199 2331 2430 2384 neranda
2473 2329 2760 2396 perceptio,
2789 2337 2844 2382 et
2880 2329 3106 2395 mystico
3150 2342 3246 2380 nos
3287 2325 3502 2378 mttndet
3548 2323 3772 2388 effectu,

2204 2429 2250 2474 et
2279 2429 2528 2488 perpetua
2569 2419 2759 2472 virtute
2791 2418 3059 2472 defendat.
3096 2419 3196 2470 Per
3223 2417 3524 2470 Dominum.

2271 2513 2438 2581 Super
2466 2514 2731 2580 populum.
2760 2539 2830 2548 —
2855 2510 3145 2571 Conserva,
3175 2521 3496 2576 quaesumus,
3523 2505 3769 2566 Domine,

2204 2602 2453 2670 populum
2487 2610 2656 2664 tuum,
2691 2611 2742 2653 et
2768 2600 2951 2668 gratia:
2984 2609 3086 2652 ture
3113 2599 3162 2652 in
3197 2614 3260 2651 eo
3286 2599 3422 2652 dona
3452 2598 3770 2662 multiplica,

2201 2704 2255 2747 ut
2293 2692 2360 2745 ab
2404 2691 2654 2745 omnibus
2699 2690 2834 2744 liber
2865 2689 3105 2748 offensis,
3144 2698 3197 2743 et
3229 2689 3614 2756 temporalibus
3655 2704 3766 2739 non

2198 2782 2517 2837 destituatur
2558 2779 2801 2849 auxiliis,
2845 2789 2900 2834 et
2938 2781 3279 2849 sempiternis
3308 2777 3778 2850 gaudeatinstitu-

2204 2874 2287 2927 tis.
2320 2872 2423 2927 Per
2462 2871 2742 2926 Dominum
2776 2879 3038 2924 nostrum.

2623 2960 2648 2998 ά
2675 2962 2833 3015 Ρειιήλ
2858 2976 2905 3014 vt
2932 2976 2983 3013 IN
3006 2973 3341 3013 uenantum.

2269 3053 2479 3124 Jejunia
2508 3063 2708 3118 nostra,
2739 3067 3068 3123 quaesumus,
3120 3050 3373 3115 Domine,
3429 3049 3658 3115 benigno
3690 3049 3773 3102 fa-

535 3140 744 3208 ieiuniis
774 3139 962 3192 emdili
983 3179 998 3203 ν
1029 3154 1058 3192 ³
1091 3141 1261 3193 110³ζίἰὸ
1290 3154 1497 3208 quoque
1548 3139 1690 3193 νίῐίίε
1730 3138 2054 3194 abS'inemeS
2080 3177 2094 3204 !
2123 3137 2168 3196 (ἶ
2201 3158 2330 3200 vore
2359 3158 2704 3212 prosequere,
2735 3152 2789 3195 ut
2818 3143 2956 3196 sicut
2993 3142 3059 3197 ab
3099 3141 3367 3195 alimentis
3415 3141 3465 3194 in
3495 3154 3723 3209 corpore
3749 3179 3767 3203 ,

537 3228 963 3296 propitiationem
995 3237 1136 3282 tuam
1173 3230 1378 3282 facilius
1405 3229 1765 3297 impetremus.
1802 3229 1921 3284 Per.

609 3310 791 3386 Super
812 3319 999 3372 oblata.
1021 3348 1091 3360 —
1110 3319 1348 3387 Suscipe,
1374 3334 1694 3387 quaesumus,
1717 3319 1949 3383 Domine,
1978 3333 2097 3387 pre-

535 3421 626 3461 ces
671 3408 848 3476 populi
879 3409 951 3462 tui
981 3423 1102 3462 cum
1139 3409 1496 3462 oblationibus
1550 3408 1865 3474 hostiarum,
1912 3417 1965 3462 et
2003 3417 2097 3479 tua

536 3498 787 3565 mysteria
808 3498 1138 3553 celebrantes
1160 3498 1226 3553 ab
1248 3498 1496 3553 omnibus
1517 3511 1614 3553 nos
1641 3496 1866 3552 defende
1893 3497 2101 3566 pericu-

537 3589 620 3642 lis.
651 3589 770 3643 Per.

616 3675 887 3746 Prwfatio.
917 3705 987 3716 ——
1018 3677 1152 3730 Vere
1181 3677 1398 3745 dignum
1431 3686 1484 3732 et
1523 3677 1721 3746 justum
1762 3687 1863 3741 est,
1895 3692 2100 3745 a‘qnum

540 3776 597 3821 et
624 3768 874 3834 salutare,
913 3783 1010 3822 nos
1040 3768 1132 3821 tibi
1160 3784 1369 3837 semper
1392 3777 1445 3822 et
1468 3770 1660 3836 ubique
1686 3771 1881 3840 gratias
1909 3785 2063 3838 agere
2084 3811 2099 3836 ,

543 3858 766 3911 Domine
814 3867 1018 3926 sancte,
1065 3856 1221 3912 Pater
1258 3858 1629 3925 omnipotens,
1664 3868 1860 3914 atterite
1914 3860 2050 3913 Deus
2085 3878 2100 3915 :

541 3956 791 4016 tuamque
821 3948 1240 4002 misericordiam
1272 3949 1577 4017 suppliciter
1610 3965 1849 4015 exorare,
1883 3961 1939 4005 ut
1959 3952 2102 4020 jeju-

541 4041 752 4092 niorum
815 4048 1120 4094 nostrorum
1164 4051 1501 4096 sacrosancta
1557 4043 1806 4112 mysteria
1852 4051 1954 4096 tua:
1999 4043 2106 4096 sint

541 4129 724 4194 pietati
779 4141 991 4196 semper
1045 4139 1294 4196 accepta;
1349 4130 1716 4199 concedasque
1777 4141 1833 4185 ut
1880 4146 2101 4198 quorum

536 4233 758 4287 corpora
777 4218 1109 4272 abstinentia:
1131 4219 1502 4275 observatione
1519 4230 1874 4288 macerantur,
1899 4232 2103 4277 mentes

541 4325 753 4379 quoque
779 4312 1058 4366 virtutibus
1084 4322 1138 4367 et
1159 4313 1461 4368 coelestibus
1484 4315 1735 4369 institutis
1755 4319 2151 4372 exornentur.‘

542 4401 644 4453 l'cr
665 4401 928 4453 Christum
959 4401 1239 4453 Dominttnt
1270 4411 1528 4455 nostrum.

2203 3236 2274 3289 ita
2314 3247 2344 3286 a
2373 3232 2513 3286 vitiis
2546 3231 2846 3300 jejunemus
2875 3232 2923 3284 in
2958 3240 3154 3286 mente.
3191 3231 3313 3284 Per.

2275 3326 2446 3394 Super
2472 3325 2658 3377 oblata.
2686 3347 2756 3362 -ιι
2784 3322 3004 3390 Respice
3029 3361 3044 3388 ,
3102 3322 3344 3385 Domine,
3401 3320 3653 3388 propitius
3701 3320 3768 3372 ad

2207 3429 2425 3468 munera
2456 3427 2573 3481 quae
2603 3425 2893 3476 sacramus,
2929 3419 3062 3464 utet
3097 3410 3189 3464 tibi
3219 3411 3325 3464 sint
3340 3419 3509 3480 grata,
3542 3419 3593 3464 et
3617 3410 3772 3464 nobis

2204 3504 2456 3560 salutaria
2497 3517 2707 3571 semper
2735 3502 2983 3556 existant.
3011 3501 3130 3555 Per.

2275 3592 2547 3662 Praefatio.
2575 3621 2645 3632 —
2670 3592 2803 3645 Vere
2844 3592 3058 3661 dignum
3108 3600 3161 3646 et
3208 3592 3405 3659 justum
3437 3600 3536 3654 est,
3560 3605 3769 3660 mquam

2205 3692 2261 3739 et
2294 3684 2550 3749 salutare,
2577 3695 2672 3735 nos
2697 3680 2788 3734 tibi
2820 3695 3030 3748 semper
3062 3689 3115 3735 et
3144 3680 3335 3750 ubique
3365 3680 3560 3749 gratias
3594 3693 3773 3747 agere,

2208 3774 2436 3828 Domine
2487 3779 2690 3837 sancte,
2725 3771 2882 3825 Pater
2921 3772 3294 3840 omnipotens,
3351 3782 3548 3826 intente
3588 3772 3765 3825 Deus:

2209 3863 2300 3932 qui
2332 3863 2396 3917 ad
2424 3864 2798 3918 insinuandum
2826 3861 3136 3915 humilitatis
3162 3877 3274 3916 sua:
3315 3862 3618 3931 mysterium
3647 3903 3661 3926 ,
3693 3860 3774 3913 fa-

2211 3955 2402 4022 tigatus
2446 3953 2644 4007 resedit
2689 3953 2752 4005 ad
2793 3961 3038 4018 puteum;
3089 3952 3176 4021 qui
3226 3966 3256 4005 a
3287 3951 3507 4005 muliere
3544 3951 3777 4005 Samari-

2211 4053 2332 4097 tana
2366 4058 2515 4111 aquae
2540 4042 2639 4097 sibi
2673 4042 2822 4110 petiit
2864 4041 3058 4109 porrigi
3100 4049 3306 4110 potum,
3349 4041 3437 4110 qui
3461 4043 3512 4095 in
3541 4055 3600 4095 ea
3624 4055 3773 4096 crea-

2206 4141 2356 4190 verat
2396 4134 2515 4188 fidei
2559 4134 2778 4187 donum.
2813 4134 2878 4186 Et
2913 4133 2982 4186 ita
3011 4132 3125 4201 ejus
3155 4131 3308 4186 sitire
3333 4132 3580 4200 dignatus
3607 4141 3688 4185 est
3717 4131 3777 4183 ft-

2207 4226 2348 4290 dem,
2369 4233 2427 4278 ut
2447 4224 2572 4277 dum
2596 4223 2662 4276 ab
2690 4237 2752 4276 ea
2776 4238 2962 4291 aquam
2985 4231 3213 4291 peteret,
3238 4222 3289 4275 in
3315 4235 3375 4276 ea
3403 4220 3578 4290 ignem
3608 4221 3772 4274 divini

2207 4315 2407 4369 amoris
2431 4314 2768 4368 accenderet.
2801 4312 3154 4382 Imploramus
3177 4312 3353 4381 itaque
3379 4320 3520 4365 tuam
3552 4309 3777 4364 immen-

2211 4418 2322 4458 sam
2355 4404 2714 4469 clementiam,
2743 4413 2801 4457 ut
2832 4412 3237 4459 contemnentes
3267 4401 3604 4455 tenebrosam
3649 4415 3774 4468 pro-

611 4491 692 4542 Λα
721 4489 1103 4556 Complendum.
1143 4519 1203 4531 -
1233 4492 1544 4546 Sanctilicet
1580 4508 1698 4556 nos,
1731 4495 1972 4555 Domine,
2001 4508 2101 4561 qua
2133 4492 2179 4550 D
2207 4493 2523 4548 funditatem
2549 4495 2822 4560 vitiorum,
2851 4502 2905 4548 et
2932 4491 3297 4560 relinquentes
3322 4493 3595 4546 noxiarum
3628 4491 3780 4559 (227)

544 4583 675 4652 pasti
708 4594 912 4644 sumus,
944 4596 1122 4635 mensa
1148 4583 1383 4636 caelestis
1405 4622 1420 4649 ,
1451 4597 1504 4637 et
1534 4597 1565 4636 a
1595 4583 1802 4637 cunctis
1831 4585 2102 4638 erroribus

541 4675 780 4743 expiatos
831 4671 982 4741 (226)
1006 4675 1249 4740 supernis
1295 4674 1734 4742 promissionibus
1785 4675 1969 4729 reddat
2016 4691 2105 4730 acv

541 4772 743 4830 ceptos.
779 4762 876 4816 Per
908 4762 1207 4816 Dominum.

612 4852 782 4919 Super
809 4851 1077 4921 populum.
1129 4881 1201 4892 —
1232 4851 1465 4907 Defende
1486 4894 1501 4918 ,
1536 4853 1757 4908 Domine
1782 4894 1798 4917 ,
1855 4854 2102 4907 familiam

544 4950 708 5006 tuam,
739 4949 792 4995 et
807 4949 918 4994 toto
947 4940 1039 4993 tibi
1062 4940 1222 4994 corde
1254 4950 1568 5008 pr0stratam
1607 4942 1673 4995 ab
1697 4943 1927 4996 hostium
1957 4952 2102 4998 tuere

543 5030 867 5096 formidine;
915 5045 1013 5086 nec
1070 5031 1203 5084 bona
1234 5041 1320 5084 tua
1368 5032 1649 5087 difficulter
1689 5033 1960 5098 inveniat,
2012 5049 2107 5102 pro

543 5122 736 5190 quibus
763 5130 816 5175 et
845 5122 1014 5176 sancti
1045 5121 1118 5175 tui
1146 5131 1197 5175 et
1228 5121 1479 5190 angelica:
1502 5123 1590 5176 tibi
1612 5123 1913 5193 supplicant
1935 5135 2110 5195 potos-

489 5280 502 5290 ,
546 5225 698 5268 tates.
721 5211 822 5267 Per
851 5212 1128 5266 Dominum
1154 5223 1413 5266 nostrum.

615 5364 640 5390 ι
680 5354 900 5408 Additur
930 5351 980 5405 in
1013 5350 1234 5405 Kalend.
1269 5350 1445 5417 an.,
1476 5351 1526 5404 in
1559 5352 1690 5405 Cod.
1719 5351 1941 5418 Pamel.,
1966 5351 2092 5420 Reg.

542 5427 697 5482 Suec.
731 5435 786 5478 et
814 5423 926 5475 aliis
950 5424 1073 5476 Mss.
1103 5438 1114 5472 :
1149 5422 1225 5472 Ad
1249 5433 1471 5473 sanctam
1498 5421 1874 5476 Potentianum.
1904 5423 2097 5476 Eadem

542 5507 622 5551 est
652 5508 712 5544 ac
738 5503 909 5545 sancta
931 5491 1274 5543 Pudentiana.

616 5566 640 5602 ⁸»
663 5562 831 5615 Statio
861 5561 1108 5614 indicitur
1138 5558 1205 5611 ad
1235 5570 1461 5611 sanctum
1491 5560 1737 5624 Xistum;
1768 5563 1909 5622 sive,
1942 5569 1997 5613 ttt
2023 5562 2099 5614 le-

541 5635 677 5704 gitur
707 5635 756 5686 in
774 5631 905 5704 Cod.
930 5631 1057 5704 lleg.
1083 5628 1260 5704 Suec.,
1286 5629 1351 5704 ad
1374 5630 1763 5704 Sislum,cuju_s
1790 5633 1924 5686 tituli
1949 5645 2096 5685 men-

543 5699 616 5761 tio
645 5707 694 5760 in
719 5701 920 5773 synodo
952 5700 1128 5768 llom.,
1154 5700 1251 5754 sub
1278 5699 1432 5769 Greg.
1469 5699 1530 5764 ll,
1556 5714 1642 5753 an.
1675 5699 1798 5752 721.

2210 4585 2451 4656 bydriam
2475 4584 2848 4652 cupiditatum,
2877 4590 2932 4638 et
2963 4592 3014 4637 te
3040 4626 3054 4649 ,
3090 4582 3178 4650 qui
3212 4582 3330 4636 fons
3371 4580 3492 4635 vita:
3530 4588 3583 4635 et
3627 4579 3780 4647 origo

2212 4677 2466 4732 bonitatis
2499 4690 2579 4740 es,
2610 4689 2820 4744 semper
2858 4675 3118 4738 sitiamus,
3144 4683 3193 4728 et
3220 4671 3544 4742 jejuniorum
3571 4679 3780 4724 nostro-

2213 4781 2329 4820 rum
2360 4765 2745 4821 observatione
2786 4763 2880 4819 tibi
2909 4763 3234 4834 placeamus.
3267 4763 3367 4816 Per
3391 4776 3550 4829 quem
3586 4759 3784 4826 Maies-

2211 4865 2399 4910 tatem.

2286 4947 2365 5000 Ad
2395 4945 2783 5016 Complendum.
2812 4974 2880 4983 —
2903 4943 3068 5011 Hujus
3098 4957 3216 5009 nos,
3245 4941 3487 5007 Domine,
3512 4940 3785 5008 perceptio

2213 5040 2529 5094 sacramenti
2563 5037 2783 5091 mundet
2811 5050 2843 5089 a
2869 5035 3125 5101 crimine,
3155 5045 3210 5089 et
3245 5034 3312 5088 ad
3352 5030 3587 5088 cmlesua
3618 5043 3782 5098 regna

2218 5129 2494 5198 perducat.
2529 5128 2648 5181 Per.

2286 5217 2456 5286 Super
2481 5218 2747 5287 populum.
2778 5244 2848 5256 —
2869 5215 3130 5280 Gaudeat,
3159 5213 3410 5280 Domine,
3437 5224 3744 5282 quzesumus
3770 5251 3784 5273 ,

2277 5364 2298 5391 α
2330 5352 2445 5406 Jam
2481 5367 2622 5419 saepe
2669 5351 2868 5406 laudati
2909 5351 3128 5404 Codices
3177 5351 3289 5405 sive
3329 5365 3486 5404 manu
3528 5350 3739 5419 exarati
3768 5392 3782 5410 ,

2203 5423 2315 5476 sive
2339 5423 2486 5486 editi,
2513 5417 2709 5478 habent
2734 5421 2826 5476 hic
2853 5439 2866 5474 :
2895 5421 2973 5475 Ad
2994 5428 3198 5474 sanctos
3229 5421 3463 5474 Casinam
3489 5430 3534 5473 et
3568 5417 3786 5471 Damia-

2203 5510 2232 5544 n
2277 5510 2344 5546 ut.

2240 5509 2295 5597 ad
2329 5562 2498 5615 Statio
2527 5573 2609 5616 est
2636 5563 2704 5615 ad
2725 5570 2955 5615 sanctum
2989 5560 3322 5613 Laurentitﬂn
3356 5561 3407 5612 in
3437 5562 3516 5612 tit.
3548 5558 3786 5623 Lurina’,

2200 5633 2330 5753 sivi,
2362 5641 2418 5710 ut
2441 5633 2595 5686 hath
2630 5632 2851 5698 Pamel.,
2879 5633 3247 5686 consentiente
3276 5629 3408 5684 Cod.
3443 5630 3785 5698 lieg.Suec.,

2200 5717 2252 5755 tn
2330 5716 2510 5754 uctnw.
