4026 6306
217 351 281 407 ω
1434 355 1633 411 LIBER
1672 352 2306 411 SACIKAMENTORUM.
3410 361 3478 413 70

218 463 445 534 populus
477 506 492 530 ,
552 473 649 519 tua
685 477 899 533 semper
947 462 1317 518 benedictione
1346 466 1580 519 conlisus
1604 503 1619 526 ,
1652 474 1711 518 ut
1740 476 1794 521 et
1824 470 1864 524 Α
1898 464 2091 520 Amen.
2117 466 2503 521 Abstinentiam
2528 476 2757 521 vestram
2779 467 3100 536 praeteritam
3116 477 3375 537 acceptet,
3400 471 3478 524 ru-

216 558 605 627 temporalibus
637 555 912 611 beneﬁciis
939 555 1244 624 adjuvetur,
1265 566 1317 610 et
1343 556 1621 611 erudiatur
1650 564 1806 613 aeter-

218 651 328 705 nis.
359 649 464 704 Per
492 648 796 702 Dominum.

490 740 595 808 ει
625 746 651 773 ι
676 751 913 791 saeuo
941 752 991 791 IN
1022 751 1254 790 necnon.
1293 753 1510 795 ruam.

294 830 519 891 Praesta,
552 842 895 897 quaesumus,
938 829 1277 896 omnipotens
1306 829 1465 892 Deus,
1495 838 1554 883 ut
1578 830 1807 897 dignitas

218 918 537 972 conditionis
579 917 830 971 humana:
874 932 969 984 per
1028 917 1487 972 immoderantiam
1534 922 1803 985 sauciata,

219 1006 551 1061 medicinalis
583 1006 927 1075 parcimonize
965 1005 1140 1061 studio
1168 1007 1510 1064 reformetur.
1563 1010 1663 1063 Per
1703 1011 1805 1065 Do-

215 1098 437 1151 minum.

287 1185 462 1255 Super
489 1184 675 1239 oblata.
701 1214 775 1225 —
803 1184 1067 1252 Concede,
1099 1200 1405 1256 quaesumus
1428 1228 1443 1251 ,
1472 1189 1805 1256 omnipotens

218 1276 380 1340 Deus,
412 1286 465 1327 ut
493 1275 653 1344 hujus
685 1278 934 1331 sacriﬁcii
979 1292 1172 1332 munus
1210 1277 1544 1347 fragilitatem
1571 1291 1803 1336 nostram

217 1367 284 1419 ab
309 1366 447 1420 omni
470 1366 620 1420 malo
655 1376 843 1436 purget
880 1382 1091 1436 semper
1138 1376 1192 1422 et
1222 1370 1442 1423 muniat.
1486 1369 1586 1423 Per
1620 1370 1804 1426 Domi-

289 1540 554 1608 Prtrfats'o.
578 1572 655 1582 -
679 1542 819 1598 Vere
850 1542 1063 1613 dignum
1088 1554 1137 1599 et
1169 1555 1368 1613 justum
1392 1555 1494 1612 est,
1516 1562 1723 1615 aequum
1753 1556 1806 1601 et

218 1634 470 1697 salutare,
526 1648 633 1688 nos
662 1634 755 1689 tibi
801 1650 1009 1703 semper
1050 1645 1106 1691 et
1147 1637 1343 1706 ubique
1379 1639 1572 1706 gratias
1611 1655 1799 1708 agere,

225 1724 439 1778 Demioe
491 1735 719 1787 sancte,
767 1725 923 1780 Pater
957 1726 1323 1795 omnipotens,
1376 1735 1575 1782 aeterne
1620 1730 1797 1784 Deus:

222 1817 304 1885 qui
330 1816 517 1886 jejunii
547 1818 1039 1887 Quadragesimalis
1072 1818 1495 1873 observationem
1532 1821 1582 1873 in
1616 1820 1795 1891 Moyse
1831 1817 1873 1873 Β

218 1914 267 1958 et
291 1906 399 1958 Elia
441 1907 730 1973 dedicasti,
768 1918 823 1962 et
862 1908 914 1960 in
952 1907 1232 1976 Unigenito
1267 1907 1401 1961 Filio
1430 1919 1553 1974 tuo,
1582 1910 1712 1979 legis
1742 1922 1797 1964 et

218 1995 585 2061 prophetarum
630 2006 917 2065 nostroque
942 1998 1175 2051 omnium
1212 1996 1467 2063 Domino,
1492 2002 1791 2054 exornasti.

215 2082 376 2135 Tuam
402 2085 555 2152 igitur
586 2084 909 2138 immensam
951 2085 1238 2139 bonitatem
1268 2088 1530 2155 supplices
1557 2092 1796 2157 exposci-

213 2187 353 2236 mus,
379 2184 433 2226 ttt
470 2175 621 2242 quod
660 2175 750 2229 ille
780 2175 889 2243 jugi
934 2176 1256 2243 jejuniorum
1305 2179 1587 2245 complevit
1628 2182 1796 2233 couti-

214 2265 484 2328 nuatione,
519 2279 630 2318 nos
667 2265 963 2333 adimplere
998 2266 1273 2319 valeamus
1312 2267 1452 2320 illius
1486 2268 1648 2337 adjuti
1690 2268 1795 2323 lar-

213 2358 413 2428 gissima
437 2361 826 2425 miseratione,
855 2370 905 2416 et
923 2360 1271 2430 adimplentes
1294 2377 1354 2415 ea
1373 2378 1489 2431 quae
1512 2365 1792 2433 pra'cepit,

212 2450 342 2503 dona
365 2451 654 2519 percipere
683 2466 984 2506 mereamur
1012 2467 1132 2520 quae
1175 2454 1437 2521 promisit.
1482 2454 1583 2510 Per
1616 2471 1793 2524 quem.

281 2541 355 2591 Ad
380 2539 866 2609 Complendum.—
885 2540 1220 2608 Quaesumus,
1248 2543 1583 2610 omnipotens
1620 2544 1758 2597 Deus
1775 2587 1790 2611 ,

215 2640 267 2685 ut
290 2635 424 2686 inter
445 2631 571 2701 ejus
600 2631 843 2687 membra
873 2647 1214 2687 numeremur
1235 2635 1385 2700 cujus
1415 2635 1624 2703 corpori
1655 2649 1798 2689 com-

212 2723 539 2779 mmicamus
572 2736 631 2779 et
667 2724 933 2792 sanguini.
974 2723 1076 2777 Per
1098 2723 1402 2778 Dominum.

272 2814 437 2881 Super
463 2813 745 2880 populum.
777 2842 851 2854 —
874 2813 1150 2867 Praetende
1171 2854 1185 2877 ,
1228 2813 1452 2867 Domine
1479 2856 1493 2877 ,
1547 2814 1793 2869 ﬁdelibus

210 2903 307 2957 tuis
334 2902 630 2957 dexteram
666 2902 906 2956 caelestis
937 2902 1223 2965 auxilii,ut
1254 2912 1305 2956 te
1328 2914 1443 2955 toto
1474 2902 1633 2957 corde
1676 2920 1795 2972 pcr—

212 2995 506 3060 quirant,et
538 3008 667 3063 qua:
694 2993 853 3061 digne
880 2992 1150 3063 postulant
1175 2993 1427 3061 consequi
1454 3002 1782 3047 mercantur.

212 3083 306 3139 Per
334 3084 626 3138 Dominum
660 3091 929 3136 nostrum.

515 3192 548 3231 δ
584 3208 837 3249 DOIINICA
877 3209 927 3247 tv
962 3208 1014 3247 rx
1052 3206 1475 3255 QUADRAGESIMA.

275 3287 543 3350 Concede,
582 3298 915 3355 quaesumus,
944 3283 1280 3351 omnipotens
1311 3282 1483 3346 Deus,
1516 3292 1573 3335 ut
1604 3284 1692 3351 qui
1721 3298 1788 3339 ex

212 3378 386 3431 merito
414 3388 622 3432 nostra:
652 3377 880 3431 actionis
911 3374 1195 3444 afﬂigimur
1219 3417 1233 3440 ,
1260 3384 1361 3427 tua:
1384 3375 1565 3443 gratia:
1591 3390 1787 3430 conso-

211 3468 396 3521 latione
416 3468 777 3535 respiremus.
810 3463 910 3519 Per
940 3465 1219 3519 Dominum
1252 3473 1511 3519 nostrum.

277 3556 440 3625 Super
472 3557 674 3610 oblata.
699 3585 767 3596 —
797 3556 1037 3623 Suscipe,
1069 3555 1313 3621 Domine,
1346 3557 1665 3611 sacrificium
1695 3573 1788 3612 cu-

210 3646 286 3707 ius
326 3657 376 3699 te
429 3645 657 3700 voluisti
717 3645 1001 3714 dignanter
1055 3645 1417 3699 immolatione
1474 3648 1693 3713 placari,
1735 3658 1788 3703 et

211 3746 421 3802 prmsta,
456 3749 772 3805 qiimsurntis
803 3775 819 3800 ,
852 3744 908 3788 ut
952 3733 1114 3804 hujus
1154 3735 1461 3800 Operatione
1505 3736 1742 3789 mundati
1769 3778 1784 3801 ,

209 3825 607 3892 beneplacitum
638 3824 730 3878 tibi
764 3834 964 3879 nostra:
986 3825 1180 3877 mentis
1199 3823 1486 3878 oﬁeramus
1516 3825 1783 3880 affectum.

208 3916 301 3969 l'er
323 3916 641 3970 Dominum.

274 4004 555 4074 Prwfatio.
596 4036 667 4047 —
706 4005 847 4060 Vere
881 4006 1097 4073 dignum
1123 4006 1393 4074 etjustum
1424 4015 1509 4061 est
1532 4046 1548 4070 ,
1573 4022 1783 4078 (equum

207 4107 259 4150 et
286 4096 563 4163 salutare,
592 4111 690 4149 nos
730 4096 823 4149 tibi
847 4110 1059 4164 semper
1082 4106 1134 4149 et
1163 4095 1358 4165 ubique
1383 4097 1580 4165 gratias
1604 4112 1784 4166 agere,

208 4184 424 4239 Domine
458 4195 674 4250 sancte,
710 4185 865 4240 Pater
906 4183 1273 4253 omnipOtens,
1300 4194 1503 4241 a-terne
1527 4186 1669 4241 Deus
1698 4198 1785 4241 :et

208 4285 255 4329 te
277 4276 597 4330 Creatorem
632 4274 865 4330 oniuium
893 4275 961 4329 de
990 4274 1275 4339 praeteritis
1319 4276 1579 4330 fructibus
1629 4278 1787 4347 glori-

210 4367 383 4431 ﬁcare,
418 4377 479 4421 et
516 4366 587 4421 de
615 4366 853 4420 venturis
876 4365 1195 4435 suppliciter
1218 4381 1464 4432 exorare,
1498 4380 1555 4421 ut
1576 4384 1696 4423 cum
1721 4370 1786 4424 de

210 4458 472 4524 perceptis
503 4472 607 4509 non
629 4455 935 4510 invenimur
964 4456 1177 4526 ingrati,
1202 4455 1269 4510 de
1297 4455 1649 4524 percipiendis
1680 4474 1783 4513 non

1911 564 2083 609 turam
2109 557 2209 610 sibi
2244 558 2487 625 placitam
2518 559 2725 622 reddat,
2757 567 2813 612 ut
2841 559 2977 613 sicut
3000 560 3069 613 ab
3095 560 3292 612 illicitis
3322 561 3476 623 cibis,

1910 646 1979 699 ita
2013 661 2106 700 vos
2139 647 2298 701 etiam
2355 662 2385 700 a
2418 650 2559 701 vitiis
2589 648 2834 703 omnibus
2884 649 3150 703 abstinuere
3196 650 3477 705 concedat.

1907 736 2099 790 Amen.
2128 737 2244 801 Quo
2273 737 2338 791 de
2372 739 2653 807 prznteritis
2675 748 2729 793 et
2755 738 2944 793 futuris
2965 739 3344 793 charismatum
3377 742 3482 794 fru-

1907 826 2058 893 gibus
2087 827 2134 880 ei
2159 835 2335 895 grates
2360 828 2743 895 persolventes,
2782 828 2848 883 ad
2871 839 3110 884 sanctum
3137 830 3336 884 Pascha
3360 846 3479 899 pcr-

1906 914 2086 967 venire
2132 917 2341 981 po~sitis
2375 915 2526 987 (228)
2572 918 2867 972 indemnes.
2901 919 3050 984 Quod
3083 921 3195 988 ipse
3225 932 3477 988 praestare

1904 1004 2169 1072 dignetur.

1973 1097 2053 1150 Ad
2079 1097 2469 1166 Compleudum.
2498 1129 2569 1139 —
2592 1099 2663 1153 Da
2691 1100 2867 1168 nobts,
2900 1117 3203 1158 misericors
3230 1103 3394 1168 Deus,
3416 1112 3478 1155 ut

1903 1197 2085 1239 sancta
2134 1195 2244 1253 tua,
2289 1188 2479 1256 quibus
2510 1189 2840 1242 incessanter
2877 1192 3194 1259 explemur,
3252 1194 3477 1246 sinceris

1906 1290 2190 1332 tractemus
2213 1280 2506 1348 obsequiis,
2527 1290 2579 1334 et
2595 1294 2807 1348 semper
2827 1280 2968 1335 ﬁdeli
2986 1292 3164 1336 mente
3181 1296 3475 1340 sumamus.

1907 1368 2021 1423 Per.

1978 1458 2147 1524 Super
2173 1458 2436 1526 papulum.
2459 1487 2527 1499 —
2542 1458 2682 1511 Deus
2701 1457 2789 1526 qui
2812 1456 2863 1510 in
2894 1457 3089 1511 deserti
3109 1456 3321 1526 regione
3338 1458 3477 1512 mul-

1904 1550 2179 1603 titudinem
2212 1550 2387 1619 populi
2412 1561 2498 1603 tua
2526 1550 2721 1603 virtute
2750 1548 2973 1613 satiasti,
3003 1549 3054 1602 in
3083 1549 3239 1617 hujus
3263 1564 3475 1618 quoque

1903 1641 2081 1693 saeculi
2112 1641 2433 1694 transeun'is
2464 1656 2690 1694 excursu
2718 1640 2917 1693 victum
2959 1639 3112 1693 nobis
3140 1638 3430 1707 spiritalem
3456 1680 3472 1705 ,

1906 1744 1973 1784 ne
2005 1729 2334 1795 deﬁciamus,
2363 1729 2630 1798 impende.
2674 1730 2774 1795 Qui
2805 1730 2937 1784 vivis
2965 1739 3019 1785 et
3045 1746 3253 1798 regnas.

2202 1818 2226 1855 ά
2264 1835 2418 1873 ιπειιιΑ
2447 1834 2487 1870 ιι
2525 1835 2577 1873 ιιι
2606 1833 2919 1872 ιιιιιιυοιιλωι
2946 1834 3175 1882 cum“.

1974 1906 2197 1973 Praesta,
2232 1921 2552 1976 qumsumus,
2582 1907 2920 1975 omnipotens
2943 1907 3104 1970 Deus,
3135 1916 3191 1960 ut
3220 1907 3471 1961 observa-

1903 2000 2075 2051 tiones
2104 2013 2285 2051 sacras
2310 2013 2482 2052 annua
2511 1999 2800 2052 devotione
2833 2001 3147 2065 recolentes,
3179 2010 3230 2053 et
3251 2014 3474 2067 corpore

1904 2088 1996 2142 tibi
2030 2088 2329 2156 placeamus
2355 2095 2409 2141 et
2439 2097 2636 2141 mente.
2672 2087 2791 2140 Per.

1971 2181 2137 2251 Super
2182 2182 2369 2234 oblata.
2403 2179 2739 2234 -—-Oblatum
2800 2177 2913 2241 tibi,
2975 2178 3216 2243 Domine,
3271 2177 3471 2232 sacriﬁ-

1897 2274 2034 2327 cium
2076 2274 2303 2327 vivilieet
2336 2286 2430 2326 nos
2459 2287 2669 2339 semper
2692 2281 2745 2324 et
2777 2271 3000 2323 muniat.
3034 2271 3152 2324 Per.

1970 2366 2237 2437 Prtefatio.
2268 2397 2337 2408 —
2373 2368 2507 2421 Vere
2550 2368 2763 2434 dignum
2805 2375 2857 2418 et
2888 2364 3090 2433 justum
3121 2372 3224 2426 est,
3254 2376 3462 2430 mquum

1899 2469 1951 2513 et
1984 2459 2239 2521 salutare,
2273 2473 2369 2511 nos
2397 2458 2490 2511 tibi
2524 2470 2736 2522 semper
2764 2465 2815 2507 et
2844 2454 3035 2520 ubique
3063 2452 3261 2520 gratias
3282 2464 3462 2517 agere,

1899 2549 2119 2602 Domine
2148 2557 2353 2610 sancte,
2379 2546 2536 2599 Pater
2567 2544 2908 2612 omnipotens
2933 2582 2946 2605 ,
2974 2549 3173 2594 aeterne
3205 2539 3344 2592 Deus
3371 2555 3385 2591 :
3417 2547 3471 2592 et

1898 2646 2041 2691 tuam
2086 2637 2401 2705 suppliciter
2430 2634 2849 2689 misericordiam
2882 2631 3199 2700 implorare,
3232 2639 3289 2683 ut
3317 2645 3471 2684 exer-

1894 2727 2080 2780 citatio
2105 2725 2405 2780 veneranda
2422 2724 2610 2794 jejunii
2640 2722 2888 2776 salutaris
2910 2764 2923 2789 ,
2950 2737 3047 2776 nos
3071 2736 3098 2772 a
3132 2728 3470 2789 peccatorum

1895 2825 2198 2869 nostrorum
2223 2815 2442 2869 maculis
2474 2822 2723 2882 purgatos
2750 2811 2975 2878 reddat,
3036 2820 3089 2864 et
3117 2809 3181 2863 ad
3212 2823 3469 2877 superno-

1896 2923 2011 2960 rum
2037 2907 2233 2959 civium
2254 2906 2565 2959 societatem
2601 2903 2874 2971 perducat,
2907 2911 2961 2953 ut
2984 2900 3135 2954 etliic
3157 2900 3468 2953 devotorum

1893 3008 2103 3051 actuum
2135 3012 2406 3051 sumamus
2438 3006 2804 3065 augmentum,
2838 3002 2892 3047 et
2917 2994 3022 3047 illic
3045 3000 3257 3045 aeterna:
3290 2991 3464 3044 beati-

1897 3088 2097 3141 tudinis
2160 3087 2519 3157 percipiamus
2563 3085 3002 3140 emolumentum.
3056 3082 3157 3137 Per
3198 3080 3468 3136 Christum

1814 3169 1861 3232 C
1896 3180 2172 3234 Dominum
2198 3189 2459 3232 nostrum.

1968 3270 2047 3322 Ad
2071 3270 2453 3339 Corriplcndum.
2468 3298 2539 3308 —
2557 3267 2731 3323 Divini
2748 3267 2922 3321 satiati
2947 3265 3463 3333 munerislargttate,

1896 3374 2225 3429 quaesumus,
2260 3359 2483 3413 Domine
2504 3358 2643 3412 Deus
2675 3368 2877 3425 noster,
2906 3367 2962 3410 ut
2993 3357 3045 3409 in
3076 3357 3232 3424 hujus
3260 3370 3469 3423 semper

1892 3451 2303 3520 participatione
2333 3449 2593 3502 vivamus.
2630 3448 2731 3502 Per
2753 3446 3034 3500 Dominum
3062 3454 3325 3499 nostrum.

1962 3539 2135 3608 Super
2167 3540 2439 3607 populum.
2471 3567 2541 3579 —
2567 3536 2835 3602 Proﬁciat,
2866 3548 3193 3604 quaesumus,
3226 3533 3468 3597 Domine,

1894 3629 2047 3699 plebs
2078 3630 2172 3683 tibi
2203 3629 2375 3683 dicata
2408 3630 2507 3696 pize
2544 3627 2842 3681 devotionis
2863 3626 3076 3693 aﬁ'ectu,
3109 3633 3167 3677 ut
3191 3623 3357 3679 sacris
3379 3638 3468 3678 ac-

1894 3720 2131 3774 tionibus
2174 3719 2416 3784 erudita,
2468 3727 2667 3788 quanto
2716 3717 3100 3785 Majestatitua:
3136 3717 3194 3769 lit
3222 3715 3462 3784 gratior,

1900 3822 2046 3867 tanto
2075 3812 2227 3866 donis
2260 3811 2551 3882 pctioribus
2583 3817 2859 3879 augeatur.
2888 3807 2993 3862 Per
3033 3807 3337 3861 Dominum.

2024 3924 2128 3993 53
2163 3932 2185 3957 ε
2217 3938 2375 3975 rents
2401 3936 2455 3976 ιιι
2488 3936 2537 3974 IN
2568 3934 2797 3974 ιιιιωοιι.
2824 3934 2873 3972 ιν
2898 3932 3333 3980 ρυΛυΒΔϐΕΕΙΙΑΕ.

1960 4012 2138 4068 Sacra:
2168 4013 2343 4075 nobis,
2402 4011 2647 4071 Domine,
2696 4020 3022 4078 quaesumus,
3070 4005 3467 4061 observationis

1882 4101 2085 4172 jt-juuia
2109 4142 2124 4165 ,
2156 4112 2209 4154 et
2239 4102 2340 4169 pia:
2369 4098 2795 4153 conversationis
2837 4102 3177 4165 augmentum
3198 4132 3215 4159 ,
3263 4102 3316 4147 et
3364 4104 3467 4149 tua:

1889 4191 2275 4261 pr0pitiationis
2305 4188 2613 4244 continuum
2657 4193 2904 4254 praestent
2931 4183 3210 4237 auxilium.
3240 4179 3342 4234 Per
3365 4181 3466 4235 Do-

1889 4284 2116 4338 minem.

1959 4373 2129 4442 Super
2151 4370 2342 4425 oblata.
2365 4400 2432 4409 —-
2463 4368 2685 4423 Purilica
2715 4381 2833 4435 nos,
2866 4365 3171 4419 misericors
3203 4363 3378 4426 Deus,
3410 4372 3466 4416 ut

1887 4460 2140 4516 Ecclesia:
2167 4472 2267 4515 tute
2296 4473 2501 4528 preces,
2531 4474 2650 4527 qua:
2679 4456 2769 4511 tibi
2794 4467 2955 4525 grata:
2988 4464 3130 4517 sunt,
3168 4456 3251 4522 pia
3282 4467 3465 4506 mune-

208 4546 510 4613 judieemur
538 4545 774 4614 indigni;
827 4545 919 4599 sed
975 4544 1234 4607 exhibitis
1261 4546 1415 4600 toties
1443 4546 1669 4601 solemni
1697 4548 1785 4603 de-
1813 4530 1863 4591 Ῑ)
1894 4568 1950 4607 ra
1980 4551 2292 4619 deferentis,
2323 4550 2451 4603 ﬁant
2489 4549 2715 4618 expiatis
2754 4544 3018 4601 mentibus
3045 4545 3326 4615 gratiores.
3362 4542 3463 4595 Per

212 4636 417 4690 ratione
438 4636 688 4705 jejuuiis,
714 4650 833 4689 cum
865 4634 1115 4690 subsidiis
1140 4636 1507 4705 corporalibus
1529 4638 1633 4709 52
1666 4654 1787 4705 pro-

212 4728 401 4780 lectum
437 4741 656 4796 quoque
712 4727 985 4794 capiamus
1027 4726 1343 4781 animarum.
1387 4726 1485 4780 Per
1516 4728 1782 4783 Christum

211 4817 517 4871 Dom-.num.

278 4907 598 4964 Benedictio.
620 4939 691 4949 —
713 4908 873 4975 Deus,
910 4917 932 4947 ε
958 4908 1045 4977 qui
1073 4924 1167 4962 vos
1195 4908 1259 4963 ad
1288 4910 1622 4977 lirmsentium
1649 4911 1790 4977 Qua-

213 5001 651 5067 dragesimalium
685 5000 895 5054 dierum
924 4998 1261 5053 medietatem
1284 5000 1528 5068 dignatus
1555 5012 1636 5056 est
1666 5017 1788 5069 per-

210 5088 427 5155 ducere,
457 5089 575 5156 ipse
596 5102 693 5142 vos
712 5103 804 5142 sua
829 5087 1169 5143 miseratione
1189 5088 1434 5158 dignetur
1454 5089 1787 5149 benedicere.

278 5251 303 5278 ³
322 5243 547 5312 Legitur
570 5241 710 5311 apud
744 5238 944 5312 l‘amel.
969 5249 1022 5312 et
1043 5240 1096 5293 in
1123 5240 1508 5295 Kalend.Rom.
1530 5260 1545 5297 :
1567 5246 1644 5296 Ad
1664 5260 1785 5297 san-

208 5321 342 5366 ctam
376 5310 700 5374 Svusannam,
733 5310 929 5379 quibus
969 5310 1149 5364 lavent
1179 5312 1306 5364 Mss.

279 5382 307 5418 δ
342 5384 398 5435 ln
428 5383 491 5437 C.
529 5382 735 5436 Pamel.
770 5380 934 5432 habes
964 5394 1061 5447 pro
1084 5382 1313 5435 statione
1362 5381 1433 5433 ad
1478 5379 1783 5436 Jerusalem.

211 5453 589 5506 Assentiuntur
610 5452 786 5505 Codd.
817 5450 946 5516 lteg.
977 5449 1135 5503 Suec.
1168 5461 1222 5503 et
1258 5452 1365 5503 duo
1404 5451 1608 5504 'l‘lteod.
1644 5460 1709 5506 At
1732 5455 1785 5506 iu

210 5522 431 5575 Kalend.
460 5523 615 5576 Rom.
643 5522 833 5589 legitur
860 5535 875 5572 :
904 5518 968 5572 In
996 5519 1223 5573 Suxurio
1247 5560 1261 5582 ,
1294 5520 1432 5587 quod
1462 5522 1599 5573 idem
1626 5523 1788 5589 signi-

214 5596 379 5645 ticare
412 5603 556 5659 putat
582 5591 741 5644 Joao.
776 5590 971 5643 Fronto
991 5604 1055 5643 ac
1075 5590 1128 5641 in
1153 5591 1370 5642 sessorio
1394 5606 1411 5655 ;
1438 5590 1603 5655 ipsius
1630 5602 1785 5647 notas

210 5663 274 5715 ad
304 5663 444 5715 hunc
473 5666 652 5715 locum
676 5662 916 5713 consule.

286 5742 312 5772 ο
346 5731 661 5789 Benedictio
692 5730 807 5785 hac
847 5729 1039 5800 legitur
1069 5728 1120 5785 in
1152 5728 1562 5789 Beuedictionali
1590 5746 1604 5797 ;
1637 5734 1789 5789 abest

1892 4643 2171 4698 Dominum
2200 4652 2461 4697 nostrum.

1964 4734 2235 4806 Praefatio.
2264 4765 2336 4776 —
2364 4732 2503 4788 Vere
2530 4733 2743 4803 dignum
2774 4742 2827 4785 et
2868 4728 3065 4799 justum
3111 4738 3213 4794 est,
3258 4741 3465 4794 :equum

1892 4834 1943 4878 et
1973 4824 2227 4889 salutare,
2254 4839 2351 4878 nos
2373 4824 2463 4879 tibi
2491 4837 2700 4892 semper
2724 4832 2777 4876 et
2806 4821 3001 4888 ubique
3048 4818 3245 4887 gratias
3287 4830 3465 4882 agere,

1895 4913 2123 4969 Domine
2156 4923 2363 4982 sancte,
2397 4914 2558 4968 Pater
2577 4913 2933 4983 omnipotens,
2965 4919 3162 4962 reterns
3189 4907 3345 4969 Deus,
3376 4921 3469 4973 per

1897 5005 2238 5060 Mediatorem
2274 5004 2366 5059 Dei
2396 5014 2451 5059 et
2481 5004 2783 5068 hominum,
2827 5001 3005 5053 Jesum
3052 4995 3319 5049 Christum
3370 4995 3469 5046 Dn-

1898 5096 2099 5151 uiiuum
2130 5106 2366 5150 nostrum
2399 5110 2414 5149 :
2442 5095 2529 5163 qui
2562 5094 2825 5148 mediante
2855 5091 2940 5143 die
2971 5088 3105 5141 festo
3145 5086 3387 5140 asce:.d.t
3416 5098 3468 5137 ,ιι

1892 5262 2067 5303 autem
2095 5266 2121 5301 a
2148 5250 2278 5303 Cod.
2316 5248 2580 5303 Theudor.
2608 5257 2664 5301 et
2697 5245 2793 5298 Ed.
2828 5244 2997 5297 Vatic.

1964 5320 1989 5357 ιι
2021 5321 2206 5387 Magno
2236 5333 2504 5371 consensu
2548 5318 2704 5370 statio
2742 5315 2900 5383 hujus
2927 5316 3023 5368 l'er.
3057 5320 3138 5366 est
3167 5312 3234 5362 ad
3258 5322 3463 5365 sanctos

1889 5400 2105 5457 quatuor
2136 5388 2435 5440 Coronatos.

1965 5468 1986 5493 ε’
2015 5459 2166 5511 Istius
2196 5457 2295 5510 fer.
2320 5456 2479 5509 statio
2504 5455 2612 5519 pari
2641 5467 2901 5508 consensu
2933 5452 3000 5503 ad
3048 5460 3276 5504 sanctum
3332 5450 3465 5504 ιαιι.

1890 5530 2109 5580 reutium
2134 5531 2183 5579 in
2212 5529 2447 5587 Damaso,
2480 5526 2612 5586 sive,
2667 5532 2722 5576 ut
2774 5524 2931 5575 lubet
2961 5520 3094 5574 Cod.
3121 5521 3249 5589 lteg.
3280 5522 3462 5583 Suec.,

1890 5601 1942 5651 in
1974 5598 2275 5650 Damasum.
2309 5596 2364 5648 In
2393 5596 2674 5647 Kaletnlar.
2712 5594 2866 5646 ιὶυιιι.
2901 5593 3088 5658 legitur
3124 5600 3327 5644 tantum
3362 5609 3374 5644 :
3402 5591 3464 5646 In

1892 5671 2040 5723 titulo
2069 5668 2304 5733 Damasi,
2335 5665 2665 5720 dissimulato
2693 5664 2865 5718 saneti
2906 5661 3174 5716 Laurentii
3230 5664 3461 5716 nomine.
