4026 6300
509 359 569 412 7|
1685 347 1927 404 SANCTI
1967 347 2286 402 CliEGORlI
2328 344 2534 400 MAG‘NI
3696 341 3781 392 72

509 468 760 536 templum
790 465 1003 528 docere,
1037 463 1120 531 qui
1153 462 1217 514 de
1245 460 1382 514 coelo
1406 457 1699 521 descendit,
1731 459 1983 510 tnundutn
2006 455 2072 507 ab
2105 460 2149 516 Α
2181 469 2266 508 tua
2326 456 2660 522 protectione
2715 451 3061 516 conﬁdimus,
3119 461 3308 506 cuncta
3368 452 3522 504 nobis
3570 454 3782 509 adver-

508 560 818 631 ignorantia:
865 554 1098 608 tenebris
1129 553 1385 612 liberare;
1417 547 1568 614 cujus
1598 547 1886 602 descensus
1915 559 2081 614 genus

508 650 794 703 humanum
824 645 1061 698 doctrina
1087 639 1303 694 salutari
1334 638 1563 702 instruit,
1597 652 1739 690 mors
1768 652 1797 689 a
1824 646 2081 705 perpetua

509 747 680 793 morte
707 736 952 795 redemlt,
981 731 1224 784 ascensio
1259 729 1325 782 ad
1362 727 1600 782 caelestia
1627 742 1786 795 regna
1815 725 2080 794 perducit.

509 831 612 884 Per
641 843 796 896 quent
830 835 897 888 te,
931 836 1138 876 suntme
1169 821 1343 884 Pater,
1379 819 1662 888 poscimus,
1688 828 1766 883 ut,
1791 817 1906 886 ejus
1933 817 2081 870 insti-

507 919 709 972 tutione
739 913 934 978 edocti,
966 911 1211 964 salutaris
1258 909 1596 977 pareimoniaa
1645 907 1930 961 devotione
1987 922 2083 970 pu-

505 1006 720 1071 riﬁcati,
770 1004 836 1056 ad
887 1010 974 1056 tua
1027 1000 1393 1070 perveniamus
1445 999 1702 1068 promissa
1754 997 1950 1051 securi.
1985 996 2083 1049 Per

503 1109 663 1162 quem
693 1091 1016 1160 Majestatem
1043 1099 1207 1143 tuam.

574 1185 654 1238 Ad
702 1182 1095 1252 Complendum.
1143 1208 1210 1221 —-
1250 1177 1500 1232 leeslia
1545 1177 1684 1230 dona
1731 1173 2080 1243 capientibus,

502 1287 836 1345 quaesumus,
893 1272 1158 1339 Domine,
1215 1285 1320 1324 non
1372 1269 1439 1322 ad
1499 1266 1751 1338 judicium
1804 1264 2084 1334 pervenire

507 1361 728 1430 patiaris
757 1361 896 1432 quod
930 1359 1172 1414 ﬁdelibus
1204 1359 1307 1412 tuis
1352 1358 1416 1410 ad
1466 1357 1754 1410 remedium
1785 1353 2081 1424 providisti.

508 1457 627 1509 Per.

576 1545 748 1616 Super
792 1544 1060 1615 papulttm.
1108 1570 1180 1582 -—
1209 1547 1234 1575 α
1265 1541 1530 1604 Tueatur,
1585 1551 1928 1608 qumsumns,
1979 1536 2084 1590 Do-

505 1637 669 1702 mine,
716 1635 935 1688 dextera
992 1642 1078 1686 tua
1107 1631 1355 1700 populum
1403 1639 1549 1683 tuum
1577 1629 1974 1697 deprecantem,
2029 1637 2081 1681 et

506 1726 841 1794 puriﬁcatum
870 1723 1152 1791 dignanter
1176 1721 1411 1785 erudiat,
1444 1729 1501 1773 ut
1547 1719 1913 1773 consolatione
1942 1732 2083 1786 pra:—

2185 545 2381 606 sanlia,
2413 554 2463 598 te
2495 545 2794 608 adiuvante,
2829 557 3162 612 superemus.
3206 542 3306 596 Per
3354 541 3395 594 D
3419 545 3634 598 vminum
3665 559 3781 600 no-

2183 647 2368 688 strum.

2259 727 2424 796 Super
2454 727 2644 779 oblata.
2675 755 2740 764 —
2771 723 3044 778 Efﬁciatur
3087 725 3200 777 lucc
3241 725 3420 778 Ilosﬁa
3442 763 3456 788 ,
3519 727 3777 790 Domine,

2184 830 2510 884 quaasnmus,
2541 815 2869 868 εοΙιιιιιιιίιιιιε
2894 823 3040 883 grata
3061 813 3277 882 jejuniis
3311 830 3325 867 :
3359 825 3433 876 et,
3465 827 3520 868 ut
3551 817 3644 870 tibi
3676 818 3778 871 ﬁat

2183 908 2474 974 acceptior,
2529 905 2814 974 puriﬁcatis
2864 904 3128 960 mentibus
3169 905 3492 960 itnmoietur.
3528 908 3628 962 Per
3658 909 3776 961 Do-

2185 995 2384 1048 minum
2417 1004 2675 1050 nostrum.

2255 1083 2523 1154 Praefatio.
2549 1111 2620 1124 -—
2647 1085 2785 1138 Vere
2827 1083 3040 1152 dignum
3090 1092 3144 1138 et
3181 1084 3379 1151 justum
3423 1097 3523 1148 est,
3549 1103 3770 1156 :equutn

2184 1183 2238 1228 et
2267 1175 2519 1242 salutare,
2552 1187 2649 1228 nos
2680 1173 2771 1227 tibi
2801 1187 3016 1242 semper
3057 1184 3111 1227 et
3139 1174 3334 1244 ubique
3358 1176 3554 1244 gratias
3577 1192 3769 1245 agere,

2185 1265 2406 1320 Domine
2435 1276 2635 1326 sancte,
2663 1265 2820 1320 Pater
2841 1266 3198 1332 omnipotens,
3230 1276 3429 1322 :t-terne
3460 1269 3599 1321 Deus
3629 1286 3642 1320 :
3666 1283 3775 1323 cu-

2183 1357 2270 1424 jus
2315 1356 2524 1408 bonitas
2572 1357 2841 1408 hominum
2899 1357 3166 1423 condidit,
3215 1357 3415 1426 justitia
3468 1359 3767 1424 damnavit,

2185 1447 2551 1502 misericordia
2582 1447 2824 1500 redemit.
2853 1447 2929 1502 Te
2961 1449 3226 1502 humiliter
3255 1463 3539 1522 exoramus
3574 1459 3630 1503 ιιι
3656 1450 3772 1503 sic-

2187 1545 2245 1590 ut
2282 1551 2378 1606 per
2416 1537 2627 1590 illicitos
2659 1537 2925 1606 appetitus
2953 1552 2984 1591 a
3014 1537 3168 1592 beata
3200 1539 3416 1607 regione
3441 1540 3768 1602 decidimus,

2187 1631 2266 1685 sic
2286 1630 2352 1683 ad
2375 1640 2628 1683 teternam
2661 1630 2882 1697 patriam
2925 1645 3016 1698 per
3048 1631 3420 1686 abstinentiam
3459 1634 3772 1687 redeamus.

2191 1721 2386 1789 Sicque
2416 1721 2723 1774 moderetur
2758 1730 2841 1773 tua
2878 1721 3219 1777 miseratione
3261 1735 3435 1777 nostra
3483 1723 3769 1794 fragilitas,

505 1813 644 1866 senti
691 1814 755 1865 ad
805 1811 979 1865 futura
1029 1811 1166 1864 bona
1220 1809 1483 1878 proficiat.
1525 1808 1627 1863 Per
1671 1807 1954 1862 Dominunt
1988 1822 2086 1861 no-
2117 1814 2165 1875 Β
2196 1822 2251 1864 ιιι
2273 1820 2325 1864 et
2350 1809 2673 1864 transitoriis
2697 1809 2946 1864 subsidiis
2969 1820 3147 1864 nostra
3175 1821 3503 1868 sus'entetur
3523 1816 3778 1867 mortali-

504 1911 694 1957 strum.

806 1990 834 2028 ι)
864 2007 1020 2045 FERIA
1051 2006 1101 2044 tv
1133 2006 1180 2044 IN
1213 2005 1525 2044 uenantum
1553 2004 1782 2052 QUARTA.

575 2082 922 2149 Omnipotens
951 2081 1274 2149 sempiterne
1315 2079 1488 2143 Deus,
1541 2077 1628 2147 qui
1669 2087 1723 2131 et
1761 2077 1916 2146 justis
1945 2092 2084 2145 prat-

509 2174 611 2227 mia
640 2174 970 2236 meritorum,
997 2180 1052 2225 et
1082 2170 1451 2239 peccatoribus
1472 2183 1566 2239 per
1582 2168 1843 2238 jejunium
1876 2170 2083 2221 veniam

507 2262 736 2332 prtebes,
764 2259 1392 2328 miserere~supplicibus,
1424 2275 1580 2328 parce
1627 2259 1989 2328 peccantibus,
2033 2267 2090 2312 ut

507 2360 686 2406 reatus
719 2351 885 2405 nostri
907 2348 1176 2404 confessio
1197 2349 1577 2418 indulgentiam
1606 2350 1780 2405 valeat
1809 2351 2087 2420 percipere

507 2440 844 2496 delictorum.
872 2441 975 2496 Per
1004 2442 1285 2495 Dominum
1316 2449 1581 2496 nostrum.

582 2531 720 2584 Alia.
748 2558 819 2572 —
848 2530 1070 2596 Praesta,
1093 2545 1399 2600 quaesumus
1422 2575 1435 2600 ,
1469 2532 1808 2602 omnipOtens
1839 2534 2004 2598 Deus,
2033 2543 2091 2589 ut

509 2634 647 2696 quc’s
689 2626 888 2697 jejunia
942 2635 1114 2681 votiva
1162 2628 1441 2696 castigant,
1490 2627 1602 2695 ipsa
1629 2641 1837 2695 quoque
1871 2627 2090 2681 devotio

512 2729 698 2774 Sancta
731 2717 980 2782 laetiﬁcet,
1011 2727 1092 2784 ut,
1128 2718 1354 2772 terrenis
1382 2716 1656 2771 affectibus
1695 2716 1943 2787 mitigatis
1963 2758 1978 2785 ,
2007 2717 2088 2772 fa-

509 2811 664 2865 cilius
686 2809 920 2865 cmlestia
949 2813 1244 2878 capiamus.
1275 2810 1374 2863 Per
1404 2809 1707 2862 Dominum.

588 2900 759 2970 Super
789 2898 979 2952 oblata.
1009 2927 1077 2940 —-—
1107 2899 1402 2967 Supplices,
1451 2898 1673 2953 Domine
1693 2939 1706 2962 ,
1739 2908 1791 2952 tc
1821 2913 2087 2968 rogamus,

514 2998 572 3042 ιιι
617 2988 702 3042 bis
747 2989 1023 3042 sacriﬁciis
1067 2997 1282 3056 peccata
1335 2997 1514 3042 nostra
1572 2987 1912 3052 mundentur,
1968 2989 2090 3056 quia

511 3092 644 3134 tunc
673 3094 850 3134 veram
882 3079 990 3150 54
1030 3079 1183 3134 nobis
1227 3078 1411 3134 tribuis
1459 3090 1513 3134 et
1551 3081 1744 3133 mentis
1773 3090 1825 3133 et
1851 3079 2091 3148 corporis

513 3169 814 3223 sanitatem.
844 3166 946 3222 Per
981 3168 1260 3221 Dominum
1289 3176 1550 3221 nostrum.

588 3255 857 3324 Pra’fatio.
888 3285 956 3296 —-
990 3257 1125 3310 Vere
1151 3257 1362 3326 dignum
1406 3265 1459 3312 et
1499 3254 1701 3324 justum
1747 3266 1850 3320 εει,
1882 3269 2090 3324 aequum

513 3355 570 3402 et
595 3346 845 3415 salutare,
877 3363 972 3401 nos
999 3347 1091 3400 tibi
1123 3362 1334 3414 semper
1362 3357 1418 3402 et
1450 3348 1643 3416 ubique
1686 3348 1882 3416 gratias
1911 3361 2089 3417 agere,

522 3438 744 3492 Domine
789 3447 992 3502 sancte,
1045 3438 1200 3493 Pater
1247 3439 1603 3507 omnipotens,
1655 3448 1854 3492 aeterne
1908 3439 2082 3491 Dens:

515 3528 607 3599 qui
633 3529 1015 3584 illuminatioue
1046 3545 1158 3584 sua:
1199 3529 1318 3583 ﬁdei
1354 3530 1599 3584 tenebras
1643 3528 1846 3597 expulit
1888 3527 2089 3591 mundi,

517 3628 574 3674 ct
595 3635 762 3689 genus
792 3619 1104 3684 bumanum,
1132 3620 1276 3688 quod
1309 3622 1493 3687 prima:
1519 3620 1704 3673 matris
1746 3629 1930 3672 uterus
1972 3633 2095 3685 pru-

517 3709 727 3763 fu'derat
755 3723 952 3764 caecum
971 3749 984 3772 .
1013 3708 1396 3762 luearnatiunis
1443 3723 1556 3762 sua:
1585 3708 1839 3778 mysterio
1866 3705 2097 3760 reddidit

519 3800 895 3863 illuminatum,
929 3799 1158 3868 fecitque
1187 3799 1320 3852 ﬁlios
1349 3799 1668 3875 adoptionis,
1718 3800 1806 3866 qui
1838 3797 2091 3852 teneban-

518 3900 607 3943 tur
651 3887 876 3943 vinculis
917 3887 1075 3957 jnsta:
1115 3887 1488 3942 damnationis.
1544 3887 1645 3942 Per
1673 3886 1844 3956 ipsum
1875 3895 1925 3940 te
1956 3883 2091 3954 peti-

517 3997 672 4047 mus,
704 3991 764 4036 ut
808 3981 940 4036 tales
980 3981 1032 4034 in
1063 3979 1180 4050 ejus
1219 3979 1551 4034 inveniamur
1568 3980 1862 4048 justissima
1889 3979 2098 4032 exami-

522 4075 763 4138 natione,
821 4073 1006 4142 quales
1063 4071 1185 4126 facti
1249 4085 1434 4126 sumus
1491 4071 1541 4124 in
1599 4070 1795 4126 lavacri
1847 4073 2097 4128 salutaris

520 4162 827 4218 felicissima
854 4162 1275 4230 regeneratione,
1307 4168 1384 4227 ut,
1427 4159 1546 4230 ejus
1576 4159 1956 4216 lncarnatiouis
1985 4177 2097 4216 me-

515 4256 781 4310 dicamine
811 4255 1032 4318 imbuti,
1080 4253 1401 4308 sacrosancti
1451 4252 1647 4306 lavacri
1677 4251 1949 4305 ablutione
1969 4252 2095 4319 loti,

517 4347 859 4416 parcimonia:
890 4345 1171 4399 devotione
1195 4343 1393 4406 ornati,
1426 4344 1492 4397 ad
1529 4355 1726 4399 acterna
1757 4346 1944 4415 gaudia
1975 4359 2097 4414 per-

520 4437 798 4490 veniamus
826 4434 995 4486 ilIa-si.
1029 4434 1129 4488 l’cr
1157 4447 1313 4501 quem
1345 4432 1692 4500 Maiestatem.

2192 1909 2290 1962 tas,
2320 1907 2376 1952 et
2398 1914 2491 1966 per
2512 1899 2772 1952 bonorum
2801 1913 3020 1966 operum
3049 1898 3376 1955 incrementa
3408 1901 3561 1954 beata
3583 1903 3776 1970 acqui-

2190 1998 2336 2041 ratur
2358 1987 2539 2040 imm0t
2556 1987 2752 2040 talitas.
2784 1986 2884 2040 Per
2907 1987 3196 2042 Christum.

2262 2078 2341 2128 Ad
2365 2076 2753 2145 Contplendum.
2783 2105 2854 2117 —
2878 2077 3071 2133 Sancta
3094 2089 3180 2132 tua
3211 2093 3328 2144 nos,
3360 2079 3596 2145 Domine,
3620 2096 3775 2149 quat-

2187 2182 2394 2236 smnus,
2425 2182 2478 2226 et
2507 2170 2821 2224 viviﬁcando
2847 2180 3146 2238 renovent,
3178 2181 3232 2228 et
3259 2173 3562 2226 renovando
3591 2175 3772 2227 viviti-

2188 2271 2334 2317 cent.
2366 2263 2465 2316 Per
2493 2261 2768 2316 Dominum
2797 2270 3055 2317 nostrum.

2262 2351 2368 2422 55
2401 2351 2568 2420 Super
2595 2352 2859 2421 populum.
2886 2380 2957 2392 —-
2987 2350 3170 2419 Populi
3217 2350 3321 2416 tui,
3348 2351 3487 2406 Deus
3508 2395 3522 2416 ,
3555 2353 3700 2407 instit
3726 2373 3774 2402 :—

2194 2450 2276 2497 tor
2305 2452 2360 2498 et
2382 2451 2580 2508 rector,
2607 2453 2820 2511 peccata
2851 2445 3041 2512 quibus
3086 2445 3421 2512 impugnatur
3449 2444 3677 2511 expelle,
3707 2457 3776 2497 ut

2193 2548 2405 2603 semper
2429 2535 2518 2588 tibi
2544 2536 2784 2603 placitus,
2811 2545 2864 2590 et
2881 2544 2971 2589 tuo
2998 2536 3286 2589 munimine
3311 2535 3382 2588 sit
3401 2549 3637 2591 securus.
3665 2537 3775 2590 Per

2191 2625 2438 2679 eumdem
2471 2625 2774 2678 Dominum.

2499 2729 2653 2768 t‘ERlA
2685 2713 2710 2751 ά
2741 2729 2791 2767 Vl
2824 2730 2873 2768 ιιι
2898 2728 3211 2768 ussaousos
3233 2727 3463 2776 ρυριιιτιι.

2265 2805 2438 2870 Deus,
2482 2805 2568 2874 qui
2603 2803 2957 2858 iueﬁ‘abilibus
3003 2803 3254 2857 mundum
3310 2819 3533 2858 renovas
3585 2819 3778 2858 sacra-

2193 2897 2410 2960 mentis,
2441 2902 2648 2962 prtesta,
2673 2907 3000 2962 quresumus,
3029 2903 3086 2947 ut
3113 2892 3344 2948 Ecclesit
3369 2904 3454 2949 tua
3483 2904 3533 2948 et
3555 2897 3776 2948 aeternis

2202 2988 2447 3058 proﬁciat
2476 2986 2756 3052 institutis,
2805 2993 2860 3039 et
2909 2984 3287 3054 temporalibus
3317 2999 3421 3039 non
3453 2987 3778 3040 destituatur

2197 3076 2430 3132 auxiliis.
2457 3076 2576 3130 Per.

2117 3163 2166 3226 C
2267 3169 2436 3235 Super
2459 3164 2648 3218 oblata.
2679 3192 2743 3206 --
2774 3163 2990 3218 Munera
3018 3179 3135 3229 nos,
3167 3178 3489 3232 qumsumm,
3524 3163 3771 3225 Domine,

2197 3255 2372 3311 oblata
2402 3254 2706 3322 puriﬁcent,
2734 3263 2787 3307 et
2815 3261 2866 3306 te
2895 3253 3046 3306 nobis
3068 3253 3086 3321 j
3127 3253 3262 3321 giter
3293 3252 3483 3307 faciant
3509 3266 3630 3306 esse
3656 3251 3778 3319 pla-

2193 3357 2390 3402 catum.
2424 3345 2524 3398 Per
2546 3344 2828 3397 Dominum
2860 3355 3119 3398 nostrum.

2269 3434 2540 3499 Prcfatio.
2573 3461 2640 3472 —
2677 3432 2809 3486 Vtre
2835 3432 3049 3500 d'gnum
3097 3442 3152 3487 ct
3179 3430 3384 3500 justum,
3416 3442 3525 3495 est,
3558 3448 3768 3500 aequum

2194 3532 2250 3579 et
2279 3525 2541 3588 salutare,
2579 3539 2674 3578 nos
2703 3523 2795 3577 tibi
2825 3538 3034 3592 semper
3059 3534 3115 3577 et
3145 3523 3335 3593 ubique
3365 3525 3556 3593 gratias
3584 3539 3768 3593 agere,

2198 3614 2422 3669 Domine
2469 3623 2686 3679 sancte,
2735 3614 2893 3668 Pater
2929 3614 3301 3684 omnipotens,
3361 3625 3560 3669 aeterne
3613 3616 3775 3681 Deus,

2199 3721 2295 3775 per
2321 3704 2591 3760 Christum
2625 3705 2902 3760 Dominum
2933 3714 3193 3759 nostrum.
3236 3705 3336 3771 Qui
3368 3713 3452 3760 est
3476 3705 3589 3760 dies
3612 3715 3772 3761 teter-

2197 3810 2318 3860 nus,
2364 3794 2458 3848 lux
2501 3793 2843 3862 indeﬁciens,
2891 3795 3106 3850 claritas
3145 3797 3490 3864 sempiterna.
3539 3795 3638 3860 Qui
3694 3795 3776 3849 sic

2197 3898 2456 3954 sequaces
2485 3898 2612 3938 suos
2647 3885 2698 3938 in
2732 3884 2849 3939 luce
2891 3884 3138 3952 praecepit
3184 3884 3478 3950 ambulare,
3525 3895 3582 3940 ut
3607 3886 3780 3938 noctis

2197 3984 2415 4030 aeterna:
2436 3974 2646 4028 valeant
2665 3975 2941 4044 caliginem
2966 3974 3216 4041 evadere,
3240 3974 3378 4028 et-ad
3403 3974 3532 4029 locis
3555 3977 3776 4043 patriam

2199 4065 2431 4120 feliciter
2461 4065 2760 4133 pervenire.
2804 4063 2904 4130 Qui
2951 4079 3045 4134 per
3095 4063 3447 4119 humilitatem
3495 4077 3781 4134 assumpta:

2203 4155 2552 4211 humanitatis
2593 4156 2847 4208 Lazarum
2876 4155 3056 4221 ﬂevit,
3113 4171 3206 4224 per
3247 4155 3546 4210 Divinitatis
3593 4166 3781 4225 poten-

2205 4251 2329 4302 tiam
2363 4248 2485 4302 vita:
2532 4246 2783 4313 reddidit,
2827 4261 3099 4316 genusque
3129 4249 3414 4301 humanum
3461 4247 3613 4318 (22ft)
3645 4263 3781 4318 qua-

2200 4339 2392 4394 drilida
2430 4350 2766 4406 peccatorum
2807 4338 2949 4390 mole
2977 4337 3226 4391 obrutum
3249 4338 3316 4391 ad
3341 4339 3500 4392 vitam
3545 4339 3777 4393 reduxit.

2201 4432 2304 4486 Per
2333 4446 2489 4501 quem
2521 4430 2748 4501 petimus
2771 4430 2958 4500 jejunii
2989 4430 3362 4486 observattone
3389 4445 3416 4483 a
3440 4440 3780 4499 peccatorum

591 4523 672 4577 Ad
703 4522 1095 4589 Complendum.
1127 4550 1195 4561 —-
1225 4521 1309 4576 Sa:
1329 4530 1562 4575 ramenta
1592 4537 1711 4592 qua;
1756 4526 2100 4592 sumpsimus,
2134 4523 2181 4581 D
2209 4532 2514 4577 nostrorum
2547 4521 2775 4576 nexibus
2803 4521 2958 4596 solvi,
2991 4531 3204 4575 :rternte
3243 4521 3363 4574 vita:
3390 4519 3626 4575 felicitati
3660 4522 3784 4576 red-

522 4613 744 4666 Dominc
767 4611 909 4664 Deus
939 4620 1140 4678 noster,
1168 4611 1562 4680 etspiritalibns
1601 4628 1698 4667 nos
1726 4614 1968 4683 repleam
1995 4617 2096 4670 ali-

522 4703 738 4768 mentis,
769 4711 822 4756 et
848 4701 1212 4769 corporalibus
1243 4709 1489 4756 tueantur
1517 4701 1748 4759 auxiliis.
1791 4703 1892 4759 Per
1922 4704 2102 4758 Domi-

520 4808 646 4847 ttntu
670 4801 928 4845 nostrum.

595 4883 765 4951 Super
813 4884 1076 4953 papulum.
1120 4911 1189 4922 —
1239 4882 1458 4939 Pateaut
1503 4899 1659 4939 aures
1716 4885 2096 4940 misericordia:

525 4983 651 5029 tum.
679 4972 921 5035 Domine,
948 4973 1191 5042 precibus
1213 4976 1614 5044 supplicantium
1633 5017 1646 5042 ,
1675 4986 1758 5042 et,
1793 4986 1850 5031 ut
1874 4979 2101 5046 petenti-

523 5063 624 5118 bus
651 5063 951 5117 desiderala
981 5064 1268 5132 concedas,
1303 5067 1380 5119 fac
1405 5081 1494 5120 eas
1518 5083 1634 5136 quae
1664 5067 1758 5122 tibi
1786 5079 1910 5122 sunt
1941 5069 2101 5137 placi-

509 5153 574 5206 da
603 5155 887 5222 postulare.
923 5154 1038 5207 Per.

832 5258 852 5283 ε
888 5260 1045 5300 ΓΕΒΙΑ
1076 5261 1104 5298 ν
1135 5261 1184 5299 IN
1213 5262 1347 5300 11Ῑίυο
1373 5262 1522 5299 ’ΜΛΕΙΑ
1555 5261 1790 5310 QUARTA.

595 5333 816 5402 Praesta,
858 5351 1182 5404 quaesumus,
1233 5337 1574 5406 omnipotens
1627 5339 1786 5402 Dens,
1831 5347 1886 5391 ut
1937 5338 2102 5407 quiin

597 5452 621 5477 ⁸
652 5445 774 5497 llaec
800 5449 969 5498 oratio
995 5447 1047 5500 in
1077 5445 1204 5499 Cod.
1252 5446 1467 5502 Pamelii
1512 5450 1698 5510 legitur
1729 5450 1779 5502 itt
1809 5449 1984 5501 uitii-io
2023 5449 2097 5501 fe-

527 5513 618 5586 tia-
649 5515 995 5586 pra-tfedt-ut‘is
1022 5531 1139 5568 cum
1174 5516 1277 5586 ltoc
1307 5520 1459 5572 titulo
1485 5537 1497 5570 :
1524 5520 1599 5570 Ad
1647 5534 1897 5586 veapcros.
1936 5521 2099 5571 Abest

529 5598 564 5655 a_
587 5583 728 5655 Cod:
756 5584 880 5651 Reg.
907 5588 1087 5653 δορα,
1121 5585 1185 5638 ad
1229 5601 1384 5655 quem
1425 5601 1596 5642 tamen
1641 5583 1862 5640 tttttllttlll
1896 5589 2098 5642 accedit
2143 5644 2146 5646 ν

529 5651 667 5705 Edit.
705 5653 1020 5710 Pamcliana.

598 5719 623 5757 ³³
655 5722 824 5782 Statio
851 5727 1241 5815 assignatuan
1268 5735 1494 5783 sanctum
1521 5724 1741 5779 Paulum
1771 5727 1822 5781 in
1855 5725 2096 5783 omnibus

2204 4614 2280 4680 di,
2312 4622 2367 4668 et
2395 4621 2700 4668 sanctorum
2731 4611 2959 4668 emtibns
2989 4611 3385 4666 connumerari.
3411 4611 3511 4665 Per
3529 4625 3710 4678 quem.

2277 4703 2358 4758 Ad
2381 4701 2764 4774 Complettdum.
2785 4701 2996 4756 —lla:c
3023 4716 3141 4767 nos,
3172 4713 3495 4768 quaesumus,
3539 4699 3784 4764 Domine,

2212 4793 2544 4862 participatio
2567 4790 2884 4846 sacramenti
2905 4830 2920 4855 ,
2951 4798 3005 4845 et
3034 4789 3211 4858 propri
3233 4805 3261 4844 s
3301 4789 3535 4843 reatibus
3580 4787 3785 4844 indesi-

2211 4894 2404 4940 nenter
2452 4882 2717 4954 expediat,
2772 4889 2826 4935 et
2875 4879 2942 4933 ab
2991 4879 3237 4934 omnibus
3265 4887 3473 4934 tueatur
3521 4877 3784 4933 adversis.

2207 4976 2328 5032 Per.

2279 5065 2448 5134 Super
2495 5062 2760 5133 populum.
2785 5090 2857 5101 —
2913 5061 2983 5114 Da
3007 5103 3020 5127 ,
3079 5073 3418 5131 quaesumus,
3448 5059 3788 5125 omnipotens

2212 5158 2372 5221 Deus,
2399 5162 2457 5208 ut
2481 5153 2568 5222 qui
2598 5150 2920 5206 inﬁrmitatis
2941 5159 3136 5206 nostra:
3156 5150 3355 5206 conscii
3380 5149 3449 5204 de
3472 5159 3560 5202 tua
3591 5151 3790 5202 virtute

2206 5246 2559 5310 conﬁdimus,
2613 5242 2712 5297 sub
2768 5250 2856 5296 tua
2901 5254 3114 5310 semper
3179 5244 3374 5310 pietate
3434 5240 3785 5310 gaudeamus.

2207 5337 2327 5391 Per.

2201 5447 2348 5501 libris
2379 5447 2575 5501 nostris
2603 5444 2691 5514 qui
2720 5444 3006 5499 stationum
3039 5444 3417 5514 meminerunt.

2275 5529 2296 5555 ο
2332 5517 2586 5570 lndicitur
2604 5508 2764 5569 statio
2792 5515 2859 5566 ad
2883 5522 3112 5566 sanctum
3130 5513 3455 5577 Siloestrunt,
3477 5508 3530 5564 in
3554 5509 3790 5566 laudatis

2201 5602 2358 5651 supra
2389 5586 2555 5639 Codd.
2583 5586 2670 5653 qui
2700 5586 2767 5639 de
2794 5581 3316 5653 statiombusagunt.

2272 5648 2295 5692 δ
2331 5657 2384 5710 lu
2415 5648 2612 5708 iisdciu'
2630 5670 2787 5724 supra
2819 5653 2964 5710 laud.
2987 5648 3377 5722 Codd.legitur
3405 5649 3491 5707 hic
3515 5663 3530 5704 :
3558 5648 3638 5701 Ad
3666 5663 3781 5702 sau-

2201 5737 2335 5782 ctum
2365 5725 2655 5781 Eusebium.
