4026 6316
190 292 250 350 73
1398 281 1594 335 LIBER
1634 276 2255 334 SACRAMENTOHUM.
3366 281 3442 337 7|

528 410 549 433 ⁴¹
586 416 825 456 ΞΑΒΒΑΥΟ
854 415 901 452 IN
934 413 1164 452 IIEDDOM.
1197 413 1431 460 QUMlTA.

261 492 417 557 Fiat,
460 491 715 553 Domine,
752 502 1077 557 qumsnmus,
1121 502 1216 553 per
1243 488 1465 555 gratiam
1491 495 1631 536 tuam
1662 483 1774 535 fru-

193 594 414 638 ctuosus
444 590 636 635 nostra:
661 578 966 633 devotionis
992 578 1244 642 allectus,
1295 576 1414 644 quia
1468 583 1592 627 tunc
1625 572 1777 625 nobis

198 678 493 746 proderunt
514 681 756 740 suscepta
784 671 1007 740 ieiunia,
1038 670 1085 723 si
1112 681 1213 722 tua:
1232 668 1337 723 sint
1358 668 1547 735 placita
1570 664 1773 731 pietati.

201 770 305 826 Per
339 767 608 821 Dominum
642 772 908 817 nostrum.

276 860 441 926 Super
468 856 657 910 oblata.
680 852 1147 912 —Oblationibus,
1180 862 1501 918 qttmstttnus,
1534 848 1774 910 Domine,

204 948 409 1017 placare
437 944 725 1011 susceptis,
770 951 826 997 et
868 941 933 995 ad
981 952 1031 995 te
1062 950 1305 1004 nostras,
1338 939 1498 992 etiam
1528 935 1799 999 rebelles,~

202 1036 469 1105 compelle
500 1034 759 1103 propitius
791 1033 1110 1086 voluntates.
1145 1030 1246 1083 Per
1280 1028 1583 1081 Dominum.

277 1125 548 1195 Praefatio.
581 1154 649 1163 —
683 1123 817 1180 Vere
848 1122 1060 1189 dignum
1092 1129 1146 1173 et
1185 1117 1388 1187 justum
1418 1125 1502 1171 cst
1524 1157 1539 1181 ,
1572 1131 1778 1184 aequum

204 1224 262 1271 et
288 1217 543 1279 salutare,
576 1229 670 1267 nos
704 1212 799 1266 tibi
826 1223 1038 1277 semper
1068 1218 1119 1263 et
1148 1207 1343 1275 ubique
1370 1206 1567 1275 gratias
1595 1220 1779 1275 agere,

207 1306 435 1361 Domine
459 1314 658 1369 sancte,
683 1303 840 1356 Pater
868 1299 1221 1366 omnipOteus,
1249 1305 1448 1350 aeterne
1473 1296 1609 1349 Deus
1636 1312 1649 1348 :
1678 1295 1779 1347 mi-

206 1394 518 1449 sericordizc
550 1392 658 1462 56
684 1390 841 1444 dator
868 1398 923 1443 et
953 1386 1113 1441 totius
1144 1384 1393 1439 bonitatis
1437 1392 1658 1448 auctor,
1690 1383 1781 1451 qui

202 1484 443 1555 jejuniis,
475 1481 808 1537 orationibus
848 1488 901 1533 et
940 1476 1294 1546 eleemosynis
1338 1486 1672 1543 peccatorum
1701 1490 1780 1528 rc-

209 1577 383 1631 media
412 1583 468 1630 et
512 1574 767 1625 virtutum
805 1570 1039 1624 omnium
1086 1565 1271 1621 tribuis
1320 1565 1670 1619 incrementa.
1708 1564 1783 1617 'I’e

213 1665 398 1720 humili
456 1662 740 1717 devotione
795 1673 1092 1729 precamur,
1140 1666 1196 1710 ut
1232 1656 1321 1724 qui
1350 1654 1415 1708 ad
1442 1653 1555 1707 haec
1581 1652 1781 1722 agenda

1804 395 1850 451 Α
1882 403 2083 458 noster,
2115 403 2168 448 et
2195 406 2329 462 quos
2381 391 2479 445 tuis
2532 391 2802 463 mySIcriis
2846 394 3129 459 recreasti,
3176 399 3446 466 perpetuis

1881 485 2109 541 defende
2135 485 2160 525 (ι
2190 485 2471 555 praesidiis.
2501 484 2599 538 Per
2624 485 2901 539 Dominum
2928 497 3189 541 nostrum.

1952 578 2122 644 Super
2148 578 2415 649 populum.
2447 602 2518 616 -—-
2549 578 2644 642 Da,
2676 593 2999 647 qumsumus,
3026 579 3266 642 Domine,
3296 577 3451 632 nobis

1881 677 2311 735 perseverantem
2362 670 2414 723 in
2466 678 2553 724 tua
2605 671 2878 725 voluntate
2926 668 3255 734 famulatum,
3304 678 3361 722 ut
3396 671 3450 720 in

1880 758 2068 812 diebus
2100 762 2315 825 nostris,
2349 762 2451 831 57
2482 772 2534 815 et
2558 764 2746 817 merito
2774 772 2827 819 et
2856 779 3078 818 numero
3102 764 3323 832 pepulus
3356 763 3452 817 tibi

1882 852 2120 905 serviens
2148 862 2422 918 augeatur.
2458 852 2555 906 Per
2580 852 2864 909 Dominum
2888 867 3149 909 nostrum.

2165 952 2187 977 θ
2231 957 2385 995 FERIA
2426 956 2463 994 ιι
2502 957 2552 996 IN
2593 960 2908 1000 IIEBDOIIADA
2946 963 3156 1009 QUINTA.

1880 1040 1885 1041 '
1954 1031 2261 1095 Sanctiﬁca,
2293 1046 2617 1099 quarsumus,
2653 1034 2899 1101 Domine,
2932 1047 3109 1091 nostra
3133 1037 3358 1106 jejunia,
3397 1046 3453 1090 ct

1882 1133 2194 1175 conctarum
2228 1122 2380 1177 nobis
2410 1124 2666 1191 propitius
2696 1125 3077 1195 indulgentiam
3110 1128 3300 1196 largire
3342 1129 3457 1181 cul-

1883 1227 2088 1281 parum.
2122 1213 2223 1267 Per
2255 1212 2537 1266 Dominum
2572 1221 2840 1269 nostrum.

1955 1302 2124 1371 Super
2174 1302 2363 1355 oblata.
2393 1300 2739 1357 —Concede
2790 1304 2975 1368 ttubls,
3040 1305 3264 1357 Domine
3319 1304 3457 1358 Deus

1886 1400 2087 1459 noster,
2123 1401 2179 1445 ut
2224 1393 2336 1446 haec
2375 1393 2554 1446 Hostia
2603 1393 2879 1459 salutaris,
2915 1402 2967 1447 et
3016 1401 3316 1448 nostrorum
3366 1395 3459 1447 ﬁat

1886 1487 2128 1552 purgatio
2157 1482 2507 1547 delictorum,
2552 1490 2607 1537 et
2649 1492 2753 1536 tute
2795 1483 3103 1553 propitiatio
3147 1484 3457 1551 Majestatis.

1885 1576 2004 1630 Per.

1966 1663 2237 1730 Praefatio.
2268 1690 2337 1701 -
2371 1662 2505 1716 Vere
2536 1662 2754 1733 dignum
2799 1672 2850 1718 et
2894 1664 3090 1731 justum
3120 1672 3221 1727 est,
3255 1679 3463 1731 tequum

214 1755 619 1813 saluberrimam
676 1752 873 1807 dedisti
921 1750 1247 1811 doctrinam.
1299 1746 1364 1802 ad
1419 1745 1788 1815 complendum
1821 1747 1868 1807 Β
1897 1764 1953 1807 et
1980 1754 2234 1820 salutare,
2262 1768 2360 1807 nos
2391 1754 2484 1807 tibi
2515 1768 2727 1822 semper
2749 1764 2802 1808 ct
2830 1754 3026 1822 ubique
3067 1756 3259 1824 gratias
3285 1771 3464 1823 agere,

215 1848 531 1903 indelessam
555 1846 756 1900 tribuas
776 1842 1090 1907 efficaciam,
1108 1850 1164 1893 ut
1192 1840 1503 1895 obedicnler
1529 1847 1614 1892 tua
1640 1852 1789 1892 exse-

213 1949 440 2009 quentes
467 1946 726 2007 praacepta
753 1975 768 2001 ,
820 1935 1045 1990 feliciter
1068 1924 1178 1988 tua
1210 1933 1482 2001 capiamus
1511 1929 1789 1998 promissa.

214 2030 317 2085 Per
345 2028 612 2084 Christum
646 2026 932 2081 Dominum
962 2034 1224 2079 nostrum.

291 2122 374 2173 Ad
418 2119 788 2186 Campicndum
842 2146 912 2157 —
949 2116 1088 2178 Tua,
1121 2129 1237 2180 nos,
1267 2128 1589 2182 quaesumus,
1618 2112 1796 2166 Domi-

218 2223 306 2274 ne,
337 2219 522 2263 sancta
556 2206 871 2276 puriﬁcent,
921 2215 976 2260 et
1020 2204 1327 2273 operatione
1380 2218 1473 2257 sua
1524 2202 1795 2271 perﬁciant

218 2315 341 2356 esse
366 2300 610 2367 placitos.
644 2300 747 2353 l’er
778 2298 1056 2352 Dominum
1082 2306 1343 2350 nostrum.

290 2389 460 2456 Super
484 2389 859 2459 populum.—-
890 2388 1028 2441 Deus
1081 2387 1171 2456 qui
1227 2386 1565 2454 sperantibus
1618 2387 1669 2437 in
1722 2394 1793 2449 te,

223 2479 463 2533 misereri
492 2479 673 2547 petius
714 2478 869 2547 eligis
908 2490 1063 2545 quam
1109 2476 1296 2540 irasci,
1340 2475 1404 2527 da
1449 2474 1604 2527 nobis
1640 2472 1799 2541 digne

221 2572 348 2626 llere
372 2570 511 2623 mala
539 2584 659 2637 qua:
686 2567 933 2634 fecimus,
960 2580 1017 2639 ut
1042 2576 1141 2620 tua:
1167 2565 1546 2620 consolationis
1574 2562 1798 2632 gratiam

218 2660 463 2716 invenire
487 2660 783 2713 valeamus.
818 2658 940 2713 Per.

257 2768 509 2808 bonum
541 2767 572 2804 v
604 2767 655 2805 ιιι
682 2767 1101 2816 quaeritamus.
1130 2750 1157 2786 1*
1193 2766 1257 2805 DE
1286 2762 1530 2803 PASSIONE
1560 2761 1759 2801 DOIINI.

290 2841 637 2909 Quaesumus,
664 2842 1003 2910 omnipotens
1035 2842 1196 2906 Deus,
1223 2841 1473 2894 familiam
1507 2849 1649 2893 tuam
1675 2854 1798 2907 pro-

222 2932 386 3005 pitius
413 2932 646 3001 respice,
677 2942 734 2986 ut
766 2940 817 2986 te
847 2932 1104 3000 largiente
1132 2941 1345 2999 regatur
1383 2930 1433 2984 in
1472 2945 1718 2999 corpore,
1748 2938 1802 2985 et

224 3032 547 3078 taservanle
574 3022 902 3077 custodiatur
924 3023 975 3075 iu
1008 3033 1202 3076 tuente.
1229 3022 1330 3076 Per
1359 3021 1654 3075 Dominum.

1895 1845 2120 1898 Domine
2148 1852 2354 1910 sancte,
2398 1843 2556 1899 Pater
2582 1846 2938 1913 omnipotens,
2964 1852 3161 1899 aeterne
3194 1846 3333 1898 Deus
3364 1864 3376 1897 :
3413 1857 3465 1899 te

1894 1935 2201 2006 suppliciter
2253 1948 2535 1990 exorantes
2592 1944 2649 1989 ut
2700 1936 2776 1990 sic
2832 1946 3011 1990 nostra
3067 1937 3469 1991 sanctiﬁcentur

1893 2029 2097 2097 jejunia
2117 2068 2132 2092 ,
2161 2044 2266 2095 quo
2291 2037 2602 2082 cunctorum
2631 2029 2784 2082 nobis
2814 2037 3155 2098 peccatorum
3196 2030 3470 2095 proveniat

1897 2117 2248 2185 indulgentia,
2273 2126 2559 2186 quatenus,
2576 2120 3034 2186 appropinquante
3059 2120 3324 2189 Unigeniti
3353 2121 3470 2174 Filii

1898 2208 1971 2262 tui
2002 2209 2269 2275 passione,
2305 2210 2560 2261 bonorum
2595 2222 2813 2276 Operum
2848 2208 2938 2262 tibi
2968 2209 3179 2278 placere
3201 2211 3471 2264 valeamus

1898 2301 2245 2355 exhibitione.
2281 2299 2381 2353 Per
2408 2316 2563 2368 quem
2595 2300 2942 2368 Majestatem.

1974 2391 2055 2442 Ad
2084 2388 2471 2457 Camp/emtum.
2504 2415 2573 2427 —
2615 2390 2944 2443 Sacramenti
2996 2391 3101 2455 tui,
3149 2405 3475 2458 qutesumus,

1901 2484 2144 2546 Domine,
2180 2484 2513 2551 participatio
2544 2483 2790 2537 salutaris
2821 2492 2872 2538 et
2903 2484 3323 2551 puriﬁcationem
3370 2503 3472 2540 n0-

1902 2571 1982 2625 bis
2012 2572 2245 2640 przebeat
2271 2582 2324 2626 et
2354 2572 2637 2626 medelam.
2672 2573 2775 2627 Per
2804 2573 3087 2628 Dominum
3121 2585 3383 2629 llOSll‘um.

1972 2659 2145 2731 Super
2194 2662 2557 2730 populunt.-—
2588 2662 2925 2726 Benedictio,
2974 2678 3310 2733 quaesumus,
3366 2667 3475 2720 Do-

1903 2751 2068 2813 mine,
2098 2749 2149 2803 in
2185 2759 2302 2803 tuos
2346 2748 2531 2803 ﬁdeles
2579 2751 2797 2818 cepiosa
2840 2751 3128 2805 descendat
3156 2792 3172 2818 ,
3221 2762 3275 2807 et
3319 2770 3476 2821 quam

1902 2839 2161 2909 subjectis
2209 2840 2463 2895 cordibus
2510 2850 2767 2909 expetunt
2813 2841 3034 2911 largiter
3060 2855 3477 2914 consequantur.

1904 2930 2022 2985 Per.

2186 3036 2341 3074 manu
2384 3035 2438 3073 ιιι
2484 3017 2503 3058 ι
2539 3035 2591 3074 IN
2630 3036 2942 3095 HEBDOMADA
2980 3038 3192 3085 omnm.

293 3112 467 3181 Super
488 3112 681 3165 oblata.
712 3141 779 3152 —
813 3112 937 3168 litec
979 3127 1227 3178 uulnera,
1286 3111 1505 3164 Domine
1525 3153 1539 3175 ,
1597 3125 1803 3180 quarsu-
1831 3093 1876 3157 Ο
1987 3109 2176 3165 NOStra
2208 3111 2326 3174 tibi,
2350 3125 2675 3178 quresumus,
2698 3109 2937 3175 Domine,
2972 3112 3078 3164 sint
3103 3120 3317 3180 accepta
3346 3111 3481 3181 ieiu-

228 3217 360 3265 mus,
396 3212 450 3256 et
480 3203 694 3255 vincula
729 3210 922 3256 nostra:
952 3202 1224 3271 pravitatis
1266 3201 1576 3269 absolvant,
1620 3213 1673 3255 et
1702 3210 1805 3256 tute

227 3292 377 3345 nalis
408 3290 799 3347 misericordia:
832 3291 966 3346 dona
991 3290 1293 3345 concilient.
1320 3291 1440 3345 Per.

302 3382 572 3454 Praefatio.
610 3412 679 3425 -
713 3383 851 3438 Vere
878 3384 1091 3453 dignum
1118 3394 1173 3438 et
1197 3386 1397 3452 justum
1434 3393 1515 3438 est
1540 3427 1553 3448 ,
1597 3400 1804 3453 tequum

227 3486 280 3531 et
299 3477 567 3542 salutare,
618 3490 717 3530 nos
746 3473 839 3529 tibi
871 3489 1081 3544 semper
1111 3486 1164 3529 et
1196 3474 1390 3542 ubique
1411 3474 1603 3544 gratias
1628 3489 1805 3545 agere,

229 3565 451 3619 Domine
502 3574 711 3630 sancte,
764 3566 921 3618 Pater
976 3565 1331 3632 omnipotens,
1377 3573 1576 3619 :eterne
1622 3565 1806 3619 Deus:

228 3656 563 3724 Majestatem
596 3664 740 3708 tuam
772 3654 1085 3723 propensius
1112 3652 1477 3723 implorantes,
1526 3664 1585 3709 ut
1613 3664 1813 3724 quanto

226 3746 397 3812 magis
429 3745 551 3799 dies
578 3743 870 3799 salutifera:
911 3744 1210 3798 festivitatis
1256 3745 1501 3810 accedit,
1537 3753 1683 3798 tanto
1711 3746 1811 3800 de-

226 3836 405 3891 vOtius
445 3836 515 3889 ad
564 3835 677 3904 eius
714 3834 875 3905 digne
919 3834 1292 3889 celebrandum
1345 3834 1682 3903 proficiamus
1716 3850 1813 3904 pa-

223 3928 407 3985 schale
433 3928 777 3998 mysterium.
811 3926 913 3981 Per
933 3924 1201 3980 Christum
1239 3924 1516 3979 Dominum
1549 3935 1812 3980 nostrum.

300 4030 325 4057 ο
358 4019 682 4073 Benedictio.
710 4049 783 4061 —
816 4017 1079 4072 Accendat
1123 4017 1175 4071 in
1219 4016 1368 4071 vobis
1408 4017 1662 4071 Dominus
1708 4018 1814 4071 vim

228 4112 311 4166 sui
339 4113 564 4177 amoris,
594 4122 650 4165 et
673 4126 768 4180 per
791 4110 1110 4180 jejuniorum
1133 4109 1525 4165 observantiam
1574 4109 1819 4164 infundat

229 4206 283 4259 in
316 4206 475 4259 vobis
529 4204 730 4258 donum
781 4216 891 4256 sua:
938 4201 1347 4256 benedictionis.
1396 4202 1587 4255 Amen.
1638 4199 1727 4255 Sic
1768 4200 1817 4255 ci

230 4296 579 4364 parcimonize
615 4294 855 4348 victimas
878 4293 1129 4357 offeratis,
1162 4302 1221 4347 ut
1247 4293 1459 4347 contriti
1490 4290 1538 4346 ei
1565 4292 1740 4346 cordis
1766 4302 1819 4347 et

234 4386 498 4439 humiliati
522 4383 792 4439 sacriﬁcio
824 4382 1099 4452 placeatis.
1134 4386 1324 4438 Amen.
1349 4382 1621 4449 Quatenus
1650 4384 1819 4437 oratio

1908 3204 2028 3267 nia,
2054 3218 2171 3271 qua:
2219 3216 2315 3255 nos
2367 3211 2421 3255 et
2469 3201 2732 3267 expiando
2760 3210 2784 3247 Β
2817 3200 2980 3270 gratia
3017 3210 3103 3255 tua
3140 3201 3327 3270 dignos
3357 3203 3478 3257 effi-

1909 3296 2086 3355 ciant,
2119 3304 2172 3348 et
2202 3294 2266 3346 ad
2301 3291 2452 3364 (230)
2489 3292 2721 3347 remedia
2770 3294 3062 3362 perducant
3103 3303 3324 3349 :eterna.
3374 3295 3481 3350 Per

1914 3389 2219 3443 Dominum.

1984 3477 2152 3544 Super
2181 3478 2371 3531 oblata.
2397 3507 2465 3516 —
2494 3476 2707 3531 Hostias
2742 3476 2865 3545 tibi,
2917 3477 3139 3531 Domine
3158 3516 3172 3540 ,
3201 3478 3488 3532 deferimus

1911 3568 2260 3623 immolandas
2292 3586 2305 3620 :
2339 3580 2665 3636 qumsumus,
2690 3566 3035 3634 temporalem
3066 3568 3483 3621 consolationem

1913 3659 2066 3715 nobis
2096 3659 2433 3729 impendant,
2484 3666 2541 3711 ut
2580 3659 2839 3727 promissa
2868 3657 3065 3712 certius
3097 3673 3200 3712 non
3230 3657 3490 3727 despere—

1914 3768 2032 3807 mus
2062 3763 2283 3806 teterna.
2319 3750 2439 3806 Per.

1989 3844 2260 3914 Praefatio.
2291 3872 2360 3882 —
2392 3842 2529 3895 Vere
2560 3840 2775 3910 dignum
2808 3849 2862 3894 et
2886 3840 3087 3908 justum
3132 3848 3247 3905 est,
3280 3854 3487 3907 aequum

1917 3946 1973 3993 et
1997 3936 2250 4005 salutare,
2280 3950 2379 3989 nos
2408 3934 2503 3988 tibi
2536 3948 2747 4002 semper
2771 3941 2823 3987 et
2848 3933 3042 4001 ubique
3064 3932 3263 4000 gratias
3308 3944 3490 4000 agerc,

1917 4027 2145 4080 Domine
2173 4035 2379 4088 sancte,
2414 4025 2571 4077 Pater
2598 4023 2967 4091 omnipotens,
3004 4031 3204 4079 aeterne
3230 4020 3370 4073 Deus
3396 4036 3409 4071 :
3441 4030 3495 4073 et

1920 4124 1971 4169 te
1996 4114 2203 4169 devotis
2236 4113 2503 4167 mentibus
2530 4112 2865 4181 supplicare,
2900 4120 2956 4163 ut
3002 4126 3099 4162 nos
3132 4109 3354 4161 interius
3392 4122 3491 4161 ex-

1922 4208 2194 4275 teriusque
2227 4214 2515 4269 restaurcs,
2549 4214 2604 4257 et
2636 4203 2958 4272 parcitnonia
3002 4200 3221 4253 salutari
3252 4214 3279 4252 a
3308 4212 3496 4266 pecca-

1922 4309 2093 4353 torum
2118 4296 2364 4351 sordibus
2395 4310 2607 4364 purges.
2645 4295 2709 4349 Et
2733 4306 2866 4361 quos
2905 4289 3237 4346 illecebrosis
3268 4289 3494 4344 delecta-

1921 4388 2159 4443 tionibus
2184 4402 2287 4442 non
2311 4385 2392 4440 vis
2423 4383 2689 4453 impediri,
2713 4382 3027 4451 spiritalium
3052 4381 3300 4435 virtutum
3336 4378 3498 4431 facias

237 4488 413 4532 vestra
433 4478 630 4547 jejunii
660 4488 712 4531 et
742 4478 1097 4546 eleemusynaa
1127 4477 1228 4529 alis
1266 4476 1518 4529 subvecta
1559 4474 1623 4527 ad
1664 4490 1819 4529 aures
1848 4459 1901 4516 Ῑ)
1928 4480 2109 4549 vigore
2140 4475 2366 4543 muniri,
2399 4484 2451 4529 et
2481 4474 2560 4529 sic
2588 4475 2639 4527 in
2670 4473 2829 4528 rebus
2858 4471 3177 4526 transitoriis
3210 4470 3409 4531 foveas,
3442 4478 3500 4519 ut

236 4569 405 4624 vestri
426 4568 734 4623 conditoris
760 4569 1033 4631 ascendat,
1062 4577 1117 4620 ut
1147 4581 1241 4621 vos
1282 4574 1497 4620 teteruaa
1542 4565 1822 4619 beatitudio

236 4664 323 4718 nis
352 4664 629 4727 hmredes,
674 4672 729 4716 et
764 4675 1115 4730 supernorum
1146 4658 1340 4713 civium
1383 4667 1661 4712 consortes
1704 4657 1821 4711 efﬁ-

237 4753 365 4809 εἰει.
396 4754 596 4807 Amen.
621 4751 773 4817 Quod
802 4752 917 4820 ipse
943 4756 1197 4819 prtestare
1225 4749 1487 4818 dignetur.

312 4847 391 4898 Ad
419 4843 811 4915 Complmdum.
842 4872 914 4884 -—
945 4842 1164 4906 Adesto,
1191 4841 1368 4904 nobis,
1401 4841 1651 4904 Domine,
1684 4841 1822 4895 Deus

316 4987 339 5012 ⁸
371 4978 429 5030 In
452 4975 679 5030 Kalend.
726 4975 884 5028 lium.
933 4974 1019 5027 hic
1053 4972 1281 5041 legitur:
1313 4972 1394 5024 Ad
1421 4981 1651 5023 sanctum
1691 4971 1827 5023 Lau-

240 5048 466 5100 rentium
493 5047 560 5098 ad
610 5046 769 5097 Mart.
799 5045 922 5097 licet
952 5044 1004 5096 in
1032 5043 1162 5095 (;υ‹ι.
1198 5041 1399 5094 Pamel.
1430 5050 1482 5093 et
1527 5041 1577 5093 in
1630 5043 1828 5095 rostris

244 5118 378 5171 Mss.
430 5118 633 5184 legatur
660 5132 673 5167 :
698 5115 777 5166 Ad
826 5125 1059 5184 sanctum
1116 5113 1274 5184 Laur.
1311 5111 1436 5179 {oris
1479 5126 1699 5164 murum.
1741 5112 1828 5166 Sic

241 5200 461 5255 quoque
484 5180 765 5254 legendum
797 5192 981 5236 censet
999 5182 1154 5236 Joan.
1182 5180 1399 5233 Fronto.

317 5254 345 5291 ι’
368 5258 460 5311 Sic
499 5256 690 5322 legitur
738 5252 800 5322 in
838 5248 1636 5322 omnibus_libris_nostris_tam
1667 5246 1828 5322 editis

242 5343 408 5394 quam
440 5317 600 5378 man'u
631 5321 948 5394 descriptis,
999 5321 1066 5394 si_
1087 5318 1460 5394 Kalettdarjum
1494 5317 1650 5394 _Ro_m.
1684 5319 1831 5394 excit

246 5385 387 5468 pias,
433 5396 483 5448 in
518 5408 655 5468 _quo,
695 5401 753 5444 ut
792 5385 845 5444 in
890 5387 1098 5453 caeteris
1119 5403 1214 5458 pro
1236 5388 1462 5443 statione
1492 5389 1681 5457 legitur
1706 5427 1719 5441 .
1750 5385 1831 5439 Ad

246 5462 481 5518 iunctum
510 5462 744 5516 Petrum.

323 5548 345 5573 ο
375 5535 501 5588 Haec
530 5532 843 5587 Benedictio
877 5528 1069 5596 legitur
1097 5529 1149 5583 in
1181 5526 1615 5582 Benedictionali.

320 5604 348 5641 οι
380 5604 436 5656 ln
484 5604 579 5655 Ed.
633 5601 859 5663 l'amcl.,
908 5599 1123 5664 delende
1166 5598 1435 5661 subsidiis,
1484 5597 1831 5652 dissentiente

247 5672 384 5728 Cod.
416 5672 549 5739 Reg.
578 5674 767 5731 Succ.,
810 5669 898 5737 qui
941 5669 1097 5720 habet
1127 5668 1395 5737 prwsidiis.

494 5768 767 5826 ΡΑτιιοι..
805 5760 1146 5823 LXXVIII.

1926 4571 2195 4639 perpetuis
2226 4566 2490 4621 inhmrere
2520 4562 2803 4620 concedas.
2853 4561 2955 4615 Per
2999 4558 3267 4615 Christum
3320 4559 3501 4611 Dor-2i-

1927 4678 2053 4716 nttm
2085 4670 2346 4713 nostrum.
3281 4686 3293 4715 ,η

1999 4755 2106 4825 58
2151 4752 2230 4804 Ad
2268 4747 2658 4818 Complendum.
2692 4773 2761 4785 -—-
2791 4744 2901 4809 Da,
2947 4754 3280 4811 quaesumus,
3329 4736 3501 4789 omni-

1930 4852 2120 4913 potens
2153 4843 2312 4903 Deus,
2346 4849 2403 4892 ut
2439 4853 2556 4899 qua:
2594 4836 2771 4890 divina
2802 4841 2958 4900 sunt,
2982 4831 3180 4901 jugiter
3204 4842 3504 4894 exsequen-

2004 4984 2029 5011 θ
2060 4975 2226 5028 Statio
2257 4970 2400 5024 ferite
2428 4966 2585 5035 hujus
2621 4975 2705 5035 est
2742 4964 2808 5016 ad
2820 4971 3064 5035 sanctum
3093 4959 3499 5035 (ihrysggonum.

2000 5044 2024 5082 4
2060 5027 2214 5110 Αριιά
2246 5039 2471 5110 Parnel.,
2497 5027 2913 5110 assentientibus
2946 5029 3230 5110 liss._lteg.
3259 5027 3506 5110 Syec'.,et

1932 5093 2221 5173 Theoder.,
2253 5109 2409 5162 statin
2454 5093 2538 5159 est
2582 5103 2651 5155 ad
2692 5110 2922 5155 sanctum
2967 5093 3254 5173 eriqcuin.
3299 5093 3500 5173 India-

1930 5162 2277 5237 ιὶῆῐιῗιιοὶιι.
2312 5177 2544 5243 legitur:
2578 5172 2659 5225 Ad
2682 5181 2925 5243 sanctum
2972 5162 3291 5243 Quirinacum.
3338 5162 3505 5243 l_lujus

1933 5232 2075 5304 tituli
2105 5248 2303 5302 mentio
2342 5232 2427 5298 est
2454 5240 2749 5312 prmsertim
2786 5238 2837 5291 in
2867 5232 3074 5312 synodo
3105 5236 3261 5288 ῐὶοιιι.
3283 5232 3383 5312 sub
3409 5248 3506 5282 nn-

1930 5300 2350 5383 strovfiregorio
2397 5300 2514 5383 quae
2567 5311 2619 5383 in
2670 5308 2816 5383 prius
2868 5300 3104 5383 Vulgatis
3149 5312 3232 5382 est
3283 5300 3379 5354 lib.
3426 5315 3502 5383 tv,

1937 5369 2354 5455 ἕζιέιῼιιζῐυω
2379 5369 2700 5455 adliegisufi
2728 5378 2927 5430 calcem
2945 5369 3271 5455 ;:Ill)l‘ic.e.ltif.n
3301 5369 3507 5439 synodo
3542 5418 3545 5419 ν

1937 5434 2516 5521 Elige}{strumam
2544 5434 2798 5521 presbyter
2823 5434 3263 5521 sunclLQuiriaci.

2007 5507 2214 5591 [Apud
2250 5522 2472 5591 l‘atnel.,
2496 5507 2676 5588 gratia:
2690 5507 2805 5569 'tua:
2835 5517 2939 5584 dig.
2974 5516 3172 5568 Faveut
3200 5507 3352 5564 nobis
3374 5508 3503 5562 Mss-

1935 5588 2151 5664 ipscqttc
2178 5591 2354 5646 Codex
2386 5588 2515 5658 Reg.
2551 5590 2712 5642 Suec.
2757 5630 2760 5634 .

3076 5738 3114 5794 3
