4026 6312
559 299 629 349 75
1733 284 1975 340 SANCTI
2014 282 2332 338 CiiEGORll
2376 280 2583 337 ΜΛΟΝΙ
3742 279 3814 335 ’ῖῦ

562 422 658 472 tes,
691 406 844 460 donis
875 418 1175 458 mereamur
1204 398 1513 456 cmlestibus
1542 396 1994 463 appropinquare.
2028 393 2130 446 Per
2157 397 2204 453 Α
2233 402 2394 444 stram
2436 395 2688 460 gubernet
2721 401 2774 444 et
2804 401 3074 460 protegat,
3121 400 3173 446 et
3207 392 3258 443 in
3289 399 3493 457 portum
3534 405 3810 462 perpetuae

559 498 836 550 Dominum
871 506 1126 548 ttostruttt.

631 588 797 654 Super
825 583 1088 651 populum.
1119 608 1184 617 -—
1218 577 1425 639 Libera,
1464 585 1792 640 quaesumus,
1824 570 2066 631 Domine,
2099 582 2126 619 a

562 676 792 743 peccatis
838 681 892 724 et
934 669 1176 723 hostibus
1209 665 1301 717 tibi
1336 662 1584 730 populum
1616 661 2002 727 supplicantem
2027 696 2042 720 ,
2074 666 2130 710 ut

559 774 740 816 saneta
769 758 1174 812 conversatione
1205 753 1462 817 viventes,
1497 751 1659 803 nullis
1689 748 1993 802 inliciantur
2029 745 2128 799 ad-

560 855 746 909 versis.
781 853 882 905 Per
909 847 1155 902 eumdem
1189 843 1469 898 Dominum
1504 851 1770 894 nostrum.

861 954 1015 992 FERIA
1045 944 1069 970 ⁸
1103 951 1150 987 ιν
1175 950 1228 988 ιΝ
1267 947 1578 987 ΠΕΒΟΟΜΑΒΔ
1606 944 1822 993 QUINTA.

629 1027 967 1086 Sanctiﬁcato
995 1027 1094 1078 hoc
1118 1023 1345 1093 jejunio,
1375 1022 1541 1085 Deus,
1574 1029 1783 1074 tuorum
1812 1015 1970 1070 corda
2001 1013 2129 1068 fide-

559 1124 684 1176 lium
711 1120 996 1175 miseratus
1021 1118 1253 1180 illustra,
1289 1122 1344 1168 et
1371 1112 1560 1182 quibus
1588 1107 1884 1165 devotionis
1909 1115 2130 1174 pra‘stas

557 1213 828 1273 affectum,
859 1209 1037 1276 pra-be
1065 1203 1485 1275 tupplicantibus
1517 1202 1659 1271 pium
1693 1198 1955 1266 benignus
1982 1193 2133 1248 audi-

557 1312 689 1358 tum.
719 1300 820 1355 Per
849 1299 1149 1352 Dominutn.

631 1395 797 1461 Super
825 1391 1012 1446 oblata.
1038 1417 1110 1429 --
1133 1388 1321 1441 Annue
1342 1425 1358 1450 ,
1388 1383 1696 1439 misericors
1725 1382 1866 1438 Deus
1886 1425 1902 1451 ,
1932 1393 1993 1439 ut
2027 1385 2129 1439 ho-

558 1484 691 1538 stias
719 1478 1030 1550 placationis
1055 1487 1109 1533 et
1138 1476 1308 1531 laudis
1335 1476 1547 1529 sincero
1573 1472 1666 1527 tibi
1696 1473 1997 1529 deferamus
2028 1475 2126 1528 ob-

559 1575 766 1630 settuio.
798 1574 918 1628 Per.

631 1592 766 1629 lUIO.
799 1592 918 1628 rer.

631 1592 898 1732 i’rwfatio.
926 1694 993 1704 —
1029 1663 1166 1716 Vere
1193 1660 1406 1729 dignum
1448 1668 1502 1715 et
1527 1660 1726 1726 justum
1758 1667 1879 1724 est,
1911 1672 2122 1726 mqunm

2230 482 2414 534 salutis
2445 482 2676 534 inducat.
2710 482 2811 535 Per
2840 482 3119 535 Dominum
3154 491 3415 537 nostrum.

2301 571 2470 639 Super
2498 573 2765 640 populum.
2793 601 2860 609 —
2890 572 3164 636 Concede,
3197 573 3500 625 misericors
3547 571 3718 639 Deus,
3753 584 3806 628 ut

2231 659 2370 712 sicut
2405 673 2503 711 nos
2532 660 2722 712 tribuis
2750 662 2985 712 solemne
3025 661 3120 712 tibi
3162 660 3377 713 deferre
3411 660 3668 729 jejunium
3688 701 3700 722 ,
3732 663 3808 714 sic

2241 748 2392 803 nobis
2427 749 2768 818 indulgentia:
2797 758 2899 803 tua:
2943 750 3180 819 prabeas
3223 752 3483 821 benignus
3526 753 3798 806 auxilium.

2234 837 2351 892 Per.

2518 942 2537 969 ο
2568 946 2723 984 FEBIA
2762 945 2810 984 Vl
2851 946 2900 984 IN
2938 945 3249 984 “EBDDIADA
3289 945 3501 992 QUINTA.

2300 1041 2560 1096 Cordibus
2591 1041 2809 1108 nostris,
2839 1040 3081 1107 Domine,
3115 1041 3371 1109 benignus
3417 1039 3635 1096 infunde
3656 1081 3672 1107 ,
3716 1049 3806 1108 ut,

2232 1140 2447 1202 peccata
2496 1143 2674 1186 nostra
2726 1133 3074 1200 castigatione
3128 1132 3421 1186 voluntaria
3471 1132 3808 1193 cohibentes,

2231 1221 2594 1291 tetnporaliter
2624 1223 2801 1290 potius
2834 1213 3166 1278 ntaceremur
3194 1237 3351 1292 quam
3394 1221 3670 1290 suppliciis
3715 1222 3813 1274 de-

2230 1321 2475 1381 putentur
2503 1311 2734 1364 :eternis.
2766 1311 2887 1364 Per.

2301 1401 2472 1470 Super
2509 1401 2697 1454 oblata.
2726 1429 2794 1439 -—
2818 1399 3014 1454 Prmsta
3065 1399 3250 1465 nobis,
3292 1399 3594 1454 misericors
3642 1399 3806 1461 Deus,

2230 1501 2290 1548 ut
2315 1494 2472 1563 digne
2499 1495 2602 1547 tuis
2644 1507 2857 1562 semper
2883 1495 3084 1547 servire
3117 1493 3372 1547 altaribus
3404 1509 3726 1554 mercamur.
3754 1501 3812 1546 et

2234 1600 2418 1641 eorum
2466 1596 2721 1656 perpetua
2769 1587 3174 1656 participatione
3213 1584 3428 1640 salvari.
3476 1586 3576 1642 Per
3627 1586 3811 1642 Domi-

2226 1692 2380 1732 num.

560 1766 611 1808 et
640 1755 892 1818 salutare,
922 1767 1017 1806 nos
1045 1753 1138 1806 tibi
1165 1765 1378 1819 semper
1403 1759 1458 1804 et
1485 1749 1682 1819 ubique
1717 1750 1914 1818 gratias
1941 1763 2123 1817 agere,
2155 1739 2202 1800 Β
2302 1767 2570 1836 ρηείαείο,
2596 1797 2665 1807 _
2687 1766 2823 1822 vere
2848 1767 3063 1834 dignum
3102 1774 3156 1821 οι
3190 1766 3391 1832 justum
3438 1774 3551 1830 est,
3591 1781 3808 1833 mnum

564 1846 783 1900 Domine
812 1852 1015 1907 sancte,
1045 1843 1200 1895 Pater
1230 1841 1587 1909 omnipotens,
1620 1849 1818 1893 aeterne
1845 1839 1984 1894 Deus
2014 1854 2028 1891 :
2075 1846 2128 1892 et

563 1946 618 1989 te
643 1934 866 2004 supplici
919 1933 1199 1986 devotione
1241 1944 1488 1994 exorare,
1517 1939 1573 1984 ut
1608 1943 1702 1997 per
1734 1929 1963 1997 jejunia,
2008 1943 2128 1997 qua:

559 2026 726 2080 sacris
781 2024 1037 2079 institutis
1094 2021 1468 2090 exseqnimur,
1528 2035 1558 2073 a
1613 2019 1817 2073 eunetis
1892 2017 2129 2071 reatibns

559 2113 833 2168 emundari
879 2125 1212 2174 mereamur,
1243 2118 1496 2174 tuamque
1543 2107 1818 2175 percipere
1865 2105 2130 2160 valeamus

561 2202 1022 2271 propitiationem,
1082 2199 1172 2268 qui
1221 2212 1583 2267 prteparamur
1632 2199 1698 2251 ad
1750 2197 2127 2252 celebrandam

553 2291 823 2361 Unigeniti
871 2290 989 2344 Filii
1035 2289 1119 2344 tui
1167 2289 1488 2358 passionem.
1540 2289 1640 2343 l‘er
1685 2303 1846 2358 quem
1884 2287 2131 2357 Majesta-

545 2395 683 2438 48m.

631 2473 711 2524 Ad
762 2471 1150 2540 Compfendum.
1180 2468 1525 2525 —leestis
1577 2469 1701 2524 doni
1755 2469 2130 2528 benedictione

561 2570 841 2631 percepta,
873 2561 1140 2631 supplices
1183 2571 1256 2626 te,
1289 2560 1427 2616 Deus
1471 2563 1835 2630 omnipotens,
1867 2561 2125 2628 depreca-

559 2667 700 2717 tnur,
742 2661 799 2705 ut
847 2651 948 2705 hoc
987 2650 1127 2704 idem
1160 2650 1312 2704 nobis
1353 2658 1408 2703 et
1435 2648 1588 2719 (251)
1616 2648 1936 2704 sacramenti
1966 2664 2126 2705 causa

557 2742 624 2795 sit
648 2750 698 2794 et
726 2739 932 2794 salutis.
964 2739 1067 2793 Per
1096 2738 1402 2792 Dominum.

625 2830 764 2885 Alia.
796 2828 1138 2891 -—-Exaudi,
1187 2842 1524 2896 quaesumus,
1571 2827 1822 2893 Domine,
1869 2830 2125 2898 gemitum

557 2920 735 2987 populi
765 2919 1143 2988 supplicantis,
1187 2929 1242 2973 et
1286 2919 1374 2987 qui
1420 2919 1485 2973 de
1527 2919 1835 2972 meritorum
1872 2921 2127 2990 qualitate

545 3010 869 3072 diffidimus,
902 3024 1004 3062 non
1031 3009 1320 3077 judicium,
1349 3009 1443 3062 sed
1473 3009 1892 3064 misericordiam
1939 3026 2127 3068 cense-

561 3102 650 3170 qui
682 3114 1004 3155 mereamur.
1036 3101 1134 3154 Per
1162 3100 1462 3154 Dominum.

842 3187 1056 3243 ben-um
1094 3206 1128 3244 ν
1166 3205 1215 3244 nt
1255 3206 1565 3246 HERDOMADA
1600 3208 1814 3257 QUINTA.

631 3280 827 3334 Tribue
871 3279 1045 3346 nobis,
1092 3295 1414 3346 quaesumus,
1447 3281 1827 3352 indulgentiam
1879 3293 2124 3351 peccato-

559 3389 697 3440 rum,
733 3381 791 3426 ιιι
820 3372 1054 3427 instituta
1074 3372 1275 3442 jejunia
1299 3372 1394 3427 tibi
1429 3373 1637 3444 placitis
1664 3375 1910 3430 sensibus
1938 3391 2127 3442 opere-

548 3485 699 3524 -mur.
734 3469 834 3524 Per
865 3469 1164 3522 Dominum.

633 3563 800 3633 Super
825 3563 1014 3615 oblata.
1044 3589 1115 3602 -—
1143 3559 1386 3614 Concede
1415 3561 1596 3625 nobis,
1625 3560 1849 3616 Domine
1869 3604 1883 3628 ,
1919 3577 2127 3630 quaesu-

549 3667 697 3715 mus,
724 3663 779 3705 ut
805 3650 1119 3705 celebraturi
1149 3657 1330 3704 Sancta
1358 3649 1630 3719 mysteria,
1662 3665 1766 3704 non
1811 3652 1981 3705 solum
2025 3651 2124 3706 ab-

471 3751 478 3758 '
560 3744 861 3799 stinentiatn
891 3741 1242 3811 corporalem,
1273 3740 1365 3795 sed
1384 3781 1398 3804 ,
1423 3741 1562 3810 quod
1592 3750 1674 3796 est
1703 3741 1904 3811 potius,
1933 3743 2126 3799 habea-

553 3849 683 3888 ‘mns
711 3833 965 3886 mentium
996 3830 1298 3900 puritatem.
1329 3830 1450 3884 Per.

621 3926 738 3995 .59
787 3921 1056 3992 Prwfatio.
1089 3950 1160 3962 —
1208 3920 1345 3974 Vere
1395 3920 1609 3990 dignum
1655 3930 1711 3977 et
1755 3923 1958 3992 justum
2008 3932 2122 3992 est,

564 4031 772 4086 a'quum
801 4025 854 4069 et
882 4015 1132 4078 salutare,
1165 4027 1262 4067 nos
1294 4011 1386 4066 tibi
1415 4026 1618 4081 semper
1662 4022 1720 4068 et
1767 4013 1958 4083 ubique
2001 4030 2125 4084 gra-

558 4107 656 4158 tias
687 4117 865 4174 agere,
891 4101 1109 4155 Domine
1138 4108 1345 4163 sancte,
1363 4100 1516 4155 Pater
1539 4100 1897 4170 omnipotens,
1926 4111 2126 4160 teterne

554 4193 699 4249 Deus
726 4209 740 4245 :
772 4192 862 4261 qui
894 4191 970 4245 sic
999 4204 1097 4244 nos
1124 4189 1310 4243 tribuis
1337 4189 1577 4243 solemne
1605 4188 1700 4242 tibi
1736 4191 1948 4246 deferre
1987 4190 2127 4261 jeju-

559 4284 734 4350 nium,
767 4293 824 4337 ut
852 4281 1192 4352 indulgentia:
1241 4291 1346 4334 tuac
1389 4295 1667 4349 speremus
1712 4297 1808 4336 nos
1851 4283 2127 4351 percipere

557 4373 887 4435 subsidium;
915 4373 994 4425 sic
1023 4385 1121 4424 nos
1146 4368 1378 4423 instituis
1408 4369 1472 4422 ad
1504 4370 1820 4424 celebranda
1850 4371 2122 4424 Paschalis

2229 1866 2284 1912 ct
2310 1857 2569 1921 salutare,
2601 1871 2698 1910 nos
2725 1856 2817 1910 tibi
2849 1869 3063 1923 semper
3091 1865 3146 1908 et
3175 1854 3368 1921 ubique
3395 1853 3588 1922 gratias
3615 1869 3803 1922 agere.

2231 1948 2450 2002 Domine
2471 1955 2676 2009 sancte,
2693 1945 2848 1999 Pater
2872 1943 3227 2012 omnipotens,
3251 1953 3448 1996 atterne
3467 1943 3601 1996 Deus
3619 1959 3630 1993 :
3649 1941 3808 2011 (252)

2229 2040 2382 2108 cujus
2428 2053 2525 2092 nos
2569 2035 2928 2090 misericordia
2978 2034 3236 2102 prmvenit
3282 2041 3339 2086 ut
3383 2033 3517 2086 bene
3563 2047 3808 2100 agamus,

2229 2129 2569 2196 subsequitur
2615 2141 2682 2181 ne
2733 2126 2924 2180 [rustra
2972 2140 3217 2194 agamus,
3256 2125 3502 2178 accendit
3553 2124 3810 2177 intentio-

2233 2233 2354 2272 nem
2404 2233 2504 2286 qua
2532 2216 2596 2270 ad
2635 2217 2772 2270 bona
2813 2230 2974 2284 opera
3023 2214 3317 2283 peragenda
3370 2214 3808 2280 inardescantus,

2225 2309 2414 2363 tribuit
2460 2308 2751 2362 efficaciam
2799 2322 2902 2376 qua
2935 2307 3049 2359 ha:c
3078 2306 3143 2359 ad
3175 2306 3464 2372 perfectum
3508 2305 3810 2373 perducere

2227 2402 2517 2454 Valeamus.
2547 2398 2714 2453 Tuam
2745 2411 2875 2467 ergo
2903 2397 3237 2451 clententiam
3271 2392 3552 2448 indefessis
3580 2395 3810 2448 vocibus

2231 2491 2596 2554 obsecramus,
2625 2499 2680 2542 ut
2706 2501 2803 2541 nos
2829 2487 3016 2555 jejunii
3053 2486 3280 2540 victimis
3309 2500 3337 2538 a
3368 2485 3598 2553 peccatis
3644 2500 3809 2537 mun-

2230 2579 2381 2633 datus
2409 2579 2474 2632 ad
2501 2578 2869 2633 celebrandam
2901 2575 3166 2645 Unigeniti
3197 2574 3312 2628 Filii
3350 2575 3424 2628 tui
3457 2575 3659 2628 Domini
3703 2588 3807 2627 n0<

2230 2669 2327 2724 stri
2367 2669 2666 2737 passionem
2707 2667 2865 2722 facias
2905 2680 3024 2721 esse
3065 2665 3307 2720 devotos.
3341 2664 3442 2720 Per
3489 2679 3642 2728 quem
3692 2663 3814 2717 Ma-

2225 2761 2492 2830 jestatetn.

2304 2872 2384 2926 Ad
2436 2870 2820 2942 Compfendum.
2852 2869 3153 2938 —Sumpti
3208 2869 3488 2934 sacrificii,
3547 2869 3815 2936 Domine,

2228 2975 2482 3038 perpetua
2512 2979 2609 3020 nos
2636 2965 2786 3018 tuitio
2811 2978 2916 3018 non
2945 2963 3238 3031 relinquat,
3267 2971 3322 3016 et
3349 2962 3504 3015 noxia
3531 2976 3749 3030 semper
3784 2976 3816 3013 a

2154 3088 2200 3150 ρ
2235 3059 2387 3113 nobis
2412 3067 2598 3111 cuncta
2625 3056 2874 3125 depellat.
2909 3054 3008 3108 Per
3038 3053 3315 3108 Dominum
3350 3062 3606 3106 nostrum.

2303 3149 2474 3216 Super
2526 3147 2790 3216 populum.
2824 3175 2894 3188 υ-
2931 3145 3183 3212 Protege.
3237 3142 3494 3204 Domine,
3555 3138 3814 3208 populum

2231 3250 2412 3304 tuum,
2456 3248 2509 3293 et
2551 3239 2601 3290 in
2636 3236 2929 3304 Majestatis
2980 3245 3082 3287 tua:
3129 3230 3816 3301 patrocinioconfidentem

2230 3343 2491 3402 perpetua
2515 3329 2823 3385 defensione
2848 3328 3105 3398 guberna.
3140 3329 3259 3381 Per.

2403 3443 2511 3513 ϐο
2536 3456 2807 3496 εΑΒΒΑτωι
2849 3437 2876 3476 ἀ
2915 3455 3056 3494 ANTE
3095 3453 3264 3492 nanos
3302 3452 3607 3492 murinus.

2299 3558 2649 3623 Omnipotens
2678 3557 3004 3622 sempiterno
3049 3553 3220 3618 Deus,
3269 3551 3604 3605 clementiam
3659 3557 3814 3604 tuam

2227 3647 2538 3717 suppliciter
2581 3659 2901 3708 exoramus,
2949 3651 3006 3697 ut
3050 3643 3140 3711 qui
3187 3643 3326 3696 mala
3371 3652 3550 3696 nostra
3591 3655 3816 3709 semper

2228 3735 2490 3806 praevenis
2513 3734 2838 3797 miserando,
2862 3732 3022 3788 facias
3043 3732 3136 3785 tibi
3164 3732 3407 3800 placitos,
3427 3741 3478 3786 et
3507 3731 3608 3799 piis
3632 3731 3814 3785 actio-

2229 3826 2384 3881 nibus
2414 3834 2469 3878 et
2493 3823 2709 3893 jejuniis
2737 3821 3042 3876 salubribus
3071 3821 3352 3890 expiando.
3390 3821 3507 3874 Per.

2299 3914 2470 3984 Super
2499 3914 2688 3968 oblata.
2715 3941 2785 3953 -—-
2815 3913 3009 3966 Praesta
3033 3951 3048 3975 ,
3090 3925 3427 3980 quaesumus,
3459 3908 3814 3978 omnipotens

2228 4005 2392 4072 Deus,
2424 4013 2480 4058 ut
2504 4003 2828 4073 jejuniorntu
2860 4001 3100 4070 placatus
3123 3999 3399 4055 sacriﬁciis
3421 4040 3434 4064 ,
3464 3999 3811 4054 remissionis

2230 4105 2335 4151 tua:
2363 4109 2458 4150 nos
2486 4096 2638 4150 venia
2671 4094 3033 4162 prosequaris.
3060 4093 3159 4146 Per
3188 4092 3468 4146 Dominum
3501 4101 3774 4146 nostrum.

2302 4195 2571 4264 Praefatio.
2597 4224 2666 4234 —
2693 4194 2828 4248 Vere
2868 4194 3081 4263 dignum
3114 4203 3165 4246 et
3195 4195 3394 4261 justum
3432 4201 3547 4255 est,
3590 4207 3811 4261 aequum

2227 4289 2282 4336 et
2308 4281 2564 4344 salutare,
2599 4293 2697 4334 nos
2725 4279 2819 4333 tibi
2853 4293 3064 4346 semper
3093 4288 3145 4333 et
3176 4279 3368 4345 ubique
3395 4279 3594 4348 gratias
3621 4293 3814 4345 agere,

2233 4371 2457 4426 Domine
2508 4380 2728 4434 sancte,
2776 4370 2933 4424 Pater
2977 4369 3334 4438 omnipotens,
3368 4384 3568 4424 aeterne
3622 4369 3812 4425 Deus:

561 4465 714 4529 festa,
737 4473 792 4516 ut
826 4479 917 4529 per
946 4462 1058 4514 hare
1081 4462 1414 4528 acquiramus
1440 4459 1626 4528 gaudia
1654 4461 1994 4528 sempiterna.
2023 4463 2125 4517 Per
2156 4439 2206 4497 D
2232 4461 2381 4529 cujus
2413 4475 2508 4514 nos
2543 4460 2672 4514 fides
2703 4462 2931 4526 excitat,
2969 4475 3092 4529 spes
3131 4461 3316 4529 erigit,
3349 4460 3582 4514 cltaritas
3604 4459 3809 4528 jungit.

559 4552 830 4607 Christum
861 4551 1166 4604 Dominum.

627 4644 708 4695 Ad
737 4640 1054 4707 Complendu
1076 4657 1127 4690 tr.
1145 4668 1214 4679 —
1241 4638 1455 4706 Vegetet
1480 4652 1596 4701 nos,
1625 4637 1867 4706 Domine,
1895 4654 2127 4708 semper,

560 4741 613 4785 et
646 4733 859 4784 innovet
890 4739 992 4782 tua:
1033 4742 1232 4783 mensa:
1270 4727 1484 4792 libatio,
1517 4741 1638 4795 qua:
1668 4726 2003 4796 fragilitatem
2036 4747 2130 4784 no-

629 4871 656 4899 ι
687 4861 837 4927 Apud
873 4860 1071 4912 Pamel.
1103 4867 1156 4910 et
1185 4859 1236 4910 in
1269 4857 1492 4912 Kalend.
1520 4859 1674 4928 Rom.
1707 4867 1866 4912 statto
1888 4860 2129 4928 assigna-

558 4939 640 4983 tttr
673 4933 738 4983 ad
767 4938 996 4982 sanctum
1022 4928 1348 4993 Marcellum,
1395 4941 1514 4996 cum
1538 4927 1727 4996 quibus
1747 4927 2130 4996 convenit’pri-

556 5016 674 5053 mus
699 4999 965 5053 Tlteoder.
1003 4997 1056 5051 ltt
1088 4996 1221 5067 Cod.
1250 4992 1382 5067 Reg.
1414 4992 1569 5067 Suec:
1589 4997 1698 5067 :Ad
1720 5006 1952 5050 sanctum
1982 4992 2129 5050 Har-

555 5071 815 5123 cellinum.
867 5068 923 5122 ln
974 5066 1212 5123 secundo
1252 5065 1671 5122 Tlteoder.:Ad
1725 5077 1952 5119 sanctam
2010 5067 2128 5121 Ma-

553 5155 702 5191 nam.

625 5207 652 5246 ι»
675 5207 776 5260 Pro
797 5204 1022 5260 statione
1049 5206 1318 5276 legiturin
1351 5204 1570 5276 Kalend.
1597 5203 1752 5276 Rom.
1773 5213 1826 5258 et
1853 5205 1995 5276 apud
2025 5205 2126 5258 Pa-

554 5278 679 5330 tttel.
713 5293 727 5328 :
754 5277 832 5328 Ad
846 5285 1076 5329 sanctum
1109 5274 1477 5345 Apollinarem.
1508 5274 1566 5345 Id,
1586 5275 1901 5345 confirmant
1926 5275 2050 5328 Mss.

628 5356 651 5385 ο
687 5346 850 5412 Hujus
902 5346 1002 5400 fer.
1033 5343 1210 5409 statio,
1254 5344 1403 5412 juxta
1443 5344 1660 5398 eosdem
1699 5343 1890 5407 Codd.,
1933 5355 2015 5398 est
2056 5345 2125 5396 ad

553 5425 782 5467 sanctum
812 5415 1148 5481 Stephanum.

625 5483 652 5519 ιι
684 5483 834 5551 Apud
880 5483 1170 5536 Pameliutn
1222 5483 1405 5535 titulus
1457 5490 1577 5535 est:
1622 5480 1914 5551 Sabbnlumi
1954 5491 2120 5536 vacat.

561 5550 803 5605 Dominus
831 5569 964 5620 papa
987 5554 1347 5617 eleemosynam
1369 5553 1477 5604 dat.
1513 5553 1599 5620 Adi
1617 5560 1848 5602 sanctum
1892 5550 2118 5604 Petrum.

561 5620 635 5674 Ad
664 5619 952 5690 marginem
977 5629 1149 5673 autem
1186 5621 1295 5673 lncc
1325 5621 1480 5673 habet
1508 5638 1518 5670 :
1554 5619 1705 5672 Hune
1728 5635 1834 5670 esse
1863 5635 2027 5670 rerum
2055 5621 2120 5670 ti-

2228 4551 2390 4620 Cujus
2417 4552 2686 4606 miseratio
2729 4550 2953 4618 gratuita
3002 4551 3245 4619 purificat
3285 4565 3419 4618 quos
3461 4548 3812 4603 conscientia

2229 4651 2409 4695 reatus
2437 4647 2672 4695 accusat.
2703 4641 2779 4694 Te
2811 4640 2969 4709 igitur
2997 4655 3118 4694 cum
3158 4641 3366 4693 interno
3395 4640 3568 4707 rugitu
3611 4640 3812 4705 depre-

2231 4747 2434 4797 camur,
2464 4740 2523 4786 ut
2543 4773 2558 4797 ,
2585 4732 2813 4786 carnalis
2856 4732 3123 4785 alimoniae
3150 4731 3507 4785 refrenatione
3535 4730 3815 4799 castigati,

2234 4866 2394 4934 tutum
2417 4866 2570 4933 hujus
2597 4864 2720 4928 diei,
2753 4873 2899 4933 atque
2920 4865 3032 4918 ideo
3052 4881 3260 4932 sequens
3288 4865 3514 4934 ofﬁcium
3556 4880 3673 4934 non,
3696 4883 3809 4918 esse

2233 4931 2633 5004 Cregorianum,
2655 4945 2787 5001 patet
2815 4931 2878 4988 ea:
2900 4935 3091 4987 Ordine
3111 4931 3371 5004 Romano,
3396 4951 3514 5002 pag.
3542 4931 3631 5004 41.
3657 4933 3804 4988 Red-

2234 5004 2312 5057 dit
2335 5003 2507 5057 autetn
2539 5003 2798 5058 rationem
2830 5004 2983 5070 hujus
3008 5003 3140 5057 tituli
3171 5003 3449 5064 Alcuinus,
3474 5003 3613 5070 quod
3640 5006 3744 5056 etsi
3775 5020 3805 5055 ει

2235 5075 2484 5141 pontifice
2508 5075 2650 5126 omni
2679 5082 2914 5138 tempore
2942 5073 3280 5141 eleentosyna
3314 5073 3489 5136 detur,
3515 5072 3807 5137 specialius

2237 5153 2411 5196 tamen
2443 5143 2492 5195 id
2547 5143 2703 5196 hodie
2744 5142 3066 5212 faciat,rqnia
3112 5142 3454 5212 Evangelium
3508 5156 3805 5212 pauperum

2237 5213 2558 5266 mentionem
2589 5213 2728 5273 facit,
2761 5211 2909 5278 cujus
2937 5207 3153 5265 historia
3185 5207 3284 5264 hoc.
3310 5211 3395 5264 die
3422 5207 3544 5262 ante
3566 5207 3656 5262 sex
3683 5207 3805 5261 dies

2231 5279 2446 5335 Pascha:
2494 5281 2730 5349 contigit.
2781 5277 2834 5333 ln
2881 5280 3010 5333 Cod.
3049 5282 3176 5348 lteg.
3205 5282 3362 5334 Suec.
3397 5280 3584 5347 legitur
3617 5277 3806 5349 πεσὸ-

2228 5349 2420 5415 butum,
2448 5352 2514 5403 ad
2543 5348 2770 5403 sanctum
2803 5349 3012 5402 Petrum
3041 5352 3244 5410 quando
3281 5349 3594 5417 eleemosyna
3621 5348 3800 5402 datur.

2228 5420 2503 5473 Consentit
2533 5421 2652 5473 ltnic
2682 5420 2804 5472 lect.
2839 5419 3103 5472 secundus
3149 5420 3385 5482 Thcod.;
3431 5422 3578 5486 prior
3619 5429 3802 5471 autem

2225 5490 2409 5542 eadem
2438 5490 2597 5542 habet
2625 5503 2687 5543 ac
2715 5489 2918 5542 Pantel.
2953 5490 3049 5544 Ed.
3072 5491 3134 5541 in
3165 5489 3387 5542 Kalend.
3433 5489 3587 5539 llom.
3620 5501 3750 5542 vero
3783 5503 3800 5536 :

2229 5558 2451 5611 Sabbato
2475 5561 2627 5610 datur
2651 5560 2950 5627 fermentum
2973 5559 3024 5612 in
3047 5559 3341 5612 consistorio
3372 5555 3726 5612 Lnteranensi.
