4026 6322
615 265 688 317 τε)
1786 271 2034 328 SANCTI
2073 273 2395 330 GREGORII
2435 276 2647 331 MAG-NI
3786 284 3871 337 80

689 380 853 451 Super
879 382 1143 447 populum.
1175 412 1241 422 -—
1262 383 1370 437 Tua
1401 397 1494 437 nos
1523 382 1905 449 misericordia,
1933 387 2090 451 Deus,
2124 396 2177 442 ct
2206 391 2255 449 Α
2284 402 2439 441 manu
2475 398 2597 442 sunt
2624 388 2858 442 omnium
2891 398 3177 456 potestates
3225 398 3279 444 et
3317 392 3491 444 omnia
3517 390 3635 460 jura
3659 408 3870 463 regno-

620 474 763 527 onmi
816 473 1156 542 subreptione
1202 473 1477 527 vetustatis
1522 484 1809 542 expurget,
1860 485 1916 530 et
1954 491 2176 545 capaces

616 564 1087 619 sanctae'nnvitalis
1116 563 1327 617 efﬁciat.
1361 563 1461 616 Per
1491 564 1794 618 Dominum.

1241 669 1396 706 FEBIA
1428 661 1453 689 ⁸
1475 667 1547 706 ιν.

684 742 714 781 ιι
748 744 895 797 Hora
922 742 1068 796 tertia
1089 742 1319 811 pontifex
1345 758 1458 795 cum
1476 743 1609 795 clero
1631 752 1676 795 et
1698 743 1876 796 ordine
1894 757 1987 796 sua
2000 758 2177 813 proce-

617 835 689 887 dit
711 834 779 887 ad
798 833 961 887 altare
985 834 1038 885 in
1061 833 1268 885 ecclesia
1286 836 1480 904 majore
1499 849 1518 886 :
1539 841 1583 886 et
1600 832 1749 904 (259)
1768 834 1886 886 dicit
1915 833 2178 887 Orationes

613 926 861 977 solemnes
900 921 995 976 hoc
1032 924 1250 978 ordine:
1275 923 1448 994 (240)
1474 924 1717 979 Oremus.
1772 924 1835 977 Et
1881 925 2137 979 Diaconos
2159 940 2180 981 :

613 1011 766 1081 (2M)
816 1012 1115 1066 Flectamus
1158 1028 1347 1081 genua.
1399 1013 1550 1084 (242)
1589 1013 1866 1084 Postquam
1901 1026 2177 1085 oravermt,

613 1101 761 1171 (245)
793 1100 935 1168 dicit,
964 1100 1174 1155 Levate.
1208 1100 1272 1153 Et
1295 1104 1523 1172 pontifex
1548 1103 1636 1156 dat
1665 1104 1963 1159 orationem.

683 1192 843 1261 Deus,
858 1207 885 1244 a
901 1201 1067 1261 quoet
1089 1192 1117 1247 J
1124 1193 1248 1247 udas
1262 1200 1438 1247 reatus
1460 1195 1542 1248 sui
1570 1208 1779 1264 pinnam
1804 1203 1857 1249 et
1883 1195 2178 1250 confessio-

610 1282 693 1337 nis
721 1296 831 1335 snze
852 1282 986 1336 latro
1024 1282 1298 1350 praemium
1342 1283 1587 1352 sumpsit,
1633 1283 1868 1338 concede
1896 1284 2047 1338 nobis
2076 1292 2177 1338 ttue

611 1371 996 1440 propitiationis
1022 1372 1291 1437 eﬂ’ectum,
1322 1379 1379 1425 ut
1408 1372 1544 1426 sicut
1565 1373 1617 1426 in
1641 1373 1885 1441 passione
1905 1386 1997 1427 sua
2022 1373 2178 1428 Jesus

609 1462 848 1517 Christus
877 1462 1125 1517 Dominus
1151 1470 1333 1516 noster
1361 1462 1564 1516 diversa
1594 1462 1829 1532 utrisque
1857 1462 2030 1516 intulit
2064 1462 2170 1516 sti-

610 1550 801 1618 pendia
829 1551 1162 1617 meritorum,
1186 1550 1257 1604 ita
1279 1549 1452 1615 nobis,
1476 1551 1653 1605 ablato
1677 1553 1953 1606 vetustatis
1972 1566 2175 1620 errore,

609 1640 1010 1695 resurrectionis
1036 1654 1145 1694 suae
1164 1639 1384 1709 gratiam
1410 1640 1679 1709 largiatur.
1713 1641 1811 1707 Qui
1837 1649 2028 1696 tecum.

2286 493 2424 543 rum,
2461 480 2612 549 ('250)
2641 482 2843 548 rrSpice
2865 480 2929 533 ad
2957 482 3313 535 Romanorum
3336 492 3493 551 atque
3525 484 3867 537 Francorum

2282 569 2535 637 benignus
2582 571 2887 640 imperium,
2932 585 2985 624 ut
3027 582 3211 640 gentes
3249 588 3367 641 qua:
3407 574 3456 626 in
3509 590 3601 626 sua
3648 575 3872 629 feritate

2280 660 2555 712 confidunt
2586 662 2834 729 potentiae
2875 669 2978 715 tua:
3003 661 3219 716 dextera
3265 663 3697 719 comprimantur.
3731 665 3865 719 Per.

2349 747 2572 802 Oremus
2598 758 2653 803 et
2678 764 2772 818 pro
2795 751 3184 805 catechumenis
3213 753 3429 816 nostris,
3464 763 3519 805 ut
3542 762 3595 807 et
3627 754 3765 810 Deus
3800 765 3865 809 et

2279 834 2540 891 Dominus
2571 851 2754 893 noster
2781 837 3051 907 adaperiat
3080 854 3235 893 aures
3260 841 3677 908 prmcordiorttm
3705 844 3856 909 ipso-

2278 938 2417 987 rum,
2442 925 2769 994 januamquc
2798 926 3201 996 misericordiae,
3254 938 3311 983 ιιι
3351 944 3443 996 per
3465 929 3729 984 lavacrum
3773 946 3857 985 re-

2278 1014 2654 1080 generationis,
2670 1025 2885 1083 accepta
2906 1015 3221 1070 remissione
3238 1019 3472 1071 omnium
3493 1030 3863 1088 peccatorum,

2280 1109 2335 1154 et
2362 1101 2462 1171 ipsi
2492 1102 2828 1157 inveniantur
2851 1106 2900 1157 in
2929 1104 3143 1158 Christo
3172 1105 3297 1159 Jesu
3321 1106 3546 1161 Domino
3578 1116 3779 1162 nostro.

2352 1192 2587 1246 Oremus.
2612 1192 3049 1259 —-0mnipo:ens
3076 1195 3398 1263 sempiterne
3432 1196 3590 1262 Deus,
3626 1200 3715 1266 qui
3748 1200 3863 1252 Ec-

2277 1281 2494 1336 clesiam
2526 1291 2668 1337 tuam
2696 1298 2830 1337 nova
2872 1299 3083 1351 semper
3113 1287 3261 1353 prole
3306 1286 3577 1352 fecundas,
3623 1303 3759 1357 auge
3789 1290 3861 1343 ﬁ-

2282 1372 2402 1426 dem
2442 1382 2496 1428 et
2522 1373 2843 1428 intellectum
2898 1375 3293 1429 catechumenis
3322 1376 3539 1440 nostris,
3566 1387 3644 1445 ut,
3678 1382 3860 1433 renati

2280 1462 2427 1519 fonte
2457 1465 2806 1533 baptismatis,
2836 1464 3133 1534 adoptionis
3170 1474 3275 1522 tua:
3315 1468 3435 1521 illiis
3474 1478 3858 1540 aggregentor.

2280 1552 2335 1606 ΡΑ
2358 1569 2401 1606 Γ.

2346 1643 2595 1711 Oremus,
2646 1643 2974 1699 dilectissimi
3000 1644 3184 1711 nobis,
3219 1645 3383 1701 Deum
3433 1647 3642 1703 Patrem
3664 1651 3856 1703 omni-

678 1729 836 1795 Post,
880 1731 1311 1799 Amen‘sequitur,
1353 1740 1402 1783 et
1430 1731 1552 1784 dicit
1586 1730 1852 1784 Orationes
1886 1730 2175 1784 solemnes:
2205 1736 2253 1795 Β
2279 1740 2582 1799 potentem,
2632 1742 2690 1788 ut
2735 1734 2942 1788 cunctis
2992 1735 3244 1788 mundum
3301 1748 3487 1805 purget
3541 1740 3856 1804 erroribus,

608 1818 756 1891 (244)
788 1821 1137 1874 tantummodo
1171 1838 1264 1890 pro
1295 1839 1346 1875 se
1373 1822 1678 1876 intermittit.
1708 1821 1811 1874 Alii
1848 1836 1965 1875 vero
2002 1837 2169 1874 sacer-

608 1910 747 1963 dotes
784 1910 835 1963 in
867 1911 973 1962 suis
1002 1910 1221 1963 ecclesiis
1243 1926 1337 1975 pro
1360 1927 1419 1963 eo
1441 1910 1637 1962 dicunt.
1670 1909 1735 1961 Et
1762 1925 1874 1961 cum
1899 1910 1952 1963 in
1977 1911 2170 1964 ca’teris

608 2004 808 2060 ﬂectant
836 2018 1019 2070 genua,
1042 2002 1191 2073 (245)
1215 2017 1307 2066 pro
1334 2000 1534 2054 Judwis
1557 2018 1656 2053 non
1687 2004 1912 2070 ﬂectant.

677 2094 783 2162 63
820 2093 1063 2156 Oremus,
1091 2092 1417 2145 dilectissimi
1449 2092 1623 2159 nobis,
1658 2107 1751 2160 pro
1781 2092 2011 2147 Ecclesia
2040 2107 2165 2146 san-

603 2191 688 2236 eta
720 2183 847 2248 Dei;
883 2192 938 2235 ut
967 2197 1082 2235 eam
1120 2185 1258 2237 Deus
1286 2191 1340 2238 et
1379 2183 1633 2237 Dominus
1671 2192 1851 2238 noster
1880 2184 2168 2254 .pacificare

602 2283 657 2329 et
685 2273 953 2329 custodire
981 2273 1226 2342 dignetur
1254 2282 1363 2327 toto
1386 2275 1516 2327 orbe
1557 2284 1841 2339 terrarum,
1877 2273 2164 2342 subjiciens

602 2366 650 2421 ei
682 2366 1004 2435 principatus
1027 2372 1418 2433 et~pote5tates,
1447 2365 1639 2433 detque
1671 2365 1823 2418 nobis
1854 2364 2083 2431 quietam
2112 2370 2168 2417 et

604 2456 939 2525 tranquillam
986 2456 1146 2509 vitam
1176 2455 1521 2524 degentibus,
1550 2455 1845 2524 glorificare
1872 2454 2035 2508 Deum
2065 2453 2166 2508 Pa-

603 2557 732 2601 trem
761 2545 1198 2615 omnipotentem.

665 2638 918 2693 Oremus.
949 2637 1082 2691 Dicit
1110 2637 1365 2693 Diaconus
1388 2654 1407 2693 :
1428 2639 1729 2696 Flectamus
1772 2654 1965 2709 genua.
2010 2639 2163 2695 Post-

590 2743 748 2797 quam
778 2730 1046 2795 oraverint,
1076 2729 1238 2782 dicit:
1267 2729 1481 2785 Levate.

666 2819 1012 2887 Omnipotens
1050 2820 1371 2887 sempiterne
1417 2819 1575 2885 Deus,
1626 2820 1715 2887 qui
1756 2819 1974 2888 gloriam
2020 2828 2161 2876 tuam

599 2908 841 2962 omnibus
872 2909 923 2961 in
952 2907 1161 2961 Christo
1190 2909 1434 2976 gentibus
1461 2909 1731 2972 revelasti,
1759 2910 1969 2964 custodi
1997 2925 2157 2978 opera

580 2999 972 3053 misericordie
1017 3010 1119 3052 tua:
1140 3037 1155 3063 ,
1186 3008 1242 3052 ut
1273 2998 1509 3053 Ecclesia
1552 3009 1635 3053 tua
1667 3010 1776 3053 toto
1805 3001 1935 3054 orbe
1971 3000 2160 3055 diffusa

2274 1821 2486 1875 morbos
2528 1821 2751 1885 auferat,
2780 1824 2969 1875 famem
3010 1822 3237 1892 depellat
3264 1867 3279 1888 ,
3329 1829 3529 1895 aperiat
3574 1843 3854 1897 carceres,

2268 1911 2378 1981 ea
2416 1910 2622 1965 vincula
2652 1912 2928 1982 dissolvat,
2966 1916 3424 1982 peregrinantibus
3471 1918 3727 1984 reditum,
3759 1917 3849 1973 in-

2270 2003 2605 2057 firmantibus
2632 2005 2935 2071 sanitatem,
2981 2005 3355 2073 navigantibus
3398 2020 3603 2074 portum
3654 2008 3857 2063 salutis

2268 2092 2559 2159 indulgeat.
3700 2080 3701 2083 O

2344 2181 2577 2236 Oremus.
2606 2211 2679 2224 -—
2699 2183 3051 2253 Omnipotens
3087 2187 3410 2253 sempiterne
3454 2185 3591 2240 Deus
3618 2196 3850 2242 mmsto-

2267 2286 2386 2326 rum
2414 2273 2728 2339 consolatio,
2756 2273 3107 2329 laborantium
3133 2276 3407 2339 fortitudo,
3433 2277 3741 2344 perveniant
3770 2278 3840 2330 ad

2269 2367 2320 2413 te
2350 2374 2541 2429 preces
2575 2362 2646 2416 de
2673 2377 2987 2434 quacunque
3016 2364 3356 2434 tribulatione
3385 2364 3756 2432 clamantium,
3788 2376 3844 2421 ut

2265 2465 2453 2505 omnes
2478 2452 2581 2505 sibi
2611 2451 2663 2505 in
2692 2453 3099 2509 necessitatibus
3123 2455 3232 2508 suis
3251 2453 3666 2509 misericordiam
3688 2462 3845 2510 tuam

2264 2542 2530 2610 gaudeant
2560 2542 2817 2598 adfuisse.
2852 2545 2973 2598 Per.

2335 2634 2560 2687 Oremus
2606 2641 2662 2688 et
2703 2649 2796 2702 pro
2829 2635 3093 2689 haereticis
3136 2643 3294 2704 atque
3344 2636 3733 2702 schismaticis,
3785 2647 3849 2691 ιιι

2269 2725 2407 2781 Deus
2442 2742 2504 2782 ac
2534 2726 2787 2781 Dominus
2826 2737 3007 2781 noster
3030 2738 3182 2781 eruat
3204 2742 3296 2781 eos
3319 2728 3385 2782 ab
3409 2729 3678 2783 erroribus
3720 2729 3848 2780 uni-

2266 2817 2454 2882 versis,
2486 2825 2538 2872 et
2560 2817 2625 2870 ad
2651 2828 2888 2871 sanctam
2929 2827 3151 2871 matrem
3183 2818 3477 2872 Ecclesium
3517 2820 3845 2874 catholicam

2267 2918 2433 2977 atque,
2455 2909 2799 2977 apostolicam
2832 2923 3079 2963 revocare
3108 2908 3372 2978 dignetur.

2339 3000 2577 3057 Oremus.
2606 3031 2679 3042 —
2704 3000 3052 3068 Omnipotens
3080 3002 3402 3068 sempiterne
3431 3001 3587 3064 Deus,
3615 3001 3705 3070 qui
3731 3001 3847 3054 sal-

599 3091 767 3147 stabili
800 3091 903 3145 fide
954 3092 1003 3145 in
1048 3089 1381 3146 confessione
1434 3090 1509 3144 tui
1560 3091 1786 3145 nominis
1840 3100 2159 3159 perseveret.
2193 3096 2238 3158 C
2268 3105 2363 3145 vas
2387 3104 2575 3144 omnes
2598 3130 2616 3157 ,
2655 3099 2707 3143 et
2738 3090 3001 3143 neminem
3032 3091 3109 3142 vis
3138 3089 3344 3157 perire,
3378 3090 3581 3158 respice
3615 3092 3677 3143 ad
3722 3092 3847 3143 ani-

598 3180 700 3235 Pcr
720 3180 965 3235 eumdem
990 3180 1268 3234 Dominum
1302 3189 1559 3235 nostrum.

667 3272 894 3327 Oremus
914 3280 966 3325 et
997 3285 1091 3338 pro
1110 3271 1417 3325 beatissimo
1441 3285 1569 3339 papa
1593 3278 1774 3325 nostro
1798 3269 1914 3337 HL,
1938 3279 1994 3325 ut
2023 3271 2162 3325 Deus

596 3372 649 3416 et
675 3361 931 3416 Dominus
980 3369 1179 3425 noster,
1208 3361 1295 3430 qui
1326 3360 1484 3429 elegit
1525 3375 1650 3414 eum
1688 3362 1740 3415 in
1780 3361 2019 3416 ordinem
2051 3362 2161 3429 epi-

596 3461 871 3522 scopatus,
903 3452 1103 3505 salvum
1134 3460 1292 3520 atque
1317 3450 1635 3505 incolumem
1675 3450 1939 3504 custodiat
1976 3451 2160 3505 Eccle-

578 3544 689 3599 siae
714 3558 824 3597 sua:
851 3550 1046 3597 Sancta:
1072 3541 1137 3594 ad
1178 3539 1464 3609 regendum
1493 3540 1742 3610 populum
1769 3548 2009 3595 sanctum
2046 3539 2157 3593 Dei.

648 3630 902 3683 :Oremus.
952 3627 1386 3695 -—Omnipotens
1430 3628 1754 3696 sempiterne
1806 3628 1980 3692 Deus,
2008 3628 2159 3696 cujus

578 3718 794 3790 judicio
814 3719 1058 3773 universa
1089 3718 1399 3783 fundantur,
1432 3719 1639 3787 respice
1666 3717 1922 3787 propitius
1951 3717 2014 3771 ad
2042 3732 2160 3785 pre-

577 3826 683 3866 ces
725 3820 953 3877 nostras,
987 3819 1038 3864 et
1070 3810 1297 3864 electum
1331 3810 1481 3864 nobis
1509 3809 1797 3865 antistitem
1831 3819 1917 3863 tua
1967 3811 2160 3878 pietate

574 3917 877 3969 conserva,
904 3909 961 3955 ιιι
988 3901 1281 3955 Christiana
1331 3901 1505 3969 plebs,
1555 3916 1671 3971 qua}
1703 3901 1792 3955 tali
1821 3902 2150 3970 gubernatur

576 4003 829 4061 auctore,
861 3993 959 4048 sub
989 4000 1135 4047 tanto
1161 3992 1433 4061 pontifice,
1463 3991 1789 4047 credulitatis
1814 4006 1925 4046 suae
1954 3992 2158 4046 meritis

550 4096 862 4157 (taugcatur.
896 4084 996 4137 Per
1028 4082 1311 4136 Dominum
1364 4090 1601 4136 nostrum
1630 4082 1809 4136 Jesum
1863 4080 2154 4135 Christum.

654 4172 885 4228 Oremus
939 4183 988 4227 et
1028 4187 1129 4241 pro
1166 4172 1421 4227 omnibus
1473 4171 1754 4241 episcopis,
1808 4170 2152 4241 presbyteris,

599 4263 938 4328 diaconibus,
971 4263 1401 4329 subdiaconibus,
1432 4262 1711 4333 acnlythis,
1742 4262 2038 4329 exorcistis,
2074 4261 2152 4315 le-

589 4355 850 4424 ctoribus,
878 4356 1139 4420 ostiariis,
1170 4355 1320 4423 (246)
1365 4355 1783 4420 confessoribus,
1815 4353 1964 4422 (247)
1997 4351 2153 4421 virgi-

2277 3196 2391 3235 ntas
2434 3180 2693 3235 diabolica
2724 3180 2908 3234 fraude
2948 3181 3230 3249 deceptas,
3272 3191 3357 3246 ut,
3397 3183 3539 3236 omni
3586 3182 3844 3237 lttrretica

2264 3270 2524 3340 pravitate
2552 3270 2821 3338 deposita,
2853 3271 3141 3325 errantium
3183 3272 3340 3326 corda
3390 3273 3723 3343 rcsipiscant,
3782 3285 3847 3329 et

2263 3363 2328 3416 ad
2389 3362 2626 3416 veritatis
2668 3372 2770 3416 tuac
2810 3362 3030 3416 redeant
3077 3362 3351 3417 unitatem.
3407 3363 3507 3418 Per
3553 3364 3846 3422 Dominum

2263 3459 2525 3504 nostrum.

2332 3539 2559 3595 Oremus
2586 3548 2642 3594 et
2664 3553 2763 3609 pro
2790 3538 3006 3609 perfidis
3034 3540 3254 3608 Judzeis,
3284 3550 3343 3595 ut
3389 3544 3529 3597 Deus
3557 3552 3609 3596 ct
3653 3543 3844 3597 Domi-

2262 3645 2361 3686 nus
2391 3642 2574 3686 noster
2598 3628 2805 3686 auferat
2836 3631 3073 3687 velamen
3125 3631 3193 3686 de
3222 3632 3471 3687 cordibus
3514 3648 3722 3700 eorum,
3772 3646 3839 3689 ut

2263 3729 2318 3774 et
2365 3718 2467 3788 ipsi
2509 3728 2799 3788 agnoscant
2848 3721 3027 3775 Jesutn
3083 3719 3348 3776 Christum
3406 3723 3680 3777 Dominum
3735 3740 3843 3779 no-

2260 3815 2427 3862 strum
2438 3848 2451 3860 .

2334 3896 2567 3951 Oremus.
2623 3927 2694 3939 -
2730 3896 3079 3966 Omnipotens
3140 3898 3463 3968 sempiterne
3513 3900 3684 3965 Deus,
3738 3901 3839 3971 qui

2260 3988 2421 4041 etiam
2443 3985 2713 4042 Judaicam
2737 3988 3013 4058 perfidiam
3048 4004 3074 4041 a
3106 3996 3191 4042 tua
3224 3991 3584 4045 misericordia
3616 4007 3723 4046 non
3755 4006 3843 4048 re-

2260 4079 2444 4146 pellis,
2469 4080 2656 4133 exaudi
2690 4094 2875 4147 preces
2906 4088 3114 4134 nostras
3137 4123 3149 4145 ,
3175 4096 3308 4149 quas
3340 4095 3434 4149 pro
3465 4082 3608 4137 illius
3646 4083 3834 4152 populi

2259 4170 2619 4224 obczccatione
2646 4168 2958 4233 deferimus,
2989 4179 3066 4234 ut,
3094 4173 3267 4238 agnita
3292 4173 3531 4226 veritatis
3555 4182 3657 4227 tua:
3682 4175 3830 4241 luce,

2257 4274 2376 4328 qua:
2401 4256 2645 4312 Christus
2668 4268 2769 4327 est,
2800 4273 2829 4312 a
2853 4260 2963 4314 suis
2991 4261 3224 4316 tenebris
3246 4272 3515 4316 eruantur.
3550 4264 3650 4318 Per
3674 4278 3838 4320 eum-

2257 4348 2377 4403 dem
2409 4349 2687 4403 Dominum
2711 4358 2972 4403 nostrum.

577 4444 769 4509 nibus,
816 4444 962 4514 (248)
990 4443 1180 4511 viduis,
1213 4453 1267 4498 et
1313 4458 1409 4511 pro
1445 4445 1588 4497 omni
1618 4444 1811 4513 papulo
1830 4452 2013 4498 sancto
2037 4443 2147 4499 Dei.
2180 4452 2233 4513 ι)
2325 4438 2552 4492 Oremus
2582 4449 2635 4492 et
2664 4453 2759 4505 pro
2789 4440 3040 4509 paganis,
3073 4449 3129 4493 ut
3160 4439 3299 4494 Deus
3342 4442 3679 4511 omnipotens
3730 4458 3831 4497 au—

664 4534 897 4588 Oremus.
938 4533 1375 4600 --Omnipotens
1415 4533 1737 4601 sempiterne
1782 4532 1941 4597 Deus,
1996 4532 2150 4601 cujus

587 4622 774 4691 spiritu
801 4630 968 4675 totum
983 4635 1176 4689 corpus
1200 4620 1451 4675 Ecclesiae
1471 4620 1827 4674 sanctificatttr
1850 4629 1903 4674 et
1926 4619 2145 4689 regitur,

587 4712 777 4766 exaudi
806 4725 900 4765 nos
934 4725 1028 4778 pro
1054 4710 1314 4765 universis
1359 4709 1636 4763 ordinibus
1677 4709 2057 4777 supplicantes,
2090 4719 2147 4763 ut

586 4799 768 4869 gratia:
797 4809 899 4854 tua:
921 4812 1140 4853 munere
1160 4799 1227 4851 ab
1249 4798 1498 4852 omnibus
1527 4797 1617 4853 tibi
1644 4797 1889 4867 gradibus
1920 4800 2147 4854 fideliter

586 4892 863 4945 serviatur.
898 4890 998 4945 Per
1017 4888 1261 4944 eumdem
1290 4888 1591 4943 Dominum.

655 4981 879 5035 Oremus
900 4989 957 5035 et
1001 4993 1096 5049 pro
1125 4977 1276 5050 (259)
1301 4978 1758 5033 Christianissimo
1797 4994 1923 5047 rege
1964 4989 2148 5033 nostro

584 5072 701 5136 111.,
734 5079 793 5124 ut
821 5071 958 5125 Deus
985 5077 1040 5124 et
1066 5068 1321 5124 Dominus
1365 5076 1544 5122 noster
1582 5066 1821 5122 subditas
1864 5068 1937 5122 illi
1994 5067 2148 5122 faciat

581 5175 769 5216 omnes
823 5160 1074 5215 barbaras
1124 5159 1390 5223 nationes,
1437 5157 1503 5211 ad
1552 5165 1785 5212 nostram
1840 5168 2143 5227 perpetuam

618 5265 786 5305 accm.

618 5267 786 5305 accm.

582 5267 614 5320 Ρ
654 5340 889 5397 Oremus.
930 5371 996 5381 —
1026 5338 1367 5408 Omnipotens
1395 5337 1720 5406 sempiterne
1745 5335 1887 5391 Deus
1915 5335 1966 5390 in
1996 5336 2155 5406 cujus

656 5502 681 5531 ⁸
712 5493 916 5563 Ubique
946 5492 1134 5560 legitur
1167 5504 1271 5563 pro
1291 5491 1517 5563 statione
1548 5489 1616 5541 ad
1636 5496 1867 5563 sanctam
1898 5485 2141 5552 Mariam,

583 5563 812 5627 scilicet,
832 5554 1118 5628 'MaioFent,
1162 5554 1219 5613 ut
1262 5560 1456 5616 habent
1482 5572 1669 5615 omnes
1697 5554 1891 5621 Codd.,
1924 5566 2145 5626 excepto

587 5632 810 5686 Kalend.
842 5631 997 5685 Rom.

2255 4527 2393 4583 ferat
2420 4528 2752 4597 iniquitatem
2783 4543 2813 4582 a
2839 4529 3089 4583 cordibus
3114 4545 3329 4597 eorum,
3361 4541 3413 4585 et
3443 4532 3641 4586 relictis
3665 4532 3829 4588 idolis

2251 4617 2363 4672 suis
2389 4628 2761 4671 convertantur
2781 4618 2845 4671 ad
2878 4619 3042 4673 Deum
3077 4622 3259 4675 vivum
3284 4630 3340 4677 et
3366 4637 3571 4688 verum,
3610 4636 3665 4679 et
3694 4624 3828 4678 uni-

2250 4719 2369 4760 cum
2402 4705 2590 4761 Filium
2634 4707 2751 4776 ejus
2791 4706 2974 4764 Jesum
3023 4709 3289 4765 Christum
3324 4712 3489 4767 Deum
3535 4723 3589 4768 et
3634 4715 3829 4771 Domi-

2261 4810 2385 4850 num
2410 4804 2671 4862 nostrum,
2695 4811 2816 4851 cum
2846 4812 2950 4866 quo
2971 4798 3096 4852 vivit
3138 4809 3192 4852 et
3229 4810 3413 4868 regnat
3450 4817 3569 4856 cum
3617 4803 3831 4873 Spiritu

2251 4896 2435 4941 sancto
2455 4886 2616 4941 Deus.
2669 4887 2769 4941 Per
2790 4890 2965 4943 omnia
2986 4890 3177 4943 saecula
3200 4892 3534 4947 siliculorum.

2333 4975 2570 5031 Oremus.
2601 5006 2671 5017 —
2693 4979 3043 5047 Omnipotens
3064 4983 3385 5050 sempiterne
3409 4984 3570 5051 Deus,
3595 4986 3683 5055 qui
3715 5002 3829 5043 mn

2249 5072 2476 5118 mortem
2525 5076 2899 5134 peccatorum,
2947 5068 3043 5122 sed
3087 5071 3246 5123 vitam
3292 5085 3505 5139 semper
3552 5074 3827 5142 inquiris,

2247 5157 2461 5224 suscipe
2489 5155 2753 5224 propitius
2792 5158 3087 5212 orationem
3135 5169 3395 5225 nostram,
3444 5172 3498 5216 et
3527 5162 3695 5218 libera
3726 5181 3829 5220 eos

2247 5244 2314 5296 ab
2338 5244 2598 5298 idolorum
2624 5244 2850 5312 cultura,
2880 5255 2933 5300 et
2957 5262 3182 5321 agg‘rega
3213 5249 3464 5304 Ecclesiae
3488 5261 3592 5306 tute
3619 5266 3827 5310 sancta

2248 5337 2313 5386 ad
2336 5334 2544 5389 laudem
2572 5343 2624 5389 et
2643 5341 2863 5404 glortam
2887 5337 3115 5392 nominis
3144 5338 3240 5392 tui.
3266 5339 3389 5395 Per.

2324 5483 2363 5561 ὶδ-
2382 5487 2578 5561 Omnes
2604 5486 2873 5561 orationes
2915 5489 3000 5543 hic
3045 5492 3326 5561 assignatas
3355 5490 3539 5545 nullibi
3575 5492 3835 5561 leguntur

2254 5556 2307 5610 in
2350 5554 2449 5630 hac
2482 5556 2586 5630 fer.
2618 5555 2673 5620 4,
2701 5569 3054 5630 praiterquam
3100 5554 3349 5615 ἱιιὈοιιό.
3389 5561 3576 5630 Attgeii
3604 5554 3830 5627 Iioccae.

2252 5641 2345 5682 seu
2381 5623 2577 5690 Vatia,
2610 5625 2747 5692 apud
2778 5623 2934 5684 Guss'.
2963 5642 3149 5681 recusa
3174 5640 3224 5682 et
3259 5623 3494 5683 MettardI
