4026 6306
131 354 186 405 8|
1327 342 1526 396 LIBER
1566 338 2199 397 SACRAMENTORUM.
3336 338 3401 391 82

200 466 357 535 (251)
389 464 590 529 Quibus
613 464 849 531 ea‘pletis,
874 461 1131 515 osculatur
1151 460 1334 522 altare,
1378 467 1423 510 et
1449 455 1722 528 egreditur.
1754 458 1802 514 A
1835 453 1986 524 (259)
2017 452 2342 517 dalmaticas,
2370 458 2473 504 tam
2499 451 2748 520 ponti/ex,
2781 466 2929 517 quam
2960 464 3130 502 omnes
3158 449 3400 513 diaconi,

136 558 326 611 Postea
347 573 465 610 vero
490 554 643 625 (252)
671 555 803 607 ltora
834 563 1021 604 octava
1038 550 1394 619 ingrediuntur
1420 550 1487 600 ad
1518 548 1725 599 missam

134 650 233 701 hoc
267 649 450 701 ordine
475 664 493 700 :
518 646 642 698 Dicit
675 645 832 713 (255)
861 643 1037 695 schola
1069 640 1407 706 autipltouatn
1434 638 1501 690 ad
1543 638 1725 690 introir-

136 751 273 793 tum.
305 740 418 804 Qua
444 739 611 807 finita,
640 737 728 788 dat
759 736 1038 788 orationent
1066 733 1316 802 pontifex.

218 830 371 899 (255)
404 837 427 862 "
452 828 683 888 Praesta,
718 839 1023 893 quzesumus
1044 864 1058 887 ,
1100 823 1440 889 omnipotens
1464 819 1633 885 Deus,
1668 827 1727 871 ut

138 920 229 987 qui
274 918 470 972 nostris
532 917 844 970 excessibus
895 914 1231 967 incessanter
1273 909 1576 979 afﬂigimur,
1632 922 1726 977 per

142 1008 405 1076 Unigeniti
438 1009 518 1059 tui
552 1006 855 1074 passionem
881 1004 1191 1057 liberemur.
1227 1000 1347 1065 Qui.

208 1097 406 1149 Deinde
445 1097 640 1166 legitur
686 1095 835 1148 lectio
883 1109 1006 1146 una.
1055 1092 1299 1158 Sequitur
1342 1089 1494 1159 Resp.
1540 1087 1725 1141 Postea

136 1189 340 1241 dicatur
367 1189 557 1240 altera.

210 1278 415 1330 Oratio.
446 1306 521 1318 —
546 1276 688 1331 Deus
711 1275 800 1344 qui
832 1290 928 1344 pro
972 1273 1123 1328 nobis
1152 1273 1345 1327 Filium
1377 1283 1524 1325 tuum
1554 1271 1728 1325 crucis

140 1367 442 1436 patibulum
484 1364 512 1401 δ
546 1367 730 1419 subire
758 1364 1015 1429 voluisti,
1064 1371 1123 1417 ut
1156 1363 1353 1416 inimici
1388 1376 1415 1415 a
1454 1361 1605 1415 nobis
1634 1376 1728 1415 ex-

143 1459 367 1527 pelleres
410 1466 771 1526 potestatem,
801 1456 1035 1509 concede
1062 1455 1217 1508 nobis
1248 1453 1457 1508 famulis
1489 1452 1590 1506 tuis
1623 1491 1639 1515 ,
1672 1458 1729 1504 ut

144 1549 579 1603 Resurrectionis
620 1548 842 1617 gratiam
873 1561 1281 1614 consequamur.
1316 1546 1417 1599 Per
1456 1545 1727 1599 eumdem.

212 1636 365 1707 (2553)
406 1637 655 1704 Sequitur
682 1637 847 1689 altera
871 1636 1041 1701 lectio,
1069 1644 1119 1689 et
1140 1646 1311 1703 postea
1332 1635 1726 1703 responsorium,

146 1728 401 1793 Domine,
455 1728 670 1792 exaudi,
696 1743 813 1779 cum
846 1728 950 1780 suis
996 1729 1215 1779 versibus
1255 1726 1494 1795 quinque.
1534 1724 1728 1777 Deinde

1830 546 1907 597 rei
1934 546 2101 597 omnia
2129 552 2447 608 ornamenta,
2472 543 2676 595 sedente
2704 543 2943 610 pontiﬁce
2965 542 3015 593 in
3045 541 3170 593 sella
3200 557 3329 605 sua;
3357 550 3403 593 et

1826 643 2182 703 praeparantur
2227 633 2373 703 (260)
2417 633 2660 703 ampulla:
2690 635 2803 687 duce
2846 634 3138 700 cumoleo,
3189 649 3404 701 quarunt

1828 724 2007 775 melior
2036 725 2264 793 defertur
2292 724 2538 790 pontiﬁci,
2565 733 2640 791 ut,
2666 723 2814 793 (261)
2847 736 3051 790 accepto
3080 724 3327 787 balsamo,
3356 737 3403 779 et

1829 812 2192 864 commiscitato
2221 828 2334 864 cum
2366 811 2500 875 oleo,
2534 828 2689 864 manu
2721 829 2815 865 sua
2842 814 3050 878 impleat
3081 828 3210 865 eam.
3246 810 3404 864 Illam

1827 916 1941 954 vero
1970 902 2125 953 aliam
2156 902 2374 953 ministri
2394 903 2637 954 retineant
2662 901 2885 967 plenam.
2912 901 2975 955 Et
2996 902 3260 972 pontifex,
3287 903 3407 957 lotis

1828 991 2079 1054 manibus,
2111 991 2337 1059 procedit
2365 1006 2479 1042 cum
2504 1000 2693 1057 septem
2712 991 2858 1060 (262)
2877 995 3164 1048 cereosttttis
3185 993 3251 1047 ad
3262 993 3328 1044 Μ
3337 994 3409 1045 is-

1827 1098 1958 1133 sant.
1991 1080 2139 1133 Dicta
2185 1080 2479 1147 Antipltona
2507 1080 2574 1132 ad
2622 1080 2904 1145 introitum,
2955 1083 3077 1134 dicit
3098 1125 3112 1149 ,
3145 1084 3326 1137 Gloria
3354 1085 3404 1135 in

1828 1172 2057 1226 excelsis
2083 1172 2213 1224 Deo.
2247 1170 2363 1236 Quo
2390 1170 2556 1236 linito,
2587 1171 2728 1233 dicit,
2754 1155 3027 1238 (265li’ax
3057 1175 3227 1243 Vobis,
3251 1185 3297 1227 et
3319 1176 3409 1228 dat

1830 1262 2114 1315 orationem
2147 1263 2302 1313 hanc.
2336 1257 2405 1313 Et
2433 1268 2615 1314 cetera
2642 1261 2813 1313 omnia
2841 1260 2968 1313 sicut
2989 1262 3042 1313 in
3064 1263 3167 1315 alia
3194 1264 3409 1317 solemni

1832 1352 2014 1405 Missa.

1905 1442 2067 1505 Deus,
2102 1458 2130 1494 a
2149 1457 2255 1508 quo
2276 1449 2327 1494 et
2356 1440 2520 1495 Judas
2550 1448 2729 1496 reatus
2760 1441 2841 1494 sui
2872 1454 3102 1507 ranam,
3128 1448 3181 1492 et
3207 1438 3412 1494 confes-

1830 1534 1995 1588 sionis
2025 1548 2135 1588 sum
2197 1538 2337 1589 latro
2383 1533 2658 1601 praemium
2695 1532 2939 1599 sumpsit,
2982 1530 3216 1585 concede
3254 1530 3407 1584 nobis

1832 1632 1938 1677 tuae
1969 1623 2361 1693 propitiationis
2389 1623 2663 1688 effectum,
2696 1632 2758 1676 ut
2789 1622 2927 1676 sicut
2950 1624 3001 1675 in
3033 1621 3282 1691 passione
3309 1636 3404 1674 sua

1832 1712 1988 1768 Jesus
2028 1714 2271 1767 Christus
2312 1713 2569 1767 Dominus
2607 1722 2786 1767 noster
2814 1713 3023 1766 diversa
3059 1712 3293 1779 utrisque
3323 1712 3407 1764 in-

148 1822 519 1890 pronuntiatur
553 1838 587 1874 a
626 1821 869 1884 diacono,
906 1819 1077 1890 (256)
1122 1820 1301 1874 Passio
1327 1818 1534 1871 Domini
1565 1818 1731 1871 nostri

1843 1804 1956 1859 tulit
1980 1804 2242 1873 stipendia
2270 1806 2603 1868 meritorum,
2638 1804 2707 1857 ita
2732 1804 2907 1870 nobis,
2930 1805 3106 1860 ablato
3130 1807 3411 1859 vetustatis

147 1913 269 1967 Jesu
296 1912 499 1966 Christi
520 1910 811 1966 secundum
844 1910 1061 1964 Lucam.
1096 1908 1211 1975 Qua
1238 1906 1460 1977 perlecta
1502 1907 1731 1976 expletur

149 2002 305 2057 Missa
334 2004 521 2055 ordine
549 2017 667 2054 suo.

219 2093 328 2162 65
354 2092 530 2159 Super
559 2092 750 2145 oblata.
768 2120 834 2130 —
858 2090 1098 2159 Suscipe,
1126 2102 1449 2159 qumsumus,
1486 2087 1728 2155 Domine,

155 2196 343 2236 munus
372 2182 642 2245 oblatum,
699 2190 752 2236 et
781 2182 1060 2251 dignanter
1097 2194 1319 2249 operate
1352 2188 1408 2233 ut
1446 2178 1585 2247 quod
1614 2192 1735 2247 pas-

149 2273 315 2326 sionis
348 2271 471 2326 Filii
504 2272 577 2325 tui
613 2273 821 2327 Domini
864 2272 1031 2326 nostri
1064 2271 1319 2341 mysterio
1338 2271 1588 2340 gerimus,
1634 2270 1735 2340 piis

152 2362 426 2415 effectibus
448 2375 864 2428 consequamur.
898 2360 999 2415 Per
1024 2359 1290 2414 eumdem.

224 2451 496 2521 Prcefatio.
522 2480 594 2491 ——
630 2452 762 2506 \‘ere
788 2451 1005 2520 dignum
1054 2460 1107 2505 et
1143 2451 1345 2519 justum
1391 2458 1493 2515 est,
1525 2465 1734 2518 aequum

153 2551 202 2595 et
225 2544 483 2604 salutare,
519 2555 619 2594 nos
650 2541 743 2594 tibi
770 2556 980 2609 semper
1006 2550 1060 2595 et
1092 2541 1284 2608 ubique
1312 2538 1508 2608 gratias
1537 2555 1693 2609 agere
1718 2581 1733 2607 ,

157 2630 379 2685 Domine
406 2642 619 2698 sancte,
649 2631 807 2685 Pater
834 2633 1190 2699 omnipotens,
1221 2639 1420 2684 aeterne
1452 2630 1612 2695 Deus,
1642 2645 1740 2699 per

151 2720 422 2774 Christum
460 2722 743 2773 Dominum
780 2730 1017 2774 nostrum
1047 2738 1060 2772 :
1091 2721 1178 2786 qui
1211 2720 1472 2774 innocens
1500 2735 1597 2788 pro
1634 2721 1737 2774 itn-

152 2814 250 2880 piis
288 2814 464 2866 Voluit
500 2815 633 2883 pati,
673 2824 728 2868 et
778 2828 875 2882 pro
903 2813 1179 2868 sceleratis
1213 2812 1450 2869 iudebite
1478 2818 1739 2870 condem-

154 2904 292 2956 nari.
330 2903 501 2972 Cujus
546 2919 692 2959 mors
721 2906 912 2960 delicta
968 2914 1148 2960 nostra
1177 2907 1418 2970 detersit,
1462 2917 1519 2961 et
1557 2922 1738 2962 resur-

155 2995 325 3049 rectio
375 2994 813 3063 justificationem
878 2995 1032 3050 nobis
1088 2995 1352 3053 exhibuit.
1403 2996 1507 3050 Per
1574 3013 1735 3066 quem

163 3096 305 3141 tuam
350 3088 604 3155 pietatem
632 3087 899 3155 supplices
926 3101 1230 3151 exoramus,
1265 3087 1420 3141 utsic
1451 3101 1547 3140 nos
1582 3088 1741 3143 hodie

1834 1910 2038 1961 errore,
2069 1896 2179 1965 66
2203 1894 2630 1949 Resurrectionis
2659 1910 2770 1949 sua:
2793 1895 3020 1964 gratiam
3065 1896 3335 1963 largiatur.

1908 1987 2051 2041 Tunc
2082 1989 2265 2055 legitur
2294 1986 2549 2057 Epistola,
2593 2000 2640 2042 et
2669 1989 2897 2058 sequitur
2932 1988 3082 2059 Resp.
3118 1988 3343 2043 Gradale
3368 1996 3416 2041 et

1834 2078 2078 2133 Tractum
2106 2097 2168 2133 ac
2201 2082 2385 2135 deinde
2414 2079 2769 2151 Evangelium,
2814 2097 2912 2151 quo
2950 2083 3102 2149 lecto,
3153 2081 3415 2151 peragitur

1836 2168 2000 2223 Missa
2027 2171 2207 2223 ordine
2232 2187 2345 2224 suo.

1907 2271 2079 2339 Super
2106 2272 2292 2325 oblata.
2328 2302 2399 2312 —
2436 2272 2554 2341 ipse
2601 2272 2732 2337 tibi,
2785 2288 3086 2341 qutesumus
3112 2313 3127 2339 ,
3185 2272 3409 2328 Domine

1836 2371 2041 2428 sancte,
2072 2362 2228 2415 Pater
2254 2363 2609 2429 omnipotens,
2640 2362 2798 2427 Deus,
2821 2363 3137 2418 sacrificium
3168 2373 3409 2417 nostrum

1836 2452 2026 2508 reddat
2045 2464 2341 2522 acceptum,
2360 2453 2448 2524 qui
2471 2454 2743 2522 discipulis
2765 2454 2872 2507 suis
2901 2456 2949 2508 in
2979 2456 3059 2509 sui
3083 2470 3408 2509 commemo-

1836 2544 2097 2598 rationem
2118 2544 2219 2598 hoc
2247 2544 2360 2599 fieri
2387 2543 2535 2615 (264)
2561 2544 2815 2599 hodierna
2845 2546 3125 2601 traditione
3148 2556 3416 2601 monstra-

1838 2635 1914 2690 vit
1944 2635 2100 2691 lesus
2122 2635 2367 2691 Christus
2396 2637 2650 2691 Dominus
2679 2644 2879 2692 noster.

1911 2725 2186 2795 Prwfatio.
2215 2755 2289 2768 —
2323 2726 2461 2781 Vere
2490 2728 2705 2796 dignum
2744 2736 2805 2781 et
2830 2728 3030 2796 justum
3063 2736 3177 2793 est,
3205 2742 3416 2797 mquam

1840 2824 1898 2869 et
1923 2816 2188 2881 salutare,
2219 2830 2315 2870 nos
2345 2816 2436 2871 tibi
2463 2831 2678 2887 semper
2704 2826 2757 2872 et
2790 2818 2985 2887 ubique
3009 2818 3209 2886 gratias
3236 2833 3418 2887 agere,

1842 2904 2067 2960 Domine
2096 2916 2304 2971 sancte,
2337 2906 2496 2959 Pater
2518 2909 2879 2975 omnipotens,
2911 2916 3109 2961 aeterne
3144 2907 3418 2975 Deus,per

1843 2993 2112 3049 Christum
2147 2995 2423 3049 Dominum
2456 3006 2694 3050 nostrum
2728 3013 2741 3048 :
2770 3011 2926 3065 quem
2958 2997 3009 3049 in
3037 2996 3135 3050 hac
3158 3008 3311 3051 nocte
3335 2997 3420 3049 in-

1846 3095 1929 3140 ter
1951 3100 2135 3141 sacras
2164 3088 2351 3156 epulas
2375 3088 2737 3155 increpantem
2769 3102 2919 3141 mens
2950 3087 3049 3140 sibi
3075 3090 3287 3141 Conscia
3316 3095 3420 3140 tra-

158 3192 186 3229 a
225 3179 460 3246 peccatis
518 3179 825 3243 emacules,
855 3186 911 3232 ut
938 3192 1058 3232 cras
1092 3178 1412 3232 venerabilis
1454 3193 1622 3233 caena:
1651 3180 1745 3234 da-
1771 3178 1818 3241 C
1849 3175 2037 3231 ditoris
2086 3176 2225 3231 ferre
2273 3192 2377 3230 non
2442 3177 2633 3245 potuit,
2675 3177 2794 3242 sed,
2829 3179 3188 3245 apostolorum
3236 3178 3420 3232 relicto

159 3270 316 3338 pihus
342 3272 541 3334 saties;
570 3268 731 3323 hodie
752 3278 996 3337 acceptes
1022 3272 1409 3324 confessionem
1436 3278 1738 3325 nostrorum

161 3360 555 3425 peccaminum,
588 3368 645 3411 et
675 3372 797 3413 cras
828 3359 1031 3413 tribuas
1062 3358 1384 3427 Spiritalium
1416 3360 1743 3415 incrementa

158 3448 457 3514 donorum;
491 3450 653 3505 hodie
703 3450 1029 3519 jejuniorum
1069 3461 1373 3505 nosuorum
1417 3462 1537 3504 vota
1577 3453 1745 3507 διιμεί-

163 3536 300 3604 pias,
328 3546 387 3591 et
413 3552 535 3591 cras
577 3551 676 3591 nos
708 3538 776 3591 ad
816 3540 1193 3593 sacratissima:
1244 3553 1413 3593 coma:
1441 3542 1741 3597 convivium

160 3628 488 3683 introducas.
520 3627 625 3682 Per
644 3644 825 3697 quem.

229 3718 553 3774 Benedictio.
586 3749 659 3759 —
696 3720 1042 3787 Omnipotens
1068 3720 1209 3775 Deus
1249 3722 1334 3789 qui
1367 3720 1630 3793 Unigeniti
1660 3723 1742 3777 sui

160 3812 407 3879 passione
439 3811 629 3865 tribuit
656 3812 809 3866 vobis
857 3811 1171 3866 humilitatis
1198 3815 1524 3882 exemplum,
1549 3829 1741 3869 conce-

159 3898 248 3952 dat
288 3899 441 3951 vobis
483 3914 581 3965 per
616 3900 856 3954 eamdem
914 3901 1262 3955 humilitatem
1312 3904 1585 3971 percipere
1633 3918 1746 3957 suae

163 3990 556 4045 benedictionis
586 3991 851 4046 ineﬂ‘abile
873 3993 1091 4046 donum.
1121 4000 1310 4047 Amen.
1344 3995 1511 4061 Ipsius
1541 3984 1773 4049 ResurQ

163 4081 416 4134 rectiouis
451 4082 763 4150 percipiatis
789 4084 1077 4147 consortia,
1106 4084 1256 4152 cujus
1287 4085 1556 4152 patientia:
1581 4102 1745 4141 vene-

166 4172 358 4225 ramini
412 4175 756 4227 documenta.
808 4178 997 4228 Amen.
1039 4174 1153 4241 Quo
1193 4174 1261 4229 ab
1298 4191 1362 4229 eo
1401 4178 1757 4245 sempiternae

171 4269 291 4322 vitae
321 4284 521 4322 mutnus
556 4267 883 4337 percipiatis,
911 4282 1006 4336 per
1041 4269 1190 4337 cujus
1222 4272 1577 4339 temporalem
1604 4286 1748 4325 mor-

172 4369 298 4425 tem,
348 4370 611 4415 aiternam
655 4376 753 4415 vos
796 4362 1027 4417 evadere
1070 4362 1308 4418 creditis.
1358 4367 1553 4419 Amen.
1595 4363 1747 4431 Quod

170 4453 283 4522 ipse
303 4466 564 4523 pratsmre
591 4454 862 4523 dignetur.

238 4545 319 4598 Ad
347 4543 746 4614 Complendttm.
765 4574 836 4586 —-
853 4544 1002 4616 (257)
1028 4543 1244 4613 Largire
1265 4546 1508 4600 sensibus
1529 4555 1745 4611 nostris,

170 4634 509 4702 omnipotens
541 4634 707 4698 Deus,
738 4643 797 4687 ut
826 4648 919 4703 per
948 4618 1299 4703 temporalem
1347 4634 1465 4688 Filii
1495 4636 1569 4689 tui
1603 4650 1748 4689 mor-

174 4734 301 4790 tem,
341 4741 500 4793 quam
554 4726 811 4795 mysteria
847 4727 1143 4779 veneranda
1192 4733 1471 4790 testantur,
1508 4725 1669 4779 vitam
1700 4734 1752 4781 te

172 4818 327 4872 nobis
358 4816 580 4871 dedisse
608 4827 914 4885 perpetuam
939 4815 1289 4870 confidamus.
1322 4815 1422 4870 Per
1444 4815 1710 4870 eumdem.

238 4906 412 4974 Super
438 4907 709 4976 populum.
726 4905 1064 4975 —Respice,
1116 4906 1340 4960 Domine
1360 4945 1375 4971 ,
1407 4921 1709 4975 qumsumus
1732 4948 1748 4973 ,

166 5012 331 5067 super
362 4998 500 5052 hanc
532 4996 793 5051 familiam
828 5007 994 5064 tuam,
1026 5014 1122 5064 pro
1152 5013 1253 5067 qua
1283 4997 1539 5052 Dominus
1571 5007 1751 5052 noster

167 5091 322 5145 Jesos
352 5090 601 5144 Christus
639 5105 744 5143 non
796 5090 1057 5144 dubitavit
1097 5092 1343 5145 manibus
1370 5089 1504 5143 tradi
1556 5104 1753 5143 nocen-

170 5181 321 5246 tium,
354 5190 411 5235 et
428 5180 608 5234 crucis
643 5180 825 5234 subire
856 5188 1205 5235 tormentum.
1237 5180 1337 5248 Qui
1358 5190 1531 5236 tecum
1560 5180 1712 5234 vivit.

813 5283 838 5310 ε
870 5289 1027 5327 rents
1056 5276 1114 5327 ν.

237 5361 373 5417 bide
404 5364 531 5417 liora
565 5363 720 5435 (258)
754 5365 903 5417 tertia
942 5364 1155 5435 ingressi
1180 5362 1488 5428 sacrarium,
1537 5362 1754 5415 induunt

197 5594 211 5608 ‘
240 5533 269 5562 ι
299 5522 398 5608 llic
425 5522 613 5608 incipit
639 5524 872 5608 officium
896 5524 1051 5595 hujus
1072 5520 1221 5580 feria:
1243 5524 1298 5579 in
1321 5522 1438 5579 aliis
1460 5519 1746 5576 Codicibus

170 5605 279 5650 sive
293 5606 510 5647 excussa
531 5608 645 5648 sive
666 5605 896 5659 scriptis.

237 5663 271 5736 by
293 5663 449 5736 Apud
480 5662 707 5736 Pamel.,
733 5652 898 5719 subire
924 5666 1104 5736 fecisti.
1136 5652 1303 5720 Favet
1321 5671 1516 5718 nostra:
1538 5659 1752 5717 lectioni

170 5735 345 5792 Codex
383 5732 513 5800 Reg.
538 5734 702 5790 Suec.

1774 4506 1829 4566 D

1846 3268 2118 3321 consortio
2144 3307 2158 3329 ,
2211 3268 2480 3336 sanguinis
2517 3268 2740 3335 pretium
2779 3283 2807 3320 a
2855 3267 3055 3321 iudicis
3092 3270 3315 3336 accepit,
3362 3280 3420 3322 ut

1846 3358 2007 3411 vitam
2052 3357 2298 3426 perderet
2327 3372 2482 3426 quam
2514 3356 2662 3428 (265)
2701 3357 2958 3412 distraxit.
2992 3358 3237 3413 Coenavit
3266 3360 3422 3426 igitur

1848 3444 2008 3500 hodie
2034 3447 2273 3515 proditor
2324 3456 2549 3500 mortem
2587 3462 2759 3513 suam,
2817 3456 2871 3500 et
2908 3448 3144 3501 cruentis
3178 3448 3421 3501 manibus

1848 3551 2040 3606 panem
2072 3536 2139 3591 de
2169 3551 2329 3589 manu
2359 3536 2650 3591 Salvatoris
2681 3537 2929 3591 exiturus
2961 3538 3187 3605 achpit,
3237 3548 3292 3591 ut
3329 3553 3421 3591 sa-

1847 3629 2080 3698 ginatum
2102 3628 2224 3683 cibo
2246 3629 2416 3698 major
2447 3644 2600 3697 ptena
2626 3630 3032 3698 constringeret,
3065 3628 3217 3700 (266)
3258 3644 3417 3699 quem

1846 3735 1946 3775 nec
1974 3722 2168 3775 sacrati
2200 3721 2305 3776 cibi
2340 3722 2555 3776 collatio
2579 3735 2609 3777 a
2657 3722 2862 3776 scelere
2894 3730 3187 3777 revocaret.
3222 3721 3424 3775 Patitor

1848 3810 2026 3879 itaque
2079 3811 2333 3865 Dominus
2384 3819 2567 3866 noster
2603 3811 2758 3865 Jcsus
2798 3810 3045 3864 Christus
3098 3809 3259 3863 Filius
3301 3820 3421 3865 tuus

1848 3918 1967 3959 cum
2003 3905 2155 3959 hoste
2184 3905 2531 3959 novissimum
2564 3904 2884 3973 participare
2913 3902 3234 3969 convivium,
3265 3917 3295 3955 a
3316 3917 3423 3971 quo

1850 4010 1909 4050 se
1938 4006 2157 4051 nOVerat
2185 3997 2439 4051 continuo
2488 4011 2609 4051 esse
2647 3994 2981 4059 tradendum,
3033 4003 3090 4046 ut
3122 3992 3420 4060 exemplum

1851 4088 2167 4142 innocentia:
2218 4089 2415 4143 mundo
2458 4088 2802 4155 relinqueret,
2844 4096 2896 4139 et
2924 4086 3223 4153 passionem
3269 4098 3420 4136 suam

1851 4192 1947 4248 pro
1971 4178 2152 4233 szeculi
2184 4179 2554 4247 redemptione
2574 4177 2864 4245 suppleret.
2892 4175 3094 4228 Patitur
3122 4175 3264 4227 mitis
3287 4173 3425 4227 Deus

1851 4269 2106 4323 immitem
2137 4268 2348 4331 ludam,
2372 4277 2425 4321 et
2443 4265 2670 4320 sustinet
2694 4267 2808 4333 pius
2828 4264 3095 4317 crudelem
3121 4262 3424 4329 convivam,

1851 4362 1939 4429 qui
1969 4360 2159 4414 merito
2190 4360 2376 4429 laqueo
2404 4374 2499 4413 suo
2525 4358 2791 4427 periturus
2819 4364 2953 4419 erat,
2985 4356 3106 4425 quia
3135 4356 3201 4410 de
3233 4356 3425 4423 Magis-

1852 4452 1916 4505 tri
1941 4450 2200 4520 sanguine
2228 4451 2503 4519 cogitarat.
2523 4449 2566 4502 0
2588 4447 2865 4501 Dominum
2895 4461 2992 4515 per
3018 4447 3196 4500 omnia
3228 4447 3433 4515 patien-

1854 4545 1993 4599 tem!
2025 4546 2068 4599 0
2098 4546 2304 4613 Agnum
2333 4544 2470 4599 inter
2490 4558 2614 4598 suas
2640 4543 2826 4611 epulas
2849 4543 3071 4597 mitem!
3101 4543 3287 4597 Cibum
3311 4541 3430 4611 ejus

1851 4635 2017 4690 Judas
2045 4636 2097 4690 in
2127 4652 2220 4692 ore
2242 4636 2463 4703 ferebat,
2496 4647 2549 4690 et
2593 4636 2786 4704 quibus
2811 4652 2931 4690 eum
2966 4635 3201 4691 traderet
3240 4650 3429 4704 perse-

1853 4736 2067 4782 cutores
2095 4728 2407 4782 advocabat.
2442 4728 2547 4784 Sed
2577 4728 2738 4782 Filius
2769 4736 2888 4782 tuus
2920 4727 3175 4781 Dominus
3202 4736 3383 4781 noster
3409 4767 3426 4792 ,

1856 4827 2103 4888 tanquam
2147 4820 2227 4889 pia
2260 4819 2443 4873 Hostia
2470 4863 2485 4888 ,
2530 4827 2585 4874 et
2616 4819 2878 4873 immo’ari
2926 4833 2986 4873 se
3032 4818 3125 4872 tibi
3154 4832 3249 4886 pro
3280 4817 3431 4871 nobis

1854 4910 2119 4980 patienter
2149 4910 2416 4978 permisit,
2449 4919 2504 4964 et
2534 4920 2805 4976 peccatum
2834 4910 2974 4978 quod
3022 4907 3248 4961 mundus
3276 4922 3425 4960 com-

1855 5000 2093 5059 miserat.
2127 5000 2739 5065 relaxavit.Qu:esumus
2757 4998 2914 5066 igitur
2930 5005 2987 5050 ut
3012 4998 3099 5066 qui
3131 5011 3228 5064 pro
3255 4997 3432 5049 salute

1856 5103 2038 5147 nostra
2070 5107 2129 5147 se
2169 5091 2305 5147 tradi
2334 5091 2604 5161 permisit,
2638 5091 2751 5159 ipse
2786 5104 2883 5143 nos
2923 5104 3032 5142 suze
3079 5089 3261 5157 gratia:
3291 5088 3434 5142 dono

1856 5182 2177 5252 locupletet;
2220 5192 2271 5237 et
2294 5182 2384 5250 qui
2411 5196 2504 5250 per
2527 5178 2819 5233 buccellam
2849 5178 2999 5246 panis
3020 5192 3173 5232 suum
3196 5176 3433 5246 prodidit

1858 5276 2188 5341 traditorem,
2217 5274 2333 5342 ipse
2355 5286 2451 5326 nos
2481 5274 2559 5325 sui
2593 5270 2744 5339 panis
2775 5271 3120 5338 perceptione
3146 5269 3305 5323 faciat
3330 5268 3433 5323 sibi
3460 5318 3463 5321 λ

1859 5365 2157 5427 inhaerere;
2186 5364 2381 5432 quique
2428 5359 2811 5429 discipulorum
2844 5358 3006 5427 pedes
3036 5359 3219 5413 eluere
3251 5359 3435 5427 digna-

1931 5532 1953 5559 c
1990 5520 2082 5573 llic
2113 5518 2318 5573 variant
2346 5516 2481 5572 Cod.
2528 5516 2580 5570 in
2628 5516 2851 5570 Kalend.
2899 5514 3052 5569 llovn.
3087 5512 3277 5581 legitur
3306 5531 3320 5566 :
3353 5516 3436 5569 Ad

1862 5590 2125 5643 Lateranis
2143 5587 2659 5654 con/icitnrcltrisma.
2682 5585 2829 5652 Apud
2840 5584 3052 5638 Pamel.
3072 5601 3083 5634 :
3102 5584 3181 5635 Ad
3198 5594 3435 5639 sanctum
3448 5638 3461 5645 ,

1864 5659 2112 5782 Ιυιιιιῖιεηι
2141 5662 2191 5712 in
2222 5657 2465 5713 Lateran.
2490 5657 2545 5713 In
2574 5657 2748 5726 primo
2774 5654 3003 5722 Tlleod.,
3026 5654 3177 5708 statio
3202 5656 3269 5707 ad
3288 5672 3433 5709 sano-

1867 5739 1971 5783 tum
2045 5742 2233 5786 ctrum.
