4026 6322
615 330 683 384 85
1788 330 2026 388 SANCTI
2067 331 2388 386 GREGORH
2430 333 2635 388 MAGNI
3795 337 3870 389 Si

617 459 701 500 tus
731 459 807 502 es:
837 449 1010 512 hodie,
1036 447 1148 516 ipse
1174 461 1271 501 nos
1298 447 1364 500 ab
1390 445 1634 498 omnibus
1660 445 1871 499 delictis
1899 447 2181 514 emaculet,
2213 445 2256 501 Α
2292 445 2408 500 sine
2441 448 2543 500 line
2573 456 2846 511 permanet
2879 447 2928 499 in
2953 447 3143 501 smeula
3168 445 3503 500 saculorum.
3535 447 3729 500 Amen.
3767 446 3842 499 De

613 548 667 591 ct
694 540 852 594 cmtui
898 540 1130 592 fidelium
1159 537 1538 604 discipulorum
1573 536 1820 590 associet.
1874 537 1976 591 Per
2023 551 2177 605 quem

613 631 957 697 Majestatem,
987 639 1088 682 etc.

681 721 756 772 Ta
786 721 958 786 igitur,
993 717 1402 771 clementissime
1424 718 1597 782 Pater,
1631 727 1733 772 etc.

680 809 1167 867 Communicantes,
1197 814 1251 860 et
1287 805 1425 861 diem
1465 808 1878 862 sacratissimum
1900 805 2177 860 celebran—

610 910 708 962 tes,
743 898 891 967 (267)
939 913 1044 965 quo
1093 897 1347 951 Dominus
1399 908 1582 953 noster
1632 898 1787 952 .Iesus
1813 896 2053 951 Christus
2080 910 2175 965 pro

608 991 756 1042 nobis
777 998 858 1042 est
886 989 1139 1053 traditus;
1173 989 1264 1043 sed
1298 1000 1352 1044 ot
1383 991 1714 1044 memoriam.

679 1080 825 1133 lianc
868 1079 1026 1146 igitur
1071 1079 1391 1132 oblationem
1444 1082 1713 1133 servitutis
1740 1089 1968 1142 nostra},
1998 1078 2091 1134 sed
2119 1088 2174 1134 et

605 1178 814 1223 cuncta:
845 1169 1060 1223 familia:
1089 1179 1213 1234 tute,
1237 1183 1393 1237 quam
1426 1169 1516 1222 tibi
1557 1169 1827 1222 offerimus
1852 1169 1921 1221 ob
1947 1170 2083 1222 diem
2116 1167 2168 1222 in

608 1258 757 1327 l268)
779 1274 881 1327 qua
914 1258 1164 1314 Dominus
1195 1269 1374 1313 noster
1396 1259 1549 1312 Jesus
1567 1259 1806 1312 Christus
1829 1258 2042 1311 tradidit
2062 1258 2170 1310 dis-

600 1351 793 1417 cipulis
823 1351 931 1403 suis
966 1350 1204 1417 corporis
1236 1359 1289 1402 et
1318 1349 1590 1418 sanguinis
1628 1350 1707 1403 sui
1751 1348 2002 1419 mysteria
2027 1348 2167 1405 cele-

605 1437 824 1502 branda,
849 1452 1170 1504 qutesumus,
1213 1437 1454 1500 Domine,
1488 1447 1544 1490 ut
1569 1437 1824 1504 placatus.

671 1528 768 1594 Qui
799 1528 966 1594 pridie
995 1543 1148 1596 quam
1182 1542 1277 1597 pro
1307 1537 1485 1582 nostra
1525 1527 1760 1581 omnium
1800 1527 1970 1582 salute
2018 1536 2167 1594 pate-

603 1629 767 1683 retur,
810 1619 910 1671 hoc
949 1627 1030 1672 est
1055 1658 1068 1681 ,
1099 1617 1287 1684 hodie,
1333 1618 1534 1686 accepit
1562 1632 1748 1685 panem
1779 1616 1831 1672 in
1862 1626 2073 1671 sanctas
2102 1631 2165 1672 ac

603 1709 925 1763 venerabiles
957 1724 1142 1762 manus
1165 1723 1310 1762 suas.

2286 536 2518 589 nedictio
2550 537 2640 589 Dei
2673 536 2863 600 Patris,
2889 546 2941 589 et
2967 536 3103 600 Filii,
3129 546 3179 589 et
3207 535 3435 602 Spiritus
3463 537 3654 600 sancti,
3679 546 3735 590 et
3759 552 3870 604 pax

2282 625 2490 678 Domini
2519 627 2591 678 sit
2621 641 2834 693 semper
2885 627 3185 693 vobiscum,
3217 635 3272 680 et
3298 641 3420 680 cum
3453 627 3642 693 spiritu
3673 636 3788 680 tuo.

2352 714 2497 766 Tunc
2519 716 2849 767 communicat
2874 718 3010 768 solus
3035 717 3318 784 epi'copus,
3357 724 3401 768 et
3433 717 3674 770 diaconus
3704 716 3868 783 o/fert

2286 804 2332 855 ei
2355 804 2586 866 calicem,
2619 805 2708 856 illo
2735 806 3083 856 tantummodo
3113 806 3216 859 die.
3258 803 3540 873 Postquam
3570 809 3866 859 communi-

2277 894 2486 958 caverit,
2517 895 2655 960 ponit
2684 895 2891 946 calicem
2920 910 3074 959 super
3098 894 3290 956 altare,
3325 894 3507 946 deinde
3533 903 3796 962 acceptam
3827 911 3866 948 a

2275 981 2588 1034 subdiacono
2620 992 2856 1048 patenum
2899 983 3037 1050 ponit
3065 982 3209 1047 iuxta
3255 982 3463 1035 calicem
3493 983 3556 1036 de
3597 984 3755 1038 latere
3782 984 3862 1036 si-

2276 1073 2456 1138 nistro,
2481 1082 2527 1124 et
2553 1074 2724 1125 statim
2749 1075 3035 1142 cooperitur
3057 1090 3089 1124 a
3116 1074 3312 1126 duobus
3332 1075 3622 1126 diaconibus
3647 1085 3855 1128 utrum-

2271 1179 2370 1230 que
2397 1165 2461 1216 de
2488 1166 2701 1217 sindone
2729 1165 2941 1228 munda,
2985 1180 3136 1231 quam
3165 1165 3307 1232 prius
3355 1176 3764 1232 prteparaverant
3796 1167 3856 1220 ita

2273 1267 2362 1305 ora
2407 1253 2599 1316 alteris,
2635 1269 2662 1304 e
2688 1254 2890 1322 regione
2927 1253 3180 1321 pontiﬁcis
3210 1263 3320 1318 post
3349 1255 3609 1323 corporale
3653 1271 3854 1325 expan-

2269 1357 2400 1396 sam.
2442 1341 2504 1394 lit
2532 1343 2773 1395 continuo
2805 1342 2910 1396 duo
2933 1344 3159 1412 acolytlii
3184 1343 3432 1397 involutas
3450 1345 3704 1414 ampullas
3726 1361 3854 1399 cum

2268 1433 2479 1485 sindone
2518 1433 2634 1484 alba
2673 1433 2852 1500 serica,
2883 1433 2953 1486 ita
2978 1442 3034 1486 ut
3073 1433 3231 1486 videri
3261 1434 3452 1500 possint
3478 1451 3510 1486 a
3551 1435 3735 1500 medio,
3771 1445 3853 1490 te-

2268 1530 2383 1574 nent
2407 1523 2459 1575 in
2491 1522 2695 1575 brachio
2718 1523 2941 1590 sinistro,
2974 1523 3215 1593 projectis
3236 1523 3535 1576 sindonibus
3550 1540 3698 1591 super
3717 1541 3846 1578 sca-

2267 1612 2443 1678 pulam
2467 1612 2746 1677 sinistram,
2776 1613 2848 1665 ita
2877 1622 2930 1666 ut
2960 1615 3248 1684 pertingant
3276 1614 3536 1683 scapulam
3557 1615 3798 1668 dextram
3830 1656 3846 1678 ,

2265 1711 2511 1769 quatenus
2564 1702 2756 1770 possint
2802 1702 3136 1770 dependentia
3182 1704 3410 1758 retineri.
3454 1704 3498 1757 A
3525 1705 3703 1773 quibus
3745 1708 3847 1759 sub

670 1799 822 1867 (2L9)
879 1799 1021 1851 Tunc
1065 1797 1280 1865 o/fertur
1307 1799 1532 1868 pontifici
1586 1799 1750 1852 oleum
1769 1839 1785 1860 ,
1819 1810 1866 1855 ει
1919 1802 2164 1858 benedici;
2195 1797 2243 1860 Β
2271 1793 2480 1846 humero
2500 1794 3273 1860 stantibus,venitsubdiaconus
3293 1804 3340 1848 et
3361 1796 3543 1864 accipit
3559 1796 3846 1866 ampullam

601 1905 712 1939 cum
771 1899 873 1940 tam
911 1889 1036 1958 ipse,
1081 1902 1233 1957 quam
1265 1903 1433 1942 omnes
1477 1888 1751 1958 presbyteri
1777 1892 1844 1943 ad
1873 1895 2165 1963 ungendum

599 1982 873 2048 inﬁrmum,
899 1980 974 2032 his
1005 1980 1164 2032 verbis
1187 1996 1206 2034 :

670 2080 695 2107 λ
728 2072 940 2140 ιὶιιιίιιθ,
978 2072 1220 2144 Domine,
1271 2075 1522 2147 Spiritum
1553 2085 1795 2133 sanctum
1827 2086 1970 2134 tuum
2009 2092 2164 2150 para-

598 2164 662 2216 cli
691 2181 775 2217 um
789 2165 855 2217 de
885 2165 1034 2219 cmlis
1054 2166 1103 2218 in
1129 2166 1264 2221 hanc
1283 2169 1659 2237 pinguedinem
1681 2170 1859 2234 olivae,
1885 2172 1988 2243 67
2003 2188 2160 2241 quam

596 2255 659 2308 de
699 2256 848 2310 viridi
878 2257 1017 2325 ligno
1055 2258 1343 2326 producere
1372 2260 1617 2329 dignatus
1645 2278 1702 2318 es
1729 2265 1793 2318 ad
1815 2262 2158 2321 refectionem

596 2349 854 2413 corporis,
890 2356 945 2402 ut
997 2359 1082 2403 tua
1131 2363 1309 2406 sancta
1342 2353 1712 2410 benedictione
1758 2358 1828 2412 sit
1876 2358 2021 2413 omni
2061 2359 2163 2414 hoc

595 2447 913 2505 unguentum
941 2444 1174 2510 tangenti
1207 2451 1553 2499 tutamentum
1578 2449 1770 2502 mentis
1799 2458 1854 2503 et
1882 2451 2157 2520 corporis,

594 2530 657 2582 ad
687 2532 1020 2586 evacuandns
1053 2547 1240 2590 omnes
1268 2535 1504 2602 dolores,
1548 2552 1840 2609 omnesque
1882 2541 2162 2597 inllrmita~

594 2631 694 2683 tes,
725 2636 933 2676 onmem
963 2624 1333 2693 aegritudinem
1367 2629 1623 2696 corporis.
1653 2628 1806 2685 Unde
1846 2631 2042 2685 unxisti
2066 2645 2158 2686 sa-

593 2710 854 2773 cerdotes,
880 2727 1051 2780 reges,
1078 2715 1362 2783 prophetas
1390 2727 1440 2771 et
1461 2728 1742 2789 martyres,
1766 2720 2158 2790 (270)chrisma

592 2810 738 2856 tuum
767 2802 1080 2873 perfectum,
1101 2807 1341 2871 Domine,
1371 2825 1400 2862 a
1424 2819 1474 2864 te
1503 2810 1840 2868 benedictum
1864 2813 1916 2868 in
1941 2813 2159 2872 nomine

590 2891 796 2948 Domini
848 2897 1017 2951 nostri
1072 2897 1194 2952 Jesu
1242 2898 1460 2954 Christi.
1495 2900 1594 2956 Per
1618 2917 1772 2970 quem
1814 2903 1929 2956 haec
1980 2905 2158 2961 omnia

589 2983 834 3048 Domine,
870 3002 1084 3056 semper
1113 2989 1248 3042 bona
1276 3004 1445 3055 creas,
1477 2991 1840 3060 san-j-ctificas,
1862 2995 2156 3065 vivi-j-licas,

590 3074 905 3145 be-j-nedieis
928 3086 982 3132 et
1010 3088 1227 3147 praestas
1250 3080 1422 3133 nobis.
1448 3079 1548 3134 Per
1575 3083 1768 3149 ipsum,
1797 3092 1848 3137 et
1877 3097 1995 3138 cum
2019 3084 2158 3152 ipso,

2267 1884 2604 1952 commistam,
2635 1900 2738 1937 una
2775 1901 2891 1938 cum
2909 1885 3138 1951 sindone,
3154 1894 3202 1940 et
3223 1887 3307 1938 dat
3328 1902 3440 1939 eam
3459 1888 3845 1954 arcltidiacono,

2265 1985 2312 2025 et
2340 1974 2428 2026 ille
2454 1974 2616 2044 defert
2641 1975 2872 2042 pontiﬁci
2908 1985 3026 2029 ante
3053 1976 3240 2028 sedem.
3276 1974 3416 2029 Tunc
3440 1977 3668 2048 pontifex
3697 1987 3845 2031 stans

2265 2063 2317 2118 in
2337 2063 2475 2134 sede,
2505 2073 2551 2119 et
2579 2063 2727 2139 (271)
2776 2065 3046 2139 respiciens
3071 2066 3138 2121 ad
3165 2066 3425 2135 orientem,
3472 2066 3842 2122 archidiacoua

2265 2167 2462 2210 tenente
2503 2169 2618 2211 ante
2646 2163 2808 2228 ipsum
2838 2160 3119 2227 ampullam
3147 2160 3198 2212 in
3227 2159 3432 2212 sinis'ro
3464 2158 3673 2212 brachio
3699 2175 3848 2212 reco-

2263 2249 2373 2306 luta
2394 2249 2626 2315 sindone,
2656 2261 2710 2302 ut
2737 2267 2892 2320 supra
2919 2251 3254 2321 prwﬁrimus,
3283 2259 3330 2303 et
3358 2250 3497 2303 halat
3517 2252 3567 2304 in
3597 2252 3710 2317 ipsa
3728 2267 3843 2304 am-

2261 2340 2427 2407 pulla,
2453 2349 2501 2392 et
2529 2340 2686 2394 intrat
2713 2340 2862 2411 (272)
2892 2343 2945 2395 in
2975 2341 3400 2396 consecrationem
3443 2342 3726 2396 chrismatis
3755 2359 3844 2397 cz-

2260 2428 2395 2484 cclsa
2416 2446 2534 2483 voce
2559 2447 2580 2486 .‘

2336 2521 2592 2577 Dominus
2641 2522 2936 2578 vobiscum.
2981 2523 3050 2578 Et
3090 2538 3210 2578 cum
3241 2523 3430 2592 spiritu
3472 2533 3579 2577 tuo.
3610 2525 3842 2579 Sursum

2260 2614 2372 2686 68
2394 2615 2574 2668 corda.
2608 2614 2874 2670 llabemus
2899 2615 2964 2669 ad
3012 2615 3315 2670 Dominum.
3358 2614 3568 2673 Gratias
3617 2631 3844 2687 agamus

2261 2706 2487 2761 Domino
2520 2707 2625 2761 Deo
2657 2716 2859 2762 nostro.
2892 2708 3117 2779 Dignum
3148 2717 3201 2762 et
3223 2709 3426 2777 justum
3465 2716 3566 2763 est.

2334 2798 2466 2853 Vere
2492 2798 2709 2868 dignum
2755 2809 2810 2853 et
2841 2800 3042 2868 justum
3081 2808 3183 2864 est,
3237 2815 3443 2868 :equum
3473 2811 3526 2854 et
3570 2800 3833 2861 salutare,

2261 2905 2359 2945 nos
2399 2891 2494 2945 tibi
2542 2905 2753 2959 semper
2790 2900 2844 2946 et
2891 2891 3085 2962 ubique
3133 2891 3328 2960 gratias
3373 2904 3552 2960 agere,
3604 2891 3836 2945 Domine

2259 2990 2462 3048 sancte,
2495 2981 2654 3035 Pater
2679 2982 3032 3051 omnipotens,
3067 2991 3264 3039 aeterne
3287 2982 3461 3044 Deus;
3490 2983 3578 3052 qui
3610 2983 3659 3036 in
3685 2983 3839 3052 prin~

2261 3075 2422 3143 cipio,
2462 3075 2601 3130 inter
2620 3083 2811 3130 caetera
2840 3075 3090 3130 bonitatis
3117 3084 3168 3129 et
3190 3075 3401 3142 pictatis
3433 3085 3534 3128 tua:
3564 3089 3786 3130 munera
3819 3112 3840 3139 ,

589 3168 721 3223 etin
753 3168 868 3237 ipso
894 3178 975 3222 cst
1009 3169 1099 3224 tibi
1146 3169 1254 3223 Deo
1285 3169 1424 3224 Patri
1469 3173 1842 3239 omnipotenti,
1874 3173 1926 3229 in
1955 3151 2156 3232 unitate
2180 3151 2227 3213 ο
2261 3174 2456 3220 terram
2495 3165 2792 3233 producere
2820 3164 3088 3220 fructifera
3115 3164 3256 3234 ligna
3281 3165 3503 3234 iussisti.
3539 3165 3675 3221 inter
3713 3179 3843 3231 «tum

589 3257 821 3326 Spiritus
841 3259 1032 3323 sancti,
1064 3259 1238 3313 omnis
1268 3259 1439 3314 honor
1464 3270 1518 3315 et
1538 3261 1725 3331 gloria.

661 3349 763 3403 Per
790 3350 966 3405 omnia
998 3350 1190 3404 saecula
1218 3351 1554 3406 saeculorum.
1585 3355 1776 3409 Amen.

663 3437 894 3492 Oremus.
948 3439 1230 3510 Prteceptis
1283 3442 1602 3498 salutaribus
1648 3445 1854 3511 moniti,
1900 3456 1954 3501 et
1982 3447 2154 3502 divina

589 3528 917 3584 institutione
955 3529 1185 3595 formati,
1213 3531 1470 3586 audemus
1496 3535 1672 3589 dicere
1702 3551 1716 3589 :
1748 3535 1902 3591 Pater
1931 3547 2113 3592 noster
2139 3581 2153 3604 ,

588 3621 674 3689 qui
705 3635 762 3673 es
793 3621 842 3675 in
875 3620 1045 3684 cmlis,
1079 3622 1434 3677 sanctilicetur
1459 3638 1652 3679 nomen
1685 3634 1851 3690 tuum,
1872 3636 1978 3682 etc.

656 3708 760 3761 Sed
792 3709 960 3762 libera
993 3723 1086 3763 nos
1112 3725 1139 3761 a
1167 3711 1325 3764 malo.

656 3799 843 3852 Libera
869 3813 984 3864 nos,
1009 3816 1328 3868 quarsumus,
1357 3803 1598 3869 Domine,
1621 3806 1687 3860 ab
1712 3807 1957 3862 omnibus
1978 3809 2150 3874 malis,

586 3890 906 3957 praeteritis,
956 3894 1304 3958 praesentibus
1335 3902 1389 3948 et
1429 3895 1648 3962 futuris;
1686 3907 1741 3952 et
1789 3900 2154 3956 intercedente

586 3981 739 4035 beata
771 3989 823 4034 et
852 3982 1081 4051 gloriosa
1105 3999 1317 4055 semper
1337 3985 1540 4057 virgine
1561 3988 1650 4042 Dei
1676 3989 1940 4045 Genitrice
1967 3991 2150 4056 Maria,

584 4081 640 4126 ct
663 4073 830 4126 beatis
853 4073 1104 4140 aposmlis
1129 4077 1250 4136 luis,
1281 4073 1437 4129 Petro
1462 4086 1513 4130 et
1535 4075 1719 4144 Paulo,
1737 4088 1895 4147 atque
1916 4079 2149 4145 Andrea,

582 4173 636 4218 et
664 4164 909 4217 omnibus
957 4165 1174 4227 sanctis,
1221 4165 1284 4219 da
1342 4166 1600 4234 prepitius
1650 4184 1832 4237 pacem
1883 4171 1934 4225 in
1965 4171 2151 4227 diebus

584 4255 800 4316 nostris,
829 4263 905 4320 ut,
934 4269 1034 4322 ope
1062 4255 1436 4311 misericordiae
1463 4265 1566 4311 tute
1587 4259 1774 4327 adjuti,
1803 4271 1853 4314 et
1878 4276 1907 4314 a
1934 4271 2151 4330 peccato

580 4347 745 4401 siinus
768 4362 978 4416 semper
1002 4347 1175 4412 liberi,
1205 4358 1258 4403 et
1279 4351 1344 4404 ab
1358 4352 1499 4408 omni
1521 4355 1919 4421 perturbatione
1949 4355 2145 4415 securi.

580 4435 682 4489 Per
708 4437 984 4490 Dominum
1015 4445 1273 4494 nostrum.

2263 3255 2416 3325 hujus
2456 3256 2784 3326 pinguissimi
2829 3256 3050 3326 liquoris
3081 3256 3340 3310 ministra:
3386 3256 3518 3310 olea:
3549 3268 3845 3308 uasceren-v

2260 3355 2367 3413 tur,
2392 3362 2616 3416 quarum
2643 3348 2840 3401 fruetus
2870 3360 3025 3402 sacro
3049 3346 3325 3401 chrismati
3355 3345 3670 3401 descrviret.
3699 3343 3840 3398 Nam

2259 3445 2312 3490 ct
2339 3435 2526 3501 David,
2569 3437 2878 3506 prophetico
2906 3435 3096 3506 spiritu
3131 3438 3316 3505 gratia:
3365 3448 3466 3490 tua:
3491 3446 3840 3491 sacramenta

2257 3539 2622 3594 pr't'nosccns,
2652 3526 2828 3582 vultus
2849 3535 3059 3582 nostros
3085 3527 3135 3580 in
3166 3527 3285 3580 oleo
3310 3525 3684 3580 exhilarandns
3709 3540 3840 3580 esse

2256 3621 2504 3672 cantavit.
2556 3620 2769 3673 Etcum
2809 3618 2991 3674 mundi
3044 3619 3263 3675 crimina
3317 3618 3512 3673 diluvio
3557 3618 3837 3687 quondam

2257 3711 2596 3778 expiarentur
2622 3710 2812 3778 effuso,
2842 3710 3239 3767 similitudinem
3267 3710 3428 3766 futuri
3460 3711 3690 3766 muneris
3731 3725 3834 3764 co-

2258 3803 2432 3859 lumba
2462 3804 2856 3870 demonstrans,
2888 3803 3039 3874 (273)
3073 3819 3167 3872 per
3209 3804 3364 3858 oliva:
3393 3819 3593 3858 ramum
3637 3817 3833 3869 pacem

2255 3895 2412 3949 terris
2441 3897 2699 3950 redditam
2729 3896 3012 3952 nuntiavit.
3042 3896 3190 3963 Quod
3219 3897 3268 3949 in
3289 3895 3596 3950 novissimis
3617 3903 3835 3962 tempe.

2254 3988 2400 4042 ribus
2434 3989 2731 4042 manifestis
2755 3997 2836 4044 est
2859 3987 3137 4044 effectibus
3160 3987 3509 4052 declaratum,
3550 4002 3668 4040 cum
3693 3987 3832 4054 bap-

2256 4077 2481 4132 tismatis
2513 4077 2665 4145 aquis
2694 4080 2932 4132 omnium
2960 4079 3238 4133 criminum
3269 4077 3552 4130 commissa
3591 4075 3830 4129 delcuti~

2252 4168 2371 4232 bus,
2400 4169 2513 4222 haec
2542 4169 2641 4224 olei
2690 4170 2870 4224 unctio
2897 4170 3072 4224 Vultus
3121 4176 3334 4222 nostros
3361 4166 3623 4235 jucundos
3658 4166 3832 4218 oflicit

2253 4271 2314 4310 ac
2343 4272 2583 4313 serenos.
2618 4259 2743 4314 Inde
2772 4261 2932 4315 etiam
2968 4259 3131 4327 Moysi
3163 4258 3362 4310 famulo
3393 4266 3482 4310 tuo
3514 4255 3827 4310 tnaudatum

2250 4350 2484 4417 dedisti,
2538 4361 2594 4406 ut
2625 4357 2802 4407 Aaron
2855 4354 3069 4407 fratrem
3122 4365 3274 4405 suum
3315 4350 3461 4418 prius
3486 4363 3620 4415 ama
3653 4349 3826 4402 lotum

2250 4457 2344 4510 per
2373 4441 2687 4497 infusionem
2719 4443 2874 4511 hujus
2905 4443 3155 4512 unguenti
3184 4441 3540 4496 constitueret
3566 4438 3823 4493 sacerdoc

652 4525 962 4580 Benedictio.
987 4556 1058 4568 —
1089 4527 1376 4581 Benedicat
1413 4543 1506 4582 vos
1540 4530 1698 4597 Deus,
1727 4530 1816 4599 qui
1839 4545 1934 4599 per
1958 4531 2149 4601 Unigc-
2177 4514 2224 4571 D
2253 4543 2380 4586 tem.
2413 4533 2654 4588 Accessit
2676 4535 2742 4588 ad
2764 4534 2864 4588 hoc
2895 4534 3118 4603 amplior
3135 4533 3327 4596 honor,
3356 4547 3476 4586 cum
3496 4531 3666 4586 Filius
3693 4539 3821 4584 tuus

578 4616 678 4670 niti
697 4616 811 4669 Filii
839 4617 919 4671 sui
946 4618 1244 4685 passionem
1277 4627 1428 4672 vetus
1450 4618 1651 4674 Pascha
1677 4620 1729 4674 in
1757 4635 1949 4676 novum
1981 4623 2145 4678 voluit

581 4707 853 4772 converti;
893 4708 1252 4777 concedatque
1299 4709 1448 4762 vobis
1495 4721 1569 4776 ut,
1611 4720 1899 4780 expurgato
1949 4717 2145 4770 veteris

578 4800 822 4854 fermenti
851 4799 1115 4865 contagio,
1148 4814 1284 4854 nova
1316 4800 1368 4854 in
1395 4800 1538 4854 vobis
1564 4812 1868 4868 perseveret
1891 4818 2145 4874 consper-

576 4891 678 4945 sio.
733 4889 924 4944 Amen.
982 4890 1044 4942 Et
1090 4890 1208 4958 quia
1232 4891 1298 4943 ad
1350 4891 1719 4946 celebrandam
1776 4892 2142 4960 Redemptoris

577 4981 797 5034 timnam
827 4988 1000 5034 mente
1022 4979 1208 5032 devota
1231 4981 1572 5045 conveui~tis,
1603 4992 1916 5036 aiternarutn
1944 4983 2137 5051 dapum

574 5071 854 5132 vobiscum
900 5073 1082 5139 epulas
1133 5070 1434 5136 reportetis.
1479 5077 1665 5125 Amen.
1715 5071 1884 5140 Ipsius
1929 5087 2138 5142 quoque

571 5161 867 5228 opitulante
897 5162 1174 5214 clementia
1203 5162 1527 5215 mundemini
1552 5178 1579 5214 a
1615 5162 1864 5216 sordibus
1896 5172 2138 5230 peccato-

570 5265 724 5314 rutn,
753 5251 881 5319 qui,
933 5251 996 5304 ad
1039 5251 1411 5305 iusinuandum
1461 5252 1768 5305 humilitatis
1812 5255 2134 5321 exemplum,

564 5339 729 5406 pedes
766 5340 933 5393 voluit
973 5340 1150 5394 lavare
1181 5340 1580 5408 discipulorum.
1613 5343 1802 5396 Amen.
1836 5343 1986 5406 quod
2016 5340 2134 5412 ipse

563 5441 815 5495 praestare
885 5431 1172 5498 dignetur,
1224 5432 1376 5499 cujus
1434 5447 1654 5501 regnum
1725 5445 1779 5487 et
1854 5433 2132 5498 imperium

633 5593 657 5619 ⁵·
683 5584 737 5637 ln
783 5583 882 5655 Ed.
912 5584 1112 5640 Pamel.
1153 5585 1241 5641 hic.
1277 5589 1650 5655 praemittitur:
1685 5588 1974 5642 Benedictio
2004 5587 2121 5643 olei.

567 5651 758 5724 _\"erum
783 5654 1083 5708 addendum
1114 5672 1178 5710 ex
1207 5651 1338 5713 Cod.
1372 5659 1500 5723 Reg.
1535 5658 1718 5714 Suec..
1749 5659 1815 5709 ad
1836 5659 2122 5724 inﬁrmum.

562 5721 618 5778 lu
649 5725 830 5779 eadem
875 5725 1268 5795 Deucdictionc,
1302 5721 1487 5794 emitte,
1520 5736 1648 5790 cte.;
1686 5727 1836 5783 deest
1864 5721 1998 5795 apud
2027 5728 2120 5781 Ιί-

2248 4621 2403 4676 Jesus
2433 4621 2675 4678 Christus
2702 4623 2958 4677 Dominus
2981 4629 3160 4676 noster
3183 4621 3343 4674 lavari
3366 4635 3425 4674 se
3449 4635 3476 4673 a
3499 4618 3702 4673 Joanne
3727 4633 3822 4671 uno

2247 4708 2329 4762 dis
2351 4708 2650 4765 Jordanicis
2663 4712 2945 4780 exegisset,
2963 4719 3039 4776 ut,
3060 4710 3255 4777 Spiritu
3274 4719 3457 4763 sancto
3480 4709 3530 4761 in
3554 4708 3821 4762 columbae

2247 4799 2650 4854 similitudinem
2681 4801 2908 4867 desuper
2933 4801 3121 4867 misso,
3150 4799 3488 4867 Unigenitum
3521 4808 3667 4852 tuum
3693 4839 3707 4863 ,
3763 4799 3817 4853 in

2245 4903 2352 4958 quo
2385 4888 2476 4942 tihi
2499 4891 2696 4958 Optime
2713 4890 3142 4958 complacuisset,
3163 4889 3466 4943 testimonio
3486 4891 3822 4954 subsequen-

2247 4980 2312 5031 tis
2344 4982 2491 5034 vocis
2511 4980 2845 5042 ostenderes.
2879 4990 2931 5034 et
2963 4982 3064 5036 hoc
3093 4981 3218 5033 illud
3241 4993 3361 5033 esse
3381 4977 3822 5035 manifestissime

2242 5070 2802 5139 comprobares,quod
2823 5085 2944 5124 eum
2967 5071 3084 5124 oleo
3111 5071 3308 5123 ltetitite
3337 5083 3444 5136 pra:
3475 5069 3826 5123 consortibus

2241 5161 2352 5214 suis
2386 5160 2687 5229 ungendum
2722 5159 2883 5212 David
2917 5160 3169 5228 pr0phela
3198 5160 3506 5214 cecinisset.
3539 5158 3617 5214 Te
3650 5161 3825 5227 igitur

2240 5248 2593 5317 deprecamur
2619 5290 2633 5313 ,
2679 5249 2902 5302 Domine
2955 5260 3170 5314 sancte,
3212 5250 3368 5303 Pater
3422 5249 3773 5317 omnipotens
3799 5291 3818 5315 ,

2242 5348 2438 5393 aeterne
2466 5338 2605 5392 Deus
2628 5378 2642 5402 ,
2675 5353 2770 5406 per
2808 5338 3052 5393 eumdem
3097 5341 3277 5394 Jesum
3307 5341 3575 5393 Christum
3615 5337 3820 5393 Filium

2243 5442 2388 5485 tuum
2424 5432 2702 5487 Dominum
2733 5443 2996 5498 nostrum,
3031 5442 3085 5486 ut
3117 5435 3272 5501 hujus
3300 5442 3559 5487 ercatura:
3588 5433 3825 5499 pingue-

2229 5590 2466 5652 melium,
2504 5606 2591 5656 per
2614 5605 2762 5660 quem
2801 5589 2908 5641 lucc
2936 5587 3128 5656 omnia,
3165 5584 3406 5656 Domine,
3432 5596 3560 5655 etc.,
3603 5605 3724 5660 qua:
3759 5591 3826 5653 in

2226 5661 2360 5716 Cod.
2392 5661 2516 5728 Ileg.
2545 5661 2700 5714 Suec.
2733 5659 3011 5714 habentur.
