4026 6308
228 342 296 397 85
1449 343 1648 400 unus
1684 340 2311 401 samusnronuu.
3411 328 3475 381 se

225 460 405 514 dinem
421 458 775 514 sanctiticare
792 469 875 513 tua
894 457 1262 514 benedictione
1283 457 1537 527 digneris,
1562 470 1618 513 et
1638 457 1809 513 sancti
1837 457 1891 517 Δ
1912 462 2098 522 maiori
2126 461 2353 522 ecclesia,
2384 467 2431 511 et
2458 462 2743 525 exspectant
2772 454 3078 526 pontificem,
3110 449 3184 504 vel
3212 448 3299 518 qui
3322 448 3475 501 vicem

228 548 463 616 Spiritus
500 549 549 601 ei
576 548 882 602 admiscere
912 548 1189 613 virtutem,
1208 558 1528 618 cooperante
1578 549 1814 615 potentia

232 638 437 692 Christi
469 637 567 703 tui,
594 652 624 689 a
670 637 827 704 cujus
866 645 1051 690 sancto
1105 638 1319 693 nomine
1355 638 1588 693 chrisma
1619 654 1813 693 nomen

234 732 473 797 accepit;
504 727 655 798 (274)
704 729 848 782 unde
878 730 1073 782 tinxisti
1102 729 1429 794 sacerdotes,
1460 730 1612 800 (275)
1636 744 1807 799 reges,

238 818 389 887 (276)
418 819 708 886 prophetas
748 829 804 874 et
830 818 978 888 (277)
1012 829 1294 890 martyres,
1344 831 1403 874 ut
1438 821 1690 890 spiritalis
1736 822 1815 876 la-

234 907 375 961 vacri
415 908 692 974 baptismo
721 909 1045 964 renovandis
1088 920 1385 965 creaturam
1413 912 1719 968 chrismatis
1757 913 1815 967 in

229 1009 628 1052 sacramentum
658 998 912 1068 perfecue
952 1000 1136 1054 salutis
1157 1001 1383 1071 vitaeque
1408 1004 1726 1068 conlirmes;
1756 1012 1812 1057 ut

225 1086 661 1142 sanctificatione
692 1091 955 1144 unctionis
1007 1092 1207 1156 infusa,
1241 1096 1585 1161 corruptione
1626 1097 1809 1164 prima:

226 1179 524 1233 nativitatis
546 1181 825 1250 absorpta,
852 1191 1092 1237 sanctum
1124 1185 1537 1255 uniuscujusque
1556 1189 1806 1256 templum

222 1272 575 1338 acceptabilis
603 1275 748 1340 vitm,
783 1275 1041 1331 innocens
1066 1278 1232 1332 odore
1270 1279 1596 1346 redolescat;
1631 1289 1688 1333 ut
1716 1296 1807 1336 se-

225 1361 459 1415 cundum
488 1364 893 1419 constitutionis
923 1374 1026 1420 tum
1055 1379 1445 1422 sacramentum
1477 1372 1621 1439 regio
1644 1381 1695 1425 et
1724 1385 1808 1426 sa-

227 1451 485 1506 cerdotali
541 1453 966 1524 propheticoth
1008 1456 1209 1511 honore
1238 1459 1464 1526 perfusi,
1495 1460 1808 1516 vestimento

229 1546 528 1614 incorrupti
577 1550 815 1604 muneris
858 1550 1177 1616 induantur;
1208 1562 1262 1606 ut
1292 1551 1362 1606 sit
1394 1553 1477 1607 his
1505 1552 1595 1623 qui
1632 1553 1813 1609 renati

227 1636 518 1692 fuerintex
572 1652 709 1707 aqua
742 1647 797 1693 et
843 1640 1045 1709 Spiritu
1092 1650 1278 1695 sancto
1318 1641 1552 1697 chrisma
1596 1644 1804 1708 salutis,

223 1739 426 1794 eumue
458 1736 681 1781 aeternze
706 1729 826 1782 vitae
857 1730 1160 1798 participes,
1190 1741 1243 1785 et
1265 1731 1503 1786 cwlesﬁs
1525 1731 1706 1802 gloria
1729 1733 1807 1787 fa-

224 1816 336 1868 cias
356 1831 482 1870 esse
519 1826 820 1873 consortes.
854 1820 953 1874 Per
978 1820 1226 1875 eumdem
1268 1822 1544 1876 Dominum
1576 1832 1626 1877 ιι

298 1904 451 1974 (278)
481 1904 597 1970 Qua
626 1908 848 1978 expleta,
894 1908 1137 1962 benedicit
1179 1910 1458 1978 ampullam
1493 1912 1671 1965 ordine
1706 1929 1807 1983 quo

224 2009 384 2062 supra
406 1994 718 2049 declaratum
757 2005 870 2063 est;
916 2006 961 2053 et
991 1999 1222 2053 similiter
1249 2000 1387 2055 halat
1429 2001 1487 2055 in
1524 2002 1667 2073 ipsa,
1718 2004 1806 2059 sed

223 2085 380 2137 tacite
407 2087 576 2155 ipsam
608 2085 877 2141 benedicit.

298 2174 565 2228 Dominus
594 2175 889 2231 vobiscum.
924 2177 1132 2233 Etcum
1161 2181 1349 2247 spiritu
1379 2188 1489 2235 tuo.

308 2264 552 2320 Oremus.
583 2295 654 2307 —
682 2267 824 2322 Deus
850 2267 1295 2325 incrementorum
1329 2278 1385 2325 et
1413 2271 1566 2341 (279)
1597 2272 1802 2341 profec-

226 2364 379 2409 tuum
412 2356 760 2423 spiritalium,
792 2359 882 2427 qui
912 2359 1108 2415 virtute
1136 2361 1303 2415 sancti
1332 2360 1564 2431 Spiritus
1595 2364 1670 2417 tui
1709 2365 1805 2418 im-

226 2446 543 2502 becillarum
564 2449 818 2503 mentium
842 2449 1139 2505 rudimenta
1163 2452 1468 2520 conﬁrmas,
1493 2464 1545 2508 te
1565 2469 1801 2524 oramus,

223 2538 477 2606 Domine,
523 2549 585 2594 ut
622 2541 861 2595 venturis
904 2541 971 2596 ad
1013 2542 1179 2598 beata:
1211 2546 1629 2613 regenerationis
1657 2548 1803 2603 lava-

220 2642 374 2683 crum
405 2630 615 2685 trihuas
654 2646 749 2699 per
780 2631 1083 2686 unctionem
1126 2632 1278 2687 istius
1320 2641 1582 2690 creatura:
1613 2651 1809 2707 purga-

222 2719 429 2775 tionem
458 2721 652 2775 mentis
682 2730 739 2775 et
763 2723 1029 2790 corporis,
1060 2730 1135 2789 ut,
1166 2722 1210 2777 si
1238 2738 1357 2793 qua:
1381 2725 1482 2779 illis
1512 2725 1809 2781 adversan-

222 2810 361 2864 tium
392 2809 683 2879 spirituum
706 2812 933 2867 maculze
963 2811 1312 2879 inhaeserunt,
1341 2813 1406 2868 ad
1432 2823 1626 2869 tactum
1653 2829 1807 2870 sanc-

224 2899 420 2955 tilicati
483 2900 589 2956 olei
658 2902 812 2970 hujus
866 2903 1178 2958 abscedant.
1237 2904 1422 2959 Nullus
1478 2903 1804 2973 spiritalibus

230 2991 486 3060 nequitiis
514 2993 682 3058 locus,
716 2992 861 3047 nulla
892 2994 1047 3063 (280)
1077 2994 1278 3065 refugis
1304 2994 1586 3050 virtutibus
1612 2996 1683 3051 sit
1697 2998 1807 3067 69

226 3082 481 3146 facultas.
516 3085 663 3139 nulla
712 3084 1087 3141 insidiantibus
1141 3088 1294 3142 malis
1344 3087 1542 3142 latendi
1591 3088 1804 3144 licentia

1914 551 2310 605 illiustcnuerit.
2341 549 2441 616 Qui
2472 549 2594 601 dum
2618 545 2816 600 veniens
2840 545 2902 598 de
2934 541 3181 605 sacrario,
3222 552 3468 608 processe-

1913 642 1981 692 rit
2008 648 2125 695 ante
2152 641 2332 704 altare,
2358 638 2427 691 ad
2453 637 2701 691 orandum
2724 634 2898 689 ordine
2919 634 3091 703 quoin
3114 629 3262 700 (285)
3290 627 3474 684 Sacra.

1912 730 2155 783 mentario
2201 728 2514 791 continetur;
2559 741 2676 779 mox
2700 735 2753 777 ut
2781 723 3079 786 surrexerit,
3126 736 3240 773 cum
3276 717 3475 771 silentia

1914 818 2063 888 (286)
2080 818 2303 872 ascendit
2319 818 2386 870 ad
2406 819 2595 871 sedem.
2616 815 2728 879 Quo
2738 815 2936 869 sedente
2947 814 3121 867 statim
3137 810 3475 865 subdiaconus

1912 911 2139 963 ascendit
2164 910 2233 962 ad
2262 910 2548 979 legendum.
2587 908 2655 962 Et
2679 916 2791 977 post
2818 908 2925 961 ham
2953 915 3197 960 cantatur
3222 903 3470 956 canticum

1915 999 2158 1063 Domine,
2203 999 2417 1063 audivi;
2447 998 2628 1051 deinde
2665 999 2885 1064 sequitur
2927 1001 3088 1050 altera
3134 994 3316 1058 lectio,
3366 999 3477 1059 post

1912 1106 2062 1160 quam
2078 1090 2299 1158 sequitur
2315 1087 2529 1141 Tractus
2559 1087 2695 1141 Deus
2712 1087 2920 1139 laudem
2951 1100 3144 1138 meam.
3170 1084 3283 1149 Quo
3305 1081 3475 1149 finito,

1912 1180 2095 1250 legitur
2123 1178 2306 1233 Passio
2345 1175 2555 1231 Domini
2595 1174 2759 1229 nostri
2788 1173 2915 1228 Jesu
2941 1173 3137 1227 Christi
3184 1171 3473 1226 secundum

1911 1269 2186 1325 Joannem.
2227 1268 2335 1321 Hac
2362 1269 2583 1336 expleta,
2631 1266 2760 1320 venit
2792 1264 3023 1335 pontifex
3059 1271 3174 1315 ante
3201 1263 3387 1327 altare,
3426 1266 3478 1312 et

1912 1362 2031 1413 dicit
2073 1377 2092 1415 :
2123 1360 2366 1423 Oremus,
2398 1356 2728 1411 dilectissimi
2761 1354 2931 1417 nobis,
2965 1368 3057 1420 pro
3088 1349 3321 1405 Ecclesia
3351 1364 3476 1403 san-

1910 1463 1992 1503 cta
2028 1450 2140 1516 Dei,
2184 1460 2279 1504 etc.
2313 1450 2461 1520 (287)
2501 1449 2649 1503 Sicut
2677 1447 2730 1499 in
2773 1442 2801 1481 ά
2842 1451 3027 1512 quarta
3055 1441 3182 1509 feria
3209 1438 3473 1492 habentur.

1914 1542 2053 1608 Quas
2080 1549 2134 1594 ut
2162 1541 2378 1607 ﬁnierit,
2410 1539 2581 1592 statim
2607 1537 2713 1590 duo
2735 1533 2938 1588 diaconi
2965 1532 3160 1585 nudant
3188 1528 3351 1583 altare
3369 1528 3496 1581 sin--

1910 1634 2063 1697 done,
2096 1648 2210 1700 qua:
2251 1633 2391 1699 prius
2426 1631 2590 1698 fuerat
2616 1630 2707 1681 sub
2734 1623 3014 1695 Evangelio
3052 1621 3238 1691 posita,
3287 1628 3334 1672 et
3374 1619 3476 1672 ista

1909 1723 2078 1776 omnia
2106 1722 2273 1784 tacite,
2316 1728 2364 1774 et
2395 1727 2577 1774 exeunt
2616 1717 2788 1787 foras;
2842 1712 3117 1783 presbyteri
3156 1725 3273 1767 vero
3310 1707 3470 1763 eccle-

1836 1824 1884 1885 B
1906 1813 2120 1877 siarum,
2149 1811 2252 1864 sive
2279 1808 2343 1864 de
2378 1807 2520 1872 urbe,
2548 1806 2651 1860 sise
2687 1805 2749 1859 de
2788 1802 3105 1866 suburbanis,
3149 1801 3338 1854 vadunt
3387 1813 3477 1866 per

1908 1902 2142 1957 ecclesias
2186 1914 2334 1964 suas,
2388 1906 2442 1950 ut
2486 1896 2583 1952 hoc
2627 1895 2804 1948 ordine
2865 1899 3049 1945 cuncta
3092 1889 3161 1941 ad
3212 1902 3473 1956 vesperum

1906 1992 2119 2062 faciant.
2148 1988 2259 2043 Hoc
2279 1996 2477 2041 tantum
2505 1991 2777 2047 mutantes,
2805 1990 2859 2034 ut
2889 1980 2974 2033 ubi
3002 1978 3229 2047 pontifex
3250 1974 3476 2029 meminit

1906 2080 2274 2152 Apostolicum,
2302 2078 2399 2147 ipsi
2426 2075 2683 2130 nominent
2712 2073 3005 2140 episcopum
3044 2086 3214 2122 suum.
3257 2066 3335 2120 Ad
3367 2065 3470 2119 Ve-

1904 2186 2108 2242 sperum
2136 2184 2252 2223 vero
2280 2177 2386 2222 tam
2412 2169 2466 2220 in
2489 2165 2697 2219 ecclesia
2724 2164 2774 2216 in
2798 2178 2898 2232 qua
2928 2161 3158 2231 pontifex
3182 2158 3301 2210 dicit
3335 2158 3470 2209 Ora-

1906 2264 2090 2327 tiones,
2120 2275 2270 2329 quam
2306 2259 2361 2311 in
2387 2256 2577 2311 ctcteris
2608 2254 3034 2324 presbyterorum,
3066 2260 3176 2320 post
3202 2249 3469 2302 Orationes

1908 2357 2226 2420 praeparatur
2259 2363 2385 2401 crux
2421 2358 2539 2400 ante
2576 2346 2756 2409 altare,
2798 2345 3091 2410 interposito
3134 2342 3295 2411 spatio
3342 2342 3472 2392 inter

1904 2442 2067 2509 ipsam
2093 2447 2140 2493 et
2164 2440 2344 2501 altare,
2373 2444 2653 2491 sustentata
2668 2433 2785 2487 hinc
2811 2433 2926 2485 inde
2941 2448 2972 2483 a
2988 2431 3178 2483 duobus
3200 2428 3467 2497 acolytltis.

1905 2530 2083 2585 Posito
2101 2537 2219 2584 ante
2243 2545 2353 2584 eam
2374 2529 2428 2582 in
2450 2525 2599 2600 (288)
2623 2526 2865 2587 oratorio,
2889 2524 3018 2575 venit
3046 2521 3289 2591 pontifex.
3315 2518 3464 2588 (“289)

1903 2622 2170 2675 adoratam
2209 2620 2532 2674 deosculatur
2573 2632 2790 2672 crucem.
2840 2613 3035 2667 Deinde
3071 2610 3313 2680 episcOpi,
3353 2624 3468 2677 pre-

1903 2713 2108 2781 sbyteri,
2130 2710 2357 2774 diaconi,
2382 2716 2426 2762 ct
2449 2706 2617 2760 caeteri
2638 2720 2727 2774 per
2744 2702 2992 2767 ordinem,
3016 2700 3197 2753 deinde
3215 2700 3471 2766 populus;

1904 2800 2134 2873 pontifex
2156 2816 2272 2854 vero
2293 2799 2422 2851 redit
2446 2800 2498 2851 in
2518 2799 2685 2851 sedem
2707 2810 2859 2861 usque
2874 2794 2995 2845 dum
3021 2806 3190 2847 omnes
3214 2787 3472 2851 salutent;

1906 2892 2184 2964 presbyteri
2223 2907 2338 2945 rcro
2376 2890 2480 2945 duo
2513 2890 2726 2959 priores,
2758 2901 2879 2940 mox
2916 2893 2971 2938 ut
3006 2882 3353 2946 salutaverint,
3397 2881 3473 2933 in-

1904 2992 2042 3038 trant
2066 2986 2120 3038 in
2148 2984 2446 3048 sacrarium,
2477 2981 2553 3035 vel
2582 2979 2666 3032 ubi
2694 2980 2915 3045 positum
2957 2976 3109 3044 fuerit
3146 2974 3263 3044 7o,
3290 2988 3474 3040 corpus

1907 3076 2284 3141 Domini,quod
2304 3074 2469 3145 pridie
2488 3070 2747 3135 remansit,
2771 3077 3014 3140 ponentes
3032 3066 3163 3120 illud
3188 3067 3239 3119 in
3262 3074 3470 3132 patena;

229 3175 607 3246 relinquatur;
638 3175 733 3232 sed
779 3177 1115 3232 venientibus
1150 3177 1216 3231 ad
1248 3177 1406 3233 fidem
1445 3182 1615 3233 servis
1652 3179 1755 3234 tuis
1780 3221 1798 3248 ,
1827 3182 1875 3247 ε
1905 3177 1951 3223 et
1976 3167 2313 3222 subdiaconus
2343 3171 2507 3219 teneat
2534 3170 2652 3215 ante
2680 3161 2817 3229 ipsos
2835 3158 3044 3211 calicem
3072 3170 3186 3207 cum
3214 3155 3471 3248 vincuntur

230 3278 289 3321 et
323 3267 501 3321 sancti
531 3267 761 3337 Spiritus
784 3270 860 3325 tui
888 3268 1197 3339 operatione
1223 3270 1563 3337 mandandis,
1590 3271 1660 3325 sit
1682 3287 1810 3327 une-

231 3359 393 3412 tionis
441 3358 602 3427 hujus
654 3362 974 3430 praeparatio
1034 3361 1182 3418 utilis
1227 3363 1293 3416 ad
1349 3363 1599 3429 salutem,
1642 3379 1808 3434 quam

230 3449 393 3503 etiam
449 3450 688 3504 cmlestis
739 3454 1163 3521 regenerationis
1204 3453 1476 3509 nativitate
1518 3455 1571 3510 in
1627 3470 1812 3509 sacra-

231 3552 418 3597 mento
445 3554 571 3597 sunt
602 3544 939 3611 baptismatis
958 3546 1223 3615 adepturi.
1251 3548 1354 3603 Per
1383 3547 1665 3603 hominum
1686 3563 1809 3605 nos-

230 3640 372 3686 trum
398 3632 583 3688 Iesum
613 3634 883 3689 Christum
924 3636 1097 3691 Filum
1128 3647 1296 3705 tuum,
1331 3640 1419 3707 qui
1448 3648 1703 3695 venturus
1728 3650 1813 3699 est

226 3722 475 3792 judicare
499 3725 652 3779 rivos
678 3734 732 3779 et
774 3734 1017 3781 mortuos
1042 3736 1097 3782 et
1124 3731 1378 3783 sarculum
1420 3745 1514 3799 per
1542 3730 1736 3801 ignem.

296 3818 547 3883 Ampulla
592 3827 760 3872 autem
794 3836 909 3888 qua:
956 3837 1069 3875 cum
1106 3824 1375 3877 chrismate
1406 3835 1499 3890 est,
1537 3827 1709 3879 statim
1753 3836 1810 3881 ut

228 3905 495 3959 benedicta
522 3906 677 3976 fuerit
707 3910 1012 3979 eooperitur,
1044 3920 1097 3963 ut
1127 3928 1158 3964 a
1198 3913 1394 3966 nemine
1430 3914 1692 3978 videatur;
1722 3915 1810 3968 sed

226 4006 431 4050 tenente
458 4012 573 4051 eant
593 3999 851 4067 acolytho,
875 4015 1048 4053 omnes
1065 4017 1174 4053 eam
1195 4017 1285 4071 per
1303 4004 1532 4056 ordinem
1558 4008 1808 4071 salutent;

227 4105 351 4141 nam
377 4089 647 4159 episcopus
677 4100 722 4143 et
752 4093 954 4144 diaconi
990 4108 1159 4145 omnes
1196 4110 1305 4146 eam
1346 4096 1537 4147 nudam
1565 4097 1813 4153 salutant.

232 4179 351 4233 Hoc
378 4181 602 4250 expleto,
636 4182 817 4234 ablatis
844 4183 1095 4247 manibus,
1128 4183 1355 4253 pontifex
1392 4187 1529 4241 vadit
1563 4199 1680 4242 ante
1727 4191 1809 4242 al-

229 4281 364 4335 tare,
391 4280 438 4323 et
463 4271 616 4341 (281)
638 4274 976 4326 communicat
1003 4277 1166 4327 omnis
1182 4275 1399 4343 populus
1422 4277 1473 4329 in
1496 4280 1674 4331 ordine
1695 4297 1809 4344 suo,

230 4370 277 4415 et
321 4361 473 4431 (282)
514 4372 714 4415 servant
744 4364 807 4417 de
828 4364 939 4432 ipso
966 4366 1215 4433 sacri/icio
1258 4365 1311 4418 in
1349 4369 1652 4435 crastinum,
1682 4369 1813 4423 unde

232 4463 631 4506 communicent.

1910 3269 2223 3322 consecrato,
2274 3266 2323 3309 et
2369 3254 2499 3309 alter
2537 3262 2773 3323 patenum
2821 3265 2937 3302 cum
2982 3260 3192 3314 corpore
3244 3243 3470 3296 Domini.

1912 3348 2106 3417 Quibus
2133 3346 2434 3409 tenentibus,
2457 3344 2639 3413 accipit
2671 3357 2802 3396 unus
2831 3339 3087 3408 presbyter
3116 3346 3385 3407 patenum,
3424 3335 3469 3385 e1

1911 3439 2061 3511 (290)
2084 3437 2217 3491 alter
2241 3437 2467 3499 calicem,
2498 3443 2544 3488 et
2572 3434 2801 3499 deferunt
2825 3444 2976 3496 super
3003 3427 3166 3479 altare
3205 3423 3467 3478 nudatunu

1911 3527 2157 3597 Pontifex
2192 3540 2308 3580 vero
2350 3524 2486 3579 sedet
2527 3522 2649 3575 dum
2676 3518 2948 3589 persalutet
2979 3513 3199 3584 populus
3225 3526 3433 3601 crucem
3449 3524 3479 3601 γ’

1909 3634 2029 3673 nam
2072 3617 2327 3671 salutante
2371 3612 2648 3682 pontiﬁce,
2702 3606 2987 3675 velpOpulo
3038 3617 3270 3667 crucem,
3322 3599 3463 3669 (‘29P

1909 3709 2114 3762 canitur
2132 3722 2329 3775 semper
2351 3704 2638 3773 Antiphona
2669 3700 2807 3755 Ecce
2826 3699 3023 3767 lignum
3054 3692 3248 3751 crucis.
3276 3691 3446 3745 Dicite

1911 3799 2060 3872 (292)
2092 3797 2328 3851 Psalmus
2350 3810 2535 3851 cxvm.
2561 3793 2675 3859 Qua
2697 3790 2939 3855 salutata,
2970 3797 3017 3840 et
3042 3782 3455 3854 repositainloo-

1908 3906 2023 3957 suo,
2057 3888 2310 3943 descendit
2340 3888 2571 3956 pontifex
2596 3892 2713 3937 ante
2738 3881 2922 3942 altare,
2951 3886 3009 3931 et
3028 3876 3149 3929 dicit
3175 3889 3196 3929 :

1986 3983 2219 4036 Oremus.
2247 4008 2317 4020 -—
2339 3977 2622 4045 Prxceptis
2653 3973 2967 4029 salutaribus
2989 3969 3200 4033 moniti,
3226 3974 3281 4021 et
3300 3961 3477 4019 divina

1910 4073 2238 4131 institutione
2256 4068 2483 4131 formati,
2500 4066 2754 4121 audemus
2771 4064 2976 4117 dicere:
3003 4062 3157 4115 Pater
3184 4067 3364 4112 noster
3386 4056 3477 4124 qui

1911 4182 1971 4223 es
2013 4166 2066 4219 in
2106 4163 2280 4227 cmlis,
2334 4159 2692 4215 sanetilicetur
2739 4168 2934 4210 nomen
2978 4161 3162 4217 tuum;
3217 4148 3479 4203 Advcniat

1911 4269 2132 4325 regnum
2162 4264 2336 4315 tuum;
2364 4248 2480 4303 Fiat
2506 4246 2745 4301 voluntas
2783 4252 2873 4297 tua
2906 4242 3041 4295 sicut
3066 4241 3117 4293 in
3144 4237 3279 4293 etelo
3320 4244 3376 4290 et
3420 4236 3477 4288 in

1913 4356 2088 4410 terra;
2117 4345 2314 4399 Panem
2345 4348 2585 4396 nostrum
2613 4336 2971 4407 quotidianum
3004 4332 3071 4386 da
3100 4330 3254 4385 nobis
3282 4328 3476 4394 hodie;

1914 4437 1980 4491 Et
2003 4435 2207 4489 dimitte
2235 4432 2388 4488 nobis
2413 4430 2589 4486 debita
2612 4436 2795 4482 nostra
2815 4426 2951 4481 sicut
2972 4433 3027 4478 et
3048 4439 3143 4478 nos
3163 4420 3479 4477 dimittimus

305 4543 390 4595 Ad
414 4542 807 4610 Complendum.
863 4568 933 4582 -—
976 4542 1180 4598 Refecli
1226 4542 1470 4600 νίιειίιιυε
1519 4546 1806 4612 alimenus,
1838 4531 1889 4590 D
1911 4526 2236 4581 debitoribus
2256 4521 2481 4587 nostris;
2507 4521 2568 4574 Et
2591 4532 2657 4573 ne
2679 4532 2775 4612 nos
2798 4516 3013 4572 inducas
3034 4516 3087 4570 in
3111 4512 3478 4570 tentationem.

234 4652 571 4707 quasumus,
603 4637 848 4700 Domine,
883 4636 1025 4691 Deus
1056 4647 1256 4706 noster,
1300 4647 1359 4692 ut
1397 4638 1537 4708 quod
1573 4649 1815 4708 tempore

235 4742 439 4787 nostra:
474 4735 813 4788 mortalitatis
854 4737 1207 4803 exsequimur
1242 4735 1655 4791 immortalitatis
1711 4744 1815 4791 tuae

234 4840 462 4879 munere
491 4839 902 4894 consequamur.
930 4825 1029 4879 Per
1054 4825 1330 4879 Dominum
1357 4834 1598 4879 nostrum
1619 4823 1669 4878 ι’.

776 4915 926 4985 (285)
967 4932 1121 4969 εειιιλ
1163 4928 1185 4955 ο
1226 4931 1295 4970 vr.

314 5007 465 5075 (28$)
511 5006 658 5062 Hora
684 5008 832 5060 tertia
860 5008 1161 5060 conveniunt
1197 5021 1369 5059 omnes
1396 5006 1673 5075 presbyteri
1710 5013 1815 5060 tam

241 5100 459 5152 civitatis
505 5116 659 5161 quam
706 5100 769 5152 de
811 5098 1138 5162 suburbanis,
1195 5107 1240 5150 et
1294 5098 1455 5150 omnis
1495 5098 1657 5151 clerus
1701 5114 1816 5152 cum

241 5192 433 5257 popqu
464 5191 515 5243 in
546 5188 756 5243 ecclesia
786 5196 973 5243 statuta
1011 5188 1142 5240 intra
1190 5185 1397 5247 Urbem.
1428 5202 1528 5240 non
1557 5194 1725 5242 tamen
1762 5189 1818 5242 in

314 5340 342 5366 ι
370 5328 499 5382 Post
526 5326 667 5380 hanc
706 5322 1140 5378 Benedictionem
1170 5320 1409 5390 sequitur
1436 5321 1575 5390 apud
1602 5320 1811 5379 Pamel.

239 5401 573 5454 exorcismus
599 5396 700 5448 olei
727 5412 740 5445 :
768 5394 905 5448 Deus
933 5396 1022 5464 qui
1048 5394 1230 5464 virtute
1248 5392 1412 5444 sancti
1436 5391 1680 5464 Spiritus,
1694 5402 1814 5464 _etc.

314 5469 343 5506 ι’
372 5469 423 5522 In
454 5468 553 5520 Ed.
586 5465 755 5517 Vatic.
783 5480 875 5517 seu
915 5458 1099 5532 A'ngeli
1149 5463 1338 5515 Rocca:
1381 5458 1615 5528 sequitur
1640 5477 1654 5513 :
1684 5458 1813 5515 Item

240 5539 404 5597 oratio
452 5538 520 5589 ad
561 5534 993 5588 reconciliandam
1030 5533 1368 5599 paznitentem,
1417 5545 1535 5586 cum
1590 5539 1816 5596 quatuor

241 5610 362 5661 aliis
383 5609 528 5661 Orat.
554 5605 607 5657 in
632 5604 871 5656 eamdem
891 5619 1021 5656 rem.
1052 5603 1143 5655 His
1159 5602 1474 5663 subduntur,
1496 5599 1565 5651 ad
1578 5599 1809 5667 Missam,

240 5694 394 5743 super
422 5677 611 5735 oblata,
654 5683 699 5725 et
730 5674 795 5725 ad
821 5673 1191 5739 complendum,
1225 5683 1331 5724 tres
1353 5670 1653 5743 orationes.

321 5756 344 5783 ε
377 5746 530 5815 Apud
565 5743 761 5798 Pamel.
807 5757 900 5813 pro
924 5737 1149 5797 Statione
1178 5749 1376 5796 tantum
1408 5739 1601 5808 legitur
1639 5739 1690 5793 in
1725 5737 1813 5791 Je-

1919 4622 2071 4687 llesp.
2102 4618 2212 4674 Sed
2237 4617 2398 4671 libera
2420 4628 2515 4668 nos
2538 4627 2567 4665 a
2598 4610 2759 4665 malo.

1938 4736 1939 4739 “
1986 4735 2174 4790 Libera
2200 4744 2318 4797 nos,
2342 4741 2663 4799 quassamus,
2693 4721 2937 4785 Domine,
2963 4718 3029 4773 ab
3054 4716 3296 4770 omnibus
3323 4713 3480 4769 malis

1917 4824 2221 4897 praeteritis,
2268 4817 2617 4890 praesentibus
2660 4823 2714 4869 et
2756 4809 2975 4873 futuris,
3022 4817 3075 4897 et
3122 4803 3480 4897 intercedente

1921 4894 2074 4973 beata
2097 4923 2150 4970 et
2178 4912 2404 4983 gloriosa
2436 4921 2643 4975 semper
2664 4902 2869 4970 virgine
2893 4899 2983 4953 Dei
3003 4896 3268 4951 Genitrice
3296 4894 3481 4960 Maria,

1920 5018 1976 5065 et
2002 5007 2169 5062 beatis
2196 5000 2452 5072 apostolis
2489 4997 2592 5051 tuis
2620 4994 2778 5048 Petro
2800 5002 2853 5047 et
2879 4989 3041 5043 Paulo
3061 4996 3219 5055 atque
3250 4984 3484 5044 Andrea,

1921 5109 1976 5156 et
2002 5096 2248 5153 omnibus
2270 5090 2487 5155 sanctis,
2512 5087 2576 5140 da
2606 5084 2861 5153 propitius
2885 5093 3064 5146 pacem
3092 5078 3142 5130 in
3170 5075 3356 5130 diebus
3383 5089 3481 5125 no.-

1924 5187 2070 5251 stris,
2099 5190 2178 5248 ut,
2210 5195 2312 5246 ope
2348 5172 2726 5233 misericordiae
2752 5178 2854 5223 tua:
2881 5166 3068 5235 adjuti,
3099 5172 3154 5219 et
3194 5178 3225 5217 a
3270 5170 3485 5230 peccato

1920 5318 2163 5375 rusalem.
2189 5317 2245 5370 In
2274 5311 2498 5367 Kalend.
2530 5308 2683 5362 Rom.
2717 5322 2731 5358 :
2760 5303 2826 5359 In
2858 5302 3142 5370 Suxxurio,
3169 5300 3305 5371 quod
3341 5307 3413 5353 est
3437 5298 3487 5353 iu

1920 5389 2128 5443 basilica
2149 5383 2454 5437 Jerusalem.
2520 5448 2533 5454 _
2901 5451 2909 5454 _
2946 5440 2962 5453 ,
3117 5441 3130 5454 ,

1988 5436 2370 5510 2i"humatione
2398 5465 2492 5518 pro
2520 5448 2916 5518 imperatorqpt
2945 5440 3190 5518 imperio,
3239 5452 3361 5518 qtae
3387 5436 3484 5518 ha-

1920 5508 2150 5582 beturiin
2172 5508 2407 5576 aliarum'
2420 5518 2556 5573 serie
2584 5508 2791 5585 quarta,
2820 5513 2919 5585 Ms.
2947 5511 3074 5577 Reg.
3100 5510 3255 5585 Stiec.
3280 5508 3437 5585 habet
3466 5522 3482 5562 :

1924 5577 2132 5664 Despice
2154 5594 2220 5646 ad
2244 5577 2853 5664 Christianutanenignus
2890 5584 3014 5661 imp:
3031 5577 3481 5664 ;'primttsATheo:

1922 5646 2084 5719 3.5.1:.
2110 5646 2194 5717 VAd
2220 5658 2567 5715 Christianiss.
2596 5646 2880 5722 Pamélius,
2920 5646 3006 5706 cui
3048 5646 3190 5704 favet
3223 5646 3509 5703 secundus.
3577 5651 3580 5656 '

1919 5735 2121 5790 Theod.
2158 5735 2274 5789 :Acl
2307 5730 2611 5785 Romanum.
