4026 6320
540 341 606 398 37
1722 336 1961 395 sane“
2000 335 2326 391 GltEGORII
2366 337 2578 391 MAGNI
3703 341 3777 397 δε

537 464 703 513 simus
732 472 939 525 semper
964 454 1113 511 liberi
1139 463 1192 508 et
1219 454 1287 507 ab
1315 453 1456 506 omni
1489 451 1887 519 perturbatione
1904 449 2099 504 securi.
2131 451 2179 509 Α
2208 462 2316 501 tum
2348 449 2621 518 utriusque
2663 450 2985 507 Testameuti
3018 453 3223 522 pag'uis
3254 452 3487 516 instruis,
3521 453 3599 506 da'
3619 457 3778 511 nobis

542 553 638 604 Per
661 548 936 602 Dominum
964 554 1198 598 nostrum
1226 542 1403 595 Jcsum
1425 540 1691 593 Christum
1717 538 1905 592 Filium
1932 548 2098 599 tuum.

540 639 628 706 qui
657 646 829 691 tecum
860 634 989 687 vivit
1028 641 1082 687 et
1124 640 1303 697 regnat
1349 629 1492 683 Deus
1532 628 1585 681 in
1630 630 1830 681 unitate
1875 626 2102 695 Spiritus

537 730 726 786 sancti.
761 727 861 780 Per
885 725 1060 777 omnia
1089 721 1279 775 saecula
1307 719 1644 772 smculorum.
1676 717 1866 771 Amen.

608 818 735 872 Cum
765 816 981 869 dixerint
1013 818 1200 876 Amen,
1220 812 1368 867 sumit
1397 812 1458 862 de
1487 811 1636 878 (295)
1665 818 1861 872 sancta,
1889 817 1935 862 et
1961 812 2103 879 ponit

534 910 586 960 in
615 909 821 960 calicem
855 902 1001 974 (294)
1044 904 1173 956 nihil
1198 904 1388 955 dicens.
1434 901 1501 953 Et
1546 900 1692 969 (295)
1731 902 2104 954 communicant

536 1015 706 1052 omnes
732 1012 848 1050 cum
885 995 1107 1058 silentio,
1136 1003 1180 1047 et
1201 994 1353 1063 (296)
1382 993 1579 1060 expleta
1597 1001 1714 1045 sunt
1742 992 1996 1044 universa.

601 1090 646 1142 Α
674 1089 803 1158 feria
851 1087 905 1151 5,
951 1102 1167 1156 vespere,
1212 1083 1362 1154 (9.97)
1402 1086 1538 1137 mula
1574 1086 1677 1140 sint
1722 1086 1908 1139 altaria
1946 1100 2103 1156 usque

533 1194 678 1231 mane
706 1177 919 1233 Sabbati
940 1185 990 1229 ει.

942 1264 1094 1334 (293)
1132 1261 1160 1300 ι’
1201 1277 1428 1317 saeuno
1465 1278 1685 1318 SANCTO.

605 1355 748 1409 Hora
777 1353 926 1425 (299)
955 1367 1127 1406 octava
1153 1354 1355 1407 veniunt
1385 1370 1554 1408 omnes
1580 1364 1682 1406 tam
1713 1353 1901 1421 clerus,
1947 1369 2103 1423 quam

532 1451 752 1520 populus
780 1451 831 1503 in
864 1449 1143 1512 ecclesiam,
1173 1457 1218 1500 et
1246 1449 1599 1518 ingrediuntur
1625 1448 1797 1501 clerici
1833 1448 1887 1500 in
1918 1464 2099 1501 sacra-

533 1542 685 1604 rium,
716 1550 763 1593 et
790 1540 1009 1592 induunt
1036 1554 1091 1591 se
1124 1537 1449 1600 vestimentis,
1480 1538 1608 1589 sicut
1637 1552 1745 1589 mos
1775 1544 1868 1600 est,
1911 1546 1957 1589 et
1983 1547 2100 1589 tunc

531 1632 888 1684 illuminantur
915 1630 1016 1681 duo
1045 1629 1191 1692 cerei,
1224 1643 1346 1695 quos
1376 1634 1540 1679 tenent
1566 1630 1669 1678 duo
1696 1625 1845 1699 (500)
1888 1626 2095 1688 notarii,

534 1738 665 1774 unus
699 1723 752 1773 in
800 1723 974 1772 dextro
1019 1734 1175 1771 cornu
1212 1716 1409 1781 altaris,
1448 1724 1495 1769 et
1536 1716 1664 1768 alter
1698 1716 1753 1768 in
1778 1715 2004 1782 sinistro,
2049 1724 2097 1767 et

531 1813 754 1866 ascendit
782 1811 934 1863 lector
959 1809 1010 1862 in
1038 1807 1185 1873 (531)
1213 1808 1474 1859 umbonem
1503 1807 1836 1872 pronuntians
1864 1820 1882 1857 :

605 1902 775 1954 Lectio
802 1887 918 1953 libri
968 1899 1169 1952 Genesis
1195 1912 1215 1950 :
1238 1898 1291 1950 In
1322 1895 1607 1964 Principio.
1634 1894 1877 1947 Similiter
1907 1902 1954 1946 et
1981 1894 2101 1946 illas

532 1992 769 2044 lectiones
800 2004 993 2042 omnes.
1026 1987 1157 2040 Ante
1191 1985 1244 2038 In
1274 1984 1559 2051 Principio,
1592 1998 1692 2035 non
1734 1982 1857 2035 dicit
1891 1982 2100 2035 Oratio-

528 2098 661 2133 nent.
688 2079 865 2132 Prima
898 2077 1108 2131 lectione
1134 2076 1296 2143 finita,
1329 2074 1451 2126 dcit
1476 2073 1605 2125 hanc
1627 2073 1914 2125 Urarionem
1936 2087 1958 2125 :

600 2173 760 2234 Deus,
788 2169 874 2237 qui
907 2166 1221 2220 mirabiliter
1247 2164 1437 2218 creasti
1470 2161 1763 2229 hominem,
1791 2173 1843 2215 et
1874 2160 2096 2215 mirabi—

526 2261 631 2313 lius
660 2256 946 2320 redemisti,
978 2257 1043 2310 da
1076 2256 1228 2309 nobis
1267 2261 1447 2308 contra
1476 2253 1861 2307 oblectamenta
1893 2252 2094 2321 peccati

528 2351 720 2405 ruentis
756 2350 960 2403 ratione
1005 2349 1308 2416 persistere,
1356 2356 1411 2398 ut
1462 2359 1760 2399 mereamur
1802 2342 1869 2397 ad
1906 2341 2095 2412 gaudia

528 2451 727 2495 :cterua
757 2439 1049 2508 pervenire.
1076 2437 1177 2489 Per
1208 2435 1483 2489 Dominum
1515 2445 1777 2488 nostrum.

601 2529 770 2582 Lectio
799 2529 912 2582 libri
954 2526 1161 2580 Genesis
1188 2541 1209 2580 :
1237 2526 1479 2581 Tentavit
1518 2527 1657 2581 Deus
1683 2526 1972 2580 Abraham.

598 2619 759 2682 Deus,
802 2617 888 2685 qui
938 2617 991 2668 in
1029 2614 1256 2669 Abrahae
1303 2614 1478 2668 famuli
1526 2617 1598 2669 tui
1647 2629 1807 2683 opere
1862 2616 2098 2669 humano

526 2709 709 2777 generi
732 2705 1045 2760 obedientite
1068 2703 1315 2773 exempla
1338 2704 1628 2773 praebuisti,
1655 2703 1887 2758 concede
1913 2703 2091 2768 nobis,

525 2809 579 2852 et
604 2807 802 2852 nostra:
827 2795 1110 2850 voluntatis
1140 2795 1452 2859 pravitatem
1480 2794 1743 2862 frangere,
1794 2802 1847 2847 et
1882 2804 2090 2847 tuorum

525 2899 912 2957 praeceptorum
956 2886 1325 2941 rectitudinem
1371 2886 1423 2939 in
1473 2885 1719 2939 erunibus
1776 2884 2089 2953 adimplere.

526 2979 650 3031 l‘er.

593 3070 696 3138 71
729 3066 896 3121 Lectio
929 3066 1068 3119 Libri
1096 3064 1261 3119 Exodi
1286 3082 1305 3120 :
1336 3067 1475 3120 Dixit
1504 3065 1754 3119 Dominus
1778 3065 1841 3118 ad
1873 3065 2086 3136 Moysen

527 3169 583 3214 et
603 3163 798 3213 Aaron.

595 3251 755 3318 Deus,
787 3266 873 3320 qui
907 3252 1106 3319 peccati
1129 3253 1319 3305 veteris
1338 3249 1731 3305 btereditariam
1756 3262 2003 3317 mortem,
2037 3253 2087 3307 in

519 3357 625 3410 qua
659 3340 979 3409 posteritatis
1008 3355 1175 3410 genus
1203 3356 1359 3395 omne
1400 3351 1749 3406 successerat,
1788 3344 1985 3397 Christi
2013 3344 2086 3398 tui

527 3434 730 3486 Domini
779 3431 944 3487 nostri
995 3432 1238 3501 passione
1285 3434 1526 3498 solvisti,
1574 3434 1638 3487 da
1687 3444 1742 3488 ut
1790 3435 2088 3490 conformes

517 3521 693 3575 eidem
725 3520 868 3585 facti,
901 3521 1036 3576 sicut
1058 3523 1335 3591 imaginem
1365 3524 1578 3589 terreni,
1623 3534 1821 3578 natura:
1851 3527 2089 3579 necessi-

519 3618 645 3672 tate,
675 3610 1023 3678 pottavimus,
1054 3610 1124 3663 ita
1152 3611 1431 3681 imaginem
1460 3612 1714 3680 cmlcstis,
1747 3614 1929 3683 gratiae
1957 3627 2086 3666 san-

520 3699 843 3754 ctiﬁcatione
893 3708 1159 3768 portemus
1206 3701 1401 3758 Christi
1446 3702 1667 3756 Domini
1720 3703 1909 3757 nostri.
1984 3704 2083 3770 Qui

517 3799 693 3844 tecum
726 3789 871 3843 vivit.

587 3878 759 3933 Lectio
806 3878 948 3934 Libri
990 3880 1160 3935 Exodi
1212 3898 1231 3934 :
1280 3881 1493 3936 Factum
1533 3892 1612 3937 est
1658 3884 1712 3937 in
1752 3884 1920 3952 vigilia
1972 3898 2085 3938 ma-

519 3973 713 4024 tutiua.

584 4060 848 4114 Canticum
871 4077 890 4113 :
912 4060 1218 4116 Cantemus.

584 4153 724 4207 Deus
752 4168 902 4223 cupis
940 4155 1153 4223 antiqua
1199 4155 1450 4208 miracula
1489 4156 1541 4208 in
1572 4155 1821 4222 praesenti
1872 4168 2083 4223 quoque

509 4244 712 4298 saeculo
753 4259 1039 4300 coruscare
1068 4246 1345 4309 sentimus,
1395 4253 1607 4314 praesta,
1650 4259 1975 4313 quaesumus,
2026 4255 2081 4299 ut

510 4336 649 4391 sicut
679 4336 909 4404 priorem
943 4340 1193 4404 pepulum
1218 4337 1285 4389 ab
1305 4335 1571 4406 Egyptiis
1600 4336 1856 4402 liberasti,
1886 4337 1987 4391 hoc
2012 4337 2078 4390 ad

513 4424 741 4477 salutem
807 4424 1043 4494 gentium
1093 4438 1187 4492 per
1231 4438 1393 4492 aquas
1435 4423 1765 4492 baptismatis
1820 4426 2078 4493 opereris.

510 4515 635 4570 I‘er.

583 4600 752 4654 Lectio
781 4597 933 4669 (302)
962 4598 1114 4653 Isaia:
1141 4599 1398 4670 propheta:
1418 4615 1437 4654 :
1468 4601 1591 4654 llaec
1614 4600 1917 4655 haereditas.

580 4688 744 4754 Deus,
783 4688 870 4755 qui
910 4689 1197 4743 Ecciesiam
1250 4697 1390 4743 tuam
1419 4704 1631 4758 semper
1653 4689 1888 4759 gentium
1916 4704 2077 4744 voca-

508 4780 656 4833 tione
704 4779 1047 4848 multiplieas,
1094 4781 1329 4834 concede
1364 4780 1623 4850 propitius
1668 4789 1726 4835 ut
1762 4795 1895 4849 quos
1941 4795 2075 4849 aqua

501 4868 837 4937 baptismatis
888 4869 1098 4933 abluis,
1154 4870 1402 4923 continua
1457 4869 1788 4938 protectione
1846 4870 2073 4925 tuearis.

503 4964 623 5017 Per.

576 5052 746 5106 Lectio
774 5052 924 5106 Isaia:
950 5051 1217 5118 Propheta:
1238 5067 1257 5105 :
1287 5050 1704 5121 Apprehendcnt
1732 5058 1932 5119 septem
1959 5065 2071 5105 mu-

501 5144 681 5199 lieres.

572 5232 837 5285 Canticum
867 5245 888 5285 :
915 5231 1224 5285 Cantemus.

569 5322 731 5390 Deus,
762 5322 851 5390 qui
877 5335 975 5375 nos
994 5319 1060 5373 ad
1087 5320 1461 5375 celebrandum
1491 5320 1736 5388 paschale
1765 5333 2073 5375 sacramen-

570 5484 595 5512 ⁸
616 5475 672 5528 in
703 5474 804 5526 line
832 5472 992 5528 ofﬁcii
1024 5473 1180 5543 hujus
1209 5474 1353 5530 feria:
1381 5474 1516 5541 apud
1551 5473 1839 5530 Pameiium
1886 5474 2063 5540 sequi-

496 5554 612 5600 tur:
651 5544 789 5595 Ordo
810 5543 877 5595 ad
899 5545 1191 5602 faciendum
1218 5545 1650 5607 catechumenum,
1675 5543 1762 5611 qui
1786 5558 1886 5597 non
1912 5558 2064 5611 repe-

495 5616 626 5670 ritur
650 5615 700 5667 in
732 5613 863 5665 Cod.
897 5612 1024 5679 licg.
1056 5614 1210 5666 Suec.
1242 5627 1424 5675 magna
1453 5614 1639 5664 stltem
1661 5628 1724 5664 ex
1751 5622 1917 5678 parte.

564 5684 590 5724 ι’
620 5682 872 5738 Stalionis
900 5683 995 5736 hac
1017 5682 1101 5736 die
1133 5683 1273 5736 nulla
1306 5681 1360 5733 lit
1387 5682 1612 5747 utentio,
1647 5682 1745 5736 nisi
1772 5683 1820 5735 in
1841 5683 2055 5737 Kalend.

2206 536 2498 605 intelligere
2542 539 2958 593 misericordiam
3003 552 3168 605 tuam,
3216 550 3275 594 ut
3319 557 3382 593 ex
3431 544 3780 610 perceptione

2205 632 2542 698 praesentium
2575 630 2725 683 firma
2754 632 2819 684 sit
2846 635 3171 699 exspectatio
3199 632 3516 686 futurorum.
3549 633 3674 687 Per.

2274 718 2445 771 Lectio
2477 718 2627 773 Iona:
2654 719 2925 791 Propheta:
2952 736 2971 774 :
3002 721 3219 776 Factum
3271 731 3353 776 est
3385 722 3613 777 Verbum
3658 723 3774 778 Do-

2204 823 2357 864 ῐιηηι.

2275 899 2432 963 Deus.
2481 900 2569 968 qui
2602 900 2813 955 divitias
2842 901 3219 957 misericordia:
3258 913 3362 957 tute
3401 903 3453 956 in
3495 903 3594 957 hac
3632 919 3780 973 pra-

2202 993 2354 1059 cipue
2380 1001 2535 1047 nocte
2562 991 2790 1061 largiris,
2816 993 3102 1061 propitiare
3122 994 3375 1047 universo
3396 994 3565 1048 ordini
3587 1010 3776 1051 sacer-

2202 1082 2394 1136 dotalis
2419 1082 2599 1146 ol'ticii,
2632 1093 2685 1136 et
2716 1096 2904 1138 omnes
2933 1084 3126 1152 gradus
3146 1083 3427 1139 famulatus
3454 1089 3621 1141 nostri
3650 1104 3771 1156 pero

2202 1168 2338 1225 fecta
2366 1171 2678 1225 delictorum
2709 1173 3026 1226 remissione
3062 1173 3353 1239 sanctiliea,
3405 1184 3463 1228 ut
3501 1177 3777 1231 ministra—

2203 1271 2350 1316 turos
2395 1264 2768 1332 regeneratrici
2807 1264 2991 1331 gratia:
3040 1272 3141 1318 tute
3187 1266 3313 1319 nulli
3360 1279 3480 1321 esse
3506 1267 3774 1324 obnoxios

2202 1350 2416 1420 patiaris
2445 1351 2684 1409 oli‘ensaz.
2716 1353 2839 1407 Per.

2273 1449 2296 1479 α
2324 1439 2493 1494 Lectio
2522 1439 2676 1495 Isaia:
2700 1440 2971 1511 Propheta:
2991 1458 3010 1498 :
3033 1443 3155 1499 ﬂare
3179 1443 3305 1499 dicit
3328 1444 3581 1501 Dominus
3609 1447 3661 1500 in
3682 1447 3776 1503 die

2201 1528 2289 1582 illa
2316 1531 2464 1584 radix
2489 1530 2661 1586 Jesse.

2268 1618 2535 1691 Concede,
2557 1636 2882 1691 quaesumus,
2905 1623 3240 1691 omnipotens
3263 1623 3422 1689 Deus,
3447 1633 3502 1677 ut
3524 1624 3612 1692 qui
3634 1624 3777 1680 festa

2199 1710 2463 1779 paschalia
2496 1713 2720 1781 agimus,
2745 1712 3051 1768 coelesribus
3077 1713 3355 1768 desideriis
3386 1715 3618 1783 accensi,
3647 1715 3775 1770 fuit-

2128 1809 2174 1868 Β
2203 1814 2305 1861 tem
2338 1805 2457 1859 vita;
2483 1806 2745 1860 sitiamus.
2769 1807 2889 1861 Per.

2269 1894 2444 1949 Tract.
2486 1896 2632 1951 Sicut
2660 1911 2847 1951 cervus
2876 1895 3145 1951 desiderat
3174 1897 3239 1949 ad
3274 1895 3467 1951 fontes.

2272 1987 2392 2040 Alia
2423 1986 2617 2053 Oratio,
2650 1990 2703 2041 in
2723 1987 2895 2041 eodem
2925 1989 3144 2056 psalmo.
3164 2016 3234 2029 --
3261 1986 3605 2054 Omnipotens
3628 2000 3772 2040 sem-

2199 2077 2406 2144 piterne
2428 2078 2586 2143 Deus,
2613 2079 2817 2146 respice
2843 2078 3100 2147 propitius
3120 2076 3187 2131 ad
3216 2076 3552 2132 devotionem
3584 2077 3771 2145 populi

2196 2168 2555 2232 renascentis,
2602 2168 2725 2237 qui,
2775 2168 2911 2222 sicut
2962 2182 3192 2233 cervus,
3251 2181 3506 2234 aquarum
3556 2176 3768 2220 tuarum

2195 2257 2398 2325 expetit
2440 2257 2659 2322 fontem,
2707 2264 2760 2311 et
2800 2256 3030 2311 concede
3060 2255 3336 2324 propitius,
3364 2262 3421 2307 ut
3450 2254 3574 2311 fidei
3599 2255 3772 2322 ipsius

2196 2348 2338 2410 sitis,
2371 2346 2704 2416 baptismatis
2732 2345 3010 2415 mysterio,
3038 2346 3268 2399 animam
3302 2358 3597 2414 corpusque
3636 2358 3772 2399 sane

2194 2436 2409 2491 ctificet.
2442 2437 2542 2492 Per
2566 2437 2848 2491 Dominum
2870 2446 3127 2490 nostrum.

2268 2526 2495 2597 Erpletis
2533 2525 2850 2591 lectionibus,
2901 2526 3073 2578 statim
3113 2522 3262 2592 (505)
3300 2525 3430 2577 venit
3459 2538 3589 2575 unus
3616 2523 3773 2577 mini-

2194 2625 2414 2669 strorum
2435 2625 2604 2670 tenens
2625 2616 2875 2682 ampullas
2891 2615 2944 2668 in
2970 2614 3200 2667 manibus
3230 2614 3354 2676 suis,
3385 2621 3483 2665 stat
3511 2613 3563 2665 in
3585 2613 3781 2666 dextro

2193 2722 2351 2759 cornu
2379 2707 2578 2769 altaris,
2604 2706 2690 2774 qui
2718 2705 2971 2773 praecedat
2996 2704 3283 2773 pontiﬁcem
3312 2703 3378 2756 ad
3400 2704 3579 2772 fontes.
3625 2702 3772 2755 Tunc

2192 2793 2378 2848 deinde
2394 2793 2569 2847 schola
2590 2794 2843 2847 descendit
2863 2794 2932 2846 ad
2953 2795 3117 2862 fontes
3130 2793 3196 2845 ad
3208 2793 3432 2845 litaniam
3455 2791 3771 2861 faciendam,

2191 2893 2533 2951 exspectantes
2563 2884 2724 2951 parati
2764 2884 3070 2953 pontificem.
3126 2882 3389 2937 Secundus
3424 2897 3537 2935 vero
3574 2881 3775 2935 schola:

2192 2986 2325 3033 tenet
2355 2994 2439 3032 vas
2465 2995 2675 3031 aureum
2703 2978 2755 3031 in
2777 2993 2934 3030 manu
2957 2994 3051 3030 sua
3074 2978 3279 3031 sinistra
3305 2992 3457 3038 super
3484 2976 3771 3043 planctum,

2193 3069 2327 3122 unde
2356 3068 2585 3136 pontifex
2606 3069 2768 3120 mittat
2791 3068 3009 3120 chrisma
3033 3068 3083 3119 in
3106 3068 3315 3136 fontem,
3345 3076 3393 3120 et
3409 3066 3546 3136 jussi
3568 3068 3771 3137 faciunt

2116 3153 2162 3216 C
2193 3157 2343 3228 (504)
2371 3158 2601 3212 litaniam
2626 3168 2915 3229 septenum;
2941 3168 2989 3213 et
3018 3174 3130 3211 cum
3156 3158 3266 3228 jam
3293 3174 3447 3228 prope
3476 3158 3625 3223 ﬁnem
3649 3158 3772 3229 ejus

2191 3249 2403 3317 fuerint,
2443 3257 2563 3301 tunc
2592 3249 2819 3317 procedit
2846 3250 3074 3317 pontifex
3109 3263 3222 3301 cum
3252 3248 3389 3301 omni
3426 3246 3627 3311 decore,
3674 3264 3771 3299 su-

2190 3348 2436 3394 stentatus
2486 3356 2516 3391 a
2563 3339 2761 3392 duobus
2801 3338 3094 3393 diacouibus
3148 3355 3167 3394 :
3219 3340 3286 3392 It't
3326 3340 3417 3392 illa
3465 3339 3613 3407 (503')
3657 3342 3771 3391 duo

2190 3435 2487 3491 cereos'ata,
2520 3443 2631 3493 qua:
2654 3438 2804 3480 antea
2830 3430 3033 3497 fuerant
3077 3429 3384 3497 illuminata,
3418 3444 3611 3494 seraper
3644 3441 3771 3481 ante

2189 3516 2357 3584 ipsum
2390 3518 2664 3584 procedunt
2694 3534 2850 3586 usque
2881 3519 3003 3573 dum
3028 3521 3196 3572 omnia
3220 3519 3425 3589 finierit.
3474 3518 3572 3584 Qui
3617 3534 3768 3583 mox,

2188 3616 2244 3659 ut
2272 3610 2457 3662 venerit
2507 3618 2623 3662 ante
2665 3614 2853 3677 fontes,
2905 3609 3056 3680 (506)
3104 3622 3242 3664 stans
3281 3610 3523 3664 benedicit
3567 3615 3765 3681 fontes,

2188 3698 2360 3752 dicens
2384 3716 2442 3752 ea
2472 3715 2608 3766 voce,
2636 3716 2736 3769 qua
2765 3702 2895 3755 alias
2920 3703 3192 3757 orationes.
3234 3701 3297 3754 Et
3340 3703 3502 3770 prima
3534 3703 3700 3755 oratio
3733 3720 3769 3756 η

2189 3790 2445 3849 Dominus
2469 3792 2740 3848 vobiscum
2770 3795 2876 3864 72
2914 3794 3114 3864 incipit,
3143 3804 3190 3847 et
3219 3794 3397 3862 ﬁnitur
3439 3794 3541 3848 Per
3575 3795 3767 3848 omnia

2185 3884 2380 3939 siceuia
2404 3886 2742 3955 saeculorum,
2764 3887 2892 3940 sicut
2919 3888 3023 3940 alia
3048 3887 3222 3940 Oratio
3246 3887 3314 3939 ad
3342 3885 3571 3941 Missam.

2259 3969 2511 4035 Dominus
2534 3970 2826 4025 vobiscum.
2861 3970 3017 4041 Resp.
3050 3970 3116 4025 Et
3138 3986 3257 4025 cum
3285 3970 3471 4040 spiritu
3498 3978 3605 4025 tuo.

2260 4061 2495 4115 Oremus.
2527 4089 2597 4102 ——
2621 4061 2967 4130 Omnipotens
3012 4062 3335 4128 sempiterna
3367 4063 3525 4126 Deus,
3562 4060 3764 4117 adesto

2185 4168 2391 4223 magna
2415 4152 2627 4219 pietatis
2655 4162 2759 4206 tute
2784 4152 3070 4223 mysteriis,
3097 4152 3279 4208 adesto
3305 4153 3670 4213 sacramentis,
3699 4162 3762 4208 et

2183 4242 2250 4295 ad
2272 4242 2533 4297 creandos
2554 4257 2719 4297 novos
2742 4243 2983 4312 populos,
3006 4257 3136 4310 quos
3159 4242 3249 4296 tibi
3274 4240 3391 4295 fons
3418 4239 3763 4309 baptismatis

2186 4331 2432 4397 parturit,
2464 4332 2705 4399 spiritum
2736 4332 3036 4401 adoptionis
3061 4330 3246 4385 emitte
3283 4338 3341 4382 ut
3370 4329 3509 4397 quod
3552 4339 3761 4385 nostra:

2185 4419 2495 4474 humilitatis
2514 4421 2800 4488 gerendum
2828 4428 2913 4476 est
2940 4421 3254 4483 ministerio,
3280 4431 3381 4473 illiE
3409 4419 3616 4473 virtutis
3648 4419 3761 4472 itn-

2112 4518 2161 4576 ι)
2187 4510 2393 4577 pieatur
2422 4510 2634 4569 eli'eetu.
2660 4512 2761 4566 Per
2792 4512 3096 4566 Dominum.

2255 4601 2577 4656 Consecratia
2597 4605 2753 4672 fontis
2783 4605 2983 4658 canitur
3012 4604 3140 4657 sicut
3186 4600 3439 4672 prtrfatio,
3490 4613 3641 4664 usque
3680 4597 3757 4654 Et

2180 4690 2409 4758 Spiritus
2431 4693 2597 4745 sancti
2622 4711 2633 4744 :
2665 4702 2710 4746 et
2738 4709 2841 4745 non
2870 4693 3045 4760 incipit
3071 4708 3102 4744 a
3131 4689 3270 4746 Vere
3288 4692 3521 4760 dignum.
3550 4686 3759 4742 Deinde

2180 4781 2365 4833 dicitur
2395 4782 2725 4842 decantando.

2249 4871 2407 4936 Deus,
2434 4873 2519 4939 qui
2540 4872 2785 4927 invisibili
2811 4875 3041 4941 potentia
3062 4880 3513 4927 sacramentorum
3532 4879 3756 4927 tuorum

2178 4960 2491 5016 mirabiliter
2518 4962 2755 5029 cperaris
2779 4962 3047 5030 eiiecuun,
3077 4972 3132 5016 et
3157 4963 3278 5016 licet
3312 4976 3407 5016 nos
3439 4960 3599 5018 tantis
3623 4977 3757 5033 my-

2175 5053 2351 5107 steriis
2374 5045 2729 5124 exsequendis
2756 5057 2922 5110 simus
2948 5055 3171 5124 indigni,
3210 5065 3265 5109 tu
3318 5066 3513 5120 tamen,
3558 5054 3755 5122 gratim

2176 5152 2279 5196 tua:
2302 5144 2439 5198 dona
2462 5158 2563 5197 non
2581 5144 2855 5211 deserens,
2879 5154 3035 5198 etiam
3057 5144 3124 5198 ad
3151 5152 3360 5198 nostras
3381 5156 3564 5209 preces
3584 5157 3753 5197 aures

2174 5240 2277 5285 tuae
2306 5232 2513 5300 pietatis
2536 5232 2773 5287 inclinas.
2799 5233 2960 5299 Deus,
2982 5232 3128 5303 (507)
3149 5233 3299 5302 cujus
3329 5233 3557 5300 Spiritus
3576 5245 3751 5296 super

2174 5336 2339 5391 aquas
2366 5322 2502 5377 inter
2529 5323 2644 5393 ipsa
2673 5324 2853 5378 mundi
2888 5323 3172 5393 primordia
3201 5323 3489 5387 ferebatur,
3532 5330 3589 5375 ut
3625 5323 3749 5390 jatn

2165 5474 2343 5537 Rom..
2368 5475 2455 5530 ubi
2484 5477 2673 5546 legitur
2697 5492 2711 5529 :
2737 5476 2960 5532 Sabbato
2985 5484 3175 5541 sancto,
3208 5476 3276 5527 ad
3306 5474 3589 5546 Litteras-is.

2239 5556 2261 5583 ε
2293 5547 2415 5599 Hice
2462 5540 2614 5602 leciio
2653 5562 2772 5603 cum
2820 5548 3068 5603 Oratione
3102 5540 3341 5614 sequenti
3389 5544 3648 5599 omittitur
3675 5540 3735 5599 its

2168 5616 2265 5670 Etl.
2304 5615 2463 5670 Vzttic.
