4026 6320
221 325 288 375 89
1446 323 1643 378 LIBER
1676 319 2309 379 SACRAMENTORUM.
3419 330 3489 385 90

225 450 355 493 tunc
375 438 630 493 virtutem
663 438 1102 495 sanctiﬁcationis
1147 452 1402 507 aquarum
1444 448 1627 491 natura
1658 437 1807 508 (508)
1835 438 1886 495 Λ
1915 435 2174 507 ptittcipii,
2215 439 2487 494 vetustatis
2539 440 2744 495 cunctis
2780 441 3114 511 squaloribus
3150 444 3486 506 emendetur,

225 532 565 599 conciperet.
591 529 760 595 Deus,
790 530 901 599 qui,
934 528 1083 599 (509)
1117 528 1356 582 nocentis
1382 526 1563 581 mundi
1594 527 1817 580 crimina
1920 537 1976 581 ut
2001 530 2174 582 omnis
2197 527 2357 584 homo
2384 530 2485 583 hoc
2513 541 2901 585 sacramentum
2950 531 3365 599 regenerationis
3414 531 3490 583 in-

233 640 337 689 par
366 640 536 691 aquas
582 622 823 686 abluens,
878 620 1298 690 regenerationis
1343 618 1576 687 speciem
1614 619 1666 671 in
1705 618 1817 686 ipsa
1917 630 2133 682 gressus
2158 617 2210 670 in
2232 632 2370 671 vera:
2390 619 2707 673 innocentiae
2729 634 2919 673 novam
2947 619 3220 672 infantiam
3245 632 3488 672 renasca-

235 717 434 769 diluvii
457 716 712 768 effusione
739 714 984 782 signasti,
1028 721 1086 766 ut
1128 711 1283 765 unius
1322 710 1669 780 ejusdemque
1708 711 1821 764 cle-
1918 714 2021 759 tur.
2049 706 2149 761 Per
2188 707 2463 762 Dominum
2494 700 2729 764 nosirum
2781 710 2958 764 Jesum
3002 709 3269 764 Christum
3299 710 3488 763 Filium

243 818 412 861 ritentt
437 815 712 875 mysterio,
734 814 790 859 ct
812 805 932 857 finis
954 812 1093 857 esset
1113 802 1254 857 vitiis
1274 810 1330 856 et
1349 803 1498 871 origo
1511 800 1814 867 virtutibus,

241 898 465 963 respice,
500 896 749 964 Domine,
782 896 836 949 in
867 895 1055 949 faciem
1086 894 1337 947 Ecclesiae
1381 902 1503 955 tum,
1549 901 1599 945 et
1643 891 1818 945 multi-

236 989 372 1053 plica
418 988 471 1039 in
516 1001 581 1040 ea
624 986 1059 1053 regenerationes
1106 992 1245 1045 tuas,
1278 982 1364 1051 qui
1393 982 1576 1051 gratia:
1607 988 1707 1033 tute
1732 976 1818 1032 af»

232 1076 458 1131 ﬂuentis
484 1076 689 1144 impetu
721 1076 962 1129 latificas
989 1075 1256 1129 civitatem
1299 1081 1464 1136 tuam,
1514 1069 1817 1138 fontemque

233 1167 578 1235 baptismatis
601 1166 801 1234 aperis,
831 1174 943 1219 toto
967 1164 1097 1217 orbe
1119 1173 1376 1218 terrarum
1403 1159 1549 1230 (510)
1571 1159 1816 1228 gentibus

232 1258 579 1321 innovandis,
610 1269 667 1311 ut
696 1269 802 1311 tua:
845 1256 1132 1324 Majestatis
1172 1254 1395 1322 imperio
1422 1262 1594 1308 sumat
1624 1251 1821 1321 Unige-

230 1348 333 1401 niti
363 1348 439 1401 tui
470 1349 694 1416 gratiam
724 1348 794 1401 de
824 1347 1024 1411 Spiritu
1049 1353 1255 1398 sancto.

306 1437 344 1505 ἦ
376 1436 481 1489 llic
525 1453 639 1489 cum
670 1453 827 1490 manu
851 1453 942 1490 sua
966 1434 1147 1488 dividit
1182 1450 1367 1503 aquam
1411 1436 1464 1487 in
1511 1432 1658 1503 (511)
1700 1448 1814 1485 mo-

234 1530 359 1579 dum
391 1530 577 1580 crucis.

308 1620 407 1685 Qui
442 1620 580 1673 hanc
608 1634 802 1688 aquam
834 1618 1208 1687 regenerandis
1254 1616 1558 1671 hominibus
1607 1628 1817 1684 praepa—

235 1717 406 1762 ratam
461 1722 657 1762 arcana
701 1709 785 1762 sui
814 1708 1025 1762 luminis
1058 1706 1373 1761 admistione
1410 1703 1683 1767 fecundet,
1731 1711 1809 1765 ut,

1918 804 2086 863 tuum,
2119 798 2206 866 qui
2233 809 2488 853 venturus
2516 810 2596 854 est
2618 801 2860 869 judicare
2889 804 3034 856 vivos
3064 808 3119 855 et
3153 812 3410 867 mortuos,
3442 810 3495 855 et

1914 885 2165 938 smeulum
2190 901 2281 952 per
2312 888 2503 955 ignem.

1986 973 2012 1026 1
2022 976 2117 1028 nde
2131 977 2381 1045 accipiens
2396 993 2481 1029 vas
2500 994 2706 1031 aureum
2728 994 2841 1031 cum
2854 980 3144 1044 chrismate,
3161 980 3310 1052 (519)
3324 980 3492 1051 fundit

1914 1064 2131 1118 chrisma
2177 1067 2230 1119 in
2259 1067 2415 1135 fonte,
2445 1069 2496 1119 in
2543 1068 2688 1139 (320)
2719 1069 2923 1122 modum
2950 1072 3133 1137 crucis,
3161 1081 3206 1125 et
3244 1072 3489 1138 expandit

1914 1172 2099 1225 aquam
2127 1173 2240 1209 rum
2274 1173 2426 1209 manu
2446 1172 2559 1211 sua.
2592 1155 2735 1209 Tunc
2762 1158 3081 1225 baptizantttr
3109 1162 3345 1229 infantes,
3377 1164 3485 1229 pri-

1916 1261 2054 1297 mum
2084 1244 2313 1311 masculi,
2346 1245 2525 1298 deinde
2553 1246 2774 1313 femina'.
2806 1244 2870 1297 Et
2898 1254 3093 1299 tenente
3121 1264 3178 1300 eo
3221 1251 3488 1316 infantem,

1915 1353 1947 1390 a
1972 1352 2073 1406 quo
2099 1338 2444 1407 suscipiendus
2466 1348 2561 1401 est,
2591 1337 2869 1403 interrogat
2890 1338 3133 1405 pomifer,
3160 1340 3235 1390 vel
3258 1342 3489 1393 sacerdos

1914 1427 1986 1480 ita
2006 1441 2026 1480 :
2046 1426 2172 1492 Quis
2201 1426 2350 1498 (521)
2374 1426 2613 1481 vocaris?
2640 1426 2795 1491 Resp.
2820 1426 2897 1480 lll.
2928 1424 3057 1479 Item
3083 1426 3356 1495 interrogat
3401 1444 3486 1480 sa-

1913 1516 2471 1588 cerdos:(522)Credis
2522 1517 2575 1571 in
2607 1517 2770 1571 Deum
2802 1527 3000 1583 patrem
3038 1516 3476 1581 omnipotentem,

1915 1616 2205 1659 creatorem
2244 1606 2361 1659 caeli
2394 1615 2447 1659 ct
2482 1607 2672 1660 terrm?
2724 1606 2874 1675 Resp.
2922 1602 3113 1660 Credo.
3166 1604 3487 1675 lnterrogat:

1916 1693 1982 1748 Et
2032 1694 2085 1747 iu
2133 1694 2603 1749 Jesumeristum
2654 1694 2841 1749 Filium
2894 1692 3012 1764 ejus
3056 1697 3263 1748 unicum
3313 1694 3489 1747 Domi-

235 1800 669 1853 sauctiﬁcatione
696 1808 977 1867 concepta,
1004 1797 1071 1852 ab
1098 1796 1437 1851 immaculato
1462 1794 1626 1849 divini
1650 1793 1811 1847 fontis
1840 1782 1887 1843 Β
1914 1800 2040 1840 Itum
2106 1796 2375 1851 nostrum,
2407 1797 2584 1840 natum
2611 1794 2666 1841 et
2691 1788 2937 1855 passum?
2982 1791 3134 1853 Resp.
3173 1785 3363 1841 Credo.
3391 1783 3485 1839 In-

235 1898 386 1942 utero
432 1888 487 1940 in
532 1902 723 1942 novam
750 1897 933 1943 renata
955 1895 1251 1942 creaturam
1277 1886 1551 1954 progenies
1579 1881 1814 1937 ctelestis

232 1988 494 2045 emergat.
531 1977 594 2030 Et
622 1992 759 2046 quos
783 1986 875 2032 aut
898 1992 1056 2031 sexus
1085 1977 1138 2030 in
1168 1989 1411 2041 corpore,
1433 1981 1528 2027 aut
1553 1981 1683 2027 actas
1705 1971 1816 2025 dis-

232 2064 407 2118 cernit
430 2066 485 2117 in
512 2074 774 2133 tempore,
800 2080 985 2121 omnes
1006 2064 1057 2118 in
1082 2079 1237 2119 unam
1268 2063 1432 2132 pariat
1453 2062 1623 2130 gratia
1645 2068 1815 2114 mater

232 2153 541 2210 infantiam.
593 2155 784 2209 Procul
831 2170 957 2223 ergo
1008 2154 1153 2219 binc,
1205 2153 1427 2221 jubente
1468 2160 1520 2206 te
1568 2150 1810 2215 Domine,

236 2248 419 2300 omnis
444 2248 662 2315 spiritus
690 2246 995 2302 immundus
1022 2244 1291 2309 abscedat,
1327 2243 1509 2311 procul
1552 2251 1659 2297 tota
1709 2256 1812 2295 ne-

232 2336 401 2399 quitia
427 2336 708 2390 diabolica:
733 2336 932 2390 fraudis
976 2335 1214 2389 absistat.
1258 2334 1399 2388 Nihil
1431 2332 1515 2387 hic
1563 2331 1664 2387 loci
1718 2330 1813 2384 ba-

234 2426 359 2479 beat
378 2427 669 2481 contrariae
692 2426 900 2481 virtutis
932 2427 1200 2489 admistio,
1229 2440 1331 2479 non
1377 2421 1673 2478 insidiando
1702 2420 1813 2474 cir-

232 2518 526 2581 cnmvolet,
558 2532 663 2571 non
693 2517 904 2571 latendo
933 2515 1078 2587 (512)
1100 2516 1376 2584 subripiat,
1404 2528 1506 2567 non
1530 2510 1812 2567 inficiendo

233 2615 567 2674 corrumpat.
592 2607 675 2661 Sit
697 2606 808 2660 hmc
827 2615 1006 2661 sancta
1030 2615 1082 2660 et
1109 2606 1363 2659 innocens
1383 2611 1619 2658 creatura
1647 2602 1811 2656 libera

231 2694 302 2747 ab
344 2696 497 2749 omni
544 2697 927 2764 impugnatoris
970 2694 1206 2761 incursu,
1254 2702 1310 2747 et
1353 2693 1511 2747 totius
1563 2691 1812 2761 nequitiae

235 2794 463 2854 purgata
510 2786 781 2851 discessu;
829 2785 900 2840 sit
940 2785 1057 2839 fons
1100 2784 1274 2850 vivus,
1303 2797 1436 2850 aqua
1468 2794 1811 2848 regenerans,

234 2874 379 2930 unde
435 2877 754 2942 purilicans;
805 2885 865 2930 ut
908 2889 1095 2930 omnes
1142 2873 1243 2928 hoc
1294 2874 1507 2928 lavacro
1540 2871 1813 2926 salutifero

236 2965 498 3031 diluendi,
548 2959 804 3036 operante
850 2966 902 3020 in
946 2966 1024 3021 eis
1076 2964 1275 3035 Spiritu
1324 2972 1524 3029 sant-to,
1566 2962 1814 3033 perfecta:

237 3057 569 3125 purgationis
599 3055 973 3124 indulgentiam
999 3062 1407 3125 consequantur.

1916 1886 2135 1945 terrogal
2166 1892 2187 1931 :
2232 1878 2416 1931 Credis
2444 1887 2498 1932 et
2552 1878 2605 1933 in
2654 1879 2904 1947 Spiritum
2946 1888 3216 1944 sanctum,
3247 1888 3483 1933 sanctam

1916 1966 2202 2020 Ecclesium
2234 1967 2580 2029 Catholicam.
2603 1978 2907 2023 sanctorum
2930 1969 3377 2032 communionem,
3401 1984 3488 2023 re-

1914 2057 2216 2112 missionem
2242 2066 2601 2126 peccatorum,
2624 2058 2799 2114 carnis
2827 2060 3295 2127 resurrectionem,
3324 2058 3485 2113 vitam

1912 2150 2200 2203 aeternam?
2239 2148 2390 2218 Resp.
2432 2150 2624 2205 Crcdr‘.
2683 2149 3018 2222 lnterrogat:
3063 2151 3150 2205 Vis
3187 2150 3487 2217 baptizari?

1914 2237 2071 2308 Resp.
2107 2238 2237 2291 Volo
2266 2256 2280 2291 :
2316 2237 2380 2291 Et
2412 2240 2553 2293 dicit.
2590 2239 2824 2310 Ει(525)
2847 2256 2946 2311 ego
2986 2241 3194 2308 baptizo
3235 2240 3363 2294 tein
3394 2255 3487 2294 no-

1914 2327 2057 2382 tnine
2086 2328 2287 2396 Patris,
2314 2337 2368 2384 et
2399 2330 2539 2395 Filii,
2562 2342 2613 2387 et
2643 2331 2867 2397 Spiritus
2896 2334 3082 2386 sancti.

1990 2419 2057 2474 Ut
2096 2429 2262 2473 autem
2302 2422 2577 2475 surrexerit
2606 2439 2637 2475 a
2682 2425 2843 2491 fonte,
2894 2424 2982 2479 ille
3006 2424 3094 2492 qui
3116 2439 3229 2477 eunt
3252 2422 3485 2492 suscipit,

1912 2510 2058 2579 offert
2085 2528 2196 2565 eum
2220 2513 2308 2567 uni
2332 2513 2642 2581 presbytero,
2668 2512 2815 2583 (524)
2841 2514 2928 2583 qui
2966 2515 3117 2581 faciat
3148 2516 3346 2583 signum
3372 2530 3487 2567 cru-

1912 2604 1984 2656 cis
2011 2602 2071 2655 de
2098 2602 2367 2657 chrismate
2387 2620 2501 2657 cunt
2524 2604 2709 2671 pelice,
2741 2605 2794 2658 in
2823 2606 3005 2658 vertice
3028 2608 3139 2675 ejus
3161 2605 3353 2658 dicens.

1983 2690 2136 2763 (525)
2160 2693 2296 2748 Deus
2325 2695 2676 2762 omnipotens.
2705 2693 2860 2749 Pater
2897 2693 3104 2749 Domini
3132 2693 3296 2747 nostri
3350 2693 3480 2747 Jesu

1911 2779 2130 2848 Christi,
2168 2784 2255 2853 qui
2307 2792 2359 2837 te
2407 2785 2739 2853 regeneravit
2766 2799 2831 2839 ex
2877 2798 3009 2853 aqua
3041 2794 3092 2838 et
3126 2783 3326 2851 Spiritu
3354 2797 3470 2836 san-

1912 2883 2021 2938 cto,
2044 2874 2239 2944 quique
2260 2874 2406 2928 dedit
2432 2874 2523 2927 tibi
2548 2876 2913 2929 remissionem
2958 2875 3191 2929 omnium
3234 2884 3481 2944 peccato-

1913 2979 2054 3031 rum,
2088 2965 2203 3031 ipse
2233 2973 2282 3018 te
2313 2964 2463 3018 liuiat
2490 2964 2779 3019 chrismate
2831 2964 3021 3018 salutis
3051 2964 3102 3018 in
3128 2964 3288 3018 vitam
3319 2974 3485 3019 mter-

1915 3071 2060 3111 nam.
2093 3058 2247 3127 Resp.
2277 3060 2467 3112 Amen.
3106 3076 3109 3079 '

311 3148 503 3217 lﬁnfde
554 3148 813 3202 bcncdico
863 3158 913 3201 te
964 3157 1205 3202 creatura
1244 3144 1456 3215 aqu-jac,
1502 3158 1595 3212 per
1644 3144 1808 3197 Deum
1839 3132 1888 3199 C
1989 3147 2055 3201 Et
2084 3148 2427 3218 baptisantur,
2454 3157 2501 3202 et
2530 3158 2647 3202 sunt
2698 3148 2886 3217 parati,
2944 3150 3029 3212 qui
3076 3163 3160 3201 eos
3207 3146 3489 3216 suscepturi

239 3236 482 3305 vivo-im,
533 3250 631 3304 per
674 3234 838 3289 Deum
890 3246 1129 3289 sanctum
1174 3234 1263 3301 qui
1290 3242 1341 3288 te
1366 3231 1515 3304 (515)
1546 3232 1597 3286 in
1629 3230 1809 3286 mundi

238 3329 508 3381 creatione
547 3327 807 3396 principio
843 3327 1014 3381 Verbo
1060 3327 1324 3396 separavit
1352 3324 1419 3379 ab
1444 3325 1616 3391 arida,
1661 3324 1810 3393 cujus

240 3418 385 3488 (5H)
434 3421 667 3487 Spiritus
718 3434 880 3488 super
924 3431 974 3473 Ic
1022 3416 1310 3483 ferebatur,
1350 3418 1438 3486 qui
1482 3415 1635 3485 (515)
1666 3424 1718 3471 te
1746 3416 1813 3471 de

238 3510 488 3575 paradiso
520 3523 741 3564 manare
769 3518 823 3562 et
849 3509 901 3562 in
930 3518 1158 3576 quatuor
1181 3506 1483 3561 fluminibus
1511 3515 1675 3559 totam
1706 3512 1814 3558 tero

236 3613 349 3651 ram
373 3600 551 3669 rigare
577 3598 822 3665 praecepit
845 3613 862 3663 ;
893 3597 1042 3668 (516)
1064 3597 1154 3667 qui
1177 3606 1226 3652 te
1256 3595 1308 3650 in
1325 3596 1533 3651 deserto
1553 3608 1810 3659 amaram,

233 3689 504 3743 suavitate
532 3689 718 3749 indita,
752 3686 877 3743 fecit
914 3702 1034 3743 esse
1084 3687 1387 3755 potabilcm,
1416 3696 1469 3741 et
1494 3685 1690 3740 sitienti
1724 3698 1819 3753 po-

232 3781 365 3848 pulo
400 3782 472 3835 de
515 3788 663 3847 petra
708 3780 974 3849 produxit.
1022 3778 1329 3848 Be-j-nedico
1358 3789 1409 3833 te
1434 3786 1486 3832 et
1512 3792 1606 3847 per
1635 3776 1815 3831 Jcsnm

236 3871 518 3926 Christum
542 3869 734 3923 Filium
754 3870 869 3938 ejus
894 3870 1103 3923 unicum
1124 3867 1402 3922 Dominum
1433 3874 1695 3931 nostrum,
1726 3864 1813 3935 qui

234 3971 288 4015 te
326 3960 381 4014 in
420 3959 566 4013 Cana
603 3959 854 4025 Galilaere,
884 3960 1039 4028 signo
1078 3957 1398 4023 admirabili,
1432 3972 1525 4011 sua
1560 3956 1815 4025 potentia,

234 4050 504 4104 convertit
526 4049 578 4103 in
603 4051 805 4114 vinum,
847 4049 937 4118 qui
984 4048 1207 4119 pedibus
1238 4062 1398 4116 super
1429 4057 1480 4101 te
1506 4046 1815 4111 ambulavit,

234 4152 287 4191 et
318 4154 349 4192 a
376 4138 586 4193 Joanne
614 4141 667 4193 in
696 4138 927 4194 Jordane
954 4155 1006 4193 tn
1041 4150 1091 4193 te
1120 4138 1414 4207 baptizatus
1466 4146 1570 4193 est.
1616 4136 1716 4203 Qui
1769 4145 1821 4190 te

238 4246 340 4281 una
372 4244 495 4283 cum
529 4230 795 4298 sanguine
820 4245 918 4283 suo
947 4228 1012 4283 de
1044 4229 1210 4283 latere
1248 4228 1515 4297 produxit,
1564 4236 1619 4283 et
1662 4225 1821 4281 disci-

242 4319 381 4385 pulis
409 4319 522 4372 suis
544 4318 705 4387 jussit
734 4330 788 4373 ut
816 4320 1092 4374 credentes
1121 4319 1513 4388 haptizarentur
1541 4319 1594 4371 in
1624 4326 1695 4383 te,
1740 4317 1823 4372 di-

239 4425 413 4463 cens:
449 4410 543 4475 lte,
596 4410 784 4465 docete
831 4425 1019 4464 omnes
1076 4419 1283 4478 gentes,
1332 4410 1661 4478 baptizantes
1704 4424 1821 4475 eos,

242 4500 296 4555 in
324 4501 537 4555 nomine
567 4502 609 4571 ἰ-
634 4501 825 4566 Ρειιτὶε,
857 4512 909 4555 et
933 4501 1052 4555 Filii
1089 4500 1123 4571 j-
1149 4510 1205 4557 et
1231 4499 1460 4569 Spiritus
1483 4500 1675 4555 sancti.

309 4610 416 4679 73
448 4610 550 4663 Hic
587 4619 749 4663 mutat
768 4626 931 4664 rocem
956 4611 1106 4681 quasi
1132 4611 1395 4665 lectionem
1416 4608 1585 4681 legens
1607 4625 1628 4665 :

310 4698 439 4753 Haec
473 4700 631 4754 nobis
668 4710 927 4770 przecepta
952 4700 1289 4754 servantibus
1316 4709 1391 4764 tu,
1415 4700 1557 4754 Deus
1583 4699 1823 4769 omnipo-

245 4795 386 4850 tens,
413 4785 655 4839 clemens
681 4786 886 4850 adesto,
911 4797 966 4839 tu
996 4787 1254 4857 benignus
1274 4787 1476 4856 aspira,
1498 4796 1553 4841 tu
1579 4787 1674 4840 has
1696 4788 1826 4841 sitn-

244 4874 413 4939 plices
439 4888 608 4941 aquas
634 4883 726 4928 tuo
753 4888 847 4928 ore
877 4876 1192 4941 benedicito,
1227 4885 1285 4931 ut
1309 4885 1504 4946 praeter
1533 4877 1822 4932 naturalem

244 4952 705 5027 emundatioriem,
732 4979 887 5034 quam
918 4966 1154 5021 lavandis
1184 4978 1408 5037 possunt
1428 4967 1826 5023 adhiberecor—

242 5055 485 5123 poribus.
516 5056 627 5110 sint
653 5058 813 5110 etiam
844 5057 1181 5125 purificandis
1209 5060 1473 5115 mentibus
1495 5057 1757 5116 efficaces.

323 5144 471 5212 (517)
503 5143 572 5196 Et
594 5147 866 5200 mittuntur
894 5148 1129 5217 prwdicti‘
1154 5148 1254 5202 duo
1283 5150 1414 5205 cerei
1461 5150 1596 5204 intus
1620 5151 1671 5203 in
1703 5150 1827 5219 bap-

239 5234 453 5287 tisteria.
483 5233 588 5287 Hic
609 5234 761 5305 (518)
783 5237 962 5306 sufflat
990 5237 1151 5291 tribus
1178 5238 1362 5293 vicibus
1389 5240 1438 5293 in
1463 5257 1613 5309 aqua.

320 5323 639 5392 Descendat,
670 5326 915 5396 Domine,
961 5329 1012 5383 in
1061 5328 1197 5385 hanc
1225 5332 1599 5399 plenitudinem
1631 5333 1789 5388 fontis
1810 5371 1826 5397 ,

239 5416 413 5470 virtus
437 5417 671 5486 Spiritus
721 5419 820 5485 tui,
874 5428 1142 5486 totamque
1187 5421 1343 5491 hujus
1371 5437 1522 5491 aqua:
1579 5425 1827 5479 substan-
1874 5420 1881 5425 ’

247 5508 412 5572 tiam,
470 5510 824 5578 regenerandi
892 5510 1139 5566 fecuudet
1182 5512 1391 5566 effectu.
1445 5513 1540 5568 llic
1592 5515 1825 5570 omnium

246 5607 593 5661 peccatorum
622 5602 843 5657 maculat
872 5602 1167 5668 deleantur,
1193 5602 1281 5657 hic
1305 5614 1488 5658 natura
1536 5605 1601 5660 ad
1638 5604 1823 5674 imagi-

244 5705 377 5743 nem
406 5700 549 5747 tuam
578 5693 837 5764 condita,
885 5703 937 5749 ct
989 5695 1052 5748 ad
1104 5694 1360 5749 honorem
1412 5696 1494 5750 sui
1542 5698 1823 5751 reformata

1848 4482 1906 4546 Il

1914 3247 2051 3302 sunt,
2077 3239 2225 3309 (526)
2251 3255 2361 3293 cum
2384 3240 2552 3293 linteis
2577 3240 2631 3292 in
2653 3239 2884 3292 ntanibus
2923 3254 3118 3299 eorum.
3151 3245 3195 3291 et
3223 3237 3481 3304 accipiunt

1914 3329 2050 3397 ipsos
2072 3346 2103 3381 a
2127 3329 2434 3399 presbyteris
2454 3330 2541 3399 qui
2570 3345 2655 3383 eos
2684 3329 2962 3397 baptizant.
2995 3327 3239 3398 Pontifex
3265 3343 3379 3381 vero
3402 3343 3484 3380 re-

1915 3422 1989 3474 dit
2014 3422 2065 3475 in
2086 3422 2365 3475 sacrarium
2392 3432 2707 3490 exspectans,
2732 3421 2881 3491 (52η
2912 3430 2965 3475 ιιι
3001 3437 3118 3475 cunt
3172 3422 3336 3475 restiti
3380 3424 3491 3491 fue-

1913 3514 2015 3567 rint
2039 3514 2276 3582 infantes,
2304 3514 2568 3582 conﬁrmet
2588 3529 2694 3567 eos.
2728 3513 2831 3579 Qui
2856 3511 3009 3586 (528)
3051 3513 3204 3567 etiam
3232 3529 3332 3566 non
3360 3530 3486 3579 pro-

1916 3604 2150 3657 hibentur
2176 3603 2357 3656 lactari
2395 3612 2509 3657 ante
2534 3617 2735 3657 sacram
2761 3602 3183 3663 communionem,
3213 3601 3259 3655 si
3282 3616 3481 3654 necesse

1917 3695 2090 3766 fuerit.
2111 3693 2290 3747 Induti
2327 3709 2441 3749 vero
2464 3694 2767 3747 ordinantur
2789 3709 2880 3760 per
2903 3692 3132 3746 ordinem
3158 3692 3287 3745 sicut
3310 3691 3483 3761 scripti

1918 3793 2057 3838 sunt.
2089 3783 2154 3836 Et
2182 3782 2400 3848 infantes
2426 3783 2628 3851 quidem
2654 3783 2707 3837 in
2736 3782 2955 3836 brachiis
2984 3783 3175 3836 dextris
3213 3789 3444 3835 tenentur
3466 3798 3486 3846 ;

1920 3871 2068 3944 (529)
2086 3875 2307 3943 majores
2328 3887 2445 3925 vero
2473 3874 2651 3941 pedem
2689 3880 2881 3941 ponunt
2920 3887 3074 3941 super
3098 3870 3277 3940 pedem
3334 3870 3493 3939 (550)

1922 3963 2108 4033 patrini
2136 3962 2237 4015 sui.
2271 3961 2463 4015 Deinde
2490 3962 2664 4015 schola
2681 3965 2830 4033 jussu
2860 3962 2982 4031 facit
3020 3962 3255 4015 litaniam
3280 3962 3491 4031 quinam

1923 4054 1991 4106 ad
2017 4053 2197 4121 fontes,
2232 4052 2460 4119 pontifex
2485 4067 2600 4104 vero
2643 4052 2846 4103 veniens
2875 4052 2943 4103 ad
2998 4051 3241 4120 infantes,
3299 4061 3497 4105 tenente

1923 4143 2286 4198 archidiacono
2329 4144 2579 4205 chrisma,
2629 4142 2869 4196 involutis
2906 4144 3155 4211 scapulis,
3181 4152 3227 4194 et
3278 4142 3495 4195 brachiis

1923 4248 1986 4287 ex
2014 4248 2183 4301 panno
2211 4230 2367 4296 lineo,
2400 4240 2447 4285 et
2474 4228 2625 4302 (551)
2654 4230 2817 4283 levata
2846 4245 3003 4284 manu
3026 4246 3123 4285 sua
3159 4246 3311 4298 super
3331 4231 3498 4301 cupita

1924 4322 2148 4375 omnium
2176 4321 2297 4374 dicit
2323 4336 2342 4374 :

2001 4429 2147 4501 (552)
2191 4428 2538 4499 Omnipotens
2566 4429 2888 4497 sempiterne
2920 4430 3059 4485 Deus
3081 4470 3095 4493 ,
3141 4430 3232 4501 qui
3278 4443 3499 4501 regene-

1928 4537 2048 4577 rare
2075 4523 2319 4592 dignatus
2343 4536 2403 4576 es
2432 4520 2532 4575 hos
2560 4519 2785 4573 famulos
2817 4529 2935 4577 tuos
2962 4536 3026 4576 ex
3051 4536 3186 4591 aqua
3215 4531 3269 4576 et
3295 4521 3496 4588 Spiritu

1928 4624 2138 4678 sancto,
2166 4613 2361 4684 quique
2386 4613 2574 4668 dedisti
2601 4612 2682 4667 eis
2713 4614 3082 4669 remissionem
3108 4614 3343 4668 omnium
3378 4628 3501 4681 pec-

1928 4715 2190 4771 catorum,
2220 4704 2403 4758 emitte
2434 4705 2484 4757 in
2512 4718 2606 4757 eos
2656 4702 3020 4773 septiformem
3072 4704 3325 4772 Spiritum
3352 4711 3498 4756 tuum

1929 4805 2170 4851 sanctum
2199 4797 2511 4865 paraclitum
2539 4795 2607 4850 de
2632 4796 2815 4859 ctelis,
2845 4796 3097 4865 Spiritum
3128 4794 3424 4864 sapientiae,
3444 4805 3499 4849 et

1932 4886 2251 4949 intellectus,
2275 4885 2525 4955 Spiritum
2548 4885 2756 4941 consilii
2778 4894 2833 4940 et
2854 4885 3207 4948 fortitudinis,
3237 4883 3494 4953 Spiritum

1925 4975 2159 5029 scientia:
2183 4984 2237 5029 et
2264 4975 2471 5045 pietatis
2498 4990 2513 5028 :
2547 4974 2777 5043 adimple
2802 4989 2895 5029 eos
2921 4973 3030 5044 74
3056 4974 3256 5040 Spiritu
3286 4973 3497 5029 timoris

1933 5068 2030 5134 tui,
2063 5077 2117 5123 et
2139 5067 2393 5138 consigna
2422 5080 2516 5122 eos
2540 5067 2692 5136 signo
2716 5065 2889 5120 crucis
2912 5068 2963 5118 in
2988 5068 3146 5119 vitam
3176 5067 3495 5136 propitiatus

1933 5166 2214 5211 aeternam.
2247 5155 2348 5211 Per
2397 5156 2677 5209 Domintttn
2717 5165 2956 5208 nostrum
3007 5153 3190 5209 Jesum
3236 5155 3502 5209 Christum

1937 5246 2121 5302 Filium
2154 5256 2328 5313 tuum,
2356 5246 2445 5315 qui
2475 5256 2647 5301 tecum
2677 5246 2806 5299 vivit
2834 5256 2887 5301 et
2915 5256 3101 5315 regnat
3130 5248 3269 5301 Deus
3296 5247 3349 5301 in
3394 5247 3506 5300 uni-

1932 5346 2039 5391 tate
2068 5337 2303 5404 ejusdem
2348 5336 2575 5404 Spiritus
2596 5335 2785 5390 sancti.
2820 5337 2943 5391 Per.

2002 5426 2071 5479 Et
2099 5426 2523 5495 interrogantibus
2552 5427 2852 5481 diaconibtts
2900 5443 3105 5482 nomina
3154 5428 3500 5497 singulorum,

1932 5515 2081 5585 (555)
2110 5516 2356 5584 pontifex,
2382 5515 2537 5569 tincto
2566 5517 2749 5585 pollice
2778 5518 2830 5571 in
2876 5517 3167 5585 chrismate,
3201 5519 3323 5588 facit
3351 5518 3507 5588 (554)

1931 5624 2128 5662 crucem
2147 5608 2201 5662 in
2228 5610 2393 5677 fronte
2422 5608 2593 5673 unius,
2615 5609 2850 5663 similiter
2875 5627 2963 5677 per
2991 5626 3161 5664 omnes
3182 5608 3501 5680 singillatim.

1936 5698 2125 5763 Quibus
2147 5696 2374 5769 expletis,
2394 5698 2527 5767 jttssi
2553 5697 2803 5768 incipiunt
2841 5700 2891 5752 in
2921 5700 3127 5753 ecclesia
3156 5698 3385 5752 litanium
3411 5706 3505 5750 ιαμ
