4026 6372
532 368 595 424 91
1718 357 1954 414 SANCTI
1995 351 2319 409 CllEGORIl
2361 352 2569 408 ΜΑΟΝῑ

3703 349 3779 406 9?.

531 495 665 532 nam.
692 477 891 533 Etcum
908 475 1335 541 dixerintAgnus
1352 469 2096 538 Dei,magistcrscholasdicit:
2129 476 2172 530 Α
2205 465 2300 519 tari
2329 465 2566 531 certetis,
2603 474 2656 519 et
2683 466 2892 520 vascula
2922 466 3170 520 mentium
3202 475 3490 520 vestrarum
3520 466 3778 533 exemplo

531 567 812 623 Accendite
835 582 846 615 :
873 564 940 615 Et
963 564 1277 615 illuminatur
1296 559 1526 620 ecetesia,
1548 571 1593 611 et
1618 559 1840 626 procedit
1871 558 2099 625 pontifex

531 663 596 712 de
621 657 843 710 sacrario
871 670 984 706 cum
1013 653 1208 704 duobus
1237 650 1522 702 cereostatis
1545 688 1561 714 ,
1592 649 1719 701 sicut
1746 650 1978 714 superius
2004 689 2016 710 ,
2048 656 2098 700 et

528 756 685 809 stant,
718 748 848 798 sicut
871 752 1040 806 antea,
1068 758 1100 793 a
1151 740 1345 791 dextris
1372 748 1418 790 et
1439 757 1470 791 ιι
1499 738 1713 791 sinistris
1733 739 1932 790 altaris.
1964 737 2098 788 Lita-

528 840 613 891 nia
633 838 851 907 expleta,
867 833 987 885 dicit
1005 832 1232 900 ponti/ea:
1248 845 1266 882 :
1282 827 1430 897 (555)
1457 829 1632 883 Gloria
1659 829 1706 881 in
1730 828 1952 881 excelsis
1967 827 2094 881 Deo.

531 925 643 988 Quo
673 922 838 989 ﬁnito,
858 921 980 971 dicit
1007 935 1019 970 :
1051 918 1157 971 Pax
1209 916 1505 970 vobiscum.
1539 917 1690 985 Resp.
1718 916 1779 969 Et
1802 914 1950 983 (556)
1979 929 2095 967 cum

528 1013 717 1078 spiritu
752 1019 858 1062 tuo.
889 1007 952 1060 Et
983 1007 1071 1060 dat
1101 1006 1397 1060 Orationem
1427 1021 1446 1059 :
1479 1006 1636 1068 Deus,
1667 1005 1816 1075 (:57)
1849 1006 1935 1072 qui
1967 1007 2100 1057 hanc

527 1101 934 1156 sacratissimam
957 1108 1165 1153 noctem
1188 1097 1348 1167 gloria
1374 1097 1651 1150 dominicae
1675 1095 2099 1150 llesurrectionis

527 1191 776 1253 illustras,
799 1203 1058 1243 conserva
1081 1190 1131 1241 in
1160 1204 1293 1241 nova
1324 1187 1536 1241 familia:
1566 1197 1668 1240 tute
1701 1187 1951 1254 progenie
1977 1187 2104 1241 ado-

529 1281 724 1349 ptionis
754 1281 997 1348 spiritum
1023 1318 1039 1345 ,
1069 1294 1225 1347 quem
1255 1279 1445 1332 dedisti
1471 1321 1485 1346 ,
1517 1287 1575 1330 ut
1597 1291 1818 1344 corpore
1847 1286 1900 1331 et
1926 1287 2101 1331 mente

530 1371 809 1436 renovati,
861 1384 1043 1440 puram
1122 1369 1215 1422 tibi
1275 1370 1559 1423 exhibeant
1612 1368 1942 1422 servitutem.
2003 1366 2103 1421 Per

529 1461 774 1514 eumdem
800 1459 1077 1512 Dominum
1108 1466 1344 1512 nostrum
1390 1457 1569 1511 Jesum
1604 1457 1868 1512 Christum
1913 1457 2099 1510 Filium

533 1561 703 1614 tuum,
726 1551 811 1617 qui
845 1559 1016 1604 tecum
1040 1549 1163 1602 vivit
1193 1558 1247 1604 et
1273 1558 1456 1617 regnat
1487 1551 1626 1604 Deus
1652 1549 1705 1602 in
1729 1550 1929 1604 unitate
1953 1549 2098 1618 ejus-

531 1644 651 1697 dem
682 1643 888 1710 Spirtus
919 1640 1111 1694 sancti.
1143 1641 1263 1695 Per.

615 1733 808 1786 Deinde
836 1732 1018 1803 legitur
1045 1730 1340 1798 Apostolus,
1365 1737 1411 1781 et
1440 1731 1640 1782 canitur
1668 1726 1913 1782 Alleluia.

2199 559 2538 624 praesentium
2591 557 2845 611 luminttm
2895 558 3188 626 illttstrctis,
3241 567 3296 610 ιιι
3341 573 3460 610 cum
3509 558 3776 611 bonorum

2196 661 2416 713 operum
2443 647 2771 715 lampadibus
2798 647 2861 700 azl
2909 648 3021 716 ejus
3052 650 3232 717 sponsi
3266 647 3556 701 thalamum
3615 649 3774 716 cujus

2198 736 2659 791 Resurrcctionem
2688 738 2996 801 celebratis,
3051 754 3171 791 cum
3221 739 3568 806 prudentibus
3609 741 3774 807 virgi-

2198 828 2354 882 nibus
2404 830 2603 882 intrare
2651 830 2882 895 possitis.
2919 831 3107 883 Amen.
3141 829 3291 894 Quod
3346 829 3459 898 ipse
3511 840 3774 896 praestare

2198 917 2460 986 dignetur,
2493 919 2642 984 enjus
2671 933 2911 986 regnum.

2270 1006 2350 1058 Ad
2369 1005 2755 1075 Complcndum.
2773 1036 2843 1046 —
2858 1007 3076 1071 Praesta,
3093 1022 3416 1074 qumsumus,
3434 1010 3776 1075 omnipotens

2202 1097 2369 1161 Deus,
2403 1105 2462 1150 ut
2482 1139 2496 1163 ,
2525 1097 2706 1150 divino
2735 1112 2952 1151 munere
2980 1098 3152 1150 satiati
3177 1139 3191 1164 ,
3225 1106 3279 1151 et
3308 1100 3473 1151 sacris
3503 1098 3778 1168 mysteriis

2201 1185 2514 1240 innovemur
2542 1196 2596 1241 et
2626 1188 2880 1240 moribus.
2913 1189 3034 1242 Per.

2537 1276 2684 1344 (540)
2717 1293 2766 1330 tu
2800 1287 2824 1314 ⁸
2856 1293 2939 1330 ωε
2966 1291 3164 1332 διηετο
3197 1293 3426 1331 ΡΛδΕΙΙιῈ.

2275 1365 2436 1431 Deus,
2492 1369 2579 1436 qui
2643 1367 2898 1422 hodierna
2948 1368 3031 1423 die
3079 1384 3173 1438 per
3225 1369 3558 1437 Unigenitum
3619 1379 3766 1424 tnum

2203 1458 2514 1514 mternitatis
2543 1460 2694 1513 nobis
2713 1461 2934 1523 aditum,
2979 1461 3181 1514 devicta
3236 1471 3434 1525 morte,
3482 1465 3772 1529 reserasti,

2203 1557 2323 1600 vota
2359 1559 2560 1613 nostra,
2587 1565 2705 1618 qua:
2733 1550 3106 1618 praeveniendo
3154 1552 3382 1618 aspiras,
3417 1551 3579 1604 etiam
3605 1551 3763 1620 adju~

2206 1641 2376 1694 vando
2407 1656 2748 1711 prosequere.
2783 1643 2882 1696 Per
2911 1645 3178 1697 eumdem.

2278 1731 2449 1801 Super
2469 1733 2739 1785 oblata.-—
2754 1732 2998 1801 Suscipe,
3022 1735 3261 1797 Domine,
3303 1747 3624 1800 quaesumus,
3651 1749 3775 1802 pre-

608 1823 754 1888 Quoa‘
779 1827 995 1890 primunt
1015 1823 1239 1892 pontifex
1253 1823 1475 1874 inchoat.
1497 1818 1832 1874 Conlitemini
1860 1819 2102 1874 Domino.
2135 1840 2182 1899 Β
2207 1834 2295 1874 eos
2317 1822 2489 1890 pepuli
2514 1823 2589 1876 tui
2611 1836 2730 1876 cum
2752 1824 3105 1878 oblationibus
3129 1822 3451 1885 Hostiarum.
3473 1833 3529 1877 ut
3550 1824 3779 1892 pascha-

533 1913 704 1966 Tract.
741 1913 972 1967 Laudate
1028 1911 1333 1975 Dominum,
1379 1925 1563 1964 omnes
1608 1919 1813 1978 gentes.
1862 1909 2105 1978 Sequitur

534 2002 881 2071 Evangelium.
907 2001 1055 2071 (338)
1083 1999 1202 2054 Non
1227 2010 1423 2054 cantent
1456 2000 1814 2068 Uffertorium,
1839 1997 1988 2068 (559)
2014 2015 2104 2052 ne-

532 2108 627 2162 que
648 2093 822 2163 Agnus
853 2091 966 2157 Dei,
993 2107 1149 2161 neque
1174 2089 1612 2144 Communionem.
1877 2133 1879 2135 _

607 2182 774 2250 Super
798 2183 984 2235 oblata.
1008 2180 1249 2248 Suscipe,
1267 2194 1592 2247 qua-sumus,
1610 2179 1848 2243 Domine,
1862 2187 1919 2233 et
1938 2178 2107 2248 plebis

534 2281 640 2326 tua:
681 2283 734 2327 et
765 2281 971 2326 tuorum
1005 2272 1212 2326 llostias
1240 2281 1540 2324 renatorum
1561 2313 1576 2338 ,
1609 2278 1665 2324 ut
1693 2279 1748 2324 et
1773 2270 2107 2324 confessione

537 2363 611 2418 tui
665 2362 917 2428 nominis,
971 2370 1025 2418 et
1077 2361 1391 2430 baptismate
1439 2360 1680 2415 renovati
1729 2361 2104 2429 sempiternam

542 2453 924 2508 beatitudinem
953 2461 1366 2520 consequantur.
1400 2449 1523 2504 Per.

610 2544 876 2614 Pra'fatio.
895 2541 1106 2596 —\’ere
1134 2542 1348 2611 dignum
1380 2551 1434 2596 et
1458 2542 1656 2608 justum
1684 2549 1793 2607 est,
1821 2556 2031 2610 :equum
2054 2549 2109 2598 et

541 2635 793 2698 salutare,
819 2648 916 2687 nos
944 2632 1038 2686 tibi
1067 2647 1278 2700 semper
1306 2640 1358 2687 et
1376 2631 1567 2700 ubique
1591 2633 1784 2700 gratias
1798 2648 1975 2701 agere.
2002 2633 2107 2688 Do-

535 2727 679 2778 mine
704 2732 906 2786 sancte,
932 2724 1085 2776 Pater
1108 2721 1464 2789 omnipotens,
1488 2731 1688 2776 aeterne
1712 2722 1884 2777 Deus:
1913 2733 1967 2776 te
1989 2737 2107 2776 om-

539 2814 591 2866 ni
636 2812 848 2880 quidem
882 2821 1139 2879 tempore,
1181 2811 1272 2864 sed
1325 2812 1376 2864 in
1432 2812 1530 2864 hac
1575 2811 1908 2879 potissimum
1954 2823 2110 2867 nocte

535 2904 818 2971 gloriosius
843 2902 1148 2956 collaudare
1169 2911 1223 2955 et
1252 2901 1556 2969 pra-dicare,
1600 2916 1692 2966 per
1717 2899 1983 2956 Christum
2009 2902 2110 2956 Do-

537 2997 741 3049 minnm
766 3009 1002 3048 nosuum
1030 3011 1044 3046 :
1070 2993 1158 3063 qui
1186 2994 1472 3046 inferorum
1499 2993 1724 3046 claustra
1747 2993 2102 3062 disrumpens,

540 3087 778 3140 victoria:
831 3098 942 3138 sua:
990 3086 1132 3138 clara
1159 3084 1350 3137 vexilla
1391 3084 1645 3150 suscepit,
1677 3091 1733 3138 et
1783 3083 2105 3152 tziumphato

2208 1914 2345 1968 libus
2373 1914 2573 1970 initiata
2601 1916 2870 1985 mysteriis
2895 1959 2910 1982 ,
2944 1917 3008 1969 ad
3037 1916 3349 1969 arternitatis
3381 1915 3536 1969 nobis
3586 1916 3775 1969 mede-

2204 2004 2332 2068 lam,
2364 2013 2415 2058 te
2444 2014 2718 2072 operante,
2745 2006 3041 2073 proficiant.
3075 2006 3196 2059 Per.

2285 2092 2624 2162 Prwfatio.-—
2649 2093 2786 2149 Vere
2817 2096 3033 2163 dignum
3063 2096 3331 2162 etjttstum
3361 2103 3462 2158 est,
3490 2109 3701 2162 aequum
3726 2104 3782 2148 et

2205 2182 2456 2252 salutare,
2481 2200 2579 2239 nos
2601 2186 2694 2239 tibi
2716 2200 2926 2253 semper
2952 2196 3005 2240 et
3027 2186 3223 2255 ubique
3248 2184 3447 2254 gratias
3469 2199 3653 2253 agere,
3683 2186 3783 2238 Do-

2215 2274 2361 2328 mine
2381 2284 2584 2339 sancte,
2620 2275 2775 2330 Pater
2803 2277 3158 2345 omnipotens,
3211 2287 3412 2331 teterne
3459 2276 3603 2331 Deus
3633 2294 3645 2328 :
3703 2277 3779 2330 Te

2207 2365 2420 2433 quidem
2449 2366 2593 2420 omni
2623 2377 2886 2435 tempore,
2916 2367 3012 2423 sed
3067 2369 3118 2422 in
3176 2368 3273 2422 hac
3327 2368 3655 2436 potissimum
3690 2372 3782 2422 die

2207 2456 2489 2525 gloriosius
2519 2458 2826 2526 praedicare,
2873 2473 2992 2513 cum
3042 2459 3240 2512 Pascha
3290 2470 3530 2512 nostrum
3582 2460 3777 2513 immo.

2208 2545 2342 2601 latus
2370 2557 2451 2600 est
2481 2546 2744 2601 Christus.
2797 2550 2911 2616 Ipse
2938 2549 3078 2602 enim
3129 2562 3284 2602 verus
3313 2559 3395 2602 est
3443 2554 3656 2618 Agnus,
3689 2551 3784 2619 qui

2207 2636 2424 2689 abstulit
2452 2646 2665 2704 peccata
2689 2638 2893 2691 mundi.
2923 2638 3069 2708 (541)
3118 2639 3216 2703 Qui
3256 2649 3483 2692 mortem
3534 2649 3774 2693 nostram

2209 2725 2485 2779 moriendo
2539 2727 2832 2793 destruxit,
2874 2736 2929 2782 et
2967 2728 3130 2781 vitam
3188 2727 3516 2797 resurgendo
3557 2743 3783 2796 repara-

2213 2816 2305 2869 vit.
2333 2815 2399 2868 Et
2425 2817 2546 2871 ideo
2567 2833 2685 2871 cum
2708 2820 2928 2888 angelis.

2282 2905 2766 2974 Communicantes,
2792 2918 2844 2962 et
2864 2908 3004 2962 diem
3049 2911 3466 2964 sacratissimum
3491 2911 3787 2965 celebran-

2209 3004 2310 3062 tes,
2341 3006 2436 3051 etc.

2283 3086 2428 3141 llanc
2456 3088 2613 3158 igitur
2635 3088 2956 3145 oblationem
2985 3091 3258 3146 servitutis
3311 3100 3528 3145 nostras.
3564 3092 3666 3148 Sed
3729 3102 3790 3146 et

538 3176 786 3240 diabolo,
817 3177 984 3230 victor
1013 3189 1044 3228 a
1073 3173 1297 3229 mortuis
1345 3175 1655 3228 resurrexit.
1711 3173 1778 3230 Et
1820 3175 1938 3230 ideo
1980 3189 2101 3229 cum
2133 3195 2180 3259 ρ
2211 3188 2437 3242 cunctae,
2465 3188 2562 3231 etc.

539 3267 778 3336 Angelis.

615 3358 692 3412 Te
722 3358 897 3426 igitur,
929 3355 1339 3410 clementissime
1370 3355 1540 3420 Pater,
1576 3364 1680 3409 ctc.

611 3452 1096 3516 Communicantes,
1153 3457 1208 3503 ct
1257 3459 1466 3502 noctem
1509 3448 1922 3502 sacratissimum
1968 3448 2110 3502 cele-

549 3543 764 3597 brantes
817 3541 1241 3595 Resurrection’s
1283 3540 1489 3593 Dotnini
1546 3539 1712 3592 nostri
1757 3538 1880 3592 Jesu
1914 3538 2108 3593 Christi

544 3634 832 3688 secundum
864 3646 1097 3686 carnem.
1133 3630 1238 3686 Sed
1287 3639 1341 3684 et
1398 3631 1707 3684 memoriam
1767 3639 2106 3692 venerantes,

544 3729 600 3780 in
632 3726 811 3794 primis
858 3725 1105 3792 glorioszn
1149 3737 1361 3790 semper
1387 3721 1605 3790 virginis
1651 3721 1849 3781 Mariae,
1881 3720 2112 3774 Genitri-

541 3818 621 3870 cis
658 3815 891 3882 ejusdem
920 3815 1008 3868 Dei
1035 3827 1089 3867 et
1120 3813 1321 3867 Domini
1349 3815 1516 3865 nostri
1542 3812 1665 3865 Jesu
1694 3810 1910 3864 Christi.

619 3908 764 3960 llanc
814 3906 973 3973 igitur
1015 3904 1332 3958 oblationem
1376 3906 1645 3956 servitutis
1676 3915 1867 3957 nosu-ac
1887 3943 1905 3970 ,
1936 3903 2026 3957 sed
2057 3909 2111 3956 et

544 4005 752 4051 cuncta:
803 3996 1013 4048 familia:
1063 4004 1196 4059 tuae,
1229 4009 1384 4053 quam
1424 3993 1514 4046 tibi
1557 3993 1862 4060 offerimus,
1898 4009 1991 4062 pro
2030 3993 2111 4047 his

546 4102 754 4157 quoque
808 4099 942 4155 quos
997 4099 1311 4154 regenerare
1356 4085 1600 4153 dignatus
1643 4099 1702 4138 es
1755 4100 1818 4139 ex
1875 4100 2007 4154 aqua
2056 4095 2113 4141 et

545 4178 745 4247 Spiritu
797 4188 1003 4241 sancto,
1057 4176 1291 4230 tribuens
1340 4175 1417 4228 eis
1465 4173 1830 4228 remissionem
1877 4175 2110 4228 omnium

543 4279 908 4338 peccatorum,
951 4281 1278 4337 quaesumus,
1312 4264 1568 4327 Domine,
1619 4275 1676 4318 ut
1728 4265 1963 4332 placatus
2022 4280 2112 4320 ac-

542 4362 726 4429 cipias.

615 4450 930 4504 Benedictio.
955 4477 1024 4490 —-
1053 4433 1221 4511 Deus,
1252 4449 1343 4516 qui
1371 4446 1620 4501 Ecclesiae
1672 4460 1781 4499 sua:
1820 4446 2107 4500 intemera-

2285 3267 2312 3307 ι’
2342 3268 2731 3323 Benedictio.-—
2773 3270 3058 3326 Benedicat
3107 3285 3202 3326 vos
3253 3273 3585 3343 omnipotens
3617 3273 3788 3338 Deus,

2215 3360 2471 3414 hodierna
2512 3360 2899 3416 interveniente
2930 3361 3161 3430 paschali
3217 3363 3570 3429 solemnitate,
3603 3373 3654 3416 et
3685 3363 3762 3416 ab

2211 3451 2357 3508 omni
2386 3454 2664 3507 miseratus
2692 3453 2934 3522 dignetur
2959 3452 3244 3508 defendere
3274 3453 3549 3521 pravitate.
3575 3451 3781 3509 Amen.

2215 3543 2281 3599 Et
2303 3543 2389 3613 qui
2423 3543 2487 3597 ad
2517 3552 2767 3597 aeternam
2795 3543 2953 3595 vitam
2988 3543 3037 3595 in
3072 3542 3334 3610 Uuigeniti
3383 3543 3462 3595 sui
3507 3556 3792 3595 resurrec-

2214 3633 2359 3688 tione
2387 3646 2480 3686 vos
2511 3642 2758 3701 reparat,
2799 3633 2853 3686 in
2893 3633 3056 3698 ipsius
3097 3633 3326 3686 adventu
3372 3633 3792 3686 itmnortalitat’s

2211 3738 2308 3777 vos
2338 3723 2542 3791 gaudiis
2570 3724 2777 3778 vestiat.
2817 3726 3004 3779 Amen.
3053 3724 3113 3776 Et
3145 3724 3232 3791 (ιιιὶ
3253 3766 3267 3790 ,
3298 3725 3522 3790 expletis
3564 3723 3796 3792 jejunio-

2215 3829 2330 3869 rum
2353 3815 2465 3869 sive
2495 3815 2761 3885 passionis
2794 3815 3080 3869 Dominica:
3103 3815 3308 3879 diebus,
3341 3817 3605 3880 paschalis
3654 3814 3791 3869 festi

2211 3907 2403 3976 gaudia
2434 3907 2731 3970 celebratis,
2758 3907 2824 3961 ad
2855 3923 2916 3961 ea
2949 3907 3104 3971 festa,
3135 3923 3254 3975 quae
3285 3921 3387 3959 non
3419 3917 3542 3960 sunt
3581 3922 3790 3971 annua,

2214 3997 2310 4050 sed
2350 3998 2622 4058 continua.
2664 3998 2777 4064 ipso
2818 3998 3110 4066 opitulante
3156 3997 3542 4052 exsultantibus
3593 3999 3798 4052 animis

2215 4088 2454 4141 veniatis.
2481 4091 2670 4140 Amen.
2699 4086 2847 4153 Quod
2873 4087 2986 4156 ipse
3019 4097 3288 4153 prtestare.

2284 4178 2364 4230 Ad
2393 4177 2782 4247 Complendum.
2812 4206 2881 4216 —-
2911 4178 3161 4245 Spiritum
3196 4176 3369 4239 nobis,
3404 4176 3644 4241 Domine,
3679 4184 3794 4228 tute

2215 4270 2491 4324 charitatis
2518 4269 2756 4334 infunde;
2787 4281 2841 4324 ut
2869 4285 3002 4339 quos
3049 4271 3394 4323 sacramentis
3450 4269 3796 4336 paschalibus

2216 4362 2443 4426 satiasti,
2467 4372 2554 4414 tua
2581 4360 2746 4415 facias
2780 4362 2971 4429 pietate
2999 4362 3310 4416 concordes.
3345 4361 3467 4414 Per.

2295 4463 2317 4491 ε
2347 4452 2427 4504 Ad
2468 4452 2731 4519 Vesperos.
2763 4451 3004 4504 Concede
3030 4496 3042 4517 ,
3075 4466 3375 4518 qumsumus
3399 4490 3414 4513 ,
3445 4451 3791 4514 omnipotens

544 4553 601 4597 to
631 4551 782 4596 utero
811 4555 977 4594 novos
1009 4541 1228 4608 pupulos
1273 4539 1566 4608 producens
1596 4578 1610 4602 ,
1642 4553 1757 4592 eam
1806 4539 2104 4606 virginitate
2139 4555 2186 4613 ι)
2219 4543 2388 4608 Deus,
2429 4549 2486 4595 nt
2523 4542 2612 4611 qui
2639 4541 3061 4594 Resurrectionis
3089 4539 3372 4592 Dominica:
3400 4539 3658 4592 solemnia
3687 4554 3793 4593 co-

545 4641 792 4687 manente
824 4645 956 4684 nova
983 4644 1195 4696 semper
1246 4630 1394 4697 prole
1420 4628 1707 4691 ftecundat,
1742 4629 1889 4695 lidei,
1919 4632 2035 4697 spei
2057 4638 2114 4685 et

541 4721 817 4776 charitatis
844 4735 936 4773 vos
960 4734 1177 4774 munere
1204 4719 1422 4787 repleat,
1459 4727 1512 4773 et
1532 4733 1642 4772 sua:
1665 4719 1716 4772 in
1743 4733 1835 4772 vos
1863 4718 2114 4774 benedic-

547 4813 710 4867 tionis
738 4813 875 4865 dona
901 4811 1162 4865 infundat.
1219 4814 1405 4864 Amen.
1445 4811 1509 4864 Et
1535 4812 1623 4879 qui
1655 4811 1788 4864 hanc
1814 4812 2114 4866 sacratissi-

547 4920 687 4958 tnam
717 4913 922 4958 noctem
942 4903 1307 4971 Redemptoris
1333 4902 1495 4956 nostri
1511 4902 1919 4956 Resurrectione
1947 4903 2113 4957 voluit

543 4998 648 5067 75
682 4997 966 5059 illustrare,
1005 5003 1209 5049 mentes
1264 5003 1468 5048 vestras
1511 5003 1848 5062 peccatorum
1879 4995 2110 5048 tenebris

548 5090 827 5143 mundatus
853 5091 1104 5143 virtutum
1132 5087 1299 5154 cepiis
1352 5089 1509 5142 faciat
1551 5101 1856 5142 coruscare.
1917 5085 2110 5140 Amen.

541 5180 656 5246 Quo
705 5195 890 5234 eorum
933 5181 1019 5250 qui
1062 5179 1221 5234 modo
1253 5176 1418 5232 renati
1449 5187 1570 5231 sunt
1599 5177 1961 5231 innocentiam
1992 5176 2114 5231 imi-

617 5329 637 5355 υ
699 5316 850 5382 Apud
912 5314 1202 5368 Pamelium
1259 5333 1270 5366 :
1325 5313 1590 5366 Dominica
1643 5319 1816 5378 sancta
1874 5308 2107 5382 [fasc/ue.

541 5378 814 5443 Otnittitur
843 5385 1056 5438 Pascha:
1106 5386 1154 5437 in
1198 5385 1330 5436 Cod.
1389 5382 1523 5448 Reg.
1583 5382 1742 5435 Suec.
1795 5382 1846 5432 In
1887 5378 2136 5448 Kalenda

540 5458 696 5511 Rom.
730 5457 923 5526 legitur
952 5476 963 5506 :
998 5456 1059 5507 In
1086 5453 1288 5506 Pascha
1331 5452 1597 5526 Dominica
1625 5459 1821 5526 sancta.
1853 5449 2112 5526 ln_omni-

540 5529 639 5583 bus
669 5520 825 5579 statio
852 5534 935 5579 est
970 5526 1037 5576 ad
1067 5533 1292 5575 sanctam
1331 5521 1553 5572 Mariam
1584 5521 1826 5589 majorem
1854 5520 1932 5589 ad?
1976 5532 2109 5589 ρνφ-

540 5615 675 5663 sepe.
709 5599 872 5650 Abest
901 5599 1147 5666 rnajorctn
1170 5609 1196 5643 a
1228 5591 1472 5666 Kalend.
1499 5588 1675 5666 ileon,
1711 5588 2026 5666 ttet-._Iegitttr
2057 5588 2110 5638 in

541 5657 697 5720 tit'nlo
729 5671 870 5718 hom.
904 5657 995 5729 εις
1029 5664 1078 5714 in
1112 5662 1337 5728 Evang.,
1368 5659 1564 5712 ibidem
1594 5660 1691 5710 hac
1713 5658 1798 5710 die
1823 5657 2033 5729 habitio.

613 5738 638 5774 δ
669 5726 1110 5790 Βυηειίίριὶοἰιωις
1132 5732 1183 5785 in
1209 5726 1374 5785 Editis
1398 5729 1596 5784 Pantcl.
1625 5739 1674 5783 et
1707 5727 1889 5795 Angeli
1922 5726 2006 5778 ltc-
2039 5739 2071 5747 -ί

2216 4632 2401 4700 limus,
2433 4631 2774 4685 innovatione
2803 4631 2912 4700 76
2941 4630 3011 4683 tui
3041 4630 3270 4694 Spiritus
3313 4644 3341 4680 a
3393 4637 3566 4683 morte
3594 4629 3793 4682 anima:

2216 4736 2575 4789 resurgamus.
2611 4721 2710 4774 l‘er
2736 4720 2978 4774 eumdem
3014 4719 3292 4771 Dominum
3337 4727 3578 4771 nostrum
3607 4716 3792 4770 Jesum

2194 4812 2483 4866 Christum
2539 4810 2735 4864 Filium
2787 4820 2929 4862 tuum
2959 4850 2972 4872 ,
3017 4807 3107 4874 qui
3151 4817 3324 4861 tecum
3354 4806 3480 4859 vivit
3519 4815 3573 4860 et
3603 4816 3795 4873 regnat

2218 4903 2360 4956 Deus
2392 4903 2443 4956 in
2490 4903 2694 4955 unitate
2721 4901 2959 4969 ejusdem
2991 4899 3219 4967 Spiritus
3247 4898 3435 4959 sancti,
3488 4912 3582 4965 per
3612 4897 3796 4949 omnia

2216 4995 2408 5049 saecula
2438 4995 2772 5048 saeculorum.
3417 4981 3441 4998 ⁸

2290 5087 2369 5140 Ad
2398 5088 2582 5157 fontes.
2620 5114 2692 5125 —
2745 5085 2943 5138 Praesta
2973 5125 2986 5147 ,
3039 5095 3343 5150 quaesumus
3375 5123 3390 5147 ,
3451 5081 3796 5146 omnipotens

2226 5178 2385 5242 Deus,
2413 5177 2583 5247 utqui
2609 5175 3042 5231 Rcsurrectionis
3070 5172 3352 5226 dominij
3393 5171 3657 5226 solemnia
3686 5183 3793 5222 co-

2218 5325 2323 5363 non
2353 5309 2639 5374 reperitur.
2673 5311 2766 5363 Est
2793 5309 2844 5362 in
2877 5306 3292 5362 Benedictionali
3320 5304 3534 5374 vulgato
3566 5320 3594 5356 a
3621 5303 3792 5356 Lam-

2218 5380 2367 5434 becio
2389 5390 2441 5433 et
2470 5379 2736 5432 Cussanv.

2293 5463 2314 5489 ο
2341 5449 2472 5503 Huic
2498 5450 2736 5503 Orationi
2786 5448 2838 5501 itt
2891 5446 2990 5499 Ed.
3047 5444 3242 5497 Pamel.
3292 5443 3632 5510 praemittitur
3661 5460 3674 5494 :
3706 5443 3792 5494 Ad

2214 5530 2444 5574 sanctum
2471 5517 2742 5583 Joannem,
2774 5517 2842 5569 ad
2885 5515 3145 5583 Vesperos.
3183 5516 3456 5582 Sequenti,
3493 5511 3786 5564 Pra'sta....

2219 5602 2272 5642 ut
2321 5590 2409 5658 qui
2459 5589 2699 5659 gratiam,
2747 5597 2877 5652 etc.,
2929 5585 3271 5654 prmligitur:
3317 5584 3395 5635 Ad
3420 5594 3652 5635 sanctum
3681 5583 3791 5634 An-

2217 5661 2412 5712 dreant.
