4026 6300
213 358 279 416 95
1412 324 1616 381 LIBER
1657 311 2287 377 SACRAMENTORI'M.
3388 285 3457 336 lli

219 474 391 532 limus,
412 461 712 532 ereptionis
753 463 946 512 nostra:
995 451 1269 520 suscipere
1304 445 1538 500 laetitiam
1571 453 1777 495 mcrea-
1812 435 1855 490 Α

220 578 354 618 mur.
384 559 483 612 Per
505 552 774 608 eumdem.

291 652 428 706 Alia.
450 675 517 689 --
543 645 761 702 Praesta,
796 646 1126 706 quaesumus,
1159 629 1498 696 omnipotens
1537 623 1698 681 Deus,
1729 626 1786 671 ut

228 743 318 812 qui
346 737 559 808 gratiam
584 727 868 786 dominicae
901 717 1328 778 Resurrectionis
1346 708 1786 782 agnovimusﬁpsi

227 805 318 897 per
343 805 576 880 amorem
616 818 847 887 Spiritus
893 828 922 865 a
964 820 1136 866 morte
1179 805 1371 860 animae
1424 809 1783 866 resurgamus.

226 922 322 977 I’cr
343 915 614 972 eumdem.

2394 438 2414 465 ⁸
2447 442 2596 480 FERIA
2627 439 2676 477 ill
2709 438 2757 476 IS
2789 432 2952 474 ALilli.

1961 522 2117 586 Dens,
2149 521 2236 590 qui
2264 518 2548 573 Ecclesium
2580 524 2721 567 tuam
2762 523 2898 562 novo
2919 517 3130 571 semper
3157 500 3262 555 fetu
3286 497 3463 552 multi-

1888 615 2071 681 plicas,
2104 610 2340 664 concede
2387 607 2595 661 famulis
2637 604 2739 658 tuis
2789 611 2848 654 ut
2893 593 3039 668 (545)
3070 596 3459 648 sacramentum

1889 703 2120 758 vivendo
2149 710 2383 763 teneam,
2406 699 2544 768 quod
2577 696 2682 750 fide
2719 695 3090 762 perceperunt.
3116 686 3236 740 Per.

1959 798 2130 862 Super
2157 795 2346 847 oblata.
2377 821 2446 832 —
2466 789 2710 854 Suscipe,
2738 784 2979 845 Domine,
3003 778 3235 835 fidelium
3256 784 3467 842 preces,

1890 903 2011 943 cum
2039 879 2396 940 oblatioiiibus
2417 881 2740 942 llostiarum,
2769 885 2825 930 ut
2855 891 2949 944 per
2974 873 3088 926 haec
3108 870 3206 936 piae
3227 864 3468 922 devotio-

290 1007 421 1060 Alia.
456 1031 524 1044 —-
558 1001 720 1062 Deus,
745 995 833 1066 qui
868 989 1116 1062 paschale
1145 987 1302 1041 nobis
1329 979 1620 1037 remedium
1649 988 1792 1028 con-

229 1099 382 1156 tulisti
413 1137 428 1161 ,
464 1091 721 1163 pOpulum
764 1098 911 1141 tuum
963 1081 1164 1138 cmlcsti
1196 1079 1334 1132 dono
1363 1081 1702 1143 prosequere,
1734 1073 1794 1119 ut

230 1191 346 1247 inde
372 1195 488 1254 post
522 1186 574 1237 in
602 1187 915 1250 perpetuum
961 1172 1213 1244 gaudeat,
1255 1167 1394 1220 unde
1423 1177 1562 1216 nunc
1585 1168 1791 1225 tempo-

231 1281 399 1334 raliter
421 1271 684 1329 exsultat.
718 1270 819 1325 Per
849 1264 1132 1318 Dominum
1164 1263 1406 1314 nostrum
1433 1251 1613 1306 Jesmu
1641 1244 1796 1300 Chri-

234 1381 384 1426 Sllllll.

703 1456 732 1484 ⁸
767 1461 923 1504 Fama
960 1457 997 1500 tt
1034 1456 1085 1498 IN
1123 1450 1289 1494 acsts.

301 1570 452 1629 Dens,
509 1564 602 1633 qui
655 1559 993 1616 solemnitate
1035 1551 1273 1609 Paschali
1319 1545 1518 1602 mundo
1556 1539 1792 1597 remedia

240 1658 513 1720 contulisti,
537 1654 797 1724 populum
830 1659 994 1711 tuum,
1030 1657 1355 1714 quaesumus,
1394 1637 1599 1694 caelesti
1651 1635 1793 1687 dono

1893 980 1978 1035 nis
2003 977 2198 1042 ofticia,
2222 975 2286 1028 ad
2317 973 2590 1028 caelestem
2620 967 2840 1036 gloriam
2872 972 3220 1019 transeamus.
3269 956 3392 1008 Per.

1973 1065 2240 1132 Praefatio.
2271 1089 2344 1104 -—-
2392 1060 2528 1113 Vere
2553 1058 2766 1124 dignum
2815 1065 2868 1108 et
2893 1053 3091 1118 justum
3122 1057 3222 1112 est,
3254 1054 3464 1113 aequum

1897 1169 1954 1214 et
1980 1160 2230 1223 salutare,
2269 1168 2365 1210 nos
2395 1151 2487 1206 tibi
2511 1163 2721 1215 semper
2740 1155 2795 1200 et
2833 1144 3026 1210 ubique
3069 1139 3265 1208 gratias
3293 1145 3473 1203 agere,

1897 1250 2126 1305 Domine
2153 1254 2357 1309 sancte,
2386 1243 2544 1297 Pater
2570 1238 2930 1304 omnipotens,
2959 1242 3157 1286 aeterne
3188 1230 3349 1289 Deus,
3383 1237 3478 1293 per

1899 1339 2175 1395 Christum
2204 1333 2482 1389 Dominum
2509 1339 2772 1384 nostrum.
2802 1324 2900 1390 Qui
2949 1320 3220 1375 oblatione
3243 1315 3324 1369 sui
3351 1328 3472 1366 cor-

1902 1431 2070 1498 poris,
2102 1423 2322 1481 remotis
2349 1418 2731 1476 sacrificiorum
2757 1410 3049 1468 carnalium
3090 1400 3477 1459 obscrvationi~

1903 1521 2022 1584 bus,
2058 1514 2462 1588 (5M)seipsum
2489 1507 2582 1564 tibi
2611 1518 2816 1560 sacram
2867 1498 3123 1561 Hostiam,
3167 1498 3479 1562 Agnumque

1902 1609 2302 1666 immaculatum
2325 1615 2564 1656 summus
2593 1593 2851 1652 Sacerdos
2874 1605 2968 1660 pro
2988 1588 3156 1648 salute
3183 1593 3361 1638 nostra
3384 1580 3484 1634 im-

1907 1701 2147 1757 molavit.
2181 1698 2282 1751 Per
2309 1708 2488 1762 quem.

1834 1796 1876 1854 Β
1973 1793 2050 1846 Te
2072 1790 2249 1860 igitur,
2275 1787 2405 1840 sicut
2439 1784 2493 1836 in
2526 1778 2744 1833 Pascha.

1984 1851 2293 1936 Benedictio.
2326 1904 2397 1917 -—
2429 1875 2588 1935 Dens,
2623 1867 2712 1939 qui
2741 1879 2834 1920 vos
2855 1863 2985 1917 lavit
3011 1873 3144 1930 aqua
3173 1854 3253 1910 sui
3287 1851 3484 1915 lateris,

1907 1981 1964 2028 et
1993 1967 2221 2025 redemit
2262 1961 2526 2020 effusione
2564 1956 2792 2019 cruoris,
2843 1953 2958 2022 ipse
3003 1950 3054 2003 in
3100 1945 3250 2001 vobis
3291 1941 3488 1997 confir-

1909 2070 2021 2116 met
2043 2059 2264 2129 gratiam
2299 2055 2505 2121 adeptae
2541 2043 2958 2114 Redemptioais.
2989 2042 3177 2097 Amen.
3205 2035 3306 2089 Per
3326 2045 3483 2102 quem

1910 2151 2080 2206 renati
2107 2147 2237 2203 estis
2262 2159 2328 2199 ex
2356 2157 2490 2211 aqua
2518 2148 2571 2194 et
2597 2136 2794 2205 Spiritu
2824 2139 3008 2186 sancto
3029 2170 3044 2194 ,
3090 2129 3202 2196 ipse
3243 2135 3339 2175 vos
3379 2134 3492 2174 (εωο

1913 2241 2036 2295 lesti
2063 2235 2335 2291 consociet
2365 2244 2550 2299 regno.
2581 2234 2768 2282 Amen.
2794 2221 2999 2288 Quique
3041 2216 3184 2270 dedit
3213 2211 3360 2266 vobis
3388 2207 3490 2262 ini-

1917 2334 1992 2389 tia
2022 2335 2221 2386 sanctae
2252 2324 2396 2385 ﬁdei,
2427 2298 2541 2387 ipse
2563 2316 2801 2371 conferat
2815 2321 2868 2366 et
2896 2306 3271 2378 perfectionem
3293 2298 3491 2368 operis,

1916 2433 1970 2480 et
2002 2415 2387 2491 plenitudinem
2435 2406 2728 2466 cliaritatis.
2759 2403 2951 2457 Amen.
2999 2394 3150 2464 Quod
3199 2393 3311 2461 ipse
3361 2401 3500 2457 prae-

1921 2523 2068 2570 stare
2097 2511 2365 2579 dignetur.

2122 2565 2508 2668 ὧηῳιεηάυηι.
2537 2617 2607 2634 --
2657 2582 2924 2642 Concede,
2972 2585 3295 2646 quaesumus,
3326 2565 3504 2668 omni:

1924 2653 2120 2768 polehs
2149 2653 2306 2753 fletis,
2335 2695 2392 2742 ut
2421 2679 2684 2755 paschalis
2710 2672 2976 2747 perceptio
3007 2662 3323 2723 sacramenti
3351 2653 3506 2731 (355)

1926 2787 2180 2842 continua
2210 2782 2263 2836 in
2292 2776 2492 2833 nostris
2521 2771 2785 2828 mentibus
2809 2771 3132 2836 perseveret.
3167 2757 3287 2812 l’er.
3495 2818 3497 2820 η

2001 2876 2085 2930 Ad
2113 2872 2375 2941 Vesperas.
2407 2895 2476 2907 —-
2500 2858 2768 2920 Concede,
2801 2862 3139 2924 quaesumus,
3168 2843 3508 2911 omnipotens

1938 2966 2106 3028 Deus,
2137 2933 2308 3028 ut'qui
2337 2953 2600 3025 paschalis
2636 2944 2936 3003 festivitatis
2961 2937 3218 2996 solemnia
3260 2933 3513 2994 colimus,

1943 3057 2000 3114 in
2032 3063 2120 3108 tua
2147 3063 2358 3117 semper
2381 3041 2795 3099 sanctificatione
2817 3034 3076 3088 vivamus.
3109 3029 3229 3082 Per.

2019 3146 2044 3185 ἀ
2085 3144 2162 3198 Ad
2186 3115 2370 3214 raritas.
2399 3162 2472 3179 -—
2526 3134 2747 3196 Praesta,
2798 3135 3127 3194 quaesumus,
3181 3115 3519 3184 omnipotens

1943 3240 2105 3304 Deus,
2137 3201 2197 3288 ut
2218 3247 2310 3302 per
2342 3231 2454 3283 hac
2479 3221 2742 3293 paschalia
2775 3217 2931 3280 festa,
2959 3227 3077 3282 quae
3124 3208 3373 3269 colimus,
3421 3201 3519 3257 de-

1939 3329 2050 3386 voti
2079 3302 2131 3381 in
2161 3333 2248 3379 tua
2272 3333 2483 3388 semper
2509 3312 2664 3368 laude
2693 3321 2953 3364 Vivamus.
2985 3302 3106 3356 Per.

2014 3420 2124 3490 78
2147 3419 2283 3470 Alia.
2315 3387 2589 3469 --7Deus,
2623 3401 2712 3472 qui
2765 3393 3032 3464 conSpicis
3078 3387 3329 3444 familiam
3376 3393 3518 3440 tuam

1946 3474 2350 3568 om.ni'liumana
2374 3500 2568 3552 virtute
2593 3488 2829 3552 destitui,
2872 3480 3104 3554 paschali
3137 3474 3522 3531 interveniente

1949 3561 2260 3662 festivitate,
2285 3593 2359 3648 tui
2380 3603 2498 3646 eam
2528 3581 2729 3639 brachii
2773 3575 3105 3647 protectione
3144 3564 3372 3622 custodi.
3400 3561 3526 3616 Per.

246 1761 569 1822 prosequere,
600 1757 661 1798 ut
687 1753 743 1798 et
771 1739 1060 1811 perfectam
1094 1737 1391 1791 libertatem
1413 1727 1667 1796 consequi
1698 1740 1805 1779 me-

245 1855 426 1903 rcatur,
455 1848 507 1892 ct
537 1837 605 1890 ad
639 1837 802 1888 vitam
837 1829 1075 1901 proficiat
1105 1827 1502 1892 sempiternam.
1533 1819 1653 1873 Per.

310 1933 468 2000 Super
496 1930 698 1981 oblata.
726 1954 800 1968 -—
843 1921 1126 1977 Paschales
1180 1917 1380 1970 hostias
1423 1916 1762 1966 recensentes
1785 1945 1802 1972 ,

247 2036 554 2094 quaesumus,
603 2020 862 2082 Domine,
897 2025 954 2070 ut
991 2012 1132 2083 quod
1182 2010 1578 2079 frequentamus
1632 2013 1751 2057 actu
1784 2043 1801 2069 ,

247 2110 752 2180 comprehendamus
780 2107 992 2161 affectu.
1027 2103 1147 2158 Per.

313 2204 578 2274 Praefatio.
601 2231 680 2243 ——
708 2201 845 2256 Vere
882 2198 1096 2268 dignum
1137 2202 1190 2248 et
1212 2193 1411 2262 justum
1451 2198 1552 2255 est,
1596 2201 1806 2258 aequum

249 2308 298 2353 et
320 2296 561 2359 salutare,
593 2307 696 2348 nos
725 2291 819 2346 tibi
850 2302 1062 2355 semper
1087 2293 1144 2340 et
1175 2283 1368 2353 ubique
1409 2279 1606 2351 gratias
1627 2291 1808 2347 agere,

254 2387 457 2443 Domine
496 2393 713 2448 sancte,
739 2379 893 2433 Pater
940 2376 1308 2444 omnipotens,
1341 2380 1541 2425 aeterne
1571 2368 1730 2430 Deus,
1759 2373 1814 2419 et

254 2490 298 2534 te
317 2477 625 2547 suppliciter
660 2487 904 2537 exorare,
934 2479 987 2524 ut
1011 2468 1258 2523 fidelibus
1287 2463 1392 2519 tuis
1420 2463 1697 2532 dignanter
1724 2458 1818 2513 im-

256 2571 462 2640 pendas,
494 2582 612 2638 quo
642 2575 697 2621 et
726 2561 994 2634 paschalia
1024 2559 1239 2628 capiant
1273 2560 1628 2615 sacramenta,
1650 2559 1704 2605 et
1723 2549 1819 2603 de-

256 2637 535 2716 sideranter
572 2663 888 2726 exspectent
916 2646 1317 2714 ventura,ut,in
1341 2641 1608 2714 mysteriis
1630 2637 1821 2709 quibus

260 2753 414 2808 renati
444 2759 579 2804 sunt
609 2753 1009 2817 permanentes,
1042 2742 1106 2795 ad
1161 2753 1348 2794 novam
1387 2737 1546 2791 vitam
1577 2732 1660 2787 bis
1695 2744 1824 2800 ope-

261 2843 477 2900 rantibus
506 2839 896 2910 perducantur.
927 2834 1028 2886 Per
1051 2829 1343 2884 Christum.

325 2935 396 2988 Te
432 2933 620 3001 igitur,
655 2930 783 2982 sicut
808 2928 860 2980 in
892 2924 1116 2978 Pascha.

329 3025 353 3064 δ
385 3023 697 3077 Benedictio.
726 3049 797 3060 —
828 3018 988 3081 Deus,
1021 3016 1106 3084 qui
1139 3026 1234 3083 pro
1272 3008 1422 3064 vobis
1471 3004 1704 3074 suscepit
1750 3001 1830 3056 in-

266 3116 439 3187 iuriam
480 3129 530 3168 ci
552 3113 667 3168 ucis
699 3153 712 3176 ,
747 3109 930 3164 Letitia
961 3120 1055 3161 vos
1083 3105 1298 3158 innovet
1327 3115 1436 3154 suae
1466 3092 1832 3152 Resurrectio-

272 3210 360 3261 nis.
390 3209 592 3260 Amen.
627 3203 692 3257 Et
712 3201 799 3270 qui
829 3198 1078 3267 pendenti
1119 3209 1300 3250 secum
1339 3191 1391 3245 in
1439 3201 1600 3244 cruce
1641 3182 1832 3239 latroni

277 3300 407 3369 (Eli)
430 3298 620 3354 omisit
642 3295 896 3350 delictum
923 3332 938 3357 ,
981 3304 1074 3344 vos
1103 3289 1274 3344 salvet
1314 3300 1342 3338 a
1374 3282 1581 3338 cunctis
1613 3277 1837 3333 nexibus

280 3403 635 3463 peccaturum.
681 3390 870 3444 Amen.
898 3384 964 3440 Ut
995 3379 1379 3449 redemptionis
1408 3383 1602 3430 vestrae
1631 3378 1843 3441 myste-

278 3488 399 3541 rium
438 3494 492 3537 et
536 3481 698 3550 digne
739 3474 1068 3531 conservetis
1107 3472 1160 3525 in
1214 3484 1398 3538 opere,
1427 3475 1480 3520 et
1527 3460 1843 3530 locupletius

280 3591 462 3631 arcana
487 3569 840 3641 pertruamini
863 3562 1312 3620 remuneratione.
1335 3559 1528 3614 Amen.
1547 3551 1702 3621 Quod
1731 3551 1843 3616 ipse

282 3678 524 3736 praestare
557 3665 825 3733 dignetur.

347 3759 420 3809 Ad
443 3755 838 3822 Complcndum.
855 3777 924 3790 -—-
941 3747 1226 3816 lmpleatur
1247 3743 1297 3796 in
1321 3739 1492 3802 nobis,
1517 3747 1846 3807 quaesumus,

285 3849 525 3912 Domine,
556 3842 876 3899 sacramenti
915 3837 1179 3909 paschalis
1209 3842 1391 3889 sancta
1422 3829 1626 3892 lihatio,
1648 3837 1852 3894 nosque

286 3945 346 3996 de
374 3940 608 3994 terrenis
642 3934 923 3990 affectibus
951 3931 1016 3985 ad
1055 3929 1276 3984 caeleste
1316 3920 1601 3978 transferat
1642 3917 1855 3973 institu-

291 4041 416 4084 tum.
447 4031 573 4083 Per.

356 4121 454 4190 77
484 4118 570 4171 Ad
609 4115 870 4183 Vesperos.
898 4141 968 4152 —
987 4107 1251 4171 Concede,
1274 4099 1863 4175 quaesumus,omnipo-

292 4188 404 4267 lens
451 4213 636 4274 Deus,
678 4215 735 4260 ut
771 4204 861 4275 qui
904 4209 1239 4273 peccatorum
1289 4205 1589 4250 nostrorum
1630 4188 1863 4261 pondere

296 4303 604 4370 premimur,
658 4313 688 4350 a
727 4295 931 4349 cunctis
972 4291 1125 4346 malis
1178 4284 1576 4344 imminentibus
1633 4297 1725 4349 per
1755 4280 1868 4333 haec

295 4390 566 4448 Pasclialia
605 4385 741 4441 festa
771 4385 1071 4439 liberemur.
1102 4381 1201 4434 Per
1223 4377 1500 4432 Dominum
1534 4381 1795 4427 nostrum.

363 4486 439 4537 Ad
471 4486 659 4553 fontes.
699 4509 769 4520 —
816 4477 1100 4539 Concede,
1156 4485 1481 4542 quaesumus,
1530 4466 1869 4532 omnipotens

298 4577 453 4640 Deus,
487 4588 546 4630 ut
573 4575 707 4629 festa
751 4571 1046 4642 paschalia,
1093 4581 1211 4636 quae
1268 4561 1570 4616 venerando
1620 4558 1869 4622 colimus,

301 4671 452 4725 etiam
484 4668 718 4723 vivendo
749 4676 1042 4721 teneamus.
1067 4661 1167 4714 Per
1200 4657 1482 4711 Dominum
1510 4662 1767 4706 nostrum.

377 4763 511 4814 Alia.
535 4790 605 4799 -—
631 4759 792 4822 Deus,
815 4756 903 4825 qui
935 4752 1184 4822 populutn
1228 4758 1374 4801 tuum
1407 4746 1475 4798 de
1506 4742 1672 4796 hostis
1700 4739 1874 4794 callidi

306 4853 556 4906 servitute
582 4848 845 4912 liberasti,
882 4858 1063 4914 preces
1101 4842 1216 4910 ejus
1261 4835 1674 4892 misericorditer
1708 4833 1880 4900 respi-

309 4957 388 5008 ce,
415 4953 466 4997 et
488 4941 836 4995 adversantes
864 4935 913 4991 ei
945 4945 1032 4988 tua
1078 4933 1272 4986 virtute
1303 4936 1600 4998 prosterne.
1647 4923 1748 4977 Per
1780 4922 1884 4974 Do-

314 5034 504 5085 minum
533 5042 799 5085 nostrum.

2463 3710 2487 3738 ⁸
2519 3711 2675 3753 FER“
2699 3707 2750 3746 IV
2783 3705 2832 3744 IN
2857 3700 3024 3742 Αιως.

2031 3828 2196 3891 Deus,
2226 3819 2315 3890 qui
2347 3830 2442 3871 nos
2481 3803 2909 3867 Resurrcctionis
2937 3795 3220 3854 dominicae
3248 3803 3419 3846 annua
3444 3802 3533 3842 so-

1959 3918 2234 3975 lemnitate
2259 3909 2518 3968 laetificas,
2548 3898 2783 3956 concede
2816 3893 3075 3966 propitius
3100 3897 3158 3941 ut
3197 3901 3291 3954 per
3329 3892 3535 3948 tempo-

1961 4010 2091 4064 ralia
2118 4006 2270 4064 festa,
2297 4011 2412 4066 quae
2438 3993 2642 4061 agimus
2661 4028 2677 4052 ,
2711 3983 2989 4054 pervenire
3015 3977 3080 4030 ad
3122 3971 3309 4042 gaudia
3338 3977 3536 4022 aeterna

1964 4107 2285 4153 mereamur.
2319 4087 2419 4141 Per
2456 4079 2725 4137 eumdem.

2046 4148 2214 4254 Super
2235 4179 2426 4231 oblata.
2459 4200 2529 4215 -—
2577 4165 2865 4228 Sacrificia,
2911 4158 3160 4221 Domine,
3205 4148 3540 4223 paschalibus

1969 4242 2174 4349 gaudiis
2196 4267 2556 4327 immolamus,
2595 4257 2781 4327 quibus
2832 4247 3069 4306 Ecclesia
3124 4242 3438 4300 mirabiliter
3485 4248 3544 4292 et

1970 4342 2121 4439 (544)
2147 4358 2380 4415 nascitur
2409 4361 2461 4406 et
2486 4347 2736 4403 nutritur.
2767 4342 2885 4396 Per.

2046 4453 2316 4525 Praefatio.
2345 4478 2414 4489 --
2436 4446 2572 4499 Vere
2605 4441 2820 4510 dignum
2850 4441 2904 4490 et
2944 4432 3143 4502 justum
3191 4436 3291 4488 est,
3337 4436 3543 4492 acquum

1977 4559 2030 4605 et
2053 4549 2303 4607 salutare,
2334 4553 2432 4593 nos
2464 4535 2552 4588 tibi
2577 4543 2787 4599 semper
2834 4534 2887 4581 et
2915 4522 3108 4590 ubique
3147 4517 3341 4586 gratias
3368 4527 3548 4582 agere,

1976 4639 2199 4696 Domine
2225 4640 2425 4692 sancte,
2461 4628 2612 4682 Pater
2650 4620 3006 4690 omnipotens,
3059 4621 3256 4666 aeterne
3285 4610 3442 4673 Deus,
3498 4614 3552 4660 et

1971 4729 2225 4808 pietatem
2254 4735 2394 4778 tuan:
2424 4714 2700 4773 indefessis
2728 4709 2974 4782 precibus
3019 4703 3324 4771 implorare,
3377 4704 3436 4752 ut
3463 4695 3550 4765 qui

1985 4793 2247 4899 paschalis
2266 4811 2564 4870 festivitatis
2595 4804 2854 4860 solemnia
2894 4798 3143 4858 colimus,
3192 4793 3244 4845 in
3277 4799 3363 4843 tua
3411 4802 3557 4840 scm-

2858 4889 2890 4899 Α
3114 4894 3124 4899 ·
3145 4898 3153 4899 ί
3199 4878 3412 4899 -----12-
3442 4873 3557 4899 [Αριξ

1989 4873 2084 4989 per
2104 4905 2523 4967 sanctificatione
2553 4899 2812 4950 vivamus.
2853 4889 2966 4955 Quo
2992 4901 3084 4953 per
3113 4878 3415 4948 temporalis
3442 4873 3560 4929 festi

1995 4972 2417 5065 bbservalionem
2459 4988 2738 5062 pervenire
2775 4990 3075 5035 mereamur
3122 4972 3189 5024 ad
3239 4979 3561 5024 aeternorum

1991 5181 2170 5239 Suec.,
2198 5183 2303 5226 tam
2333 5169 2438 5230 hic,
2471 5177 2627 5239 quam
2651 5159 2701 5212 in
2735 5151 3090 5239 sequentibus
3115 5145 3280 5239 feriis.
3389 5214 3432 5239 η
3521 5214 3535 5227 .
3611 5125 3622 5163 ί

1980 5214 2170 5300 ,⁸υὲ
2327 5214 2736 5304 An'écl'iiltoccat;
2753 5214 2885 5304 non“
2911 5219 3217 5304 inscribitur
3249 5215 3360 5294 hare
3389 5214 3571 5294 Oratio

1988 5320 2057 5372 ad
2085 5284 2566 5386 [δὶίιξξίἧ-ὶῗὶἶθι
2601 5301 2652 5352 in
2699 5295 2796 5350 Ed.
2850 5291 3078 5356 i’amcl.,
3120 5284 3573 5342 consentientibus

1982 5391 2230 5506 ’ΜδῗῬτο
2257 5446 2484 5501 statione
2518 5437 2726 5492 additur
2751 5436 2801 5506 in
2837 5430 2946 5506 Ed._
2970 5427 3167 5506 Pamel.
3198 5443 3218 5506 ε⁸
3243 5425 3573 5506 Ad_sanctum

1999 5495 2483 5583 Laurentiuutwforis
2505 5500 3079 5583 rn-ururrtaDuonultinia
3115 5498 3270 5550 verba
3303 5495 3493 5575 destitit
3522 5497 3573 5573 in

2259 5565 2434 5643 Rom,
2467 5589 2521 5633 et
2551 5581 2600 5630 in
2631 5575 2837 5650 duobus
2865 5567 3097 5650 ἰςιξροιιη
3147 5582 3350 5623 necnon
3395 5565 3445 5619 in
3496 5565 3575 5616 tit.

2015 5640 2272 5724 satira,
2303 5656 2355 5710 in
2382 5640 2604 5719 Evang.,
2638 5644 2792 5700 hodie
2823 5640 3038 5696 habitae.

383 5220 410 5247 ι
439 5209 490 5262 1η
517 5205 745 5262 Kalend.
783 5203 935 5256 Rom.
961 5241 979 5262 ,
1013 5207 1066 5252 et
1093 5195 1228 5266 apud
1263 5191 1491 5266 Pamcl_.,
1535 5189 1767 5266 legitur:
1801 5186 1879 5266 A_d

317 5256 853 5335 sanctum—“Patrum;
891 5256 1143 5324 convenii
1205 5266 1388 5318 titulus
1433 5260 1620 5335 boniil.
1652 5256 1776 5335 "23.,
1830 5257 1880 5335 i_u

323 5325 617 5416 iiva‘ng-el,
639 5325 741 5397 hac
781 5325 866 5397 die
900 5341 1110 5393 habitae.
1147 5336 1308 5389 Abest
1335 5335 1387 5384 in
1419 5331 1548 5383 albis
1581 5344 1610 5382 a
1652 5325 1882 5381 Kalend.

325 5418 613 5540 noiliniibest
638 5500 744 5537 non
770 5481 939 5537 solum
963 5479 1027 5530 ab
1049 5475 1166 5529 aliis
1181 5472 1436 5541 Vulgatis,
1461 5465 1889 5532 Pamel.,\'atic.,

331 5568 458 5620 cte.,
483 5558 574 5610 sed
609 5555 769 5608 etiam
797 5569 826 5605 a
855 5545 1396 5620 BenediCtioita_li_j_:iin
1427 5541 1662 5620 laudato.

403 5605 804 5689 ἔ’δῖεἶῇονιίυίιις
833 5621 976 5673 feriae
1006 5627 1109 5689 tam
1139 5617 1189 5670 in
1219 5605 1381 5689 Editis
1409 5623 1562 5689 quam
1596 5610 1658 5689 in‘
1673 5605 1812 5689 Mss;
1827 5609 1909 5655 est

334 5698 400 5748 ad
428 5675 922 5751 sanctiimrlfaulum.
952 5687 1291 5742 Dcsideralur
1319 5683 1369 5734 in
1395 5679 1518 5732 albis
1541 5678 1592 5731 in
1620 5675 1748 5731 Cod.
1777 5675 1906 5741 lleg.
