4026 6340
456 333 522 390 95
1650 339 1888 396 SANCTI
1928 340 2253 396 GliEGORll
2287 342 2502 400 MAGNI-

3624 351 3715 407 96

456 449 764 517 gaudiorum
793 450 1261 506 continuationem.
1306 450 1406 504 Per
1428 447 1697 505 Christum
1729 452 2008 508 Dominum
2042 455 2086 512 Λ
2186 458 2265 506 Ad
2297 456 2643 527 Vesperos.—-
2670 458 2827 523 Deus,
2859 462 3019 529 quiin
3050 462 3202 515 nobis
3230 462 3293 514 ad
3318 464 3695 519 ce'ebrandum

457 550 714 595 nostrum.

523 631 598 685 Te
624 632 796 697 igitur,
825 633 954 683 sicut
982 630 1035 682 in
1060 628 1282 682 Pascha.

531 730 555 757 ιι
588 721 895 773 Benedictio.
926 748 996 759 —
1041 718 1288 772 Dominus
1320 719 1458 773 Deus
1486 731 1666 775 noster
1692 737 1786 776 vos
1826 726 2018 793 perdu-

453 820 535 863 cat
563 811 631 864 ad
681 811 921 862 arborem
970 809 1112 873 vitae,
1160 806 1247 877 qui
1296 812 1434 864 eruit
1477 812 1543 865 de
1598 812 1712 866 lacu
1764 813 2013 870 miserim.

454 906 643 955 Amen.
674 899 789 966 ipse
809 898 961 951 vobis
998 898 1198 966 aperiat
1238 900 1451 965 januam
1491 903 1745 970 paradisi,
1774 905 1863 971 qui
1892 920 2019 959 con-

452 988 602 1055 fregit
635 996 811 1056 portas
836 986 1051 1041 inferni.
1080 990 1265 1043 Amen.
1291 990 1405 1054 Ipse
1427 1005 1517 1043 vos
1533 1002 1688 1045 eruat
1716 993 1943 1060 ﬂagello,
1965 1006 2018 1050 et

451 1078 499 1130 in
525 1092 739 1145 regnum
766 1092 917 1131 suum
944 1076 1195 1145 perducat
1215 1079 1545 1145 conﬁtcntes,
1574 1083 1659 1149 qui
1704 1083 1807 1149 pati
1829 1083 2017 1153 digna-

451 1177 533 1221 tus
559 1175 641 1220 est
669 1181 765 1234 pro
790 1166 967 1236 impiis
1000 1167 1277 1223 innocens.
1309 1170 1500 1223 Amen.
1546 1170 1695 1232 Quod
1741 1173 1850 1241 ipse
1881 1189 2027 1243 pra:-

448 1264 589 1310 stare
612 1255 883 1326 dignetur.

518 1346 599 1399 Ad
626 1346 1013 1417 Complendum.
1043 1378 1115 1390 —-
1140 1349 1220 1402 Ab
1246 1350 1387 1402 omni
1418 1365 1534 1415 nos,
1562 1367 1883 1422 quzesumus,
1910 1355 2016 1411 Do-

449 1441 610 1507 mine,
632 1448 896 1495 vetustate
941 1450 1216 1511 purgatos,
1247 1443 1564 1495 sacramenti
1595 1443 1667 1496 lui
1719 1447 2015 1499 veneranda

448 1532 717 1598 perceptio
743 1531 795 1585 in
824 1546 1011 1585 novam
1047 1534 1324 1585 transferat
1363 1541 1680 1585 creaturam.
1709 1532 1813 1588 Per
1838 1535 2018 1589 Domi-

447 1636 570 1675 num
592 1630 851 1676 nostrum.

522 1711 596 1763 Ad
630 1710 889 1774 Vespcras.
931 1738 1004 1752 -—
1047 1711 1264 1779 Prtcsta,
1310 1728 1631 1780 quaesumus,
1677 1716 2013 1785 omnipotens

450 1801 617 1863 Deus,
662 1810 718 1852 ut
758 1800 910 1869 hujus
951 1801 1211 1867 paschalis
1251 1800 1507 1857 festivatis
1547 1805 1787 1860 mirabile
1821 1821 2003 1861 sacra-

447 1904 704 1957 mentum,
758 1902 809 1946 et
857 1895 1197 1962 temporalem
1247 1893 1398 1949 nobis
1441 1897 1869 1965 tranquillitatem
1909 1899 2007 1953 tri-

446 1980 591 2047 buat,
610 1991 675 2039 et
698 1982 854 2035 vitam
880 1982 1117 2036 conferat
1143 1985 1537 2051 sempiternam.
1567 1985 1687 2040 Per.

514 2070 593 2122 Ad
617 2071 800 2138 fontes.
833 2096 903 2109 α·-
930 2070 1087 2134 Deus,
1119 2072 1204 2137 qui
1238 2086 1335 2125 nos
1364 2087 1457 2140 per
1480 2074 1743 2140 paschalia
1766 2072 1899 2129 festa
1921 2076 2015 2130 la:-

444 2162 634 2226 tiﬁeas,
670 2165 903 2216 concede
934 2162 1190 2229 propitius
1221 2171 1276 2214 ut
1305 2178 1364 2217 ea
1410 2180 1529 2231 quae
1569 2164 1760 2220 devote
1786 2168 2009 2237 agimus,

443 2258 495 2304 te
518 2252 820 2319 adiuvante,
848 2252 1070 2305 ﬁdeliter
1095 2261 1388 2307 teneamus.
1421 2254 1539 2309 Per.

509 2342 643 2393 Alia.
666 2370 735 2387 -ν-
761 2340 973 2405 Tribue,
1007 2357 1327 2411 quaesumus,
1369 2345 1700 2412 omnipotens
1750 2346 1907 2418 Deus,
1953 2360 2011 2405 ιιι

440 2429 563 2484 illuc
594 2431 774 2484 tendat
798 2429 1111 2486 Christiana:
1133 2432 1426 2487 devotionis
1446 2436 1688 2504 affectus,
1711 2452 1814 2506 quo
1837 2448 2014 2495 tecum

439 2531 521 2576 est
547 2537 725 2577 nosrra
754 2522 1066 2577 substantia.
1092 2523 1192 2579 Per
1220 2526 1487 2581 eumdem.

950 2614 979 2654 ι’
1004 2633 1162 2671 FEltlA
1192 2634 1220 2670 v
1243 2633 1291 2671 ts
1324 2632 1489 2672 ALDIS.

511 2703 670 2770 Deus,
693 2704 785 2773 qui
811 2705 1169 2759 diversitatem
1200 2707 1432 2774 gentium
1474 2708 1525 2761 in
1561 2709 1892 2766 confessnone
1936 2717 2009 2769 tui

438 2795 668 2849 nominis
696 2796 803 2866 79
827 2796 1089 2860 adunasﬁ,
1121 2797 1187 2851 da
1226 2806 1283 2851 ut
1309 2797 1510 2853 renatis
1549 2799 1690 2854 fonte
1719 2802 2007 2871 baptisma-

438 2886 522 2949 tis,
560 2901 659 2939 una
689 2888 758 2940 sit
789 2886 919 2941 ﬁdes
949 2887 1225 2952 mentium,
1258 2898 1312 2940 et
1354 2889 1522 2956 pietas
1564 2890 1851 2945 actionum.
1883 2892 2012 2948 Per.

508 2976 675 3044 Super
717 2977 904 3029 oblata.
951 3006 1023 3018 —
1050 2977 1268 3046 Suscipe
1296 3018 1312 3043 ,
1362 2994 1664 3047 quaesumus
1689 3022 1704 3047 ,
1749 2982 2005 3052 Domine,

440 3082 659 3121 munera
690 3068 998 3136 populorum
1027 3079 1233 3123 tuorum
1265 3070 1522 3139 prOpitius
1544 3113 1557 3135 ,
1590 3080 1649 3126 ut
1675 3075 2007 3133 confessione

2124 545 2371 611 paschale
2391 560 2785 602 sacramentum
2818 550 3092 604 liberiores
3139 552 3344 605 animos
3376 554 3698 621 prmstitisti,

2120 635 2251 689 doce
2275 651 2371 691 nos
2398 648 2453 692 et
2482 648 2718 694 metuere
2763 640 2912 711 (548)
2943 643 3084 711 quod
3127 645 3391 706 irasceris,
3434 657 3486 700 et
3512 661 3696 702 amare

2118 727 2256 794 quod
2286 729 2547 797 praecipis.
2583 730 2699 785 Per.

2190 817 2216 855 ἀ
2249 820 2324 872 Ad
2351 823 2533 890 fontes.
2564 853 2633 864 —
2661 826 2755 890 Da,
2780 841 3102 895 quaesumus,
3130 830 3468 899 omnipotens
3521 831 3688 897 Deus,

2120 917 2180 962 ut
2210 910 2445 965 Ecclesia
2478 923 2588 979 tua,
2615 926 2670 969 et
2698 932 2912 971 suorum
2952 921 3200 976 firmitate
3230 923 3605 983 membrorum,
3636 932 3693 979 et

2120 1016 2254 1053 nova
2274 1017 2487 1073 semper
2531 1006 2852 1063 fecunditate
2893 1010 3121 1066 luctetur.
3154 1012 3254 1067 Per
3286 1015 3560 1068 Dominum
3594 1032 3691 1070 no-

2117 1101 2307 1147 ειτιιιη.

2188 1182 2324 1236 Alia.
2354 1185 2746 1256 —Multiplica,
2778 1205 3100 1260 quaesumus,
3136 1193 3373 1257 Domine,
3405 1194 3561 1250 ﬁdem
3595 1211 3692 1265 po-

2120 1272 2225 1336 puli
2250 1274 2345 1339 tui,
2379 1284 2435 1328 ut
2454 1277 2603 1345 cujus
2631 1294 2725 1347 per
2750 1287 2801 1335 te
2828 1284 3053 1352 sumpsit
3096 1283 3324 1351 initium,
3352 1301 3449 1356 per
3474 1298 3524 1341 te
3553 1302 3689 1341 con-

2116 1378 2368 1436 sequatur
2393 1382 2748 1441 augmentum.
2788 1375 2911 1431 Per.

2614 1475 2808 1520 eFElllA
2846 1482 2898 1520 VI
2937 1482 2987 1521 IN
3026 1484 3188 1524 Αιωε.

2185 1552 2534 1621 Omnipotens
2561 1556 2882 1624 sempiterne
2908 1558 3067 1626 Deus,
3110 1560 3197 1630 qui
3231 1562 3478 1622 paschale
3501 1578 3686 1618 sacra-

2116 1653 2351 1699 mentum
2379 1645 2433 1699 in
2455 1649 2895 1704 reconciliationis
2908 1652 3152 1705 humana:
3171 1653 3369 1708 ftedere
3389 1657 3689 1721 contulisti,

2116 1732 2181 1787 da
2211 1735 2475 1790 mentibus
2496 1740 2712 1805 nostris,
2733 1748 2789 1794 ut
2812 1742 2953 1811 quod
2980 1741 3306 1810 professione
3328 1745 3682 1814 celebramus,

2036 1816 2081 1875 Β
2110 1827 2373 1883 imitemur
2396 1829 2607 1884 effectu.
2638 1831 2742 1886 Per

2189 1921 2358 1987 Super
2381 1923 2569 1976 oblata.
2594 1952 2667 1965 —-
2694 1924 2921 1989 Hostias,
2952 1942 3273 1994 qumsamus.
3307 1928 3547 1995 Domine,
3572 1930 3687 1997 pla-

2111 2020 2262 2064 catus
2290 2024 2523 2079 assume,
2553 2026 2687 2080 quas
2713 2022 2765 2068 et
2798 2029 2893 2083 pro
2922 2025 3227 2071 renatorum
3256 2018 3561 2087 expiatione
3582 2020 3685 2075 de-

2112 2097 2354 2164 ferimus,
2383 2109 2435 2154 et
2462 2116 2555 2168 pro
2578 2104 2963 2161 acceleratione
2990 2108 3221 2163 caelestis
3250 2110 3451 2163 auxilii.
3484 2110 3614 2167 Per.

2179 2187 2290 2256 80
2332 2186 2597 2258 Praefatio.
2651 2221 2716 2232 —
2756 2193 2903 2246 tVere
2950 2194 3164 2262 dignum
3216 2205 3271 2250 et
3311 2196 3510 2265 justum
3562 2206 3681 2263 est,

2114 2290 2321 2344 aequum
2347 2288 2402 2331 et
2431 2279 2683 2344 salutare,
2712 2297 2809 2335 nos
2836 2284 2926 2336 tibi
2947 2300 3158 2352 semper
3185 2294 3240 2340 et
3263 2288 3456 2356 ubique
3477 2288 3697 2357 gratiast

2112 2379 2303 2431 agere,
2363 2368 2583 2423 Domine
2635 2380 2839 2436 sancte,
2891 2373 3047 2427 Pater
3083 2376 3438 2445 omnipotens,
3482 2388 3685 2435 aeterne

2112 2454 2270 2519 Deus,
2304 2471 2397 2523 per
2424 2459 2689 2512 Chiistum
2720 2460 2997 2516 Dominum
3044 2475 3280 2520 nostrum
3306 2484 3319 2520 :
3347 2469 3468 2537 qui,
3500 2485 3686 2524 secun-

2111 2545 2236 2599 dum
2264 2548 2629 2613 promissionis
2673 2566 2783 2606 sua:
2839 2555 3321 2613 incommutabilem
3381 2562 3680 2628 veritatem,

2111 2637 2346 2690 cmiestis
2375 2638 2607 2705 pontifex
2647 2642 2814 2695 factus
2841 2643 2891 2697 in
2919 2656 3196 2713 aeternum,
3226 2648 3377 2720 (549)
3404 2650 3545 2705 solus
3566 2667 3684 2705 om—

2116 2725 2258 2778 nium
2289 2727 2623 2781 sacerdotum
2657 2731 2858 2797 peccati
2894 2733 3208 2789 remissione
3253 2753 3356 2791 non
3386 2740 3549 2806 eguit,
3581 2740 3683 2794 sed

2116 2814 2264 2885 (350)
2298 2816 2473 2884 potius
2499 2829 2771 2886 peccatum
2800 2824 2980 2878 mundi
3012 2824 3149 2881 idem
3180 2843 3333 2883 verus
3364 2830 3545 2896 Agnus
3588 2831 3683 2887 ab-

2112 2906 2311 2959 stersit.
2347 2906 2448 2961 Per
2472 2923 2651 2975 quem.

2184 2996 2259 3050 Te
2279 2996 2452 3065 igitur,
2480 2998 2609 3051 sicut
2630 3000 2683 3052 in
2717 2999 2942 3060 Pascha.

2188 3084 2208 3125 ι
2240 3087 2550 3144 Benedictio.
2578 3121 2646 3130 —
2676 3092 2961 3148 Benedicat
3009 3111 3107 3151 vos
3140 3097 3206 3153 de
3240 3099 3387 3155 caelis
3433 3103 3684 3172 omnipo-

439 3159 515 3212 tui
560 3158 808 3222 nominis,
867 3169 920 3213 et
957 3160 1272 3228 baptismate
1321 3164 1579 3229 renovati,
1632 3169 2003 3235 sempiternam

2114 3188 2231 3235 tens
2254 3180 2422 3248 Dens,
2455 3184 2542 3250 qui
2589 3199 2682 3253 per
2718 3200 2929 3241 crucem
2973 3197 3028 3242 et
3066 3191 3373 3259 sanguinem
3417 3158 3683 3262 passionis

438 3247 818 3303 beatitudinem
844 3261 1256 3320 consequantur.
1287 3252 1389 3306 Per
1417 3253 1696 3310 Dominum
1738 3268 2000 3314 nostrum.

509 3337 775 3407 Prwfalio.
805 3370 873 3379 —
903 3340 1038 3396 Vere
1061 3342 1272 3410 dignum
1322 3352 1378 3398 et
1425 3342 1625 3412 justum
1666 3355 1766 3411 est,
1796 3365 2002 3418 a-quum

434 3437 490 3482 et
516 3428 765 3495 salutare,
793 3445 893 3485 nos
922 3429 1014 3485 tibi
1039 3448 1251 3501 semper
1284 3444 1339 3490 et
1383 3437 1574 3507 ubique
1600 3448 1794 3508 gratias
1822 3458 1999 3511 agere,

435 3518 657 3575 Domine
687 3532 889 3587 sancte,
917 3522 1068 3577 Pater
1098 3525 1453 3592 omnipotens,
1486 3539 1682 3583 :cternc
1717 3531 1889 3585 Deus:
1914 3536 2001 3587 uui

434 3626 532 3664 nos
561 3627 654 3679 per
703 3614 950 3679 paschale
980 3624 1285 3685 mysterium
1316 3618 1496 3672 docuit
1524 3629 1835 3675 vetustati-tn
1883 3624 2003 3679 vitae

436 3701 758 3769 relinquere,
809 3714 862 3758 et
910 3705 961 3758 in
1008 3708 1239 3762 novitate
1284 3709 1500 3776 spiritus
1531 3712 1869 3776 ambulare,a
1901 3733 2003 3784 quo

434 3805 699 3862 perpetua:
729 3799 915 3852 mortis
936 3810 1212 3868 superatur
1239 3803 1517 3867 acerbitas,
1548 3813 1601 3859 et
1626 3818 1840 3862 acterna:
1883 3808 2001 3862 vita:

433 3882 681 3938 fidelibus
705 3886 949 3942 tribuitur
982 3889 1272 3957 integritas.
1310 3893 1410 3948 Per
1437 3909 1593 3963 quem
1636 3896 1987 3966 Majestatem.

426 4010 427 4013 η
501 3973 577 4027 Te
604 3974 780 4039 igitur,
805 3976 934 4029 sicut
959 3978 1012 4030 iu
1048 3977 1267 4036 Pascha.
1572 3974 1575 3975 ν

507 4075 530 4102 ο
562 4064 878 4122 Benedictio.
904 4098 971 4107 —
998 4069 1385 4137 Omnipotentis
1408 4073 1500 4127 Dei
1526 4086 1580 4129 et
1602 4074 1808 4129 Domini
1832 4077 2000 4132 nostri

434 4155 886 4212 benedictionibus
910 4160 1238 4227 repleamini,
1264 4162 1415 4231 cujus
1444 4164 1570 4219 estis
1596 4169 1852 4236 sanguine
1882 4183 2001 4236 pre-

433 4246 570 4299 tioso
600 4245 876 4315 redempti.
919 4248 1109 4305 Amen.
1145 4250 1269 4320 Ejus
1299 4267 1394 4306 vos
1444 4253 1753 4311 indeﬁciens
1800 4258 2001 4325 repleat

430 4337 618 4405 gratia,
642 4338 793 4402 cujus
825 4338 1103 4393 ineﬁ‘abilis
1156 4340 1429 4407 plasmavit
1478 4346 1730 4412 potentia,
1758 4344 1905 4415 (547)
1945 4356 2001 4401 et

428 4428 515 4493 qui
539 4426 687 4479 vobis
710 4426 763 4480 in
795 4428 893 4479 hoc
914 4428 1111 4482 mundo
1134 4431 1375 4497 praestitit
1398 4432 1753 4488 conditionem
1775 4450 1998 4490 nascen.

2110 3284 2221 3325 sua!
2244 3286 2338 3325 vos
2364 3272 2608 3343 dignatus
2633 3287 2714 3330 est
2760 3277 3023 3333 redimere
3060 3280 3112 3333 iu
3145 3283 3315 3336 terris.
3341 3283 3525 3338 Amen.
3561 3285 3685 3352 Ipse

2108 3376 2204 3415 vos
2243 3372 2464 3418 renovet
2492 3379 2521 3418 a
2542 3375 2804 3422 vetustate
2826 3370 3050 3436 peccati,
3076 3372 3163 3441 qui
3197 3387 3291 3440 pro
3317 3375 3465 3428 vobis
3490 3376 3685 3444 digna-

2112 3461 2199 3507 tus
2226 3465 2310 3509 est
2339 3456 2599 3524 cruciﬁgi,
2624 3473 2823 3527 vosque
2852 3459 2916 3513 ad
2943 3461 3182 3516 cmlestia
3204 3465 3442 3529 suscitet,
3467 3466 3551 3535 qui
3578 3481 3684 3534 pro

2108 3544 2260 3599 vobis
2291 3544 2487 3599 inferos
2516 3550 2826 3616 penetravit.
2872 3554 3062 3606 Amen.
3096 3553 3266 3606 Vitam
3306 3569 3454 3608 suam
3498 3556 3682 3610 Domi-

2104 3646 2205 3685 nus
2231 3634 2378 3689 vobis
2408 3636 2621 3701 tribuat,
2654 3639 2740 3704 qui
2793 3649 3015 3695 mortem
3062 3651 3290 3698 vestram
3336 3648 3587 3717 suscepit,
3616 3660 3682 3705 et

2105 3723 2354 3794 perdidit.
2386 3727 2576 3782 Amen.
2608 3729 2759 3792 Quod
2794 3731 2905 3797 ipse
2934 3742 3211 3801 prazstare.

2172 3814 2253 3867 Ad
2291 3814 2678 3881 Compleudum.
2705 3849 2775 3859 --
2803 3821 3046 3888 Respice,
3077 3838 3399 3893 quzesumus,
3430 3826 3680 3895 Domine,

2103 3904 2349 3971 populum
2381 3914 2546 3972 tuum,
2578 3916 2632 3961 et
2660 3924 2815 3977 quem
2843 3913 3056 3965 aeternis
3088 3914 3333 3983 dignatus
3354 3931 3413 3970 es
3444 3933 3679 3971 renova-

2101 4007 2158 4046 re
2186 3996 2475 4061 mysteriis,
2497 4011 2523 4049 a
2550 3999 2927 4067 temporalibus
2947 4001 3116 4072 culpis
3137 4004 3415 4072 dignanter
3432 4008 3675 4068 absolve.

2100 4083 2201 4138 Per
2231 4085 2508 4141 Dominum
2544 4098 2799 4144 nostrum.

2172 4179 2248 4229 Ad
2284 4176 2544 4248 Vssperos.
2568 4211 2639 4221 -—
2671 4183 2829 4248 Deus,
2861 4199 2956 4252 per
2980 4201 3133 4254 quem
3184 4188 3335 4243 uobis
3378 4198 3433 4243 et
3464 4190 3675 4245 redem-

2099 4268 2210 4336 ptio
2236 4267 2382 4321 venit
2411 4278 2465 4325 et
2487 4280 2766 4339 przestatur
2789 4273 3023 4343 adoptio,
3059 4278 3263 4345 respice
3304 4281 3355 4332 in
3383 4295 3537 4347 opera
3567 4284 3674 4335 mi-

2097 4358 2399 4412 sericordia:
2426 4367 2547 4427 ture,
2574 4370 2630 4414 ut
2671 4361 2724 4416 in
2752 4362 2967 4418 Christo
3013 4368 3213 4420 renatis
3252 4378 3301 4421 et
3327 4377 3523 4423 retenta
3571 4371 3672 4425 tri-

2098 4444 2289 4501 buatur
2310 4449 2590 4505 litereditas
2612 4459 2665 4506 et
2694 4464 2818 4507 vera
2848 4453 3087 4510 libertas.
3119 4456 3220 4512 Per
3254 4460 3513 4514 eumdem.

412 4515 503 4581 ,di,
528 4515 642 4582 ipse
667 4516 718 4569 in
741 4531 903 4581 regno
923 4526 1125 4571 aeterno
1154 4520 1348 4574 tribuat
1375 4522 1702 4577 mansionem
1730 4525 1847 4580 sine
1889 4527 1995 4581 ﬁne
2017 4559 2073 4619 Β
2166 4539 2247 4591 Ad
2273 4540 2456 4607 fmus.
2485 4569 2556 4581 -—
2582 4542 2799 4605 Adesto,
2832 4559 3155 4615 quaesumus,
3192 4548 3427 4615 Domine,
3452 4550 3669 4606 familia

429 4605 658 4659 vivendi.
686 4608 872 4659 Amen.
897 4605 1045 4671 Quod
1075 4608 1187 4674 ipse
1220 4618 1470 4678 praestare
1516 4612 1781 4681 dignetur.

499 4696 580 4748 Ad
608 4694 989 4763 Compleudum.
1020 4726 1091 4737 —
1117 4697 1353 4764 Exaudi,
1404 4700 1644 4765 Domine,
1675 4717 1857 4771 preces
1900 4717 1996 4759 no-

428 4790 587 4845 stras,
617 4790 673 4836 ut
699 4782 1079 4851 redemptionis
1124 4795 1317 4841 nostrai
1364 4801 1700 4845 sacrosancta
1730 4806 1993 4849 commer-

426 4872 531 4936 cia,
556 4883 609 4927 et
627 4872 749 4927 vita:
777 4874 931 4929 nobis
974 4874 1250 4930 conferant
1290 4879 1564 4945 praesentis
1620 4880 1893 4948 auxilium,
1937 4891 1992 4938 et

422 4967 615 5036 gaudia
640 4968 959 5036 sempiterna
988 4967 1284 5024 concilient.
1316 4970 1435 5025 Per.

462 5115 517 5186 ηε
560 5104 985 5159 Benedictionale
1024 5104 1290 5160 laudatum
1320 5104 1457 5160 hanc
1501 5104 1699 5160 Bened.
1745 5120 1849 5160 non
1889 5120 1985 5161 ex-

424 5174 790 5298 Ιὶιιῦρδιιειιιῑωῑ
814 5256 1071 5296 consensu
1102 5243 1354 5299 librorum
1384 5253 1719 5325 nostrorum.
1751 5254 1868 5325 ιθπη,
1889 5259 1982 5325 ξδ’

422 5326 671 5385 cusornm
701 5327 857 5385 quam
889 5326 1047 5366 manu
1077 5324 1438 5379 exaratorum.
1486 5315 1786 5385 assignatur
1824 5315 1985 5370 statio

419 5382 487 5432 ad
510 5383 544 5432 Α
586 5384 789 5435 ostolor.
1602 5382 1621 5385 ⁷

477 5398 713 5530 .cflujus
763 5449 962 5505 Bened.
1011 5465 1081 5505 ne
1124 5452 1339 5521 quidem
1389 5453 1825 5511 Benedictionale
1864 5468 1982 5510 me-

418 5527 777 5639 1111ἷιῃδιηίιιυι·
802 5588 871 5639 ad
892 5591 1055 5654 fontes
1077 5587 1128 5641 in
1151 5589 1248 5643 Ed.
1302 5590 1473 5645 Vatic.
1501 5600 1556 5645 et
1577 5590 1872 5646 Gussanvil.

491 5665 516 5692 ε
550 5653 654 5710 Pro
686 5653 915 5712 statione
941 5658 1131 5727 legitur
1180 5659 1233 5714 in
1280 5660 1501 5717 Kalend.
1551 5663 1703 5716 Rom.
1746 5662 1796 5715 in
1847 5659 1980 5717 Cod.

2103 4636 2230 4693 tune,
2256 4639 2306 4683 et
2328 4629 2605 4697 dignanter
2635 4632 2899 4701 impende,
2953 4644 3008 4689 ut
3046 4637 3238 4705 quibus
3286 4637 3404 4692 ﬁdei
3435 4641 3665 4709 gratiam

2101 4722 2393 4785 contulisti,
2422 4730 2475 4777 et
2504 4738 2756 4778 coronam
2787 4725 3027 4796 largiaris
3055 4739 3328 4785 aeternam.
3363 4731 3460 4786 Per
3479 4731 3669 4788 Domi-

2101 4829 2225 4868 num
2247 4822 2504 4867 nostrum.

2585 4892 2610 4930 Β
2657 4896 2887 4938 8ΛΒΒΛΤο
2923 4900 2975 4938 ΙΝ
3009 4901 3175 4942 Αιιιιε.

2167 4972 2428 5039 Concede,
2452 4990 2774 5043 quaesumus,
2805 4975 3142 5044 omnipotens
3173 4979 3311 5033 Deus
3333 5019 3347 5044 ,
3384 4989 3441 5034 ut
3465 4982 3549 5051 qui
3578 4981 3661 5039 fc-

2089 5107 2313 5179 l’arpeL,
2346 5117 2449 5179 etc.
2486 5126 2503 5179 :7
2529 5108 2609 5179 Ad
2635 5118 2858 5161 sanctam
2888 5107 3105 5160 Mariam
3126 5109 3193 5161 ad
3232 5109 3504 5179 Martyres.

2165 5175 2186 5215 ί
2223 5181 2275 5231 ln
2309 5178 2467 5231 nullis
2497 5178 2747 5230 librorum
2780 5186 2949 5231 nostr.
2975 5179 3087 5231 haec
3118 5180 3368 5234 occurrit.

2160 5255 2185 5293 ι
2214 5246 2316 5300 Pro
2348 5247 2570 5316 statione
2593 5247 2642 5298 in
2686 5246 2781 5299 Ed.
2809 5246 3003 5301 Parnel.
3028 5247 3232 5316 legitur
3262 5266 3274 5301 :
3304 5250 3384 5303 Ad
3426 5260 3657 5305 sanctum

2084 5316 2334 5391 {cannam
2361 5318 2413 5391 in
2443 5315 2907 5391 Laterania_._Ahe_st
2932 5314 3282 5391 i'll__Lt1iet:ant:l
3306 5333 3337 5371 a
3361 5319 3490 5391 ροά.
3519 5318 3656 5391 Reg.

2087 5385 2245 5441 Suec.
2276 5394 2328 5438 et
2352 5386 2418 5439 ab
2438 5394 2664 5451 utroque
2689 5384 2949 5439 Theoder.
2976 5385 3346 5441 Kalendarium
3366 5387 3516 5441 Rom.
3552 5384 3665 5445 tait-

2085 5462 2196 5526 tym
2226 5454 2383 5508 habet
2406 5454 2474 5506 ad
2495 5452 2776 5508 Lateranis.
2810 5455 2862 5526 In
2879 5456 3039 5526 titulo
3056 5455 3209 5526 hom.
3235 5455 3325 5526 26,
3353 5457 3404 5511 in
3426 5457 3653 5526 Evang.,

2087 5521 2215 5595 Qum
2240 5539 2351 5595 sero
2371 5534 2525 5595 esset,
2548 5533 2676 5587 etc.,
2707 5525 2844 5595 quod
2877 5524 3033 5578 hodie
3054 5524 3405 5595 Iegiturjuxta
3427 5521 3653 5584 Kalend.

2090 5591 2271 5657 Rom.,
2302 5590 2468 5646 habes
2517 5590 2739 5661 quoque
2778 5593 2963 5646 factam
2996 5590 3132 5650 esse'
3162 5596 3215 5651 in
3260 5590 3427 5652 basil.
3480 5598 3659 5656 sancti

2088 5662 2239 5718 Joan.
2272 5677 2389 5733 qua:
2418 5659 2612 5718 dicitur
2638 5659 3093 5720 Constantiniana.
