4026 6306
220 338 279 395 97
1426 321 1625 379 LIBER
1667 310 2293 377 SACIiAMENTORUM.
3426 293 3497 351 98

212 457 291 503 sta
313 442 587 516 paschalia
618 439 934 499 venerando
966 436 1195 508 egimus,
1244 448 1338 504 per
1360 432 1473 488 lucc
1502 433 1814 502 contingere
1843 442 1887 497 Α
1920 434 2229 480 sanctorum
2280 417 2511 475 cratibus
2562 414 2755 471 ascisci
2810 410 3051 468 valeatis.
3108 408 3299 463 Amen.
3346 408 3495 474 Quod

214 538 279 592 ad
307 535 500 608 gaudia
520 542 729 588 aeterna
755 544 1076 586 mereamur.
1128 528 1251 581 Per.

292 631 470 699 Super
510 624 711 679 obium.
763 653 836 664 -—
879 618 1145 683 Concede,
1195 630 1524 685 quaasumus,
1570 614 1815 682 Domine,

216 734 440 789 semper
469 730 563 771 nos
589 729 688 783 per
718 714 835 767 haec
876 708 1127 780 mysteria
1164 705 1439 776 paschalia
1462 705 1738 772 gratulari,
1764 711 1822 758 nt

217 810 475 862 continua
504 813 705 859 nostra!
736 800 1089 871 reparationis
1133 796 1376 867 Operatio
1424 805 1694 863 perpetua:
1724 807 1822 847 no-

219 899 303 952 bis
340 898 608 949 liatcausa
640 891 863 946 lmtitizn.
896 889 1018 943 Per.

228 1043 233 1046 ,
294 985 575 1054 Praefatio.
603 1008 679 1021 —
710 981 849 1036 Vere
875 979 1095 1047 dignum
1146 984 1201 1031 et
1242 976 1446 1044 justum
1476 982 1576 1038 est,
1609 986 1821 1048 regnum

218 1087 276 1131 et
308 1078 576 1142 salutare,
598 1088 696 1128 nos
727 1071 823 1127 tibi
852 1085 1066 1138 semper
1093 1077 1149 1122 et
1173 1069 1370 1136 ubique
1398 1076 1596 1135 grattas
1639 1080 1821 1135 agere,

224 1167 461 1221 Domine
482 1174 688 1229 sancte,
712 1164 872 1217 Pater
893 1160 1255 1228 omnipotens,
1284 1166 1485 1211 aeterne
1517 1158 1653 1210 Deus
1683 1172 1697 1210 :
1732 1170 1826 1223 per

222 1275 391 1326 quem
422 1257 694 1326 supplices
723 1252 1085 1322 exposcimus,
1115 1263 1171 1304 ut
1201 1249 1351 1318 cujus
1376 1246 1613 1302 muneris
1638 1248 1827 1315 pignus

222 1351 568 1419 accepimus,
592 1347 873 1400 manifesta
893 1346 1033 1399 dona
1053 1342 1508 1410 comprehendere
1529 1342 1825 1393 valeamus.

226 1441 298 1495 Et
332 1455 453 1509 qua:
512 1437 667 1491 nobis
723 1434 950 1489 ﬁdeliter
995 1431 1260 1502 speranda
1306 1429 1553 1498 paschale
1604 1428 1831 1482 contulit

228 1538 636 1586 sacramentum
674 1568 689 1591 ,
737 1541 831 1593 per
890 1522 1319 1579 Resurrectionis
1377 1520 1495 1587 ejus
1570 1521 1831 1589 attingere

236 1636 551 1678 tuereau.ur
580 1617 849 1672 ineffabile
876 1615 1209 1685 mysterium.
1243 1612 1345 1666 Per
1367 1625 1547 1679 quem.

307 1714 388 1767 Te
411 1714 595 1782 igitur,
624 1713 756 1764 sicut
778 1710 829 1762 in
857 1707 1084 1760 Pascha.

312 1804 627 1858 Benedictio.

308 1899 419 1965 ει
445 1896 524 1947 Ad
545 1892 934 1962 Corripiendum.
956 1918 1032 1931 —
1058 1886 1460 1955 Redemptiouis
1492 1894 1689 1940 nostrae
1712 1899 1827 1936 tnu-

240 2004 376 2043 nere
403 1987 655 2056 vegetati,
689 1997 1015 2054 quaesumus,
1053 1982 1292 2046 Domine,
1328 1990 1385 2033 ιιι
1426 1982 1527 2033 hoc
1560 1988 1830 2047 perpetua:

237 2078 434 2132 salutis
483 2076 736 2128 auxilium
791 2074 923 2126 lides
963 2087 1174 2141 semper
1218 2086 1345 2125 vera
1375 2069 1533 2139 (551)
1563 2069 1823 2139 perﬁciat.

316 2170 400 2220 Ad
461 2165 1000 2235 Vrsperos.—Deus,
1044 2163 1211 2231 totius
1251 2163 1497 2217 conditor
1543 2170 1830 2225 creaturae,

244 2261 480 2316 famulos
544 2270 703 2324 tuos,
751 2270 887 2327 quos
940 2260 1088 2309 lonte
1128 2255 1395 2309 renovasti
1461 2253 1831 2321 baptismatis,

244 2366 495 2424 quosque
518 2351 705 2421 gratim
738 2361 839 2403 tua:
863 2346 1196 2418 plenitudine
1217 2345 1481 2407 solidasti,
1515 2346 1567 2399 in
1599 2344 1836 2412 adoptio-

245 2448 332 2498 nis
379 2450 531 2497 Sorte
580 2441 747 2495 iacias
793 2439 1077 2510 dignanter
1133 2437 1351 2492 ascribi.
1404 2435 1504 2490 Per
1552 2435 1831 2489 Dominum

243 2546 400 2593 nostr
402 2552 513 2590 um.

319 2628 403 2680 Ad
462 2629 647 2697 fontes.
680 2654 749 2664 —-
788 2626 929 2678 Deus
955 2662 970 2686 ,
1030 2621 1120 2690 qui
1176 2618 1494 2689 multiplicas
1538 2617 1832 2672 Ecclesiam

250 2730 401 2773 tuam
435 2721 489 2773 in
519 2717 707 2772 sobole
739 2718 1158 2780 renascentium,
1192 2714 1273 2767 iac
1303 2728 1419 2766 eam
1448 2714 1681 2781 gaudere
1718 2724 1840 2777 pro-

253 2812 421 2882 pitius
440 2812 508 2867 de
534 2825 757 2865 suorum
788 2807 1107 2878 profectibus
1139 2806 1387 2860 ﬁliorum.
1423 2804 1525 2859 Per
1556 2802 1837 2857 Dominum

253 2913 504 2959 nostrum
513 2942 527 2956 .

538 3010 693 3081 (552)
725 3024 972 3065 DOIIINICA
1012 3021 1250 3062 ocnvas
1275 3014 1297 3042 ⁸
1326 3020 1562 3061 PASCIUE.

326 3127 555 3191 Praesta,
586 3138 915 3195 quaesumus,
944 3122 1283 3190 omnipotens
1321 3121 1484 3183 Deus,
1530 3126 1589 3172 ut
1619 3116 1709 3187 qui
1751 3130 1840 3184 pa-

1925 517 2040 583 ipse
2062 520 2338 582 praestare.

1992 604 2074 657 Ad
2120 599 2514 670 Comptendum.
2554 595 2982 665 ——_Qntesumus
3007 630 3024 657 ,
3075 589 3303 642 Domine
3362 586 3499 639 Deus

1922 706 2128 761 neSter,
2164 702 2221 747 ut
2251 698 2591 747 sacrosancta
2625 687 2903 758 mysteria,
2937 698 3056 753 quae
3087 694 3184 749 pro
3214 679 3505 746 reparatio»

1924 789 2010 840 nis
2055 794 2255 839 nostra:
2309 782 2603 837 munimine
2637 776 2935 840 contulisti,
2976 784 3030 828 et
3070 784 3306 841 praesens
3350 768 3502 822 nobis

1923 874 2220 931 remedium
2250 887 2374 927 esse
2401 871 2565 925 facias
2591 880 2646 923 et
2669 869 2926 922 futurum.
2953 863 3077 918 Per.

1995 966 2134 1017 Alia.
2160 991 2227 1002 ——
2252 962 2410 1026 Deus,
2437 961 2525 1027 qui
2558 972 2655 1012 nos
2686 956 2860 1011 iecisti
2886 956 3144 1010 hodierna
3168 951 3254 1005 die
3279 948 3501 1018 pascha-

1924 1055 1997 1109 lia
2049 1054 2183 1108 iesta
2225 1052 2522 1112 celebrare,
2555 1046 2640 1101 fac
2683 1062 2800 1111 nos,
2841 1058 3168 1115 quaesumus,
3217 1044 3271 1095 in
3300 1037 3505 1093 caelesti

1927 1158 2091 1213 regno
2121 1140 2372 1214 gaudere.
2404 1140 2525 1191 Per.

1998 1235 2080 1288 Ad
2122 1233 2388 1300 Vesperos.
2418 1258 2490 1269 -—
2521 1228 2683 1291 Deus,
2715 1226 2805 1293 qui
2848 1238 2947 1279 nos
2973 1221 3362 1276 exsultantibus
3391 1219 3506 1272 ani-

1929 1327 2032 1381 mis
2065 1324 2271 1379 Pascha
2307 1334 2454 1376 tuum
2484 1322 2595 1389 82
2634 1318 2909 1370 Celebrare
2956 1313 3212 1373 tribuisti,
3261 1312 3340 1362 iac
3388 1323 3506 1373 nos,

1929 1430 2272 1487 quresumus,
2311 1422 2366 1467 et
2412 1406 2796 1479 temporalibus
2843 1404 3078 1474 gaudere
3119 1399 3404 1462 subsidiis,
3455 1408 3510 1452 et

1930 1507 2248 1565 atternitatis
2285 1504 2567 1559 aﬂ'ecﬁbus
2606 1498 2883 1570 gratulari.
2937 1495 3037 1549 Per
3079 1493 3363 1546 Dominum
3412 1505 3511 1543 no-

1931 1607 2126 1654 strum.

2200 1692 2352 1757 (05's)
2377 1699 2515 1739 sua:
2543 1692 2566 1720 ο
2596 1691 2888 1736 οιιΑτιοΝεε
2917 1686 3235 1730 ιδλεειιιιιεε.

2022 1779 2185 1843 Deus,
2216 1775 2305 1844 qui
2336 1775 2615 1828 credentes
2654 1771 2708 1823 in
2741 1776 2793 1822 te
2821 1767 2969 1820 fonte
2998 1760 3333 1831 baptismatis
3363 1760 3517 1813 inno-

1937 1871 2095 1935 vasti,
2130 1871 2264 1922 hanc
2292 1866 2492 1921 renatis
2521 1865 2573 1917 in
2602 1861 2817 1917 Christo
2845 1857 3079 1912 concede
3108 1852 3426 1917 custodiam,
3462 1859 3519 1904 ut

1933 1961 2078 2017 nullo
2098 1959 2299 2014 erroris
2321 1958 2537 2011 incursu
2565 1955 2791 2025 gratiam
2820 1961 2924 2005 tuae
2952 1948 3337 2005 benedictionis
3363 1944 3519 1998 amit-

1934 2062 2068 2108 tant.
2102 2051 2202 2105 Per
2228 2049 2501 2103 eumdem.

2006 2140 2429 2203 Alia.—Deus,
2460 2138 2550 2206 qui
2600 2136 2665 2189 ad
2716 2142 2967 2189 aeternam
3015 2132 3177 2186 vitam
3219 2130 3272 2183 in
3325 2126 3519 2184 Christi

1934 2232 2349 2288 Resurrectione
2374 2243 2474 2282 nos
2522 2239 2763 2295 reparas,
2795 2225 2939 2291 erige
2988 2236 3085 2275 nos
3123 2225 3189 2273 ad
3220 2218 3519 2273 conseden-

1938 2333 2041 2378 tem
2073 2324 2126 2375 in
2165 2321 2381 2375 dextera
2423 2328 2511 2371 tua
2560 2324 2757 2368 nostra:
2783 2312 2969 2366 salutis
3000 2323 3297 2375 anetorem,
3331 2317 3388 2360 ut
3418 2306 3511 2376 qui

1937 2422 2157 2484 propter
2186 2426 2286 2465 nos
2312 2407 2632 2478 iudicandus
2668 2405 2901 2466 advenit,
2933 2416 3031 2469 pro
3068 2400 3222 2453 nobis
3244 2399 3515 2467 judicatu-

1936 2518 2028 2557 rus
2059 2502 2309 2556 adveniat
2335 2498 2488 2553 .lesus
2518 2495 2763 2550 Christus
2793 2493 2959 2547 Filiu's
2982 2501 3104 2546 tuus
3131 2490 3387 2544 Dominus
3418 2503 3521 2542 no-

1937 2606 2069 2651 ster.
2096 2593 2196 2661 Qui
2226 2605 2399 2647 tecum
2431 2591 2564 2644 vivit
2587 2597 2640 2641 et
2667 2592 2875 2655 regnat.

2010 2684 2151 2738 Alia.
2175 2708 2247 2722 --
2267 2681 2409 2736 Deus
2433 2688 2489 2733 et
2534 2684 2810 2745 reparator
2842 2673 3162 2727 innocentiae
3190 2679 3245 2726 et
3289 2678 3518 2736 amator,

1939 2773 2109 2844 dirige
2136 2773 2203 2826 ad
2232 2780 2288 2824 te
2318 2782 2530 2823 tuorum
2557 2765 2718 2820 corda
2741 2776 3041 2828 servorum,
3070 2770 3127 2815 ut
3147 2760 3215 2814 de
3240 2758 3527 2813 inﬁdelita-

1946 2869 2016 2921 tis
2063 2863 2297 2918 tenebris
2346 2860 2581 2923 liberati,
2631 2870 2899 2926 nunquam
2931 2870 2961 2908 a
2992 2863 3095 2908 tuae
3138 2851 3377 2907 veritatis
3405 2850 3526 2905 luce

1942 2953 2239 3010 discedant.
2267 2951 2368 3005 Per
2398 2948 2700 3003 Dominum.

2015 3044 2157 3099 Alia.
2186 3072 2258 3083 —
2286 3042 2447 3104 Deus,
2490 3039 2580 3108 qtti
2609 3039 2891 3092 credentes
2931 3035 2986 3090 in
3017 3045 3068 3090 te
3092 3034 3313 3103 populos
3339 3032 3523 3102 gratia:

1947 3144 2051 3191 tua:
2096 3133 2336 3202 largitate
2384 3128 2727 3197 multiplicas,
2778 3126 2988 3196 respice
3019 3124 3277 3193 propitius
3317 3123 3382 3176 ad
3414 3123 3525 3176 ele-

263 3220 471 3275 schalia
508 3220 643 3273 festa
670 3216 993 3286 peregimus,
1036 3213 1171 3278 haec,
1210 3221 1261 3267 te
1296 3211 1575 3279 largiente,
1606 3207 1843 3262 moribus

1953 3225 2175 3280 ctionem
2221 3233 2391 3288 tuam,
2432 3218 2605 3287 utqui
2652 3224 2988 3271 sacramento
3037 3214 3371 3281 baptismatis
3402 3219 3528 3268 sunt

264 3320 320 3365 et
343 3312 447 3364 vita
471 3320 774 3364 teneamus.
804 3307 907 3361 Per
938 3305 1216 3359 Dominum
1254 3312 1515 3357 nostrum.

336 3399 512 3467 Sttch
542 3398 737 3453 oblata.
769 3396 1083 3464 —Suscipe
1105 3407 1347 3456 munera,
1382 3405 1711 3460 quaasumus,
1746 3391 1842 3443 Ι)οσ

265 3498 433 3559 utine,
462 3490 788 3546 exsultantis
814 3486 1089 3551 Ecclesiai,
1120 3494 1175 3540 et
1200 3485 1284 3538 cui
1310 3498 1524 3537 causam
1558 3485 1691 3537 tanti
1728 3499 1854 3552 gau-

276 3583 353 3636 dii
380 3579 698 3650 prmstitisti,
732 3586 1046 3648 perpetuum
1078 3574 1305 3628 fructum
1349 3572 1585 3627 concede
1628 3572 1848 3627 laetitiae.

342 3671 616 3742 Prwfatio.
645 3699 713 3709 —
737 3668 873 3722 Vere
912 3667 1132 3735 dignum
1168 3674 1225 3718 et
1248 3664 1449 3733 justum
1492 3673 1596 3728 est,
1641 3677 1851 3731 aequum

266 3772 325 3819 et
355 3762 590 3816 salutare
644 3773 745 3813 nos
774 3758 870 3811 tibi
897 3770 1111 3822 semper
1136 3764 1190 3810 et
1222 3755 1417 3822 ubique
1452 3753 1647 3820 gratias
1672 3768 1851 3820 agere,

270 3859 502 3912 Domine
548 3860 757 3919 sancte,
812 3850 969 3904 Pater
1016 3850 1376 3916 omnipotens,
1419 3854 1619 3900 aeterne
1671 3851 1808 3899 Dens
1835 3883 1852 3909 ,

272 3957 323 4002 et
371 3957 422 4002 te
464 3942 780 4013 suppliciter
809 3941 1115 4006 obsecrare,
1176 3952 1243 3991 ne
1293 3950 1390 3991 nos
1427 3935 1494 3989 ad
1533 3934 1678 3988 illum
1711 3934 1858 3988 siuas

271 4040 453 4097 sedire
500 4047 680 4093 actum
703 4035 790 4090 cui
837 4034 957 4104 jure
1005 4031 1308 4087 dominatur
1351 4028 1618 4091 inimicus,
1660 4027 1755 4081 sed
1806 4027 1857 4079 in

272 4130 376 4186 hac
415 4129 593 4198 potius
650 4126 815 4180 iacias
859 4121 1192 4177 absolutione
1241 4118 1549 4187 persistere,
1578 4131 1672 4186 per
1699 4130 1858 4185 quam

274 4222 519 4278 diabolus
564 4219 798 4283 exstitit,
849 4214 986 4270 Filio
1029 4220 1121 4267 tuo
1165 4210 1433 4275 vincente,
1481 4214 1746 4277 captivus.
1798 4208 1864 4261 Et

274 4314 541 4370 ideocutn
566 4309 791 4379 angelis.

355 4423 382 4463 δ
409 4422 733 4477 Benedictio.
766 4448 836 4460 —-
868 4418 1032 4485 Dens,
1062 4414 1218 4485 cujus
1244 4412 1560 4482 Unigenitus
1591 4410 1859 4479 discipulis

281 4518 393 4572 suis
417 4517 602 4584 januls
654 4513 857 4568 clausis
891 4512 1139 4580 dignatus
1183 4519 1264 4562 est
1314 4521 1593 4576 apparere,
1633 4520 1743 4559 sua:
1772 4518 1867 4558 vos

1948 3315 2143 3381 renati,
2172 3311 2323 3382 regni
2358 3310 2593 3365 ctelestis
2623 3317 2925 3362 mereantur
2959 3305 3257 3359 introitum.
3292 3303 3419 3357 Per.

2020 3404 2159 3459 Alia.
2190 3432 2261 3443 —
2288 3401 2636 3469 Omnipotens
2667 3397 2990 3466 sempiterne
3032 3394 3193 3456 Deus,
3221 3393 3311 3462 qui
3344 3393 3533 3445 hutna-

1953 3510 2076 3551 nam
2108 3504 2353 3549 naturam
2381 3505 2541 3560 supra
2574 3490 2756 3558 prima:
2784 3486 3006 3554 originis
3048 3498 3264 3554 repares
3304 3484 3532 3551 dignita-

1954 3596 2085 3652 tein,
2121 3585 2329 3654 respice
2353 3581 2565 3652 pietatis
2596 3591 2701 3633 tuae
2730 3577 2999 3632 ineliahile
3043 3582 3455 3639 sacramentum,
3480 3582 3537 3628 et

1955 3691 2090 3747 quos
2131 3674 2550 3745 regenerationis
2590 3669 2846 3741 mysterio
2895 3670 3152 3722 innovare
3180 3667 3424 3736 dignatus
3447 3683 3531 3729 es.

1958 3767 2015 3821 in
2067 3767 2149 3820 his
2187 3765 2327 3835 dona
2371 3775 2457 3819 tua
2496 3770 2769 3833 perpetuae
2811 3759 3000 3830 gratia:
3038 3760 3369 3829 protectione
3407 3775 3537 3815 con-

1957 3872 2134 3915 serva.
2165 3856 2288 3911 Per.

2029 3950 2173 4003 Alia.
2199 3978 2270 3989 -—
2290 3948 2638 4015 Omnipotens
2680 3944 3003 4014 sempiterne
3035 3943 3194 4008 Dens,
3223 3940 3396 3996 deduc
3436 3955 3534 3995 nos

1961 4041 2028 4096 ad
2054 4043 2367 4096 societatem
2393 4038 2694 4094 caelestium
2724 4036 3061 4105 gaudiorum,
3099 4043 3155 4086 ut
3180 4034 3379 4102 Spiritu
3406 4046 3534 4085 san-

1962 4143 2050 4187 cto
2079 4140 2297 4187 renatos
2335 4144 2555 4198 regnum
2589 4137 2734 4181 tuntn
2781 4126 2945 4180 iacias
2982 4125 3226 4186 introire,
3275 4131 3433 4191 atque
3472 4136 3539 4174 eo

1967 4222 2248 4293 perveniat
2294 4218 2566 4273 humilitas
2596 4216 2797 4285 gregis,
2841 4228 2947 4284 quo
2978 4214 3252 4283 prazcessit
3279 4211 3543 4266 celsitudo

1969 4313 2227 4370 Pastoris.
2251 4311 2350 4377 Qui
2381 4317 2553 4363 tecum
2577 4306 2727 4361 vivit.

2041 4405 2182 4458 Alia.
2211 4431 2281 4441 —
2304 4402 2461 4464 Deus,
2509 4398 2599 4468 qui
2646 4409 2742 4463 pro
2780 4394 2954 4449 salute
3005 4394 3188 4447 mundi
3222 4392 3544 4449 sacrilicium

1975 4493 2225 4562 paschale
2265 4490 2461 4553 fecisti,
2488 4488 2775 4555 propitiare
2820 4483 3297 4554 supplicationibus
3328 4486 3549 4550 nostris,

288 4606 683 4663 benedictionis
727 4605 868 4657 dono
896 4604 1222 4672 locupletare
1254 4607 1308 4652 et
1347 4573 1582 4651 ctelestis
1616 4596 1767 4649 vobis
1796 4608 1871 4648 re-
1901 4573 1949 4633 Ῐ)
1975 4595 2028 4639 ει
2074 4582 2416 4653 interpellans
2466 4595 2560 4649 pro
2610 4578 2764 4634 nobis
2810 4576 3047 4632 Pontifex
3089 4590 3359 4642 summus,
3398 4575 3550 4645 (554)

281 4698 372 4766 gni
412 4697 608 4765 januas
636 4695 891 4763 dignetur
939 4692 1174 4759 aperire.
1226 4690 1417 4742 Amen.
1451 4687 1512 4740 Et
1538 4686 1629 4755 qui
1678 4685 1747 4738 ab
1773 4700 1869 4738 eo-

284 4803 402 4842 rum
435 4785 747 4856 pectoribus
785 4791 985 4837 attactu
1021 4778 1105 4835 sui
1136 4779 1378 4846 corporis
1408 4776 1600 4830 vulnus
1629 4786 1871 4842 amputa-

286 4879 368 4932 vit
390 4875 713 4938 dubietatis,
737 4870 996 4927 concedat
1033 4880 1091 4924 ut
1119 4883 1211 4939 per
1233 4868 1390 4922 [idem
1410 4880 1513 4936 qua
1543 4880 1665 4919 eum
1696 4878 1875 4918 resur-

290 4969 494 5024 rexisse
546 4964 773 5023 creditis
799 4964 1041 5018 omnium
1069 4961 1389 5017 delictorum
1437 4957 1662 5013 maculis
1693 4970 1876 5011 carea-

293 5064 387 5115 tis.
434 5064 631 5115 Amen.
673 5057 744 5113 Et
797 5057 887 5126 qui
946 5070 1067 5110 cum
1116 5054 1320 5109 Thoma
1374 5053 1538 5107 Deum
1594 5060 1648 5106 et
1698 5048 1878 5103 Domi-

294 5169 421 5208 num
450 5151 696 5215 creditis,
736 5157 793 5205 et
812 5148 1029 5205 cernuis
1057 5146 1280 5201 vocibus
1310 5142 1594 5207 invocatis,
1628 5142 1695 5196 ab
1723 5156 1795 5196 eo
1823 5148 1879 5194 et

291 5243 351 5298 in
396 5246 497 5299 hoc
540 5239 742 5315 seculo
771 5255 801 5293 a
834 5237 990 5293 malis
1032 5236 1280 5289 omnibus
1306 5233 1464 5298 tueri,
1495 5242 1550 5287 et
1595 5234 1648 5286 in
1696 5230 1874 5286 futuro

371 5390 397 5418 ἰ
421 5378 576 5449 Apud
626 5376 919 5449 Pamelium
963 5372 1153 5449 ιιοιιιιιιΔ
1181 5369 1427 5449 subditur
1456 5367 1590 5449 ξ’ᾼίι

298 5434 655 5505 Pancratium.
686 5445 841 5500 Nulla
869 5445 1027 5496 statio
1052 5443 1348 5509 assignatur
1377 5440 1427 5491 in
1456 5435 1679 5509 Kalend.
1710 5434 1865 5509 [ιο-ιιι.

298 5500 578 5575 secundus
599 5515 871 5570 Theoder.
900 5514 1055 5567 habet
1076 5529 1090 5564 ε
1116 5500 1194 5563 ΑΗ
1214 5519 1416 5564 sanctos
1444 5508 1676 5575 Cosmum
1696 5515 1742 5575 et
1765 5500 1873 5554 Da-

299 5574 565 5653 vitiarium;
592 5584 739 5655 quod
776 5583 936 5637 etiam
978 5582 1263 5655 praellgitur
1290 5578 1507 5655 itt_Cod.
1539 5574 1668 5645 Reg.
1713 5574 1874 5629 Suec.

300 5649 639 5715 Orationiad
673 5655 936 5721 Vesperos
962 5649 1197 5721 ejusdem
1228 5649 1537 5721 Dominicie.

381 5731 404 5766 υ
434 5730 556 5783 ιιιιξε
607 5718 912 5780 Benedictio
959 5718 1140 5775 nullibi
1170 5720 1324 5775 nobis
1371 5718 1622 5779 occurrit,
1655 5723 1873 5785 przrter-

1978 4695 2074 4735 nos
2104 4694 2199 4748 per
2225 4678 2277 4732 id
2305 4675 2447 4745 quod
2493 4673 2661 4730 nostri
2682 4683 2767 4728 est
2794 4672 2983 4727 similis
3011 4671 3340 4735 reconciliet,
3367 4684 3461 4735 per
3496 4670 3551 4724 id

1976 4772 2116 4841 quod
2148 4770 2246 4827 tibi
2283 4777 2366 4824 est
2396 4766 2618 4836 mqnalis
2651 4766 2892 4821 absolvat
2926 4764 3080 4819 Jesus
3109 4762 3353 4817 Christus
3384 4761 3552 4817 Filius

1981 4873 2123 4917 ιιιιιε.

2051 4953 2189 5005 Atia.
2214 4978 2283 4990 —
2313 4949 2514 5005 Praesta
2555 4946 2729 5013 nobis,
2767 4943 3107 5012 omnipotens
3153 4950 3209 4996 et
3252 4941 3558 4999 misericors

1986 5044 2149 5107 Deus,
2185 5050 2241 5097 ut
2272 5042 2323 5095 in
2354 5038 2765 5094 Resurrectione
2792 5033 3001 5090 Domini
3031 5033 3202 5087 nostri
3243 5032 3373 5087 Jesu
3400 5033 3560 5086 ωηι-

1983 5137 2051 5191 sti
2076 5133 2425 5204 percipiamus
2441 5131 2703 5187 veraciter
2732 5126 3049 5197 portionem.
3082 5125 3184 5194 Qui
3215 5134 3387 5179 tecum
3412 5124 3558 5177 vivit.

2055 5227 2194 5281 Atia.
2224 5224 2478 5292 —Deus,
2525 5220 2616 5292 qui
2651 5219 2719 5273 ad
2771 5229 3026 5273 aeternam
3056 5217 3217 5272 vitam
3269 5221 3320 5270 in
3364 5213 3560 5275 Christi

1638 5374 1871 5419 sanctum
1976 5376 2134 5431 quam
2163 5361 2214 5415 in
2243 5358 2437 5431 Codice
2468 5353 2750 5431 Grimuldi,
2778 5366 2933 5421 quem
2966 5350 3227 5431 Pamelius
3279 5350 3449 5431 edidit
3476 5350 3563 5405 Li-

1980 5420 2192 5499 t'urgic.,
2225 5439 2370 5499 tomo
2402 5426 2591 5499 l|,Aubi
2636 5420 2837 5489 tamen,
2886 5437 2982 5492 pro
3033 5421 3099 5475 Et
3138 5420 3225 5489 qui
3250 5422 3314 5472 ab
3363 5438 3560 5488 serunt,

1980 5496 2173 5569 legitur
2196 5517 2209 5552 :
2237 5497 2303 5553 Ut
2324 5499 2410 5566 qui
2438 5496 2502 5569 ait
2531 5510 2725 5569 eorum,
2751 5502 2855 5547 etc.

2056 5560 2254 5639 sApud
2304 5560 2595 5639 Pamelinm
2622 5566 2795 5639 longe
2826 5564 3003 5631 plures
3048 5560 3385 5639 assignantur
3426 5560 3556 5613 Ora-

1984 5631 2164 5698 tiones
2182 5637 2483 5706 Paschales,
2504 5645 2559 5691 et
2588 5633 2858 5706 pleraeque
2887 5650 2914 5686 a
2946 5633 3143 5687 nostris
3171 5631 3421 5686 diversae.
