  <div class='ocr_page' id='page_1' title='image "/cluster/home/n/w/nwhite01/storage/ocr_20150623/78/uva.x000827090/057.png"; bbox 0 0 4026 6316; ppageno 0'>
   <div class='ocr_carea' id='block_1_1' title="bbox 552 290 2615 355">
    <p class='ocr_par' dir='ltr' id='par_1_1' title="bbox 552 290 2615 355">
     <span class='ocr_line' id='line_1_1' title="bbox 552 290 2615 355; baseline 0.004 -10"><span class='ocrx_word' id='word_1_1' title='bbox 552 290 620 345; x_wconf 83' lang='lat'><strong>99</strong></span> <span class='ocrx_word' id='word_1_2' title='bbox 1756 295 2002 352; x_wconf 76' lang='lat' dir='ltr'><strong>SANCTI</strong></span> <span class='ocrx_word' id='word_1_3' title='bbox 2043 298 2368 355; x_wconf 80' lang='lat' dir='ltr'><strong>CREGORII</strong></span> <span class='ocrx_word' id='word_1_4' title='bbox 2404 298 2615 354; x_wconf 78' lang='lat' dir='ltr'><strong>MAG-Nl</strong></span> 
     </span>
    </p>
   </div>
   <div class='ocr_carea' id='block_1_2' title="bbox 3705 315 3815 369">
    <p class='ocr_par' dir='ltr' id='par_1_2' title="bbox 3705 315 3815 369">
     <span class='ocr_line' id='line_1_2' title="bbox 3705 315 3815 369; baseline 0.027 -3"><span class='ocrx_word' id='word_1_5' title='bbox 3705 315 3815 369; x_wconf 77' lang='lat' dir='ltr'><strong>I00</strong></span> 
     </span>
    </p>
   </div>
   <div class='ocr_carea' id='block_1_3' title="bbox 555 400 3818 489">
    <p class='ocr_par' dir='ltr' id='par_1_3' title="bbox 555 400 3818 489">
     <span class='ocr_line' id='line_1_3' title="bbox 555 400 3818 489; baseline 0.009 -37"><span class='ocrx_word' id='word_1_6' title='bbox 555 400 964 457; x_wconf 79' lang='lat' dir='ltr'><strong>llesnrrectione</strong></span> <span class='ocrx_word' id='word_1_7' title='bbox 997 417 1093 457; x_wconf 93' lang='lat' dir='ltr'><strong>nos</strong></span> <span class='ocrx_word' id='word_1_8' title='bbox 1136 417 1370 473; x_wconf 63' lang='lat' dir='ltr'><strong>repnras,</strong></span> <span class='ocrx_word' id='word_1_9' title='bbox 1417 403 1578 472; x_wconf 83' lang='lat' dir='ltr'><strong>imple</strong></span> <span class='ocrx_word' id='word_1_10' title='bbox 1607 404 1822 472; x_wconf 86' lang='lat' dir='ltr'><strong>pietatis</strong></span> <span class='ocrx_word' id='word_1_11' title='bbox 1863 417 1964 460; x_wconf 75' lang='lat' dir='ltr'><strong>tua:</strong></span> <span class='ocrx_word' id='word_1_12' title='bbox 1990 410 2121 462; x_wconf 78' lang='lat' dir='ltr'><strong>inet—</strong></span> <span class='ocrx_word' id='word_1_13' title='bbox 2154 415 2200 472; x_wconf 79' lang='grc' dir='ltr'>Α</span> <span class='ocrx_word' id='word_1_14' title='bbox 2230 408 2345 477; x_wconf 87' lang='lat' dir='ltr'><strong>ejus</strong></span> <span class='ocrx_word' id='word_1_15' title='bbox 2377 410 2946 478; x_wconf 74' lang='lat' dir='ltr'><strong>beneﬁciaposcimus,</strong></span> <span class='ocrx_word' id='word_1_16' title='bbox 2976 412 3123 484; x_wconf 73' lang='lat'><strong>(3:26)</strong></span> <span class='ocrx_word' id='word_1_17' title='bbox 3151 414 3288 470; x_wconf 89' lang='lat' dir='ltr'><strong>dona</strong></span> <span class='ocrx_word' id='word_1_18' title='bbox 3332 425 3434 473; x_wconf 73' lang='lat' dir='ltr'><strong>tua:</strong></span> <span class='ocrx_word' id='word_1_19' title='bbox 3460 422 3647 489; x_wconf 67' lang='lat' dir='ltr'><strong>gratiae</strong></span> <span class='ocrx_word' id='word_1_20' title='bbox 3679 437 3818 480; x_wconf 68' lang='lat' dir='ltr'><strong>con~</strong></span> 
     </span>
    </p>
   </div>
   <div class='ocr_carea' id='block_1_4' title="bbox 554 494 2125 562">
    <p class='ocr_par' dir='ltr' id='par_1_4' title="bbox 554 494 2125 562">
     <span class='ocr_line' id='line_1_4' title="bbox 554 494 2125 562; baseline 0.005 -17"><span class='ocrx_word' id='word_1_21' title='bbox 554 494 710 549; x_wconf 65' lang='lat' dir='ltr'><strong>labile</strong></span> <span class='ocrx_word' id='word_1_22' title='bbox 745 504 1158 560; x_wconf 71' lang='lat' dir='ltr'><strong>sacramentum,</strong></span> <span class='ocrx_word' id='word_1_23' title='bbox 1207 504 1287 558; x_wconf 92' lang='lat' dir='ltr'><strong>ut,</strong></span> <span class='ocrx_word' id='word_1_24' title='bbox 1321 511 1438 548; x_wconf 90' lang='lat' dir='ltr'><strong>cum</strong></span> <span class='ocrx_word' id='word_1_25' title='bbox 1481 496 1530 548; x_wconf 89' lang='lat' dir='ltr'><strong>in</strong></span> <span class='ocrx_word' id='word_1_26' title='bbox 1577 497 1852 562; x_wconf 84' lang='lat' dir='ltr'><strong>Majestate</strong></span> <span class='ocrx_word' id='word_1_27' title='bbox 1889 513 1982 552; x_wconf 90' lang='lat' dir='ltr'><strong>sua</strong></span> <span class='ocrx_word' id='word_1_28' title='bbox 2011 501 2125 554; x_wconf 86' lang='lat' dir='ltr'><strong>Sal-</strong></span> 
     </span>
    </p>
   </div>
   <div class='ocr_carea' id='block_1_5' title="bbox 552 584 2124 659">
    <p class='ocr_par' dir='ltr' id='par_1_5' title="bbox 552 584 2124 659">
     <span class='ocr_line' id='line_1_5' title="bbox 552 584 2124 659; baseline 0.005 -22"><span class='ocrx_word' id='word_1_29' title='bbox 552 598 703 638; x_wconf 85' lang='lat' dir='ltr'><strong>vator</strong></span> <span class='ocrx_word' id='word_1_30' title='bbox 747 595 930 640; x_wconf 78' lang='lat' dir='ltr'><strong>noster</strong></span> <span class='ocrx_word' id='word_1_31' title='bbox 958 586 1249 647; x_wconf 79' lang='lat' dir='ltr'><strong>advenerit,</strong></span> <span class='ocrx_word' id='word_1_32' title='bbox 1288 600 1420 653; x_wconf 84' lang='lat' dir='ltr'><strong>quos</strong></span> <span class='ocrx_word' id='word_1_33' title='bbox 1446 584 1618 639; x_wconf 78' lang='lat' dir='ltr'><strong>fecisti</strong></span> <span class='ocrx_word' id='word_1_34' title='bbox 1658 589 1919 656; x_wconf 79' lang='lat' dir='ltr'><strong>baptismo</strong></span> <span class='ocrx_word' id='word_1_35' title='bbox 1969 606 2124 659; x_wconf 84' lang='lat' dir='ltr'><strong>rege-</strong></span> 
     </span>
    </p>
   </div>
   <div class='ocr_carea' id='block_1_6' title="bbox 554 675 2122 742">
    <p class='ocr_par' dir='ltr' id='par_1_6' title="bbox 554 675 2122 742">
     <span class='ocr_line' id='line_1_6' title="bbox 554 675 2122 742; baseline 0.002 -13"><span class='ocrx_word' id='word_1_36' title='bbox 554 676 752 742; x_wconf 91' lang='lat' dir='ltr'><strong>nerari,</strong></span> <span class='ocrx_word' id='word_1_37' title='bbox 798 677 956 731; x_wconf 80' lang='lat' dir='ltr'><strong>facias</strong></span> <span class='ocrx_word' id='word_1_38' title='bbox 987 676 1140 729; x_wconf 88' lang='lat' dir='ltr'><strong>beata</strong></span> <span class='ocrx_word' id='word_1_39' title='bbox 1177 675 1580 731; x_wconf 86' lang='lat' dir='ltr'><strong>immortalitate</strong></span> <span class='ocrx_word' id='word_1_40' title='bbox 1607 678 1809 732; x_wconf 80' lang='lat' dir='ltr'><strong>vestiri.</strong></span> <span class='ocrx_word' id='word_1_41' title='bbox 1843 679 1944 734; x_wconf 85' lang='lat' dir='ltr'><strong>Per</strong></span> <span class='ocrx_word' id='word_1_42' title='bbox 1975 695 2122 733; x_wconf 87' lang='lat' dir='ltr'><strong>eum-</strong></span> 
     </span>
    </p>
   </div>
   <div class='ocr_carea' id='block_1_7' title="bbox 548 767 687 821">
    <p class='ocr_par' dir='ltr' id='par_1_7' title="bbox 548 767 687 821">
     <span class='ocr_line' id='line_1_7' title="bbox 548 767 687 821; baseline -0.022 0"><span class='ocrx_word' id='word_1_43' title='bbox 548 767 687 821; x_wconf 86' lang='lat' dir='ltr'><strong>dem.</strong></span> 
     </span>
    </p>
   </div>
   <div class='ocr_carea' id='block_1_8' title="bbox 620 853 2120 926">
    <p class='ocr_par' dir='ltr' id='par_1_8' title="bbox 620 853 2120 926">
     <span class='ocr_line' id='line_1_8' title="bbox 620 853 2120 926; baseline 0.005 -21"><span class='ocrx_word' id='word_1_44' title='bbox 620 855 725 924; x_wconf 82' lang='lat'><strong>83</strong></span> <span class='ocrx_word' id='word_1_45' title='bbox 757 854 892 907; x_wconf 71' lang='lat' dir='ltr'><strong>Alia.</strong></span> <span class='ocrx_word' id='word_1_46' title='bbox 927 881 997 892; x_wconf 93' lang='lat'><strong>—</strong></span> <span class='ocrx_word' id='word_1_47' title='bbox 1031 853 1193 920; x_wconf 83' lang='lat' dir='ltr'><strong>Deus,</strong></span> <span class='ocrx_word' id='word_1_48' title='bbox 1244 853 1461 908; x_wconf 88' lang='lat' dir='ltr'><strong>humani</strong></span> <span class='ocrx_word' id='word_1_49' title='bbox 1512 857 1724 925; x_wconf 82' lang='lat' dir='ltr'><strong>generis</strong></span> <span class='ocrx_word' id='word_1_50' title='bbox 1773 857 2019 912; x_wconf 79' lang='lat' dir='ltr'><strong>COIIdllOI‘</strong></span> <span class='ocrx_word' id='word_1_51' title='bbox 2069 868 2120 926; x_wconf 84' lang='lat' dir='ltr'><strong>et</strong></span> 
     </span>
    </p>
   </div>
   <div class='ocr_carea' id='block_1_9' title="bbox 545 941 2120 1014">
    <p class='ocr_par' dir='ltr' id='par_1_9' title="bbox 545 941 2120 1014">
     <span class='ocr_line' id='line_1_9' title="bbox 545 941 2120 1014; baseline 0.006 -20"><span class='ocrx_word' id='word_1_52' title='bbox 545 943 889 1008; x_wconf 75' lang='lat' dir='ltr'><strong>Redemptor,</strong></span> <span class='ocrx_word' id='word_1_53' title='bbox 933 941 1021 1006; x_wconf 89' lang='lat' dir='ltr'><strong>da,</strong></span> <span class='ocrx_word' id='word_1_54' title='bbox 1056 958 1379 1010; x_wconf 74' lang='lat' dir='ltr'><strong>qua-sumus,</strong></span> <span class='ocrx_word' id='word_1_55' title='bbox 1413 954 1469 998; x_wconf 90' lang='lat' dir='ltr'><strong>ut</strong></span> <span class='ocrx_word' id='word_1_56' title='bbox 1527 947 1880 1014; x_wconf 88' lang='lat' dir='ltr'><strong>reparationis</strong></span> <span class='ocrx_word' id='word_1_57' title='bbox 1925 956 2120 1003; x_wconf 75' lang='lat' dir='ltr'><strong>nostrm</strong></span> 
     </span>
    </p>
   </div>
   <div class='ocr_carea' id='block_1_10' title="bbox 544 1029 2116 1102">
    <p class='ocr_par' dir='ltr' id='par_1_10' title="bbox 544 1029 2116 1102">
     <span class='ocr_line' id='line_1_10' title="bbox 544 1029 2116 1102; baseline 0.006 -20"><span class='ocrx_word' id='word_1_58' title='bbox 544 1029 734 1082; x_wconf 87' lang='lat' dir='ltr'><strong>collata</strong></span> <span class='ocrx_word' id='word_1_59' title='bbox 757 1029 1012 1094; x_wconf 86' lang='lat' dir='ltr'><strong>subsidia,</strong></span> <span class='ocrx_word' id='word_1_60' title='bbox 1047 1041 1096 1084; x_wconf 92' lang='lat' dir='ltr'><strong>te</strong></span> <span class='ocrx_word' id='word_1_61' title='bbox 1118 1031 1316 1099; x_wconf 87' lang='lat' dir='ltr'><strong>jugiter</strong></span> <span class='ocrx_word' id='word_1_62' title='bbox 1339 1034 1651 1102; x_wconf 80' lang='lat' dir='ltr'><strong>inspirante,</strong></span> <span class='ocrx_word' id='word_1_63' title='bbox 1680 1047 1970 1092; x_wconf 78' lang='lat' dir='ltr'><strong>sectemur.</strong></span> <span class='ocrx_word' id='word_1_64' title='bbox 1993 1038 2116 1092; x_wconf 86' lang='lat' dir='ltr'><strong>Per.</strong></span> 
     </span>
    </p>
   </div>
   <div class='ocr_carea' id='block_1_11' title="bbox 614 1118 2120 1194">
    <p class='ocr_par' dir='ltr' id='par_1_11' title="bbox 614 1118 2120 1194">
     <span class='ocr_line' id='line_1_11' title="bbox 614 1118 2120 1194; baseline 0.007 -24"><span class='ocrx_word' id='word_1_65' title='bbox 614 1120 752 1170; x_wconf 80' lang='lat' dir='ltr'><strong>Alia.</strong></span> <span class='ocrx_word' id='word_1_66' title='bbox 785 1148 855 1157; x_wconf 88' lang='lat'><strong>—</strong></span> <span class='ocrx_word' id='word_1_67' title='bbox 883 1118 1046 1185; x_wconf 88' lang='lat' dir='ltr'><strong>Deus,</strong></span> <span class='ocrx_word' id='word_1_68' title='bbox 1090 1122 1181 1190; x_wconf 87' lang='lat' dir='ltr'><strong>qui</strong></span> <span class='ocrx_word' id='word_1_69' title='bbox 1216 1125 1412 1176; x_wconf 85' lang='lat' dir='ltr'><strong>renatis</strong></span> <span class='ocrx_word' id='word_1_70' title='bbox 1431 1139 1493 1177; x_wconf 80' lang='lat' dir='ltr'><strong>ex</strong></span> <span class='ocrx_word' id='word_1_71' title='bbox 1525 1135 1736 1194; x_wconf 86' lang='lat' dir='ltr'><strong>aqua-et</strong></span> <span class='ocrx_word' id='word_1_72' title='bbox 1763 1127 1962 1194; x_wconf 81' lang='lat' dir='ltr'><strong>Spiritu</strong></span> <span class='ocrx_word' id='word_1_73' title='bbox 1995 1143 2120 1181; x_wconf 89' lang='lat' dir='ltr'><strong>san-</strong></span> 
     </span>
    </p>
   </div>
   <div class='ocr_carea' id='block_1_12' title="bbox 541 1212 2120 1286">
    <p class='ocr_par' dir='ltr' id='par_1_12' title="bbox 541 1212 2120 1286">
     <span class='ocr_line' id='line_1_12' title="bbox 541 1212 2120 1286; baseline 0.006 -22"><span class='ocrx_word' id='word_1_74' title='bbox 541 1221 630 1265; x_wconf 91' lang='lat' dir='ltr'><strong>cto</strong></span> <span class='ocrx_word' id='word_1_75' title='bbox 666 1212 905 1267; x_wconf 75' lang='lat' dir='ltr'><strong>caelestis</strong></span> <span class='ocrx_word' id='word_1_76' title='bbox 934 1213 1082 1280; x_wconf 89' lang='lat' dir='ltr'><strong>regni</strong></span> <span class='ocrx_word' id='word_1_77' title='bbox 1124 1214 1311 1282; x_wconf 90' lang='lat' dir='ltr'><strong>pandis</strong></span> <span class='ocrx_word' id='word_1_78' title='bbox 1354 1215 1647 1284; x_wconf 85' lang='lat' dir='ltr'><strong>introitum,</strong></span> <span class='ocrx_word' id='word_1_79' title='bbox 1687 1232 1820 1286; x_wconf 86' lang='lat' dir='ltr'><strong>auge</strong></span> <span class='ocrx_word' id='word_1_80' title='bbox 1850 1232 2013 1286; x_wconf 83' lang='lat' dir='ltr'><strong>super</strong></span> <span class='ocrx_word' id='word_1_81' title='bbox 2041 1219 2120 1273; x_wconf 82' lang='lat' dir='ltr'><strong>fa-</strong></span> 
     </span>
    </p>
   </div>
   <div class='ocr_carea' id='block_1_13' title="bbox 544 1302 2118 1375">
    <p class='ocr_par' dir='ltr' id='par_1_13' title="bbox 544 1302 2118 1375">
     <span class='ocr_line' id='line_1_13' title="bbox 544 1302 2118 1375; baseline 0.003 -18"><span class='ocrx_word' id='word_1_82' title='bbox 544 1302 718 1357; x_wconf 83' lang='lat' dir='ltr'><strong>mulos</strong></span> <span class='ocrx_word' id='word_1_83' title='bbox 743 1315 860 1356; x_wconf 90' lang='lat' dir='ltr'><strong>tuos</strong></span> <span class='ocrx_word' id='word_1_84' title='bbox 889 1304 1134 1372; x_wconf 75' lang='lat' dir='ltr'><strong>gratiam,</strong></span> <span class='ocrx_word' id='word_1_85' title='bbox 1157 1319 1316 1372; x_wconf 85' lang='lat' dir='ltr'><strong>quam</strong></span> <span class='ocrx_word' id='word_1_86' title='bbox 1348 1305 1559 1369; x_wconf 75' lang='lat' dir='ltr'><strong>dedLsti,</strong></span> <span class='ocrx_word' id='word_1_87' title='bbox 1587 1317 1642 1358; x_wconf 91' lang='lat' dir='ltr'><strong>ut</strong></span> <span class='ocrx_word' id='word_1_88' title='bbox 1662 1307 1751 1375; x_wconf 88' lang='lat' dir='ltr'><strong>qui</strong></span> <span class='ocrx_word' id='word_1_89' title='bbox 1778 1308 1844 1360; x_wconf 89' lang='lat' dir='ltr'><strong>ab</strong></span> <span class='ocrx_word' id='word_1_90' title='bbox 1872 1309 2118 1362; x_wconf 84' lang='lat' dir='ltr'><strong>omnibus</strong></span> 
     </span>
    </p>
   </div>
   <div class='ocr_carea' id='block_1_14' title="bbox 541 1395 2112 1466">
    <p class='ocr_par' dir='ltr' id='par_1_14' title="bbox 541 1395 2112 1466">
     <span class='ocr_line' id='line_1_14' title="bbox 541 1395 2112 1466; baseline 0.003 -17"><span class='ocrx_word' id='word_1_91' title='bbox 541 1403 665 1449; x_wconf 86' lang='lat' dir='ltr'><strong>sunt</strong></span> <span class='ocrx_word' id='word_1_92' title='bbox 689 1397 893 1465; x_wconf 81' lang='lat' dir='ltr'><strong>purgati</strong></span> <span class='ocrx_word' id='word_1_93' title='bbox 919 1396 1169 1463; x_wconf 79' lang='lat' dir='ltr'><strong>peccatis,</strong></span> <span class='ocrx_word' id='word_1_94' title='bbox 1197 1395 1352 1449; x_wconf 86' lang='lat' dir='ltr'><strong>nullis</strong></span> <span class='ocrx_word' id='word_1_95' title='bbox 1374 1397 1646 1464; x_wconf 88' lang='lat' dir='ltr'><strong>priventur</strong></span> <span class='ocrx_word' id='word_1_96' title='bbox 1669 1398 1964 1466; x_wconf 87' lang='lat' dir='ltr'><strong>promissis.</strong></span> <span class='ocrx_word' id='word_1_97' title='bbox 1989 1397 2112 1454; x_wconf 87' lang='lat' dir='ltr'><strong>Per.</strong></span> 
     </span>
    </p>
   </div>
   <div class='ocr_carea' id='block_1_15' title="bbox 610 1484 2112 1556">
    <p class='ocr_par' dir='ltr' id='par_1_15' title="bbox 610 1484 2112 1556">
     <span class='ocr_line' id='line_1_15' title="bbox 610 1484 2112 1556; baseline 0.005 -19"><span class='ocrx_word' id='word_1_98' title='bbox 610 1484 750 1537; x_wconf 85' lang='lat' dir='ltr'><strong>Alta.</strong></span> <span class='ocrx_word' id='word_1_99' title='bbox 784 1512 848 1526; x_wconf 84' lang='lat'><strong>--</strong></span> <span class='ocrx_word' id='word_1_100' title='bbox 868 1485 1136 1540; x_wconf 83' lang='lat' dir='ltr'><strong>Conserva</strong></span> <span class='ocrx_word' id='word_1_101' title='bbox 1185 1487 1239 1539; x_wconf 90' lang='lat' dir='ltr'><strong>in</strong></span> <span class='ocrx_word' id='word_1_102' title='bbox 1265 1487 1440 1553; x_wconf 87' lang='lat' dir='ltr'><strong>nobis,</strong></span> <span class='ocrx_word' id='word_1_103' title='bbox 1492 1504 1820 1556; x_wconf 69' lang='lat' dir='ltr'><strong>quaesumus,</strong></span> <span class='ocrx_word' id='word_1_104' title='bbox 1863 1490 2112 1554; x_wconf 86' lang='lat' dir='ltr'><strong>Domine,</strong></span> 
     </span>
    </p>
   </div>
   <div class='ocr_carea' id='block_1_16' title="bbox 540 1573 2114 1644">
    <p class='ocr_par' dir='ltr' id='par_1_16' title="bbox 540 1573 2114 1644">
     <span class='ocr_line' id='line_1_16' title="bbox 540 1573 2114 1644; baseline 0.006 -20"><span class='ocrx_word' id='word_1_105' title='bbox 540 1573 957 1628; x_wconf 87' lang='lat' dir='ltr'><strong>misericordiam</strong></span> <span class='ocrx_word' id='word_1_106' title='bbox 1008 1583 1173 1639; x_wconf 91' lang='lat' dir='ltr'><strong>tuam,</strong></span> <span class='ocrx_word' id='word_1_107' title='bbox 1230 1582 1292 1628; x_wconf 91' lang='lat' dir='ltr'><strong>ut</strong></span> <span class='ocrx_word' id='word_1_108' title='bbox 1327 1590 1462 1644; x_wconf 90' lang='lat' dir='ltr'><strong>quos</strong></span> <span class='ocrx_word' id='word_1_109' title='bbox 1516 1577 1586 1630; x_wconf 86' lang='lat' dir='ltr'><strong>ab</strong></span> <span class='ocrx_word' id='word_1_110' title='bbox 1626 1579 1830 1632; x_wconf 84' lang='lat' dir='ltr'><strong>erroris</strong></span> <span class='ocrx_word' id='word_1_111' title='bbox 1880 1577 2114 1633; x_wconf 85' lang='lat' dir='ltr'><strong>liberasti</strong></span> 
     </span>
    </p>
   </div>
   <div class='ocr_carea' id='block_1_17' title="bbox 540 1663 2113 1732">
    <p class='ocr_par' dir='ltr' id='par_1_17' title="bbox 540 1663 2113 1732">
     <span class='ocr_line' id='line_1_17' title="bbox 540 1663 2113 1732; baseline 0.006 -17"><span class='ocrx_word' id='word_1_112' title='bbox 540 1663 787 1732; x_wconf 75' lang='lat' dir='ltr'><strong>caligine,</strong></span> <span class='ocrx_word' id='word_1_113' title='bbox 823 1663 1059 1718; x_wconf 83' lang='lat' dir='ltr'><strong>veritatis</strong></span> <span class='ocrx_word' id='word_1_114' title='bbox 1089 1674 1190 1720; x_wconf 73' lang='lat' dir='ltr'><strong>tua:</strong></span> <span class='ocrx_word' id='word_1_115' title='bbox 1230 1665 1434 1720; x_wconf 88' lang='lat' dir='ltr'><strong>ﬁrmius</strong></span> <span class='ocrx_word' id='word_1_116' title='bbox 1463 1666 1730 1723; x_wconf 67' lang='lat' dir='ltr'><strong>inha&#39;rere</strong></span> <span class='ocrx_word' id='word_1_117' title='bbox 1753 1667 1918 1724; x_wconf 79' lang='lat' dir='ltr'><strong>facias</strong></span> <span class='ocrx_word' id='word_1_118' title='bbox 1945 1669 2113 1724; x_wconf 88' lang='lat' dir='ltr'><strong>docu-</strong></span> 
     </span>
    </p>
   </div>
   <div class='ocr_carea' id='block_1_18' title="bbox 537 1753 1199 1810">
    <p class='ocr_par' dir='ltr' id='par_1_18' title="bbox 537 1753 1199 1810">
     <span class='ocr_line' id='line_1_18' title="bbox 537 1753 1199 1810; baseline 0.005 -3"><span class='ocrx_word' id='word_1_119' title='bbox 537 1763 740 1808; x_wconf 88' lang='lat' dir='ltr'><strong>mento.</strong></span> <span class='ocrx_word' id='word_1_120' title='bbox 767 1753 867 1808; x_wconf 84' lang='lat' dir='ltr'><strong>Per</strong></span> <span class='ocrx_word' id='word_1_121' title='bbox 895 1754 1199 1810; x_wconf 87' lang='lat' dir='ltr'><strong>Dominum.</strong></span> 
     </span>
    </p>
   </div>
   <div class='ocr_carea' id='block_1_19' title="bbox 611 1847 2113 1923">
    <p class='ocr_par' dir='ltr' id='par_1_19' title="bbox 611 1847 2113 1923">
     <span class='ocr_line' id='line_1_19' title="bbox 611 1847 2113 1923; baseline 0.008 -25"><span class='ocrx_word' id='word_1_122' title='bbox 611 1847 744 1900; x_wconf 79' lang='lat' dir='ltr'><strong>Alia.</strong></span> <span class='ocrx_word' id='word_1_123' title='bbox 776 1847 1055 1914; x_wconf 89' lang='lat' dir='ltr'><strong>—Solita,</strong></span> <span class='ocrx_word' id='word_1_124' title='bbox 1097 1866 1422 1919; x_wconf 73' lang='lat' dir='ltr'><strong>qumsumus,</strong></span> <span class='ocrx_word' id='word_1_125' title='bbox 1474 1855 1714 1920; x_wconf 89' lang='lat' dir='ltr'><strong>Domine,</strong></span> <span class='ocrx_word' id='word_1_126' title='bbox 1770 1871 1868 1909; x_wconf 87' lang='lat' dir='ltr'><strong>nos</strong></span> <span class='ocrx_word' id='word_1_127' title='bbox 1916 1857 2113 1923; x_wconf 82' lang='lat' dir='ltr'><strong>pietate</strong></span> 
     </span>
    </p>
   </div>
   <div class='ocr_carea' id='block_1_20' title="bbox 537 1939 2111 2015">
    <p class='ocr_par' dir='ltr' id='par_1_20' title="bbox 537 1939 2111 2015">
     <span class='ocr_line' id='line_1_20' title="bbox 537 1939 2111 2015; baseline 0.005 -23"><span class='ocrx_word' id='word_1_128' title='bbox 537 1939 766 2007; x_wconf 88' lang='lat' dir='ltr'><strong>custodi,</strong></span> <span class='ocrx_word' id='word_1_129' title='bbox 800 1949 855 1993; x_wconf 92' lang='lat' dir='ltr'><strong>ut</strong></span> <span class='ocrx_word' id='word_1_130' title='bbox 879 1941 968 2007; x_wconf 87' lang='lat' dir='ltr'><strong>qui</strong></span> <span class='ocrx_word' id='word_1_131' title='bbox 994 1941 1258 2010; x_wconf 84' lang='lat' dir='ltr'><strong>Unigeniti</strong></span> <span class='ocrx_word' id='word_1_132' title='bbox 1289 1945 1362 1999; x_wconf 89' lang='lat' dir='ltr'><strong>tui</strong></span> <span class='ocrx_word' id='word_1_133' title='bbox 1396 1951 1641 2014; x_wconf 84' lang='lat' dir='ltr'><strong>passione</strong></span> <span class='ocrx_word' id='word_1_134' title='bbox 1667 1956 1789 2002; x_wconf 91' lang='lat' dir='ltr'><strong>sunt</strong></span> <span class='ocrx_word' id='word_1_135' title='bbox 1823 1946 2111 2015; x_wconf 84' lang='lat' dir='ltr'><strong>redempti,</strong></span> 
     </span>
    </p>
   </div>
   <div class='ocr_carea' id='block_1_21' title="bbox 535 2029 1813 2098">
    <p class='ocr_par' dir='ltr' id='par_1_21' title="bbox 535 2029 1813 2098">
     <span class='ocr_line' id='line_1_21' title="bbox 535 2029 1813 2098; baseline 0.009 -16"><span class='ocrx_word' id='word_1_136' title='bbox 535 2029 651 2098; x_wconf 86' lang='lat' dir='ltr'><strong>ejus</strong></span> <span class='ocrx_word' id='word_1_137' title='bbox 679 2029 1090 2085; x_wconf 83' lang='lat' dir='ltr'><strong>Resurrectione</strong></span> <span class='ocrx_word' id='word_1_138' title='bbox 1120 2032 1385 2088; x_wconf 60' lang='lat' dir='ltr'><strong>laetentur.</strong></span> <span class='ocrx_word' id='word_1_139' title='bbox 1419 2034 1518 2090; x_wconf 89' lang='lat' dir='ltr'><strong>Per</strong></span> <span class='ocrx_word' id='word_1_140' title='bbox 1546 2037 1813 2093; x_wconf 88' lang='lat' dir='ltr'><strong>eumdem.</strong></span> 
     </span>
    </p>
   </div>
   <div class='ocr_carea' id='block_1_22' title="bbox 606 2117 2112 2198">
    <p class='ocr_par' dir='ltr' id='par_1_22' title="bbox 606 2117 2112 2198">
     <span class='ocr_line' id='line_1_22' title="bbox 606 2117 2112 2198; baseline 0.011 -28"><span class='ocrx_word' id='word_1_141' title='bbox 606 2117 741 2170; x_wconf 81' lang='lat' dir='ltr'><strong>Alia.</strong></span> <span class='ocrx_word' id='word_1_142' title='bbox 763 2143 836 2161; x_wconf 85' lang='lat'><strong>--</strong></span> <span class='ocrx_word' id='word_1_143' title='bbox 862 2118 1211 2187; x_wconf 86' lang='lat' dir='ltr'><strong>Omnipotens</strong></span> <span class='ocrx_word' id='word_1_144' title='bbox 1237 2123 1564 2191; x_wconf 26' lang='lat' dir='ltr'><strong>sempiterna.</strong></span> <span class='ocrx_word' id='word_1_145' title='bbox 1599 2124 1760 2192; x_wconf 88' lang='lat' dir='ltr'><strong>Deus,</strong></span> <span class='ocrx_word' id='word_1_146' title='bbox 1797 2133 2112 2198; x_wconf 77' lang='lat' dir='ltr'><strong>propensius</strong></span> 
     </span>
    </p>
   </div>
   <div class='ocr_carea' id='block_1_23' title="bbox 534 2207 2110 2292">
    <p class='ocr_par' dir='ltr' id='par_1_23' title="bbox 534 2207 2110 2292">
     <span class='ocr_line' id='line_1_23' title="bbox 534 2207 2110 2292; baseline 0.011 -31"><span class='ocrx_word' id='word_1_147' title='bbox 534 2207 616 2261; x_wconf 84' lang='lat' dir='ltr'><strong>his</strong></span> <span class='ocrx_word' id='word_1_148' title='bbox 645 2209 832 2264; x_wconf 90' lang='lat' dir='ltr'><strong>diebus</strong></span> <span class='ocrx_word' id='word_1_149' title='bbox 861 2220 1004 2265; x_wconf 89' lang='lat' dir='ltr'><strong>tuam</strong></span> <span class='ocrx_word' id='word_1_150' title='bbox 1034 2212 1455 2268; x_wconf 90' lang='lat' dir='ltr'><strong>misericordiam</strong></span> <span class='ocrx_word' id='word_1_151' title='bbox 1487 2229 1896 2287; x_wconf 85' lang='lat' dir='ltr'><strong>consequamur,</strong></span> <span class='ocrx_word' id='word_1_152' title='bbox 1918 2222 2110 2292; x_wconf 81' lang='lat' dir='ltr'><strong>quibus</strong></span> 
     </span>
    </p>
   </div>
   <div class='ocr_carea' id='block_1_24' title="bbox 533 2301 1827 2374">
    <p class='ocr_par' dir='ltr' id='par_1_24' title="bbox 533 2301 1827 2374">
     <span class='ocr_line' id='line_1_24' title="bbox 533 2301 1827 2374; baseline 0.007 -20"><span class='ocrx_word' id='word_1_153' title='bbox 533 2313 649 2354; x_wconf 86' lang='lat' dir='ltr'><strong>eam</strong></span> <span class='ocrx_word' id='word_1_154' title='bbox 674 2301 902 2369; x_wconf 87' lang='lat' dir='ltr'><strong>plenius,</strong></span> <span class='ocrx_word' id='word_1_155' title='bbox 928 2311 978 2356; x_wconf 91' lang='lat' dir='ltr'><strong>te</strong></span> <span class='ocrx_word' id='word_1_156' title='bbox 1005 2301 1278 2372; x_wconf 80' lang='lat' dir='ltr'><strong>largiente,</strong></span> <span class='ocrx_word' id='word_1_157' title='bbox 1305 2307 1673 2374; x_wconf 80' lang='lat' dir='ltr'><strong>cognovimus.</strong></span> <span class='ocrx_word' id='word_1_158' title='bbox 1705 2307 1827 2363; x_wconf 85' lang='lat' dir='ltr'><strong>Per.</strong></span> 
     </span>
    </p>
   </div>
   <div class='ocr_carea' id='block_1_25' title="bbox 604 2425 2032 2496">
    <p class='ocr_par' dir='ltr' id='par_1_25' title="bbox 604 2425 2032 2496">
     <span class='ocr_line' id='line_1_25' title="bbox 604 2425 2032 2496; baseline 0.011 -31"><span class='ocrx_word' id='word_1_159' title='bbox 604 2425 731 2465; x_wconf 72' lang='grc' dir='ltr'>κνιιι</span> <span class='ocrx_word' id='word_1_160' title='bbox 760 2427 885 2467; x_wconf 69' lang='grc' dir='ltr'><strong>ΚΑΙ..</strong></span> <span class='ocrx_word' id='word_1_161' title='bbox 917 2428 1049 2467; x_wconf 77' lang='grc' dir='ltr'><strong>ΙΑΙΙ.</strong></span> <span class='ocrx_word' id='word_1_162' title='bbox 1081 2443 1152 2453; x_wconf 91' lang='lat'>—</span> <span class='ocrx_word' id='word_1_163' title='bbox 1177 2430 1400 2469; x_wconf 72' lang='lat' dir='ltr'><strong>NATALIS</strong></span> <span class='ocrx_word' id='word_1_164' title='bbox 1427 2432 1736 2475; x_wconf 72' lang='lat' dir='ltr'><strong>SANCTOBUI</strong></span> <span class='ocrx_word' id='word_1_165' title='bbox 1777 2435 2032 2496; x_wconf 71' lang='lat' dir='ltr'><strong>TIBURTII,</strong></span> 
     </span>
    </p>
   </div>
   <div class='ocr_carea' id='block_1_26' title="bbox 1003 2496 1664 2545">
    <p class='ocr_par' dir='ltr' id='par_1_26' title="bbox 1003 2496 1664 2545">
     <span class='ocr_line' id='line_1_26' title="bbox 1003 2496 1664 2545; baseline 0.012 -10"><span class='ocrx_word' id='word_1_166' title='bbox 1003 2497 1280 2538; x_wconf 72' lang='lat' dir='ltr'><strong>VALERIANI</strong></span> <span class='ocrx_word' id='word_1_167' title='bbox 1311 2496 1332 2519; x_wconf 78' lang='lat'>“</span> <span class='ocrx_word' id='word_1_168' title='bbox 1357 2502 1424 2540; x_wconf 80' lang='grc' dir='ltr'><strong>ετ</strong></span> <span class='ocrx_word' id='word_1_169' title='bbox 1451 2503 1664 2545; x_wconf 65' lang='lat' dir='ltr'><strong>MAXIM].</strong></span> 
     </span>
    </p>
   </div>
   <div class='ocr_carea' id='block_1_27' title="bbox 602 2593 2106 2672">
    <p class='ocr_par' dir='ltr' id='par_1_27' title="bbox 602 2593 2106 2672">
     <span class='ocr_line' id='line_1_27' title="bbox 602 2593 2106 2672; baseline 0.009 -26"><span class='ocrx_word' id='word_1_170' title='bbox 602 2593 822 2656; x_wconf 71' lang='lat' dir='ltr'><strong>Prmsta,</strong></span> <span class='ocrx_word' id='word_1_171' title='bbox 854 2609 1175 2662; x_wconf 61' lang='lat' dir='ltr'><strong>quaesumus,</strong></span> <span class='ocrx_word' id='word_1_172' title='bbox 1205 2597 1542 2664; x_wconf 85' lang='lat' dir='ltr'><strong>omnipotens</strong></span> <span class='ocrx_word' id='word_1_173' title='bbox 1580 2599 1739 2666; x_wconf 86' lang='lat' dir='ltr'><strong>Deus,</strong></span> <span class='ocrx_word' id='word_1_174' title='bbox 1775 2611 1831 2656; x_wconf 76' lang='grc' dir='ltr'><strong>ιιι</strong></span> <span class='ocrx_word' id='word_1_175' title='bbox 1857 2603 1945 2672; x_wconf 89' lang='lat' dir='ltr'><strong>qui</strong></span> <span class='ocrx_word' id='word_1_176' title='bbox 1975 2619 2106 2659; x_wconf 81' lang='lat' dir='ltr'><strong>san-</strong></span> 
     </span>
    </p>
   </div>
   <div class='ocr_carea' id='block_1_28' title="bbox 531 2686 2102 2751">
    <p class='ocr_par' dir='ltr' id='par_1_28' title="bbox 531 2686 2102 2751">
     <span class='ocr_line' id='line_1_28' title="bbox 531 2686 2102 2751; baseline 0.009 -14"><span class='ocrx_word' id='word_1_177' title='bbox 531 2692 740 2738; x_wconf 79' lang='lat' dir='ltr'><strong>ciorum</strong></span> <span class='ocrx_word' id='word_1_178' title='bbox 765 2695 972 2739; x_wconf 91' lang='lat' dir='ltr'><strong>tuorum</strong></span> <span class='ocrx_word' id='word_1_179' title='bbox 995 2686 1250 2751; x_wconf 80' lang='lat' dir='ltr'><strong>Tiburtii,</strong></span> <span class='ocrx_word' id='word_1_180' title='bbox 1287 2687 1548 2744; x_wconf 89' lang='lat' dir='ltr'><strong>Valeriani</strong></span> <span class='ocrx_word' id='word_1_181' title='bbox 1578 2700 1632 2746; x_wconf 88' lang='lat' dir='ltr'><strong>et</strong></span> <span class='ocrx_word' id='word_1_182' title='bbox 1659 2692 1872 2747; x_wconf 75' lang='lat' dir='ltr'><strong>Maximi</strong></span> <span class='ocrx_word' id='word_1_183' title='bbox 1904 2696 2102 2750; x_wconf 85' lang='lat' dir='ltr'><strong>solem-</strong></span> 
     </span>
    </p>
   </div>
   <div class='ocr_carea' id='block_1_29' title="bbox 531 2775 2106 2843">
    <p class='ocr_par' dir='ltr' id='par_1_29' title="bbox 531 2775 2106 2843">
     <span class='ocr_line' id='line_1_29' title="bbox 531 2775 2106 2843; baseline 0.009 -14"><span class='ocrx_word' id='word_1_184' title='bbox 531 2775 618 2829; x_wconf 89' lang='lat' dir='ltr'><strong>nia</strong></span> <span class='ocrx_word' id='word_1_185' title='bbox 663 2776 910 2842; x_wconf 83' lang='lat' dir='ltr'><strong>colimus,</strong></span> <span class='ocrx_word' id='word_1_186' title='bbox 956 2791 1141 2833; x_wconf 85' lang='lat' dir='ltr'><strong>eorum</strong></span> <span class='ocrx_word' id='word_1_187' title='bbox 1186 2779 1346 2834; x_wconf 82' lang='lat' dir='ltr'><strong>etiam</strong></span> <span class='ocrx_word' id='word_1_188' title='bbox 1385 2780 1605 2837; x_wconf 83' lang='lat' dir='ltr'><strong>virtutes</strong></span> <span class='ocrx_word' id='word_1_189' title='bbox 1661 2783 1952 2840; x_wconf 86' lang='lat' dir='ltr'><strong>imitemur.</strong></span> <span class='ocrx_word' id='word_1_190' title='bbox 2001 2785 2106 2843; x_wconf 83' lang='lat' dir='ltr'><strong>Per</strong></span> 
     </span>
    </p>
   </div>
   <div class='ocr_carea' id='block_1_30' title="bbox 528 2867 1094 2924">
    <p class='ocr_par' dir='ltr' id='par_1_30' title="bbox 528 2867 1094 2924">
     <span class='ocr_line' id='line_1_30' title="bbox 528 2867 1094 2924; baseline 0.005 -3"><span class='ocrx_word' id='word_1_191' title='bbox 528 2867 804 2923; x_wconf 84' lang='lat' dir='ltr'><strong>Dominum</strong></span> <span class='ocrx_word' id='word_1_192' title='bbox 832 2883 1094 2924; x_wconf 78' lang='lat' dir='ltr'><strong>nosuum.</strong></span> 
     </span>
    </p>
   </div>
   <div class='ocr_carea' id='block_1_31' title="bbox 597 2959 2092 3033">
    <p class='ocr_par' dir='ltr' id='par_1_31' title="bbox 597 2959 2092 3033">
     <span class='ocr_line' id='line_1_31' title="bbox 597 2959 2092 3033; baseline 0.005 -19"><span class='ocrx_word' id='word_1_193' title='bbox 597 2959 766 3026; x_wconf 77' lang='lat' dir='ltr'><strong>Super</strong></span> <span class='ocrx_word' id='word_1_194' title='bbox 794 2960 986 3014; x_wconf 81' lang='lat' dir='ltr'><strong>oblata.</strong></span> <span class='ocrx_word' id='word_1_195' title='bbox 1017 2991 1083 3002; x_wconf 92' lang='lat'><strong>-—</strong></span> <span class='ocrx_word' id='word_1_196' title='bbox 1117 2961 1302 3017; x_wconf 85' lang='lat' dir='ltr'><strong>Hostia</strong></span> <span class='ocrx_word' id='word_1_197' title='bbox 1330 2962 1463 3030; x_wconf 59' lang='lat' dir='ltr'><strong>haec,</strong></span> <span class='ocrx_word' id='word_1_198' title='bbox 1486 2979 1812 3033; x_wconf 73' lang='lat' dir='ltr'><strong>qttmsttmus,</strong></span> <span class='ocrx_word' id='word_1_199' title='bbox 1846 2967 2092 3033; x_wconf 87' lang='lat' dir='ltr'><strong>Domine,</strong></span> 
     </span>
    </p>
   </div>
   <div class='ocr_carea' id='block_1_32' title="bbox 527 3054 2092 3118">
    <p class='ocr_par' dir='ltr' id='par_1_32' title="bbox 527 3054 2092 3118">
     <span class='ocr_line' id='line_1_32' title="bbox 527 3054 2092 3118; baseline 0.007 -16"><span class='ocrx_word' id='word_1_200' title='bbox 527 3063 679 3118; x_wconf 85' lang='lat' dir='ltr'><strong>quam</strong></span> <span class='ocrx_word' id='word_1_201' title='bbox 706 3061 1009 3105; x_wconf 90' lang='lat' dir='ltr'><strong>sanctorum</strong></span> <span class='ocrx_word' id='word_1_202' title='bbox 1031 3060 1244 3106; x_wconf 91' lang='lat' dir='ltr'><strong>tuorum</strong></span> <span class='ocrx_word' id='word_1_203' title='bbox 1273 3054 1509 3107; x_wconf 86' lang='lat' dir='ltr'><strong>natalitia</strong></span> <span class='ocrx_word' id='word_1_204' title='bbox 1537 3066 1881 3111; x_wconf 88' lang='lat' dir='ltr'><strong>recensentes</strong></span> <span class='ocrx_word' id='word_1_205' title='bbox 1910 3057 2092 3112; x_wconf 63' lang='lat' dir='ltr'><strong>oderi-</strong></span> 
     </span>
    </p>
   </div>
   <div class='ocr_carea' id='block_1_33' title="bbox 524 3230 1702 3291">
    <p class='ocr_par' dir='ltr' id='par_1_33' title="bbox 524 3230 1702 3291">
     <span class='ocr_line' id='line_1_33' title="bbox 524 3230 1702 3291; baseline 0.007 -8"><span class='ocrx_word' id='word_1_206' title='bbox 524 3230 677 3284; x_wconf 84' lang='lat' dir='ltr'><strong>nobis</strong></span> <span class='ocrx_word' id='word_1_207' title='bbox 703 3230 1087 3287; x_wconf 62' lang='lat' dir='ltr'><strong>misericordiae</strong></span> <span class='ocrx_word' id='word_1_208' title='bbox 1108 3233 1247 3287; x_wconf 91' lang='lat' dir='ltr'><strong>dona</strong></span> <span class='ocrx_word' id='word_1_209' title='bbox 1276 3235 1544 3289; x_wconf 88' lang='lat' dir='ltr'><strong>conciliet.</strong></span> <span class='ocrx_word' id='word_1_210' title='bbox 1580 3235 1702 3291; x_wconf 85' lang='lat' dir='ltr'><strong>Per.</strong></span> 
     </span>
    </p>
   </div>
   <div class='ocr_carea' id='block_1_34' title="bbox 595 3317 2097 3399">
    <p class='ocr_par' dir='ltr' id='par_1_34' title="bbox 595 3317 2097 3399">
     <span class='ocr_line' id='line_1_34' title="bbox 595 3317 2097 3399; baseline 0.009 -28"><span class='ocrx_word' id='word_1_211' title='bbox 595 3317 867 3391; x_wconf 67' lang='lat' dir='ltr'><strong>Praefatio.</strong></span> <span class='ocrx_word' id='word_1_212' title='bbox 891 3350 962 3361; x_wconf 93' lang='lat'><strong>-—</strong></span> <span class='ocrx_word' id='word_1_213' title='bbox 988 3321 1124 3377; x_wconf 91' lang='lat' dir='ltr'><strong>Vere</strong></span> <span class='ocrx_word' id='word_1_214' title='bbox 1155 3323 1373 3390; x_wconf 88' lang='lat' dir='ltr'><strong>dignum</strong></span> <span class='ocrx_word' id='word_1_215' title='bbox 1423 3334 1473 3378; x_wconf 91' lang='lat' dir='ltr'><strong>et</strong></span> <span class='ocrx_word' id='word_1_216' title='bbox 1499 3323 1700 3392; x_wconf 86' lang='lat' dir='ltr'><strong>justum</strong></span> <span class='ocrx_word' id='word_1_217' title='bbox 1746 3336 1848 3395; x_wconf 92' lang='lat' dir='ltr'><strong>est,</strong></span> <span class='ocrx_word' id='word_1_218' title='bbox 1881 3343 2097 3399; x_wconf 65' lang='lat' dir='ltr'><strong>aequum</strong></span> 
     </span>
    </p>
   </div>
   <div class='ocr_carea' id='block_1_35' title="bbox 523 3409 2088 3489">
    <p class='ocr_par' dir='ltr' id='par_1_35' title="bbox 523 3409 2088 3489">
     <span class='ocr_line' id='line_1_35' title="bbox 523 3409 2088 3489; baseline 0.008 -27"><span class='ocrx_word' id='word_1_219' title='bbox 523 3417 578 3463; x_wconf 84' lang='lat' dir='ltr'><strong>et</strong></span> <span class='ocrx_word' id='word_1_220' title='bbox 604 3409 860 3479; x_wconf 87' lang='lat' dir='ltr'><strong>salutare,</strong></span> <span class='ocrx_word' id='word_1_221' title='bbox 907 3425 1005 3465; x_wconf 88' lang='lat' dir='ltr'><strong>nos</strong></span> <span class='ocrx_word' id='word_1_222' title='bbox 1033 3411 1127 3465; x_wconf 91' lang='lat' dir='ltr'><strong>tibi</strong></span> <span class='ocrx_word' id='word_1_223' title='bbox 1154 3427 1366 3480; x_wconf 87' lang='lat' dir='ltr'><strong>semper</strong></span> <span class='ocrx_word' id='word_1_224' title='bbox 1390 3423 1441 3468; x_wconf 90' lang='lat' dir='ltr'><strong>ct</strong></span> <span class='ocrx_word' id='word_1_225' title='bbox 1473 3427 1667 3481; x_wconf 77' lang='lat' dir='ltr'><strong>umque</strong></span> <span class='ocrx_word' id='word_1_226' title='bbox 1688 3417 1883 3485; x_wconf 78' lang='lat' dir='ltr'><strong>gratias</strong></span> <span class='ocrx_word' id='word_1_227' title='bbox 1909 3433 2088 3489; x_wconf 81' lang='lat' dir='ltr'><strong>agere,</strong></span> 
     </span>
    </p>
   </div>
   <div class='ocr_carea' id='block_1_36' title="bbox 523 3499 2094 3573">
    <p class='ocr_par' dir='ltr' id='par_1_36' title="bbox 523 3499 2094 3573">
     <span class='ocr_line' id='line_1_36' title="bbox 523 3499 2094 3573; baseline 0.008 -20"><span class='ocrx_word' id='word_1_228' title='bbox 523 3499 742 3556; x_wconf 85' lang='lat' dir='ltr'><strong>Domine</strong></span> <span class='ocrx_word' id='word_1_229' title='bbox 773 3514 974 3568; x_wconf 87' lang='lat' dir='ltr'><strong>sancte,</strong></span> <span class='ocrx_word' id='word_1_230' title='bbox 1009 3502 1167 3559; x_wconf 88' lang='lat' dir='ltr'><strong>Pater</strong></span> <span class='ocrx_word' id='word_1_231' title='bbox 1201 3505 1558 3573; x_wconf 84' lang='lat' dir='ltr'><strong>omnipotens,</strong></span> <span class='ocrx_word' id='word_1_232' title='bbox 1586 3517 1785 3562; x_wconf 65' lang='lat' dir='ltr'><strong>aeterne</strong></span> <span class='ocrx_word' id='word_1_233' title='bbox 1830 3509 2008 3564; x_wconf 87' lang='lat' dir='ltr'><strong>Deus:</strong></span> <span class='ocrx_word' id='word_1_234' title='bbox 2038 3520 2094 3566; x_wconf 80' lang='lat' dir='ltr'><strong>et</strong></span> 
     </span>
    </p>
   </div>
   <div class='ocr_carea' id='block_1_37' title="bbox 522 3589 2094 3665">
    <p class='ocr_par' dir='ltr' id='par_1_37' title="bbox 522 3589 2094 3665">
     <span class='ocr_line' id='line_1_37' title="bbox 522 3589 2094 3665; baseline 0.007 -22"><span class='ocrx_word' id='word_1_235' title='bbox 522 3597 576 3644; x_wconf 89' lang='lat' dir='ltr'><strong>te</strong></span> <span class='ocrx_word' id='word_1_236' title='bbox 617 3589 672 3645; x_wconf 90' lang='lat' dir='ltr'><strong>in</strong></span> <span class='ocrx_word' id='word_1_237' title='bbox 712 3603 1017 3648; x_wconf 85' lang='lat' dir='ltr'><strong>sanctorum</strong></span> <span class='ocrx_word' id='word_1_238' title='bbox 1050 3604 1342 3665; x_wconf 87' lang='lat' dir='ltr'><strong>martyrum</strong></span> <span class='ocrx_word' id='word_1_239' title='bbox 1395 3606 1604 3651; x_wconf 87' lang='lat' dir='ltr'><strong>tuorum</strong></span> <span class='ocrx_word' id='word_1_240' title='bbox 1653 3599 1942 3654; x_wconf 81' lang='lat' dir='ltr'><strong>festivitate</strong></span> <span class='ocrx_word' id='word_1_241' title='bbox 1980 3601 2094 3655; x_wconf 71' lang='lat' dir='ltr'><strong>Iau~</strong></span> 
     </span>
    </p>
   </div>
   <div class='ocr_carea' id='block_1_38' title="bbox 523 3680 2091 3750">
    <p class='ocr_par' dir='ltr' id='par_1_38' title="bbox 523 3680 2091 3750">
     <span class='ocr_line' id='line_1_38' title="bbox 523 3680 2091 3750; baseline 0.007 -14"><span class='ocrx_word' id='word_1_242' title='bbox 523 3680 673 3748; x_wconf 81' lang='lat' dir='ltr'><strong>dare,</strong></span> <span class='ocrx_word' id='word_1_243' title='bbox 705 3683 793 3747; x_wconf 88' lang='lat' dir='ltr'><strong>qui</strong></span> <span class='ocrx_word' id='word_1_244' title='bbox 831 3697 1044 3750; x_wconf 87' lang='lat' dir='ltr'><strong>semper</strong></span> <span class='ocrx_word' id='word_1_245' title='bbox 1064 3698 1121 3738; x_wconf 88' lang='lat' dir='ltr'><strong>es</strong></span> <span class='ocrx_word' id='word_1_246' title='bbox 1146 3685 1404 3741; x_wconf 85' lang='lat' dir='ltr'><strong>mirabilis</strong></span> <span class='ocrx_word' id='word_1_247' title='bbox 1430 3689 1483 3741; x_wconf 92' lang='lat' dir='ltr'><strong>in</strong></span> <span class='ocrx_word' id='word_1_248' title='bbox 1515 3696 1724 3743; x_wconf 90' lang='lat' dir='ltr'><strong>tuorum</strong></span> <span class='ocrx_word' id='word_1_249' title='bbox 1761 3705 2091 3747; x_wconf 87' lang='lat' dir='ltr'><strong>commemo-</strong></span> 
     </span>
    </p>
   </div>
   <div class='ocr_carea' id='block_1_39' title="bbox 521 3772 2085 3850">
    <p class='ocr_par' dir='ltr' id='par_1_39' title="bbox 521 3772 2085 3850">
     <span class='ocr_line' id='line_1_39' title="bbox 521 3772 2085 3850; baseline 0.008 -26"><span class='ocrx_word' id='word_1_250' title='bbox 521 3772 728 3826; x_wconf 83' lang='lat' dir='ltr'><strong>ratione</strong></span> <span class='ocrx_word' id='word_1_251' title='bbox 751 3781 1084 3839; x_wconf 87' lang='lat' dir='ltr'><strong>sanctorum,</strong></span> <span class='ocrx_word' id='word_1_252' title='bbox 1116 3783 1172 3828; x_wconf 91' lang='lat' dir='ltr'><strong>et</strong></span> <span class='ocrx_word' id='word_1_253' title='bbox 1199 3789 1402 3843; x_wconf 70' lang='lat' dir='ltr'><strong>magna:</strong></span> <span class='ocrx_word' id='word_1_254' title='bbox 1429 3778 1550 3833; x_wconf 92' lang='lat' dir='ltr'><strong>ﬁdei</strong></span> <span class='ocrx_word' id='word_1_255' title='bbox 1578 3779 1785 3849; x_wconf 81' lang='lat' dir='ltr'><strong>largiris</strong></span> <span class='ocrx_word' id='word_1_256' title='bbox 1818 3783 2085 3850; x_wconf 80' lang='lat' dir='ltr'><strong>affectum,</strong></span> 
     </span>
    </p>
   </div>
   <div class='ocr_carea' id='block_1_40' title="bbox 520 3864 2094 3944">
    <p class='ocr_par' dir='ltr' id='par_1_40' title="bbox 520 3864 2094 3944">
     <span class='ocr_line' id='line_1_40' title="bbox 520 3864 2094 3944; baseline 0.009 -27"><span class='ocrx_word' id='word_1_257' title='bbox 520 3872 573 3917; x_wconf 88' lang='lat' dir='ltr'><strong>et</strong></span> <span class='ocrx_word' id='word_1_258' title='bbox 619 3864 952 3918; x_wconf 87' lang='lat' dir='ltr'><strong>tolerantiam</strong></span> <span class='ocrx_word' id='word_1_259' title='bbox 996 3866 1185 3921; x_wconf 89' lang='lat' dir='ltr'><strong>tribuis</strong></span> <span class='ocrx_word' id='word_1_260' title='bbox 1215 3871 1542 3936; x_wconf 86' lang='lat' dir='ltr'><strong>passionum,</strong></span> <span class='ocrx_word' id='word_1_261' title='bbox 1581 3883 1636 3927; x_wconf 91' lang='lat' dir='ltr'><strong>et</strong></span> <span class='ocrx_word' id='word_1_262' title='bbox 1675 3873 1880 3944; x_wconf 91' lang='lat' dir='ltr'><strong>antiqui</strong></span> <span class='ocrx_word' id='word_1_263' title='bbox 1924 3877 2094 3931; x_wconf 83' lang='lat' dir='ltr'><strong>hostis</strong></span> 
     </span>
    </p>
   </div>
   <div class='ocr_carea' id='block_1_41' title="bbox 517 3950 2088 4036">
    <p class='ocr_par' dir='ltr' id='par_1_41' title="bbox 517 3950 2088 4036">
     <span class='ocr_line' id='line_1_41' title="bbox 517 3950 2088 4036; baseline 0.011 -32"><span class='ocrx_word' id='word_1_264' title='bbox 517 3950 653 4007; x_wconf 76' lang='lat' dir='ltr'><strong>facis</strong></span> <span class='ocrx_word' id='word_1_265' title='bbox 699 3954 937 4020; x_wconf 87' lang='lat' dir='ltr'><strong>superari</strong></span> <span class='ocrx_word' id='word_1_266' title='bbox 966 3956 1473 4025; x_wconf 88' lang='lat' dir='ltr'><strong>machinamentum,</strong></span> <span class='ocrx_word' id='word_1_267' title='bbox 1506 3976 1612 4030; x_wconf 94' lang='lat' dir='ltr'><strong>quo</strong></span> <span class='ocrx_word' id='word_1_268' title='bbox 1650 3965 1848 4031; x_wconf 85' lang='lat' dir='ltr'><strong>egregii</strong></span> <span class='ocrx_word' id='word_1_269' title='bbox 1893 3978 2088 4036; x_wconf 84' lang='lat' dir='ltr'><strong>marty-</strong></span> 
     </span>
    </p>
   </div>
   <div class='ocr_carea' id='block_1_42' title="bbox 519 4043 2092 4124">
    <p class='ocr_par' dir='ltr' id='par_1_42' title="bbox 519 4043 2092 4124">
     <span class='ocr_line' id='line_1_42' title="bbox 519 4043 2092 4124; baseline 0.01 -29"><span class='ocrx_word' id='word_1_270' title='bbox 519 4056 606 4096; x_wconf 85' lang='lat' dir='ltr'><strong>res</strong></span> <span class='ocrx_word' id='word_1_271' title='bbox 637 4043 710 4096; x_wconf 92' lang='lat' dir='ltr'><strong>tui</strong></span> <span class='ocrx_word' id='word_1_272' title='bbox 737 4043 800 4097; x_wconf 92' lang='lat' dir='ltr'><strong>ad</strong></span> <span class='ocrx_word' id='word_1_273' title='bbox 830 4045 1143 4113; x_wconf 86' lang='lat' dir='ltr'><strong>capiendam</strong></span> <span class='ocrx_word' id='word_1_274' title='bbox 1174 4061 1522 4112; x_wconf 80' lang='lat' dir='ltr'><strong>supernorum</strong></span> <span class='ocrx_word' id='word_1_275' title='bbox 1549 4051 1928 4109; x_wconf 83' lang='lat' dir='ltr'><strong>beatitudinem</strong></span> <span class='ocrx_word' id='word_1_276' title='bbox 1957 4073 2092 4124; x_wconf 79' lang='lat' dir='ltr'><strong>pra:-</strong></span> 
     </span>
    </p>
   </div>
   <div class='ocr_carea' id='block_1_43' title="bbox 517 4130 2090 4203">
    <p class='ocr_par' dir='ltr' id='par_1_43' title="bbox 517 4130 2090 4203">
     <span class='ocr_line' id='line_1_43' title="bbox 517 4130 2090 4203; baseline 0.01 -17"><span class='ocrx_word' id='word_1_277' title='bbox 517 4130 747 4186; x_wconf 88' lang='lat' dir='ltr'><strong>tuiorum</strong></span> <span class='ocrx_word' id='word_1_278' title='bbox 778 4133 936 4188; x_wconf 90' lang='lat' dir='ltr'><strong>nullis</strong></span> <span class='ocrx_word' id='word_1_279' title='bbox 967 4135 1324 4203; x_wconf 79' lang='lat' dir='ltr'><strong>impediantur</strong></span> <span class='ocrx_word' id='word_1_280' title='bbox 1355 4140 1659 4198; x_wconf 84' lang='lat' dir='ltr'><strong>retinaculis</strong></span> <span class='ocrx_word' id='word_1_281' title='bbox 1698 4145 2090 4201; x_wconf 75' lang='lat' dir='ltr'><strong>blandimento-</strong></span> 
     </span>
    </p>
   </div>
   <div class='ocr_carea' id='block_1_44' title="bbox 515 4222 1098 4281">
    <p class='ocr_par' dir='ltr' id='par_1_44' title="bbox 515 4222 1098 4281">
     <span class='ocr_line' id='line_1_44' title="bbox 515 4222 1098 4281; baseline 0.01 -6"><span class='ocrx_word' id='word_1_282' title='bbox 515 4236 658 4276; x_wconf 92' lang='lat' dir='ltr'><strong>rum.</strong></span> <span class='ocrx_word' id='word_1_283' title='bbox 683 4223 781 4277; x_wconf 85' lang='lat' dir='ltr'><strong>Per</strong></span> <span class='ocrx_word' id='word_1_284' title='bbox 805 4222 1098 4281; x_wconf 87' lang='lat' dir='ltr'><strong>Christum.</strong></span> 
     </span>
    </p>
   </div>
   <div class='ocr_carea' id='block_1_45' title="bbox 582 4282 2087 4395">
    <p class='ocr_par' dir='ltr' id='par_1_45' title="bbox 582 4282 2087 4395">
     <span class='ocr_line' id='line_1_45' title="bbox 582 4282 2087 4395; baseline 0.011 -29"><span class='ocrx_word' id='word_1_285' title='bbox 582 4313 663 4366; x_wconf 82' lang='lat' dir='ltr'><strong>Ad</strong></span> <span class='ocrx_word' id='word_1_286' title='bbox 689 4282 1389 4384; x_wconf 72' lang='lat' dir='ltr'><strong>Complendum.—Ccelesti</strong></span> <span class='ocrx_word' id='word_1_287' title='bbox 1419 4337 1640 4378; x_wconf 89' lang='lat' dir='ltr'><strong>munere</strong></span> <span class='ocrx_word' id='word_1_288' title='bbox 1666 4325 1910 4395; x_wconf 86' lang='lat' dir='ltr'><strong>saginati,</strong></span> <span class='ocrx_word' id='word_1_289' title='bbox 1941 4343 2087 4395; x_wconf 65' lang='lat' dir='ltr'><strong>quae-</strong></span> 
     </span>
    </p>
   </div>
   <div class='ocr_carea' id='block_1_46' title="bbox 514 4402 2080 4485">
    <p class='ocr_par' dir='ltr' id='par_1_46' title="bbox 514 4402 2080 4485">
     <span class='ocr_line' id='line_1_46' title="bbox 514 4402 2080 4485; baseline 0.007 -30"><span class='ocrx_word' id='word_1_290' title='bbox 514 4415 722 4468; x_wconf 84' lang='lat' dir='ltr'><strong>sumus,</strong></span> <span class='ocrx_word' id='word_1_291' title='bbox 759 4402 981 4455; x_wconf 89' lang='lat' dir='ltr'><strong>Domine</strong></span> <span class='ocrx_word' id='word_1_292' title='bbox 1024 4402 1163 4456; x_wconf 89' lang='lat' dir='ltr'><strong>Deus</strong></span> <span class='ocrx_word' id='word_1_293' title='bbox 1206 4416 1408 4472; x_wconf 73' lang='lat' dir='ltr'><strong>noster,</strong></span> <span class='ocrx_word' id='word_1_294' title='bbox 1456 4420 1512 4461; x_wconf 85' lang='grc' dir='ltr'><strong>ιιι</strong></span> <span class='ocrx_word' id='word_1_295' title='bbox 1564 4411 1678 4464; x_wconf 65' lang='lat' dir='ltr'><strong>haec</strong></span> <span class='ocrx_word' id='word_1_296' title='bbox 1726 4414 1880 4467; x_wconf 87' lang='lat' dir='ltr'><strong>nobis</strong></span> <span class='ocrx_word' id='word_1_297' title='bbox 1929 4414 2080 4485; x_wconf 81' lang='grc'>(555)</span> 
     </span>
    </p>
   </div>
   <div class='ocr_carea' id='block_1_47' title="bbox 2227 499 2694 564">
    <p class='ocr_par' dir='ltr' id='par_1_47' title="bbox 2227 499 2694 564">
     <span class='ocr_line' id='line_1_47' title="bbox 2227 499 2694 564; baseline 0.009 -14"><span class='ocrx_word' id='word_1_298' title='bbox 2227 513 2538 564; x_wconf 82' lang='lat' dir='ltr'><strong>sequamur.</strong></span> <span class='ocrx_word' id='word_1_299' title='bbox 2573 499 2694 554; x_wconf 84' lang='lat' dir='ltr'><strong>Per.</strong></span> 
     </span>
    </p>
   </div>
   <div class='ocr_carea' id='block_1_48' title="bbox 2297 589 3812 666">
    <p class='ocr_par' dir='ltr' id='par_1_48' title="bbox 2297 589 3812 666">
     <span class='ocr_line' id='line_1_48' title="bbox 2297 589 3812 666; baseline 0.013 -22"><span class='ocrx_word' id='word_1_300' title='bbox 2297 589 2468 651; x_wconf 83' lang='lat' dir='ltr'><strong>Super</strong></span> <span class='ocrx_word' id='word_1_301' title='bbox 2514 591 2709 645; x_wconf 83' lang='lat' dir='ltr'><strong>oblata.</strong></span> <span class='ocrx_word' id='word_1_302' title='bbox 2739 622 2807 633; x_wconf 92' lang='grc'><strong>--</strong></span> <span class='ocrx_word' id='word_1_303' title='bbox 2838 595 3076 666; x_wconf 77' lang='lat' dir='ltr'><strong>Munera,</strong></span> <span class='ocrx_word' id='word_1_304' title='bbox 3133 599 3373 666; x_wconf 87' lang='lat' dir='ltr'><strong>Domine,</strong></span> <span class='ocrx_word' id='word_1_305' title='bbox 3403 603 3578 658; x_wconf 86' lang='lat' dir='ltr'><strong>oblata</strong></span> <span class='ocrx_word' id='word_1_306' title='bbox 3601 610 3812 663; x_wconf 82' lang='lat' dir='ltr'><strong>sancti-</strong></span> 
     </span>
    </p>
   </div>
   <div class='ocr_carea' id='block_1_49' title="bbox 2227 678 3807 770">
    <p class='ocr_par' dir='ltr' id='par_1_49' title="bbox 2227 678 3807 770">
     <span class='ocr_line' id='line_1_49' title="bbox 2227 678 3807 770; baseline 0.013 -39"><span class='ocrx_word' id='word_1_307' title='bbox 2227 678 2352 743; x_wconf 87' lang='lat' dir='ltr'><strong>ﬁca,</strong></span> <span class='ocrx_word' id='word_1_308' title='bbox 2399 691 2476 748; x_wconf 92' lang='lat' dir='ltr'><strong>et,</strong></span> <span class='ocrx_word' id='word_1_309' title='bbox 2523 683 2892 742; x_wconf 89' lang='lat' dir='ltr'><strong>intercedente</strong></span> <span class='ocrx_word' id='word_1_310' title='bbox 2943 689 3096 744; x_wconf 87' lang='lat' dir='ltr'><strong>beato</strong></span> <span class='ocrx_word' id='word_1_311' title='bbox 3141 691 3371 761; x_wconf 83' lang='lat' dir='ltr'><strong>Georgio</strong></span> <span class='ocrx_word' id='word_1_312' title='bbox 3409 707 3642 769; x_wconf 82' lang='lat' dir='ltr'><strong>martyre</strong></span> <span class='ocrx_word' id='word_1_313' title='bbox 3690 711 3807 770; x_wconf 75' lang='lat' dir='ltr'><strong>tuo,</strong></span> 
     </span>
    </p>
   </div>
   <div class='ocr_carea' id='block_1_50' title="bbox 2223 775 3808 855">
    <p class='ocr_par' dir='ltr' id='par_1_50' title="bbox 2223 775 3808 855">
     <span class='ocr_line' id='line_1_50' title="bbox 2223 775 3808 855; baseline 0.016 -27"><span class='ocrx_word' id='word_1_314' title='bbox 2223 787 2327 828; x_wconf 86' lang='lat' dir='ltr'><strong>nos</strong></span> <span class='ocrx_word' id='word_1_315' title='bbox 2384 789 2479 840; x_wconf 89' lang='lat' dir='ltr'><strong>per</strong></span> <span class='ocrx_word' id='word_1_316' title='bbox 2537 775 2652 831; x_wconf 69' lang='lat' dir='ltr'><strong>haec</strong></span> <span class='ocrx_word' id='word_1_317' title='bbox 2711 792 2742 833; x_wconf 88' lang='lat' dir='ltr'><strong>a</strong></span> <span class='ocrx_word' id='word_1_318' title='bbox 2807 792 3139 848; x_wconf 89' lang='lat' dir='ltr'><strong>peccatorum</strong></span> <span class='ocrx_word' id='word_1_319' title='bbox 3206 799 3510 847; x_wconf 81' lang='lat' dir='ltr'><strong>nostrorum</strong></span> <span class='ocrx_word' id='word_1_320' title='bbox 3578 801 3808 855; x_wconf 82' lang='lat' dir='ltr'><strong>maculis</strong></span> 
     </span>
    </p>
   </div>
   <div class='ocr_carea' id='block_1_51' title="bbox 2225 868 3223 934">
    <p class='ocr_par' dir='ltr' id='par_1_51' title="bbox 2225 868 3223 934">
     <span class='ocr_line' id='line_1_51' title="bbox 2225 868 3223 934; baseline 0.014 -14"><span class='ocrx_word' id='word_1_321' title='bbox 2225 868 2476 924; x_wconf 91' lang='lat' dir='ltr'><strong>emunda.</strong></span> <span class='ocrx_word' id='word_1_322' title='bbox 2511 868 2612 924; x_wconf 86' lang='lat' dir='ltr'><strong>Per</strong></span> <span class='ocrx_word' id='word_1_323' title='bbox 2647 873 2929 928; x_wconf 91' lang='lat' dir='ltr'><strong>Dominum</strong></span> <span class='ocrx_word' id='word_1_324' title='bbox 2961 889 3223 934; x_wconf 84' lang='lat' dir='ltr'><strong>nostrum.</strong></span> 
     </span>
    </p>
   </div>
   <div class='ocr_carea' id='block_1_52' title="bbox 2301 956 3804 1048">
    <p class='ocr_par' dir='ltr' id='par_1_52' title="bbox 2301 956 3804 1048">
     <span class='ocr_line' id='line_1_52' title="bbox 2301 956 3804 1048; baseline 0.019 -41"><span class='ocrx_word' id='word_1_325' title='bbox 2301 956 2569 1026; x_wconf 74' lang='lat' dir='ltr'><strong>l’rwfan&#39;o.</strong></span> <span class='ocrx_word' id='word_1_326' title='bbox 2592 987 2664 1000; x_wconf 89' lang='lat'><strong>--</strong></span> <span class='ocrx_word' id='word_1_327' title='bbox 2693 961 2830 1017; x_wconf 85' lang='lat' dir='ltr'><strong>Vere</strong></span> <span class='ocrx_word' id='word_1_328' title='bbox 2858 965 3071 1032; x_wconf 86' lang='lat' dir='ltr'><strong>dignum</strong></span> <span class='ocrx_word' id='word_1_329' title='bbox 3111 979 3166 1024; x_wconf 90' lang='lat' dir='ltr'><strong>et</strong></span> <span class='ocrx_word' id='word_1_330' title='bbox 3187 969 3391 1038; x_wconf 88' lang='lat' dir='ltr'><strong>justum</strong></span> <span class='ocrx_word' id='word_1_331' title='bbox 3439 984 3545 1041; x_wconf 89' lang='lat' dir='ltr'><strong>est,</strong></span> <span class='ocrx_word' id='word_1_332' title='bbox 3585 992 3804 1048; x_wconf 84' lang='lat' dir='ltr'><strong>aequum</strong></span> 
     </span>
    </p>
   </div>
   <div class='ocr_carea' id='block_1_53' title="bbox 2225 1047 3798 1137">
    <p class='ocr_par' dir='ltr' id='par_1_53' title="bbox 2225 1047 3798 1137">
     <span class='ocr_line' id='line_1_53' title="bbox 2225 1047 3798 1137; baseline 0.015 -37"><span class='ocrx_word' id='word_1_333' title='bbox 2225 1057 2276 1100; x_wconf 92' lang='lat' dir='ltr'><strong>et</strong></span> <span class='ocrx_word' id='word_1_334' title='bbox 2302 1047 2558 1114; x_wconf 86' lang='lat' dir='ltr'><strong>salutare,</strong></span> <span class='ocrx_word' id='word_1_335' title='bbox 2598 1066 2696 1105; x_wconf 90' lang='lat' dir='ltr'><strong>nos</strong></span> <span class='ocrx_word' id='word_1_336' title='bbox 2717 1053 2809 1106; x_wconf 91' lang='lat' dir='ltr'><strong>tibi</strong></span> <span class='ocrx_word' id='word_1_337' title='bbox 2834 1069 3048 1122; x_wconf 89' lang='lat' dir='ltr'><strong>semper</strong></span> <span class='ocrx_word' id='word_1_338' title='bbox 3073 1068 3125 1112; x_wconf 92' lang='lat' dir='ltr'><strong>et</strong></span> <span class='ocrx_word' id='word_1_339' title='bbox 3164 1061 3360 1129; x_wconf 88' lang='lat' dir='ltr'><strong>ubique</strong></span> <span class='ocrx_word' id='word_1_340' title='bbox 3388 1066 3586 1132; x_wconf 87' lang='lat' dir='ltr'><strong>gratias</strong></span> <span class='ocrx_word' id='word_1_341' title='bbox 3615 1047 3798 1137; x_wconf 82' lang='lat' dir='ltr'><strong>agere,</strong></span> 
     </span>
    </p>
   </div>
   <div class='ocr_carea' id='block_1_54' title="bbox 2229 1140 3804 1228">
    <p class='ocr_par' dir='ltr' id='par_1_54' title="bbox 2229 1140 3804 1228">
     <span class='ocr_line' id='line_1_54' title="bbox 2229 1140 3804 1228; baseline 0.015 -35"><span class='ocrx_word' id='word_1_342' title='bbox 2229 1140 2454 1197; x_wconf 89' lang='lat' dir='ltr'><strong>Domine</strong></span> <span class='ocrx_word' id='word_1_343' title='bbox 2473 1153 2680 1210; x_wconf 90' lang='lat' dir='ltr'><strong>sancte,</strong></span> <span class='ocrx_word' id='word_1_344' title='bbox 2711 1145 2869 1201; x_wconf 85' lang='lat' dir='ltr'><strong>Pater</strong></span> <span class='ocrx_word' id='word_1_345' title='bbox 2891 1150 3250 1220; x_wconf 90' lang='lat' dir='ltr'><strong>omnipotens,</strong></span> <span class='ocrx_word' id='word_1_346' title='bbox 3280 1165 3483 1211; x_wconf 74' lang='lat' dir='ltr'><strong>zrterne</strong></span> <span class='ocrx_word' id='word_1_347' title='bbox 3512 1159 3680 1224; x_wconf 90' lang='lat' dir='ltr'><strong>Deus,</strong></span> <span class='ocrx_word' id='word_1_348' title='bbox 3709 1178 3804 1228; x_wconf 79' lang='lat' dir='ltr'><strong>per</strong></span> 
     </span>
    </p>
   </div>
   <div class='ocr_carea' id='block_1_55' title="bbox 2230 1233 3802 1318">
    <p class='ocr_par' dir='ltr' id='par_1_55' title="bbox 2230 1233 3802 1318">
     <span class='ocr_line' id='line_1_55' title="bbox 2230 1233 3802 1318; baseline 0.015 -33"><span class='ocrx_word' id='word_1_349' title='bbox 2230 1233 2498 1290; x_wconf 86' lang='lat' dir='ltr'><strong>Christum</strong></span> <span class='ocrx_word' id='word_1_350' title='bbox 2553 1237 2835 1293; x_wconf 91' lang='lat' dir='ltr'><strong>Dominum</strong></span> <span class='ocrx_word' id='word_1_351' title='bbox 2886 1252 3125 1298; x_wconf 89' lang='lat' dir='ltr'><strong>nostrum</strong></span> <span class='ocrx_word' id='word_1_352' title='bbox 3176 1262 3316 1315; x_wconf 88' lang='lat' dir='ltr'><strong>:pro</strong></span> <span class='ocrx_word' id='word_1_353' title='bbox 3364 1249 3518 1318; x_wconf 88' lang='lat' dir='ltr'><strong>cujus</strong></span> <span class='ocrx_word' id='word_1_354' title='bbox 3564 1253 3802 1310; x_wconf 87' lang='lat' dir='ltr'><strong>nominis</strong></span> 
     </span>
    </p>
   </div>
   <div class='ocr_carea' id='block_1_56' title="bbox 2227 1327 3804 1412">
    <p class='ocr_par' dir='ltr' id='par_1_56' title="bbox 2227 1327 3804 1412">
     <span class='ocr_line' id='line_1_56' title="bbox 2227 1327 3804 1412; baseline 0.013 -36"><span class='ocrx_word' id='word_1_355' title='bbox 2227 1327 2531 1380; x_wconf 81' lang='lat' dir='ltr'><strong>veneranda</strong></span> <span class='ocrx_word' id='word_1_356' title='bbox 2605 1327 2981 1397; x_wconf 79' lang='lat' dir='ltr'><strong>confessione,</strong></span> <span class='ocrx_word' id='word_1_357' title='bbox 3033 1335 3218 1390; x_wconf 85' lang='lat' dir='ltr'><strong>beatus</strong></span> <span class='ocrx_word' id='word_1_358' title='bbox 3285 1350 3487 1409; x_wconf 81' lang='lat' dir='ltr'><strong>martyr</strong></span> <span class='ocrx_word' id='word_1_359' title='bbox 3535 1341 3804 1412; x_wconf 84' lang='lat' dir='ltr'><strong>Georgius</strong></span> 
     </span>
    </p>
   </div>
   <div class='ocr_carea' id='block_1_57' title="bbox 2223 1412 3798 1492">
    <p class='ocr_par' dir='ltr' id='par_1_57' title="bbox 2223 1412 3798 1492">
     <span class='ocr_line' id='line_1_57' title="bbox 2223 1412 3798 1492; baseline 0.012 -26"><span class='ocrx_word' id='word_1_360' title='bbox 2223 1412 2439 1466; x_wconf 76' lang='lat' dir='ltr'><strong>diversa</strong></span> <span class='ocrx_word' id='word_1_361' title='bbox 2467 1416 2723 1483; x_wconf 86' lang='lat' dir='ltr'><strong>supplicia</strong></span> <span class='ocrx_word' id='word_1_362' title='bbox 2747 1419 3016 1486; x_wconf 88' lang='lat' dir='ltr'><strong>sustinuit,</strong></span> <span class='ocrx_word' id='word_1_363' title='bbox 3037 1430 3092 1475; x_wconf 94' lang='lat' dir='ltr'><strong>et</strong></span> <span class='ocrx_word' id='word_1_364' title='bbox 3121 1437 3182 1478; x_wconf 89' lang='lat' dir='ltr'><strong>ea</strong></span> <span class='ocrx_word' id='word_1_365' title='bbox 3206 1425 3518 1492; x_wconf 88' lang='lat' dir='ltr'><strong>deviuccns,</strong></span> <span class='ocrx_word' id='word_1_366' title='bbox 3541 1444 3798 1485; x_wconf 89' lang='lat' dir='ltr'><strong>coronant</strong></span> 
     </span>
    </p>
   </div>
   <div class='ocr_carea' id='block_1_58' title="bbox 2233 1503 3794 1586">
    <p class='ocr_par' dir='ltr' id='par_1_58' title="bbox 2233 1503 3794 1586">
     <span class='ocr_line' id='line_1_58' title="bbox 2233 1503 3794 1586; baseline 0.015 -33"><span class='ocrx_word' id='word_1_367' title='bbox 2233 1503 2598 1571; x_wconf 86' lang='lat' dir='ltr'><strong>perpetuitatis</strong></span> <span class='ocrx_word' id='word_1_368' title='bbox 2620 1515 2936 1579; x_wconf 83' lang='lat' dir='ltr'><strong>promeruit.</strong></span> <span class='ocrx_word' id='word_1_369' title='bbox 2973 1511 3072 1566; x_wconf 88' lang='lat' dir='ltr'><strong>Per</strong></span> <span class='ocrx_word' id='word_1_370' title='bbox 3093 1529 3246 1582; x_wconf 85' lang='lat' dir='ltr'><strong>quem</strong></span> <span class='ocrx_word' id='word_1_371' title='bbox 3271 1517 3597 1586; x_wconf 73' lang='lat' dir='ltr'><strong>Majestatettt</strong></span> <span class='ocrx_word' id='word_1_372' title='bbox 3625 1531 3794 1576; x_wconf 84' lang='lat' dir='ltr'><strong>tuam.</strong></span> 
     </span>
    </p>
   </div>
   <div class='ocr_carea' id='block_1_59' title="bbox 2285 1590 3791 1678">
    <p class='ocr_par' dir='ltr' id='par_1_59' title="bbox 2285 1590 3791 1678">
     <span class='ocr_line' id='line_1_59' title="bbox 2285 1590 3791 1678; baseline 0.016 -36"><span class='ocrx_word' id='word_1_373' title='bbox 2285 1590 2364 1642; x_wconf 85' lang='lat' dir='ltr'><strong>Ad</strong></span> <span class='ocrx_word' id='word_1_374' title='bbox 2410 1591 2888 1661; x_wconf 82' lang='lat' dir='ltr'><strong>Complendttm.—</strong></span> <span class='ocrx_word' id='word_1_375' title='bbox 2919 1599 3066 1655; x_wconf 88' lang='lat' dir='ltr'><strong>Beati</strong></span> <span class='ocrx_word' id='word_1_376' title='bbox 3111 1606 3320 1675; x_wconf 75' lang='lat' dir='ltr'><strong>Georgii</strong></span> <span class='ocrx_word' id='word_1_377' title='bbox 3373 1610 3624 1678; x_wconf 75' lang='lat' dir='ltr'><strong>martyris</strong></span> <span class='ocrx_word' id='word_1_378' title='bbox 3680 1613 3791 1677; x_wconf 91' lang='lat' dir='ltr'><strong>tui,</strong></span> 
     </span>
    </p>
   </div>
   <div class='ocr_carea' id='block_1_60' title="bbox 2214 1679 3793 1767">
    <p class='ocr_par' dir='ltr' id='par_1_60' title="bbox 2214 1679 3793 1767">
     <span class='ocr_line' id='line_1_60' title="bbox 2214 1679 3793 1767; baseline 0.015 -33"><span class='ocrx_word' id='word_1_379' title='bbox 2214 1679 2470 1750; x_wconf 89' lang='lat' dir='ltr'><strong>Domine,</strong></span> <span class='ocrx_word' id='word_1_380' title='bbox 2522 1685 2788 1756; x_wconf 77' lang='lat' dir='ltr'><strong>suﬁ‘ragiis</strong></span> <span class='ocrx_word' id='word_1_381' title='bbox 2832 1701 3116 1762; x_wconf 81' lang='lat' dir='ltr'><strong>exoratus,</strong></span> <span class='ocrx_word' id='word_1_382' title='bbox 3173 1707 3421 1767; x_wconf 85' lang='lat' dir='ltr'><strong>percepta</strong></span> <span class='ocrx_word' id='word_1_383' title='bbox 3466 1704 3793 1758; x_wconf 76' lang='lat' dir='ltr'><strong>sacramenti</strong></span> 
     </span>
    </p>
   </div>
   <div class='ocr_carea' id='block_1_61' title="bbox 2141 1767 3077 1837">
    <p class='ocr_par' dir='ltr' id='par_1_61' title="bbox 2141 1767 3077 1837">
     <span class='ocr_line' id='line_1_61' title="bbox 2141 1767 3077 1837; baseline 0.012 -11"><span class='ocrx_word' id='word_1_384' title='bbox 2141 1767 2188 1827; x_wconf 87' lang='lat' dir='ltr'><strong>B</strong></span> <span class='ocrx_word' id='word_1_385' title='bbox 2213 1772 2291 1827; x_wconf 86' lang='lat' dir='ltr'><strong>tui</strong></span> <span class='ocrx_word' id='word_1_386' title='bbox 2322 1788 2421 1829; x_wconf 89' lang='lat' dir='ltr'><strong>nos</strong></span> <span class='ocrx_word' id='word_1_387' title='bbox 2447 1776 2643 1831; x_wconf 71' lang='lat' dir='ltr'><strong>virtute</strong></span> <span class='ocrx_word' id='word_1_388' title='bbox 2671 1777 2921 1835; x_wconf 77' lang='lat' dir='ltr'><strong>defende.</strong></span> <span class='ocrx_word' id='word_1_389' title='bbox 2956 1781 3077 1837; x_wconf 84' lang='lat' dir='ltr'><strong>l’er.</strong></span> 
     </span>
    </p>
   </div>
   <div class='ocr_carea' id='block_1_62' title="bbox 2286 1863 3720 1936">
    <p class='ocr_par' dir='ltr' id='par_1_62' title="bbox 2286 1863 3720 1936">
     <span class='ocr_line' id='line_1_62' title="bbox 2286 1863 3720 1936; baseline 0.015 -22"><span class='ocrx_word' id='word_1_390' title='bbox 2286 1877 2359 1917; x_wconf 73' lang='lat' dir='ltr'><strong>rtt</strong></span> <span class='ocrx_word' id='word_1_391' title='bbox 2409 1863 2558 1935; x_wconf 73' lang='lat'><strong>(557)</strong></span> <span class='ocrx_word' id='word_1_392' title='bbox 2591 1877 2612 1906; x_wconf 74' lang='grc' dir='ltr'><em>ε</em></span> <span class='ocrx_word' id='word_1_393' title='bbox 2637 1881 2758 1924; x_wconf 68' lang='lat' dir='ltr'><strong>ua.</strong></span> <span class='ocrx_word' id='word_1_394' title='bbox 2807 1886 2941 1926; x_wconf 76' lang='grc' dir='ltr'>ιιΑιι.</span> <span class='ocrx_word' id='word_1_395' title='bbox 2978 1902 3045 1912; x_wconf 92' lang='lat'><strong>-—-</strong></span> <span class='ocrx_word' id='word_1_396' title='bbox 3071 1890 3291 1932; x_wconf 62' lang='lat' dir='ltr'><strong>manus</strong></span> <span class='ocrx_word' id='word_1_397' title='bbox 3335 1893 3517 1934; x_wconf 66' lang='lat' dir='ltr'><strong>sucu</strong></span> <span class='ocrx_word' id='word_1_398' title='bbox 3557 1896 3720 1936; x_wconf 76' lang='lat' dir='ltr'><strong>nutet</strong></span> 
     </span>
    </p>
   </div>
   <div class='ocr_carea' id='block_1_63' title="bbox 2791 1955 3186 1999">
    <p class='ocr_par' dir='ltr' id='par_1_63' title="bbox 2791 1955 3186 1999">
     <span class='ocr_line' id='line_1_63' title="bbox 2791 1955 3186 1999; baseline 0.015 -7"><span class='ocrx_word' id='word_1_399' title='bbox 2791 1955 3186 1999; x_wconf 68' lang='lat' dir='ltr'><strong>BVANGELIST£.</strong></span> 
     </span>
    </p>
   </div>
   <div class='ocr_carea' id='block_1_64' title="bbox 2287 2017 3788 2104">
    <p class='ocr_par' dir='ltr' id='par_1_64' title="bbox 2287 2017 3788 2104">
     <span class='ocr_line' id='line_1_64' title="bbox 2287 2017 3788 2104; baseline 0.015 -30"><span class='ocrx_word' id='word_1_400' title='bbox 2287 2017 2443 2088; x_wconf 91' lang='lat' dir='ltr'><strong>Deus,</strong></span> <span class='ocrx_word' id='word_1_401' title='bbox 2500 2024 2591 2092; x_wconf 90' lang='lat' dir='ltr'><strong>qui</strong></span> <span class='ocrx_word' id='word_1_402' title='bbox 2641 2025 2856 2082; x_wconf 86' lang='lat' dir='ltr'><strong>beatum</strong></span> <span class='ocrx_word' id='word_1_403' title='bbox 2911 2031 3144 2086; x_wconf 77' lang='lat' dir='ltr'><strong>Marcum</strong></span> <span class='ocrx_word' id='word_1_404' title='bbox 3209 2037 3590 2104; x_wconf 81' lang='lat' dir='ltr'><strong>evangelistam</strong></span> <span class='ocrx_word' id='word_1_405' title='bbox 3639 2049 3788 2096; x_wconf 89' lang='lat' dir='ltr'><strong>tuum</strong></span> 
     </span>
    </p>
   </div>
   <div class='ocr_carea' id='block_1_65' title="bbox 2212 2112 3783 2200">
    <p class='ocr_par' dir='ltr' id='par_1_65' title="bbox 2212 2112 3783 2200">
     <span class='ocr_line' id='line_1_65' title="bbox 2212 2112 3783 2200; baseline 0.012 -35"><span class='ocrx_word' id='word_1_406' title='bbox 2212 2112 2531 2181; x_wconf 77' lang='lat' dir='ltr'><strong>evangelica:</strong></span> <span class='ocrx_word' id='word_1_407' title='bbox 2580 2115 2972 2183; x_wconf 67' lang='lat' dir='ltr'><strong>prmdicationis</strong></span> <span class='ocrx_word' id='word_1_408' title='bbox 3021 2122 3191 2191; x_wconf 84' lang='lat' dir='ltr'><strong>gratia</strong></span> <span class='ocrx_word' id='word_1_409' title='bbox 3231 2125 3553 2192; x_wconf 88' lang='lat' dir='ltr'><strong>sublimasti,</strong></span> <span class='ocrx_word' id='word_1_410' title='bbox 3586 2129 3783 2200; x_wconf 74' lang='lat' dir='ltr'><strong>tribue,</strong></span> 
     </span>
    </p>
   </div>
   <div class='ocr_carea' id='block_1_66' title="bbox 2215 2205 3787 2287">
    <p class='ocr_par' dir='ltr' id='par_1_66' title="bbox 2215 2205 3787 2287">
     <span class='ocr_line' id='line_1_66' title="bbox 2215 2205 3787 2287; baseline 0.015 -34"><span class='ocrx_word' id='word_1_411' title='bbox 2215 2215 2538 2269; x_wconf 72' lang='lat' dir='ltr'><strong>quaesumus,</strong></span> <span class='ocrx_word' id='word_1_412' title='bbox 2578 2205 2694 2272; x_wconf 92' lang='lat' dir='ltr'><strong>ejus</strong></span> <span class='ocrx_word' id='word_1_413' title='bbox 2723 2221 2819 2260; x_wconf 93' lang='lat' dir='ltr'><strong>nos</strong></span> <span class='ocrx_word' id='word_1_414' title='bbox 2859 2222 3074 2280; x_wconf 88' lang='lat' dir='ltr'><strong>semper</strong></span> <span class='ocrx_word' id='word_1_415' title='bbox 3117 2223 3172 2268; x_wconf 90' lang='lat' dir='ltr'><strong>et</strong></span> <span class='ocrx_word' id='word_1_416' title='bbox 3200 2215 3499 2272; x_wconf 91' lang='lat' dir='ltr'><strong>eruditione</strong></span> <span class='ocrx_word' id='word_1_417' title='bbox 3520 2219 3787 2287; x_wconf 85' lang='lat' dir='ltr'><strong>proﬁcere</strong></span> 
     </span>
    </p>
   </div>
   <div class='ocr_carea' id='block_1_67' title="bbox 2209 2295 2946 2355">
    <p class='ocr_par' dir='ltr' id='par_1_67' title="bbox 2209 2295 2946 2355">
     <span class='ocr_line' id='line_1_67' title="bbox 2209 2295 2946 2355; baseline 0.012 -9"><span class='ocrx_word' id='word_1_418' title='bbox 2209 2301 2259 2347; x_wconf 88' lang='lat' dir='ltr'><strong>et</strong></span> <span class='ocrx_word' id='word_1_419' title='bbox 2281 2296 2522 2350; x_wconf 90' lang='lat' dir='ltr'><strong>oratione</strong></span> <span class='ocrx_word' id='word_1_420' title='bbox 2559 2295 2794 2353; x_wconf 84' lang='lat' dir='ltr'><strong>delendi.</strong></span> <span class='ocrx_word' id='word_1_421' title='bbox 2824 2299 2946 2355; x_wconf 83' lang='lat' dir='ltr'><strong>Per.</strong></span> 
     </span>
    </p>
   </div>
   <div class='ocr_carea' id='block_1_68' title="bbox 2279 2382 3782 2467">
    <p class='ocr_par' dir='ltr' id='par_1_68' title="bbox 2279 2382 3782 2467">
     <span class='ocr_line' id='line_1_68' title="bbox 2279 2382 3782 2467; baseline 0.014 -30"><span class='ocrx_word' id='word_1_422' title='bbox 2279 2382 2450 2449; x_wconf 85' lang='lat' dir='ltr'><strong>Super</strong></span> <span class='ocrx_word' id='word_1_423' title='bbox 2480 2385 2667 2440; x_wconf 81' lang='lat' dir='ltr'><strong>oblata.</strong></span> <span class='ocrx_word' id='word_1_424' title='bbox 2694 2390 2933 2446; x_wconf 81' lang='lat' dir='ltr'><strong>—Beati</strong></span> <span class='ocrx_word' id='word_1_425' title='bbox 2983 2391 3145 2449; x_wconf 80' lang='lat' dir='ltr'><strong>Marci</strong></span> <span class='ocrx_word' id='word_1_426' title='bbox 3193 2398 3534 2467; x_wconf 62' lang='lat' dir='ltr'><strong>evangelista</strong></span> <span class='ocrx_word' id='word_1_427' title='bbox 3577 2401 3653 2456; x_wconf 88' lang='lat' dir='ltr'><strong>tui</strong></span> <span class='ocrx_word' id='word_1_428' title='bbox 3695 2417 3782 2458; x_wconf 85' lang='lat' dir='ltr'><strong>so-</strong></span> 
     </span>
    </p>
   </div>
   <div class='ocr_carea' id='block_1_69' title="bbox 2209 2473 3782 2558">
    <p class='ocr_par' dir='ltr' id='par_1_69' title="bbox 2209 2473 3782 2558">
     <span class='ocr_line' id='line_1_69' title="bbox 2209 2473 3782 2558; baseline 0.011 -30"><span class='ocrx_word' id='word_1_429' title='bbox 2209 2473 2483 2531; x_wconf 84' lang='lat' dir='ltr'><strong>lemnitate</strong></span> <span class='ocrx_word' id='word_1_430' title='bbox 2529 2479 2622 2531; x_wconf 89' lang='lat' dir='ltr'><strong>tibi</strong></span> <span class='ocrx_word' id='word_1_431' title='bbox 2676 2496 2893 2536; x_wconf 89' lang='lat' dir='ltr'><strong>munera</strong></span> <span class='ocrx_word' id='word_1_432' title='bbox 2937 2482 3263 2552; x_wconf 83' lang='lat' dir='ltr'><strong>deferentes,</strong></span> <span class='ocrx_word' id='word_1_433' title='bbox 3304 2504 3632 2558; x_wconf 73' lang='lat' dir='ltr'><strong>quaesumus,</strong></span> <span class='ocrx_word' id='word_1_434' title='bbox 3683 2492 3782 2547; x_wconf 72' lang='lat' dir='ltr'><strong>De-</strong></span> 
     </span>
    </p>
   </div>
   <div class='ocr_carea' id='block_1_70' title="bbox 2205 2565 3779 2654">
    <p class='ocr_par' dir='ltr' id='par_1_70' title="bbox 2205 2565 3779 2654">
     <span class='ocr_line' id='line_1_70' title="bbox 2205 2565 3779 2654; baseline 0.013 -35"><span class='ocrx_word' id='word_1_435' title='bbox 2205 2565 2372 2634; x_wconf 90' lang='lat' dir='ltr'><strong>mine,</strong></span> <span class='ocrx_word' id='word_1_436' title='bbox 2401 2577 2458 2622; x_wconf 92' lang='lat' dir='ltr'><strong>ut</strong></span> <span class='ocrx_word' id='word_1_437' title='bbox 2487 2569 2625 2624; x_wconf 87' lang='lat' dir='ltr'><strong>sicut</strong></span> <span class='ocrx_word' id='word_1_438' title='bbox 2659 2571 2808 2625; x_wconf 89' lang='lat' dir='ltr'><strong>illum</strong></span> <span class='ocrx_word' id='word_1_439' title='bbox 2838 2575 3148 2643; x_wconf 64' lang='lat' dir='ltr'><strong>praedicatio</strong></span> <span class='ocrx_word' id='word_1_440' title='bbox 3172 2581 3474 2650; x_wconf 88' lang='lat' dir='ltr'><strong>evangelica</strong></span> <span class='ocrx_word' id='word_1_441' title='bbox 3515 2583 3639 2637; x_wconf 74' lang='lat' dir='ltr'><strong>fecit</strong></span> <span class='ocrx_word' id='word_1_442' title='bbox 3667 2585 3779 2654; x_wconf 83' lang='lat' dir='ltr'><strong>glo-</strong></span> 
     </span>
    </p>
   </div>
   <div class='ocr_carea' id='block_1_71' title="bbox 2203 2657 3776 2744">
    <p class='ocr_par' dir='ltr' id='par_1_71' title="bbox 2203 2657 3776 2744">
     <span class='ocr_line' id='line_1_71' title="bbox 2203 2657 3776 2744; baseline 0.012 -33"><span class='ocrx_word' id='word_1_443' title='bbox 2203 2657 2422 2724; x_wconf 89' lang='lat' dir='ltr'><strong>riosum,</strong></span> <span class='ocrx_word' id='word_1_444' title='bbox 2476 2661 2545 2714; x_wconf 89' lang='lat' dir='ltr'><strong>ita</strong></span> <span class='ocrx_word' id='word_1_445' title='bbox 2592 2677 2690 2716; x_wconf 90' lang='lat' dir='ltr'><strong>nos</strong></span> <span class='ocrx_word' id='word_1_446' title='bbox 2732 2663 2848 2732; x_wconf 89' lang='lat' dir='ltr'><strong>ejus</strong></span> <span class='ocrx_word' id='word_1_447' title='bbox 2880 2666 3193 2724; x_wconf 89' lang='lat' dir='ltr'><strong>intercessio</strong></span> <span class='ocrx_word' id='word_1_448' title='bbox 3222 2679 3275 2726; x_wconf 89' lang='lat' dir='ltr'><strong>et</strong></span> <span class='ocrx_word' id='word_1_449' title='bbox 3322 2673 3484 2727; x_wconf 80' lang='lat' dir='ltr'><strong>verbo</strong></span> <span class='ocrx_word' id='word_1_450' title='bbox 3525 2683 3581 2730; x_wconf 87' lang='lat' dir='ltr'><strong>et</strong></span> <span class='ocrx_word' id='word_1_451' title='bbox 3611 2691 3776 2744; x_wconf 86' lang='lat' dir='ltr'><strong>opere</strong></span> 
     </span>
    </p>
   </div>
   <div class='ocr_carea' id='block_1_72' title="bbox 2203 2744 2952 2823">
    <p class='ocr_par' dir='ltr' id='par_1_72' title="bbox 2203 2744 2952 2823">
     <span class='ocr_line' id='line_1_72' title="bbox 2203 2744 2952 2823; baseline 0.008 -19"><span class='ocrx_word' id='word_1_452' title='bbox 2203 2744 2298 2804; x_wconf 82' lang='lat' dir='ltr'><strong>tibi</strong></span> <span class='ocrx_word' id='word_1_453' title='bbox 2328 2749 2511 2809; x_wconf 88' lang='lat' dir='ltr'><strong>reddat</strong></span> <span class='ocrx_word' id='word_1_454' title='bbox 2536 2763 2803 2823; x_wconf 82' lang='lat' dir='ltr'><strong>acceptos.</strong></span> <span class='ocrx_word' id='word_1_455' title='bbox 2833 2754 2952 2810; x_wconf 82' lang='lat' dir='ltr'><strong>Per.</strong></span> 
     </span>
    </p>
   </div>
   <div class='ocr_carea' id='block_1_73' title="bbox 2269 2839 3771 2925">
    <p class='ocr_par' dir='ltr' id='par_1_73' title="bbox 2269 2839 3771 2925">
     <span class='ocr_line' id='line_1_73' title="bbox 2269 2839 3771 2925; baseline 0.011 -32"><span class='ocrx_word' id='word_1_456' title='bbox 2269 2839 2633 2910; x_wconf 75' lang='lat' dir='ltr'><strong>Prtefatio.—</strong></span> <span class='ocrx_word' id='word_1_457' title='bbox 2661 2844 2797 2900; x_wconf 84' lang='lat' dir='ltr'><strong>Vere</strong></span> <span class='ocrx_word' id='word_1_458' title='bbox 2827 2845 3040 2916; x_wconf 81' lang='lat' dir='ltr'><strong>dignum</strong></span> <span class='ocrx_word' id='word_1_459' title='bbox 3080 2857 3134 2904; x_wconf 89' lang='lat' dir='ltr'><strong>et</strong></span> <span class='ocrx_word' id='word_1_460' title='bbox 3170 2849 3372 2920; x_wconf 87' lang='lat' dir='ltr'><strong>justum</strong></span> <span class='ocrx_word' id='word_1_461' title='bbox 3415 2862 3518 2922; x_wconf 88' lang='lat' dir='ltr'><strong>est,</strong></span> <span class='ocrx_word' id='word_1_462' title='bbox 3561 2870 3771 2925; x_wconf 69' lang='lat' dir='ltr'><strong>aequum</strong></span> 
     </span>
    </p>
   </div>
   <div class='ocr_carea' id='block_1_74' title="bbox 2201 2935 3770 3019">
    <p class='ocr_par' dir='ltr' id='par_1_74' title="bbox 2201 2935 3770 3019">
     <span class='ocr_line' id='line_1_74' title="bbox 2201 2935 3770 3019; baseline 0.01 -30"><span class='ocrx_word' id='word_1_463' title='bbox 2201 2943 2255 2989; x_wconf 91' lang='lat' dir='ltr'><strong>et</strong></span> <span class='ocrx_word' id='word_1_464' title='bbox 2275 2935 2530 3002; x_wconf 88' lang='lat' dir='ltr'><strong>salutare,</strong></span> <span class='ocrx_word' id='word_1_465' title='bbox 2560 2953 2658 2992; x_wconf 92' lang='lat' dir='ltr'><strong>nos</strong></span> <span class='ocrx_word' id='word_1_466' title='bbox 2685 2940 2778 2994; x_wconf 89' lang='lat' dir='ltr'><strong>tibi</strong></span> <span class='ocrx_word' id='word_1_467' title='bbox 2821 2956 3030 3010; x_wconf 83' lang='lat' dir='ltr'><strong>semper</strong></span> <span class='ocrx_word' id='word_1_468' title='bbox 3057 2953 3112 2998; x_wconf 90' lang='lat' dir='ltr'><strong>et</strong></span> <span class='ocrx_word' id='word_1_469' title='bbox 3139 2946 3336 3016; x_wconf 88' lang='lat' dir='ltr'><strong>ubiqtte</strong></span> <span class='ocrx_word' id='word_1_470' title='bbox 3367 2951 3560 3018; x_wconf 89' lang='lat' dir='ltr'><strong>gratias</strong></span> <span class='ocrx_word' id='word_1_471' title='bbox 3588 2966 3770 3019; x_wconf 82' lang='lat' dir='ltr'><strong>agere,</strong></span> 
     </span>
    </p>
   </div>
   <div class='ocr_carea' id='block_1_75' title="bbox 2201 3024 3770 3111">
    <p class='ocr_par' dir='ltr' id='par_1_75' title="bbox 2201 3024 3770 3111">
     <span class='ocr_line' id='line_1_75' title="bbox 2201 3024 3770 3111; baseline 0.011 -33"><span class='ocrx_word' id='word_1_472' title='bbox 2201 3024 2425 3081; x_wconf 87' lang='lat' dir='ltr'><strong>Domine</strong></span> <span class='ocrx_word' id='word_1_473' title='bbox 2446 3037 2654 3093; x_wconf 88' lang='lat' dir='ltr'><strong>sancte,</strong></span> <span class='ocrx_word' id='word_1_474' title='bbox 2690 3030 2845 3086; x_wconf 85' lang='lat' dir='ltr'><strong>Pater</strong></span> <span class='ocrx_word' id='word_1_475' title='bbox 2867 3035 3226 3104; x_wconf 78' lang='lat' dir='ltr'><strong>omnipotens,</strong></span> <span class='ocrx_word' id='word_1_476' title='bbox 3257 3049 3456 3093; x_wconf 65' lang='lat' dir='ltr'><strong>aeterne</strong></span> <span class='ocrx_word' id='word_1_477' title='bbox 3485 3038 3643 3106; x_wconf 90' lang='lat' dir='ltr'><strong>Deus,</strong></span> <span class='ocrx_word' id='word_1_478' title='bbox 3677 3057 3770 3111; x_wconf 90' lang='lat' dir='ltr'><strong>per</strong></span> 
     </span>
    </p>
   </div>
   <div class='ocr_carea' id='block_1_76' title="bbox 524 3114 3768 3213">
    <p class='ocr_par' dir='ltr' id='par_1_76' title="bbox 524 3114 3768 3213">
     <span class='ocr_line' id='line_1_76' title="bbox 524 3114 3768 3213; baseline 0.01 -21"><span class='ocrx_word' id='word_1_479' title='bbox 524 3114 665 3204; x_wconf 82' lang='lat' dir='ltr'><strong>mus,</strong></span> <span class='ocrx_word' id='word_1_480' title='bbox 695 3150 750 3195; x_wconf 90' lang='lat' dir='ltr'><strong>et</strong></span> <span class='ocrx_word' id='word_1_481' title='bbox 784 3141 990 3196; x_wconf 79' lang='lat' dir='ltr'><strong>vincula</strong></span> <span class='ocrx_word' id='word_1_482' title='bbox 1036 3151 1233 3196; x_wconf 62' lang='lat' dir='ltr'><strong>nostra:</strong></span> <span class='ocrx_word' id='word_1_483' title='bbox 1283 3143 1558 3212; x_wconf 85' lang='lat' dir='ltr'><strong>pravitatis</strong></span> <span class='ocrx_word' id='word_1_484' title='bbox 1599 3145 1862 3213; x_wconf 82' lang='lat' dir='ltr'><strong>absolvat,</strong></span> <span class='ocrx_word' id='word_1_485' title='bbox 1892 3156 1948 3202; x_wconf 90' lang='lat' dir='ltr'><strong>et</strong></span> <span class='ocrx_word' id='word_1_486' title='bbox 1993 3157 2094 3202; x_wconf 61' lang='lat' dir='ltr'><strong>tua</strong></span> <span class='ocrx_word' id='word_1_487' title='bbox 2123 3117 2169 3178; x_wconf 54' lang='grc' dir='ltr'><strong>(δ</strong></span> <span class='ocrx_word' id='word_1_488' title='bbox 2197 3114 2489 3213; x_wconf 57' lang='grc' dir='ltr'>Ειηίθιωη,</span> <span class='ocrx_word' id='word_1_489' title='bbox 2511 3117 2793 3213; x_wconf 63' lang='lat' dir='ltr'><strong>D°&quot;“““f“</strong></span> <span class='ocrx_word' id='word_1_490' title='bbox 2842 3131 3084 3177; x_wconf 58' lang='lat' dir='ltr'><strong>&quot;osum&quot;</strong></span> <span class='ocrx_word' id='word_1_491' title='bbox 3117 3141 3130 3177; x_wconf 67' lang='grc'>³</span> <span class='ocrx_word' id='word_1_492' title='bbox 3162 3126 3316 3194; x_wconf 59' lang='lat' dir='ltr'><strong>cuius</strong></span> <span class='ocrx_word' id='word_1_493' title='bbox 3354 3129 3524 3198; x_wconf 51' lang='lat' dir='ltr'><strong>gratia</strong></span> <span class='ocrx_word' id='word_1_494' title='bbox 3554 3130 3768 3183; x_wconf 59' lang='lat' dir='ltr'><strong>beamm</strong></span> 
     </span>
    </p>
   </div>
   <div class='ocr_carea' id='block_1_77' title="bbox 2195 3207 3772 3288">
    <p class='ocr_par' dir='ltr' id='par_1_77' title="bbox 2195 3207 3772 3288">
     <span class='ocr_line' id='line_1_77' title="bbox 2195 3207 3772 3288; baseline 0.008 -28"><span class='ocrx_word' id='word_1_495' title='bbox 2195 3207 2428 3261; x_wconf 77' lang='lat' dir='ltr'><strong>Marcum</strong></span> <span class='ocrx_word' id='word_1_496' title='bbox 2478 3210 2531 3262; x_wconf 91' lang='lat' dir='ltr'><strong>in</strong></span> <span class='ocrx_word' id='word_1_497' title='bbox 2572 3211 2928 3266; x_wconf 80' lang='lat' dir='ltr'><strong>sacerdotium</strong></span> <span class='ocrx_word' id='word_1_498' title='bbox 2970 3213 3149 3286; x_wconf 89' lang='lat' dir='ltr'><strong>elegit,</strong></span> <span class='ocrx_word' id='word_1_499' title='bbox 3175 3217 3414 3272; x_wconf 85' lang='lat' dir='ltr'><strong>doctrina</strong></span> <span class='ocrx_word' id='word_1_500' title='bbox 3459 3220 3523 3272; x_wconf 87' lang='lat' dir='ltr'><strong>ad</strong></span> <span class='ocrx_word' id='word_1_501' title='bbox 3579 3221 3772 3288; x_wconf 63' lang='lat' dir='ltr'><strong>praedi-</strong></span> 
     </span>
    </p>
   </div>
   <div class='ocr_carea' id='block_1_78' title="bbox 2194 3298 3772 3374">
    <p class='ocr_par' dir='ltr' id='par_1_78' title="bbox 2194 3298 3772 3374">
     <span class='ocr_line' id='line_1_78' title="bbox 2194 3298 3772 3374; baseline 0.008 -24"><span class='ocrx_word' id='word_1_502' title='bbox 2194 3298 2421 3352; x_wconf 90' lang='lat' dir='ltr'><strong>candum</strong></span> <span class='ocrx_word' id='word_1_503' title='bbox 2452 3300 2668 3366; x_wconf 88' lang='lat' dir='ltr'><strong>erudiit,</strong></span> <span class='ocrx_word' id='word_1_504' title='bbox 2711 3305 2945 3370; x_wconf 89' lang='lat' dir='ltr'><strong>potentia</strong></span> <span class='ocrx_word' id='word_1_505' title='bbox 2974 3305 3040 3358; x_wconf 90' lang='lat' dir='ltr'><strong>ad</strong></span> <span class='ocrx_word' id='word_1_506' title='bbox 3078 3309 3529 3374; x_wconf 87' lang='lat' dir='ltr'><strong>perseverandum</strong></span> <span class='ocrx_word' id='word_1_507' title='bbox 3560 3313 3772 3364; x_wconf 85' lang='lat' dir='ltr'><strong>contir-</strong></span> 
     </span>
    </p>
   </div>
   <div class='ocr_carea' id='block_1_79' title="bbox 2193 3389 3770 3472">
    <p class='ocr_par' dir='ltr' id='par_1_79' title="bbox 2193 3389 3770 3472">
     <span class='ocr_line' id='line_1_79' title="bbox 2193 3389 3770 3472; baseline 0.011 -32"><span class='ocrx_word' id='word_1_508' title='bbox 2193 3389 2375 3453; x_wconf 83' lang='lat' dir='ltr'><strong>mavit,</strong></span> <span class='ocrx_word' id='word_1_509' title='bbox 2407 3400 2463 3444; x_wconf 81' lang='grc' dir='ltr'><strong>ιιι</strong></span> <span class='ocrx_word' id='word_1_510' title='bbox 2493 3405 2586 3459; x_wconf 85' lang='lat' dir='ltr'><strong>per</strong></span> <span class='ocrx_word' id='word_1_511' title='bbox 2611 3393 2997 3450; x_wconf 90' lang='lat' dir='ltr'><strong>sacerdotalem</strong></span> <span class='ocrx_word' id='word_1_512' title='bbox 3028 3397 3248 3455; x_wconf 80' lang='lat' dir='ltr'><strong>infulam</strong></span> <span class='ocrx_word' id='word_1_513' title='bbox 3283 3401 3431 3472; x_wconf 68' lang='lat'><strong>(52:8)</strong></span> <span class='ocrx_word' id='word_1_514' title='bbox 3463 3405 3770 3471; x_wconf 74' lang='lat' dir='ltr'><strong>perveniret</strong></span> 
     </span>
    </p>
   </div>
   <div class='ocr_carea' id='block_1_80' title="bbox 2191 3478 3766 3558">
    <p class='ocr_par' dir='ltr' id='par_1_80' title="bbox 2191 3478 3766 3558">
     <span class='ocr_line' id='line_1_80' title="bbox 2191 3478 3766 3558; baseline 0.01 -27"><span class='ocrx_word' id='word_1_515' title='bbox 2191 3478 2258 3531; x_wconf 84' lang='lat' dir='ltr'><strong>ad</strong></span> <span class='ocrx_word' id='word_1_516' title='bbox 2286 3479 2524 3550; x_wconf 81' lang='lat' dir='ltr'><strong>martyrii</strong></span> <span class='ocrx_word' id='word_1_517' title='bbox 2556 3481 2818 3550; x_wconf 89' lang='lat' dir='ltr'><strong>palmam;</strong></span> <span class='ocrx_word' id='word_1_518' title='bbox 2858 3485 3162 3558; x_wconf 87' lang='lat' dir='ltr'><strong>docettsque</strong></span> <span class='ocrx_word' id='word_1_519' title='bbox 3195 3489 3457 3557; x_wconf 90' lang='lat' dir='ltr'><strong>subditos,</strong></span> <span class='ocrx_word' id='word_1_520' title='bbox 3490 3492 3766 3547; x_wconf 87' lang='lat' dir='ltr'><strong>instruens</strong></span> 
     </span>
    </p>
   </div>
   <div class='ocr_carea' id='block_1_81' title="bbox 2193 3573 3766 3649">
    <p class='ocr_par' dir='ltr' id='par_1_81' title="bbox 2193 3573 3766 3649">
     <span class='ocr_line' id='line_1_81' title="bbox 2193 3573 3766 3649; baseline 0.008 -23"><span class='ocrx_word' id='word_1_521' title='bbox 2193 3573 2401 3627; x_wconf 77' lang='lat' dir='ltr'><strong>vivendi</strong></span> <span class='ocrx_word' id='word_1_522' title='bbox 2433 3577 2700 3645; x_wconf 82' lang='lat' dir='ltr'><strong>exemplo,</strong></span> <span class='ocrx_word' id='word_1_523' title='bbox 2732 3578 3053 3635; x_wconf 87' lang='lat' dir='ltr'><strong>conﬁrmans</strong></span> <span class='ocrx_word' id='word_1_524' title='bbox 3103 3584 3373 3649; x_wconf 79' lang='lat' dir='ltr'><strong>patiendo,</strong></span> <span class='ocrx_word' id='word_1_525' title='bbox 3416 3585 3481 3637; x_wconf 89' lang='lat' dir='ltr'><strong>ad</strong></span> <span class='ocrx_word' id='word_1_526' title='bbox 3514 3593 3564 3639; x_wconf 92' lang='lat' dir='ltr'><strong>te</strong></span> <span class='ocrx_word' id='word_1_527' title='bbox 3606 3599 3766 3639; x_wconf 68' lang='lat' dir='ltr'><strong>coro-</strong></span> 
     </span>
    </p>
   </div>
   <div class='ocr_carea' id='block_1_82' title="bbox 2177 3663 3768 3746">
    <p class='ocr_par' dir='ltr' id='par_1_82' title="bbox 2177 3663 3768 3746">
     <span class='ocr_line' id='line_1_82' title="bbox 2177 3663 3768 3746; baseline 0.008 -30"><span class='ocrx_word' id='word_1_528' title='bbox 2177 3663 2395 3724; x_wconf 82' lang='lat' dir='ltr'><strong>nandus</strong></span> <span class='ocrx_word' id='word_1_529' title='bbox 2422 3665 2742 3733; x_wconf 83' lang='lat' dir='ltr'><strong>perveniret,</strong></span> <span class='ocrx_word' id='word_1_530' title='bbox 2772 3669 2861 3738; x_wconf 92' lang='lat' dir='ltr'><strong>qui</strong></span> <span class='ocrx_word' id='word_1_531' title='bbox 2893 3680 3288 3738; x_wconf 84' lang='lat' dir='ltr'><strong>persecutorum</strong></span> <span class='ocrx_word' id='word_1_532' title='bbox 3333 3674 3505 3729; x_wconf 86' lang='lat' dir='ltr'><strong>minas</strong></span> <span class='ocrx_word' id='word_1_533' title='bbox 3541 3676 3768 3746; x_wconf 79' lang='lat' dir='ltr'><strong>intrepi-</strong></span> 
     </span>
    </p>
   </div>
   <div class='ocr_carea' id='block_1_83' title="bbox 2190 3753 3766 3836">
    <p class='ocr_par' dir='ltr' id='par_1_83' title="bbox 2190 3753 3766 3836">
     <span class='ocr_line' id='line_1_83' title="bbox 2190 3753 3766 3836; baseline 0.01 -28"><span class='ocrx_word' id='word_1_534' title='bbox 2190 3753 2290 3808; x_wconf 87' lang='lat' dir='ltr'><strong>dus</strong></span> <span class='ocrx_word' id='word_1_535' title='bbox 2318 3768 2641 3824; x_wconf 68' lang='lat' dir='ltr'><strong>superasset.</strong></span> <span class='ocrx_word' id='word_1_536' title='bbox 2684 3758 2848 3828; x_wconf 89' lang='lat' dir='ltr'><strong>Cujus</strong></span> <span class='ocrx_word' id='word_1_537' title='bbox 2894 3762 3244 3831; x_wconf 89' lang='lat' dir='ltr'><strong>interventus,</strong></span> <span class='ocrx_word' id='word_1_538' title='bbox 3288 3781 3404 3833; x_wconf 84' lang='lat' dir='ltr'><strong>nos,</strong></span> <span class='ocrx_word' id='word_1_539' title='bbox 3436 3781 3766 3836; x_wconf 71' lang='lat' dir='ltr'><strong>quaesumus,</strong></span> 
     </span>
    </p>
   </div>
   <div class='ocr_carea' id='block_1_84' title="bbox 2193 3846 3767 3923">
    <p class='ocr_par' dir='ltr' id='par_1_84' title="bbox 2193 3846 3767 3923">
     <span class='ocr_line' id='line_1_84' title="bbox 2193 3846 3767 3923; baseline 0.011 -28"><span class='ocrx_word' id='word_1_540' title='bbox 2193 3857 2222 3895; x_wconf 92' lang='lat' dir='ltr'><strong>a</strong></span> <span class='ocrx_word' id='word_1_541' title='bbox 2250 3846 2447 3898; x_wconf 78' lang='lat' dir='ltr'><strong>nostris</strong></span> <span class='ocrx_word' id='word_1_542' title='bbox 2491 3848 2707 3902; x_wconf 90' lang='lat' dir='ltr'><strong>mundet</strong></span> <span class='ocrx_word' id='word_1_543' title='bbox 2735 3849 2964 3914; x_wconf 86' lang='lat' dir='ltr'><strong>delictis,</strong></span> <span class='ocrx_word' id='word_1_544' title='bbox 2994 3857 3081 3921; x_wconf 91' lang='lat' dir='ltr'><strong>qui</strong></span> <span class='ocrx_word' id='word_1_545' title='bbox 3111 3853 3204 3907; x_wconf 88' lang='lat' dir='ltr'><strong>tibl</strong></span> <span class='ocrx_word' id='word_1_546' title='bbox 3236 3854 3431 3923; x_wconf 90' lang='lat' dir='ltr'><strong>placuit</strong></span> <span class='ocrx_word' id='word_1_547' title='bbox 3475 3867 3554 3912; x_wconf 90' lang='lat' dir='ltr'><strong>t0t</strong></span> <span class='ocrx_word' id='word_1_548' title='bbox 3595 3859 3767 3913; x_wconf 88' lang='lat' dir='ltr'><strong>dono-</strong></span> 
     </span>
    </p>
   </div>
   <div class='ocr_carea' id='block_1_85' title="bbox 2193 3935 3407 4010">
    <p class='ocr_par' dir='ltr' id='par_1_85' title="bbox 2193 3935 3407 4010">
     <span class='ocr_line' id='line_1_85' title="bbox 2193 3935 3407 4010; baseline 0.012 -27"><span class='ocrx_word' id='word_1_549' title='bbox 2193 3946 2308 3984; x_wconf 90' lang='lat' dir='ltr'><strong>rum</strong></span> <span class='ocrx_word' id='word_1_550' title='bbox 2338 3935 2718 4004; x_wconf 72' lang='lat' dir='ltr'><strong>prwrogativis.</strong></span> <span class='ocrx_word' id='word_1_551' title='bbox 2755 3936 2854 3992; x_wconf 89' lang='lat' dir='ltr'><strong>Per</strong></span> <span class='ocrx_word' id='word_1_552' title='bbox 2877 3954 3033 4008; x_wconf 86' lang='lat' dir='ltr'><strong>quem</strong></span> <span class='ocrx_word' id='word_1_553' title='bbox 3064 3942 3407 4010; x_wconf 79' lang='lat' dir='ltr'><strong>Majestatem.</strong></span> 
     </span>
    </p>
   </div>
   <div class='ocr_carea' id='block_1_86' title="bbox 2871 4029 3077 4099">
    <p class='ocr_par' dir='ltr' id='par_1_86' title="bbox 2871 4029 3077 4099">
     <span class='ocr_line' id='line_1_86' title="bbox 2871 4029 3077 4099; baseline 0.01 -17"><span class='ocrx_word' id='word_1_554' title='bbox 2871 4029 3077 4099; x_wconf 26' lang='lat' dir='ltr'><strong>dura.</strong></span> 
     </span>
    </p>
   </div>
   <div class='ocr_carea' id='block_1_87' title="bbox 2262 4115 3758 4196">
    <p class='ocr_par' dir='ltr' id='par_1_87' title="bbox 2262 4115 3758 4196">
     <span class='ocr_line' id='line_1_87' title="bbox 2262 4115 3758 4196; baseline 0.011 -30"><span class='ocrx_word' id='word_1_555' title='bbox 2262 4115 2344 4166; x_wconf 79' lang='lat' dir='ltr'><strong>Ad</strong></span> <span class='ocrx_word' id='word_1_556' title='bbox 2386 4115 2771 4185; x_wconf 85' lang='lat' dir='ltr'><strong>(.‘omplendum.</strong></span> <span class='ocrx_word' id='word_1_557' title='bbox 2816 4149 2881 4159; x_wconf 86' lang='lat'><strong>--</strong></span> <span class='ocrx_word' id='word_1_558' title='bbox 2915 4121 3170 4177; x_wconf 87' lang='lat' dir='ltr'><strong>Tribuant</strong></span> <span class='ocrx_word' id='word_1_559' title='bbox 3212 4126 3386 4192; x_wconf 86' lang='lat' dir='ltr'><strong>nobis,</strong></span> <span class='ocrx_word' id='word_1_560' title='bbox 3433 4142 3758 4196; x_wconf 66' lang='lat' dir='ltr'><strong>quaesumus,</strong></span> 
     </span>
    </p>
   </div>
   <div class='ocr_carea' id='block_1_88' title="bbox 2189 4202 3757 4289">
    <p class='ocr_par' dir='ltr' id='par_1_88' title="bbox 2189 4202 3757 4289">
     <span class='ocr_line' id='line_1_88' title="bbox 2189 4202 3757 4289; baseline 0.011 -34"><span class='ocrx_word' id='word_1_561' title='bbox 2189 4202 2431 4268; x_wconf 90' lang='lat' dir='ltr'><strong>Domine,</strong></span> <span class='ocrx_word' id='word_1_562' title='bbox 2461 4207 2769 4261; x_wconf 86' lang='lat' dir='ltr'><strong>continuum</strong></span> <span class='ocrx_word' id='word_1_563' title='bbox 2801 4211 2909 4280; x_wconf 78' lang='lat'><strong>85</strong></span> <span class='ocrx_word' id='word_1_564' title='bbox 2942 4220 3025 4265; x_wconf 91' lang='lat' dir='ltr'><strong>tua</strong></span> <span class='ocrx_word' id='word_1_565' title='bbox 3059 4224 3237 4268; x_wconf 87' lang='lat' dir='ltr'><strong>sancta</strong></span> <span class='ocrx_word' id='word_1_566' title='bbox 3269 4217 3589 4284; x_wconf 65' lang='lat' dir='ltr'><strong>praesidium,</strong></span> <span class='ocrx_word' id='word_1_567' title='bbox 3616 4220 3757 4289; x_wconf 88' lang='lat' dir='ltr'><strong>quod</strong></span> 
     </span>
    </p>
   </div>
   <div class='ocr_carea' id='block_1_89' title="bbox 2190 4294 3760 4371">
    <p class='ocr_par' dir='ltr' id='par_1_89' title="bbox 2190 4294 3760 4371">
     <span class='ocr_line' id='line_1_89' title="bbox 2190 4294 3760 4371; baseline 0.011 -24"><span class='ocrx_word' id='word_1_568' title='bbox 2190 4294 2328 4348; x_wconf 90' lang='lat' dir='ltr'><strong>beati</strong></span> <span class='ocrx_word' id='word_1_569' title='bbox 2357 4296 2516 4352; x_wconf 83' lang='lat' dir='ltr'><strong>Marci</strong></span> <span class='ocrx_word' id='word_1_570' title='bbox 2545 4301 2881 4368; x_wconf 74' lang='lat' dir='ltr'><strong>evangelista:</strong></span> <span class='ocrx_word' id='word_1_571' title='bbox 2913 4308 2987 4355; x_wconf 87' lang='lat' dir='ltr'><strong>tui</strong></span> <span class='ocrx_word' id='word_1_572' title='bbox 3016 4306 3262 4371; x_wconf 90' lang='lat' dir='ltr'><strong>precibus</strong></span> <span class='ocrx_word' id='word_1_573' title='bbox 3289 4321 3384 4360; x_wconf 90' lang='lat' dir='ltr'><strong>nos</strong></span> <span class='ocrx_word' id='word_1_574' title='bbox 3414 4308 3482 4363; x_wconf 91' lang='lat' dir='ltr'><strong>ab</strong></span> <span class='ocrx_word' id='word_1_575' title='bbox 3509 4311 3760 4365; x_wconf 83' lang='lat' dir='ltr'><strong>omnibus</strong></span> 
     </span>
    </p>
   </div>
   <div class='ocr_carea' id='block_1_90' title="bbox 2190 4389 3072 4453">
    <p class='ocr_par' dir='ltr' id='par_1_90' title="bbox 2190 4389 3072 4453">
     <span class='ocr_line' id='line_1_90' title="bbox 2190 4389 3072 4453; baseline 0.011 -17"><span class='ocrx_word' id='word_1_576' title='bbox 2190 4396 2403 4453; x_wconf 84' lang='lat' dir='ltr'><strong>semper</strong></span> <span class='ocrx_word' id='word_1_577' title='bbox 2429 4394 2638 4441; x_wconf 88' lang='lat' dir='ltr'><strong>tueatur</strong></span> <span class='ocrx_word' id='word_1_578' title='bbox 2664 4389 2921 4444; x_wconf 86' lang='lat' dir='ltr'><strong>adversis.</strong></span> <span class='ocrx_word' id='word_1_579' title='bbox 2955 4391 3072 4447; x_wconf 75' lang='lat' dir='ltr'><strong>Per.</strong></span> 
     </span>
    </p>
   </div>
   <div class='ocr_carea' id='block_1_91' title="bbox 515 4476 3729 4561">
    <p class='ocr_par' dir='ltr' id='par_1_91' title="bbox 515 4476 3729 4561">
     <span class='ocr_line' id='line_1_91' title="bbox 515 4476 3729 4561; baseline 0.01 -15"><span class='ocrx_word' id='word_1_580' title='bbox 515 4493 655 4546; x_wconf 88' lang='lat' dir='ltr'><strong>dona</strong></span> <span class='ocrx_word' id='word_1_581' title='bbox 680 4502 972 4561; x_wconf 87' lang='lat' dir='ltr'><strong>tnartyrunt</strong></span> <span class='ocrx_word' id='word_1_582' title='bbox 1006 4503 1212 4546; x_wconf 88' lang='lat' dir='ltr'><strong>tuorum</strong></span> <span class='ocrx_word' id='word_1_583' title='bbox 1244 4495 1555 4552; x_wconf 87' lang='lat' dir='ltr'><strong>intercessio</strong></span> <span class='ocrx_word' id='word_1_584' title='bbox 1587 4501 1736 4554; x_wconf 85' lang='lat' dir='ltr'><strong>beata</strong></span> <span class='ocrx_word' id='word_1_585' title='bbox 1763 4505 2079 4560; x_wconf 85' lang='lat' dir='ltr'><strong>sanetiﬁcet.</strong></span> <span class='ocrx_word' id='word_1_586' title='bbox 2113 4476 2164 4538; x_wconf 69' lang='grc' dir='ltr'><strong>θ</strong></span> <span class='ocrx_word' id='word_1_587' title='bbox 2223 4488 2274 4525; x_wconf 57' lang='lat' dir='ltr'><strong>IV</strong></span> <span class='ocrx_word' id='word_1_588' title='bbox 2305 4490 2557 4532; x_wconf 54' lang='lat' dir='ltr'>“LEM”</span> <span class='ocrx_word' id='word_1_589' title='bbox 2588 4493 2721 4531; x_wconf 63' lang='lat' dir='ltr'><strong>nu&#39;</strong></span> <span class='ocrx_word' id='word_1_590' title='bbox 2750 4510 2822 4561; x_wconf 67' lang='lat'><strong>&#39;—.</strong></span> <span class='ocrx_word' id='word_1_591' title='bbox 2847 4495 3074 4538; x_wconf 52' lang='lat' dir='ltr'><strong>unus</strong></span> <span class='ocrx_word' id='word_1_592' title='bbox 3108 4499 3291 4540; x_wconf 52' lang='lat' dir='ltr'><strong>“Non</strong></span> <span class='ocrx_word' id='word_1_593' title='bbox 3333 4486 3482 4558; x_wconf 55' lang='grc'><strong>(⁵59)</strong></span> <span class='ocrx_word' id='word_1_594' title='bbox 3520 4504 3729 4545; x_wconf 62' lang='lat' dir='ltr'><strong>“nus</strong></span> 
     </span>
    </p>
   </div>
   <div class='ocr_carea' id='block_1_92' title="bbox 520 4581 643 4636">
    <p class='ocr_par' dir='ltr' id='par_1_92' title="bbox 520 4581 643 4636">
     <span class='ocr_line' id='line_1_92' title="bbox 520 4581 643 4636; baseline -0.016 0"><span class='ocrx_word' id='word_1_595' title='bbox 520 4581 643 4636; x_wconf 85' lang='lat' dir='ltr'><strong>Per.</strong></span> 
     </span>
    </p>
   </div>
   <div class='ocr_carea' id='block_1_93' title="bbox 519 4688 2009 4766">
    <p class='ocr_par' dir='ltr' id='par_1_93' title="bbox 519 4688 2009 4766">
     <span class='ocr_line' id='line_1_93' title="bbox 519 4688 2009 4766; baseline 0.021 -29"><span class='ocrx_word' id='word_1_596' title='bbox 519 4723 523 4727; x_wconf 26' lang='grc' dir='ltr'><strong>Α</strong></span> <span class='ocrx_word' id='word_1_597' title='bbox 581 4688 693 4759; x_wconf 65' lang='grc'><strong>84</strong></span> <span class='ocrx_word' id='word_1_598' title='bbox 734 4705 786 4744; x_wconf 79' lang='lat' dir='ltr'><strong>tx</strong></span> <span class='ocrx_word' id='word_1_599' title='bbox 828 4707 948 4745; x_wconf 79' lang='grc' dir='ltr'>κΑι.</span> <span class='ocrx_word' id='word_1_600' title='bbox 993 4708 1127 4747; x_wconf 74' lang='lat' dir='ltr'><strong>mu.</strong></span> <span class='ocrx_word' id='word_1_601' title='bbox 1157 4721 1222 4735; x_wconf 90' lang='lat'><strong>—-</strong></span> <span class='ocrx_word' id='word_1_602' title='bbox 1253 4711 1475 4751; x_wconf 72' lang='lat' dir='ltr'><strong>mnus</strong></span> <span class='ocrx_word' id='word_1_603' title='bbox 1515 4713 1705 4756; x_wconf 74' lang='lat' dir='ltr'><strong>SANCTI</strong></span> <span class='ocrx_word' id='word_1_604' title='bbox 1749 4712 2009 4766; x_wconf 76' lang='lat' dir='ltr'><strong>(:tzoncttb</strong></span> 
     </span>
    </p>
   </div>
   <div class='ocr_carea' id='block_1_94' title="bbox 1158 4779 1439 4821">
    <p class='ocr_par' dir='ltr' id='par_1_94' title="bbox 1158 4779 1439 4821">
     <span class='ocr_line' id='line_1_94' title="bbox 1158 4779 1439 4821; baseline 0.014 -3"><span class='ocrx_word' id='word_1_605' title='bbox 1158 4779 1439 4821; x_wconf 71' lang='lat' dir='ltr'><strong>IARTYBIS.</strong></span> 
     </span>
    </p>
   </div>
   <div class='ocr_carea' id='block_1_95' title="bbox 589 4870 2080 4951">
    <p class='ocr_par' dir='ltr' id='par_1_95' title="bbox 589 4870 2080 4951">
     <span class='ocr_line' id='line_1_95' title="bbox 589 4870 2080 4951; baseline 0.019 -28"><span class='ocrx_word' id='word_1_606' title='bbox 589 4870 750 4938; x_wconf 89' lang='lat' dir='ltr'><strong>Deus,</strong></span> <span class='ocrx_word' id='word_1_607' title='bbox 797 4875 887 4941; x_wconf 91' lang='lat' dir='ltr'><strong>qui</strong></span> <span class='ocrx_word' id='word_1_608' title='bbox 922 4888 1017 4926; x_wconf 89' lang='lat' dir='ltr'><strong>nos</strong></span> <span class='ocrx_word' id='word_1_609' title='bbox 1049 4873 1186 4929; x_wconf 84' lang='lat' dir='ltr'><strong>beati</strong></span> <span class='ocrx_word' id='word_1_610' title='bbox 1229 4876 1442 4945; x_wconf 85' lang='lat' dir='ltr'><strong>Georgii</strong></span> <span class='ocrx_word' id='word_1_611' title='bbox 1477 4883 1734 4950; x_wconf 85' lang='lat' dir='ltr'><strong>martyris</strong></span> <span class='ocrx_word' id='word_1_612' title='bbox 1768 4888 1841 4940; x_wconf 92' lang='lat' dir='ltr'><strong>tui</strong></span> <span class='ocrx_word' id='word_1_613' title='bbox 1870 4892 2080 4951; x_wconf 88' lang='lat' dir='ltr'><strong>meritis</strong></span> 
     </span>
    </p>
   </div>
   <div class='ocr_carea' id='block_1_96' title="bbox 511 4959 2086 5053">
    <p class='ocr_par' dir='ltr' id='par_1_96' title="bbox 511 4959 2086 5053">
     <span class='ocr_line' id='line_1_96' title="bbox 511 4959 2086 5053; baseline 0.017 -40"><span class='ocrx_word' id='word_1_614' title='bbox 511 4968 565 5013; x_wconf 88' lang='lat' dir='ltr'><strong>et</strong></span> <span class='ocrx_word' id='word_1_615' title='bbox 595 4959 977 5018; x_wconf 86' lang='lat' dir='ltr'><strong>intercessione</strong></span> <span class='ocrx_word' id='word_1_616' title='bbox 1020 4963 1282 5029; x_wconf 69' lang='lat' dir='ltr'><strong>laetiﬁcas,</strong></span> <span class='ocrx_word' id='word_1_617' title='bbox 1313 4968 1550 5023; x_wconf 83' lang='lat' dir='ltr'><strong>concede</strong></span> <span class='ocrx_word' id='word_1_618' title='bbox 1580 4973 1851 5041; x_wconf 84' lang='lat' dir='ltr'><strong>propitius</strong></span> <span class='ocrx_word' id='word_1_619' title='bbox 1898 4990 1957 5035; x_wconf 93' lang='lat' dir='ltr'><strong>ut</strong></span> <span class='ocrx_word' id='word_1_620' title='bbox 1996 4987 2086 5053; x_wconf 91' lang='lat' dir='ltr'><strong>qui</strong></span> 
     </span>
    </p>
   </div>
   <div class='ocr_carea' id='block_1_97' title="bbox 586 5090 2077 5172">
    <p class='ocr_par' dir='ltr' id='par_1_97' title="bbox 586 5090 2077 5172">
     <span class='ocr_line' id='line_1_97' title="bbox 586 5090 2077 5172; baseline 0.022 -33"><span class='ocrx_word' id='word_1_621' title='bbox 586 5090 799 5172; x_wconf 62' lang='lat' dir='ltr'><strong>«Deest</strong></span> <span class='ocrx_word' id='word_1_622' title='bbox 838 5092 1152 5172; x_wconf 50' lang='lat' dir='ltr'><strong>Magintitn</strong></span> <span class='ocrx_word' id='word_1_623' title='bbox 1199 5096 1496 5172; x_wconf 45' lang='lat' dir='ltr'><strong>(iod.Reg.</strong></span> <span class='ocrx_word' id='word_1_624' title='bbox 1544 5105 1701 5158; x_wconf 81' lang='lat' dir='ltr'><strong>Suec.</strong></span> <span class='ocrx_word' id='word_1_625' title='bbox 1749 5109 1804 5162; x_wconf 90' lang='lat' dir='ltr'><strong>In</strong></span> <span class='ocrx_word' id='word_1_626' title='bbox 1851 5113 2077 5172; x_wconf 84' lang='lat' dir='ltr'><strong>Kalend.</strong></span> 
     </span>
    </p>
   </div>
   <div class='ocr_carea' id='block_1_98' title="bbox 511 5159 2077 5251">
    <p class='ocr_par' dir='ltr' id='par_1_98' title="bbox 511 5159 2077 5251">
     <span class='ocr_line' id='line_1_98' title="bbox 511 5159 2077 5251; baseline 0.019 -42"><span class='ocrx_word' id='word_1_627' title='bbox 511 5159 891 5251; x_wconf 41' lang='lat' dir='ltr'><strong>Eopnjlcgitm‘</strong></span> <span class='ocrx_word' id='word_1_628' title='bbox 928 5163 1256 5251; x_wconf 49' lang='lat' dir='ltr'><strong>Mffintiani.</strong></span> <span class='ocrx_word' id='word_1_629' title='bbox 1295 5159 1561 5251; x_wconf 47' lang='lat' dir='ltr'><strong>Observat</strong></span> <span class='ocrx_word' id='word_1_630' title='bbox 1585 5159 2077 5251; x_wconf 51' lang='grc' dir='ltr'><strong>,ιυρῃίὲιρόἷῆἵίὶὶ</strong></span> 
     </span>
    </p>
   </div>
   <div class='ocr_carea' id='block_1_99' title="bbox 510 5229 2079 5323">
    <p class='ocr_par' dir='ltr' id='par_1_99' title="bbox 510 5229 2079 5323">
     <span class='ocr_line' id='line_1_99' title="bbox 510 5229 2079 5323; baseline 0.018 -41"><span class='ocrx_word' id='word_1_631' title='bbox 510 5229 739 5312; x_wconf 61' lang='lat' dir='ltr'><strong>Kalend.</strong></span> <span class='ocrx_word' id='word_1_632' title='bbox 770 5233 945 5299; x_wconf 66' lang='grc' dir='ltr'><strong>ηοω..</strong></span> <span class='ocrx_word' id='word_1_633' title='bbox 980 5234 1196 5288; x_wconf 72' lang='lat' dir='ltr'><strong>Maximi</strong></span> <span class='ocrx_word' id='word_1_634' title='bbox 1225 5252 1418 5293; x_wconf 83' lang='lat' dir='ltr'><strong>nomen</strong></span> <span class='ocrx_word' id='word_1_635' title='bbox 1448 5241 1500 5294; x_wconf 91' lang='lat' dir='ltr'><strong>in</strong></span> <span class='ocrx_word' id='word_1_636' title='bbox 1537 5229 2079 5323; x_wconf 56' lang='lat' dir='ltr'><strong>Autiptioitéii&#39;b&#39;lfuiil</strong></span> 
     </span>
    </p>
   </div>
   <div class='ocr_carea' id='block_1_100' title="bbox 509 5315 913 5366">
    <p class='ocr_par' dir='ltr' id='par_1_100' title="bbox 509 5315 913 5366">
     <span class='ocr_line' id='line_1_100' title="bbox 509 5315 913 5366; baseline 0.017 -19"><span class='ocrx_word' id='word_1_637' title='bbox 509 5315 610 5366; x_wconf 80' lang='lat' dir='ltr'><strong>que</strong></span> <span class='ocrx_word' id='word_1_638' title='bbox 635 5316 913 5355; x_wconf 88' lang='lat' dir='ltr'><strong>ottttssum.</strong></span> 
     </span>
    </p>
   </div>
   <div class='ocr_carea' id='block_1_101' title="bbox 577 5365 2076 5461">
    <p class='ocr_par' dir='ltr' id='par_1_101' title="bbox 577 5365 2076 5461">
     <span class='ocr_line' id='line_1_101' title="bbox 577 5365 2076 5461; baseline 0.03 -58"><span class='ocrx_word' id='word_1_639' title='bbox 577 5365 604 5403; x_wconf 88' lang='lat' dir='ltr'><strong>b</strong></span> <span class='ocrx_word' id='word_1_640' title='bbox 634 5371 796 5461; x_wconf 47' lang='lat' dir='ltr'><strong>Abest.</strong></span> <span class='ocrx_word' id='word_1_641' title='bbox 840 5375 1075 5461; x_wconf 47' lang='grc' dir='ltr'><strong>,πρηνής</strong></span> <span class='ocrx_word' id='word_1_642' title='bbox 1122 5376 1621 5461; x_wconf 45' lang='lat' dir='ltr'><strong>alimmum-Rom.</strong></span> <span class='ocrx_word' id='word_1_643' title='bbox 1670 5385 1723 5437; x_wconf 90' lang='lat' dir='ltr'><strong>ln</strong></span> <span class='ocrx_word' id='word_1_644' title='bbox 1765 5386 1898 5443; x_wconf 90' lang='lat' dir='ltr'><strong>Cod.</strong></span> <span class='ocrx_word' id='word_1_645' title='bbox 1945 5392 2076 5461; x_wconf 77' lang='lat' dir='ltr'><strong>Reg.</strong></span> 
     </span>
    </p>
   </div>
   <div class='ocr_carea' id='block_1_102' title="bbox 508 5434 2079 5532">
    <p class='ocr_par' dir='ltr' id='par_1_102' title="bbox 508 5434 2079 5532">
     <span class='ocr_line' id='line_1_102' title="bbox 508 5434 2079 5532; baseline 0.018 -44"><span class='ocrx_word' id='word_1_646' title='bbox 508 5434 665 5515; x_wconf 79' lang='lat' dir='ltr'><strong>Suec.</strong></span> <span class='ocrx_word' id='word_1_647' title='bbox 684 5449 802 5521; x_wconf 84' lang='lat' dir='ltr'><strong>post</strong></span> <span class='ocrx_word' id='word_1_648' title='bbox 820 5441 958 5492; x_wconf 77' lang='lat' dir='ltr'><strong>nata!</strong></span> <span class='ocrx_word' id='word_1_649' title='bbox 966 5434 994 5493; x_wconf 65' lang='grc' dir='ltr'><em>ἶ</em></span> <span class='ocrx_word' id='word_1_650' title='bbox 998 5446 1158 5495; x_wconf 77' lang='lat' dir='ltr'><strong>sancti</strong></span> <span class='ocrx_word' id='word_1_651' title='bbox 1178 5443 1407 5516; x_wconf 80' lang='lat' dir='ltr'><strong>Georgii,</strong></span> <span class='ocrx_word' id='word_1_652' title='bbox 1433 5434 1624 5518; x_wconf 84' lang='lat' dir='ltr'><strong>legitur</strong></span> <span class='ocrx_word' id='word_1_653' title='bbox 1647 5434 2079 5532; x_wconf 55' lang='grc' dir='ltr'><strong>εἷλςαῖιὲὖὶιὲζιῗιῖ</strong></span> 
     </span>
    </p>
   </div>
   <div class='ocr_carea' id='block_1_103' title="bbox 511 5520 751 5573">
    <p class='ocr_par' dir='ltr' id='par_1_103' title="bbox 511 5520 751 5573">
     <span class='ocr_line' id='line_1_103' title="bbox 511 5520 751 5573; baseline 0.004 -17"><span class='ocrx_word' id='word_1_654' title='bbox 511 5520 751 5573; x_wconf 77' lang='lat' dir='ltr'><strong>eptscopt.</strong></span> 
     </span>
    </p>
   </div>
   <div class='ocr_carea' id='block_1_104' title="bbox 583 5574 2079 5653">
    <p class='ocr_par' dir='ltr' id='par_1_104' title="bbox 583 5574 2079 5653">
     <span class='ocr_line' id='line_1_104' title="bbox 583 5574 2079 5653; baseline 0.019 -28"><span class='ocrx_word' id='word_1_655' title='bbox 583 5582 607 5609; x_wconf 67' lang='grc' dir='ltr'><strong>θ</strong></span> <span class='ocrx_word' id='word_1_656' title='bbox 632 5574 930 5653; x_wconf 70' lang='lat' dir='ltr'><strong>ltt_I(alend.</strong></span> <span class='ocrx_word' id='word_1_657' title='bbox 965 5578 1117 5653; x_wconf 62' lang='lat' dir='ltr'><strong>Iliun.</strong></span> <span class='ocrx_word' id='word_1_658' title='bbox 1145 5593 1197 5635; x_wconf 87' lang='lat' dir='ltr'><strong>et</strong></span> <span class='ocrx_word' id='word_1_659' title='bbox 1228 5583 1277 5636; x_wconf 85' lang='lat' dir='ltr'><strong>in</strong></span> <span class='ocrx_word' id='word_1_660' title='bbox 1304 5586 1447 5639; x_wconf 87' lang='lat' dir='ltr'><strong>Edit.</strong></span> <span class='ocrx_word' id='word_1_661' title='bbox 1481 5587 1706 5652; x_wconf 85' lang='lat' dir='ltr'><strong>Pamel.,</strong></span> <span class='ocrx_word' id='word_1_662' title='bbox 1740 5600 2079 5653; x_wconf 88' lang='lat' dir='ltr'><strong>consentien-</strong></span> 
     </span>
    </p>
   </div>
   <div class='ocr_carea' id='block_1_105' title="bbox 509 5642 2079 5736">
    <p class='ocr_par' dir='ltr' id='par_1_105' title="bbox 509 5642 2079 5736">
     <span class='ocr_line' id='line_1_105' title="bbox 509 5642 2079 5736; baseline 0.018 -41"><span class='ocrx_word' id='word_1_663' title='bbox 509 5642 656 5696; x_wconf 86' lang='lat' dir='ltr'><strong>tihus</strong></span> <span class='ocrx_word' id='word_1_664' title='bbox 686 5645 808 5701; x_wconf 76' lang='lat' dir='ltr'><strong>Mss.</strong></span> <span class='ocrx_word' id='word_1_665' title='bbox 845 5647 974 5716; x_wconf 79' lang='lat' dir='ltr'><strong>Reg.</strong></span> <span class='ocrx_word' id='word_1_666' title='bbox 1027 5649 1208 5707; x_wconf 67' lang='lat' dir='ltr'><strong>Suec.</strong></span> <span class='ocrx_word' id='word_1_667' title='bbox 1246 5654 1408 5708; x_wconf 83' lang='lat' dir='ltr'><strong>tluob.</strong></span> <span class='ocrx_word' id='word_1_668' title='bbox 1442 5642 1708 5714; x_wconf 56' lang='lat' dir='ltr'><strong>&#39;I‘lteoder:</strong></span> 
     </span>
    </p>
   </div>
   <div class='ocr_carea' id='block_1_106' title="bbox 2803 4559 3130 4605">
    <p class='ocr_par' dir='ltr' id='par_1_106' title="bbox 2803 4559 3130 4605">
     <span class='ocr_line' id='line_1_106' title="bbox 2803 4559 3130 4605; baseline 0 -3"><span class='ocrx_word' id='word_1_669' title='bbox 2803 4559 2827 4586; x_wconf 70' lang='grc'>⁸</span> <span class='ocrx_word' id='word_1_670' title='bbox 2857 4567 3130 4605; x_wconf 67' lang='grc' dir='ltr'>ιιιΑιιτῑιιις.</span> 
     </span>
    </p>
   </div>
   <div class='ocr_carea' id='block_1_107' title="bbox 2263 4632 3757 4712">
    <p class='ocr_par' dir='ltr' id='par_1_107' title="bbox 2263 4632 3757 4712">
     <span class='ocr_line' id='line_1_107' title="bbox 2263 4632 3757 4712; baseline 0.012 -26"><span class='ocrx_word' id='word_1_671' title='bbox 2263 4632 2484 4699; x_wconf 66' lang='lat' dir='ltr'><strong>Praesta,</strong></span> <span class='ocrx_word' id='word_1_672' title='bbox 2508 4651 2833 4705; x_wconf 65' lang='lat' dir='ltr'><strong>quaesumus,</strong></span> <span class='ocrx_word' id='word_1_673' title='bbox 2866 4642 3201 4710; x_wconf 80' lang='lat' dir='ltr'><strong>omnipotens</strong></span> <span class='ocrx_word' id='word_1_674' title='bbox 3227 4645 3386 4708; x_wconf 88' lang='lat' dir='ltr'><strong>Deus.</strong></span> <span class='ocrx_word' id='word_1_675' title='bbox 3421 4657 3498 4712; x_wconf 90' lang='lat' dir='ltr'><strong>ut,</strong></span> <span class='ocrx_word' id='word_1_676' title='bbox 3532 4649 3757 4704; x_wconf 85' lang='lat' dir='ltr'><strong>interce-</strong></span> 
     </span>
    </p>
   </div>
   <div class='ocr_carea' id='block_1_108' title="bbox 2191 4721 3758 4802">
    <p class='ocr_par' dir='ltr' id='par_1_108' title="bbox 2191 4721 3758 4802">
     <span class='ocr_line' id='line_1_108' title="bbox 2191 4721 3758 4802; baseline 0.012 -26"><span class='ocrx_word' id='word_1_677' title='bbox 2191 4721 2348 4778; x_wconf 86' lang='lat' dir='ltr'><strong>dente</strong></span> <span class='ocrx_word' id='word_1_678' title='bbox 2376 4726 2531 4780; x_wconf 89' lang='lat' dir='ltr'><strong>beato</strong></span> <span class='ocrx_word' id='word_1_679' title='bbox 2557 4727 2725 4782; x_wconf 88' lang='lat' dir='ltr'><strong>Vitale</strong></span> <span class='ocrx_word' id='word_1_680' title='bbox 2754 4741 2984 4801; x_wconf 86' lang='lat' dir='ltr'><strong>martyre</strong></span> <span class='ocrx_word' id='word_1_681' title='bbox 3013 4743 3120 4802; x_wconf 93' lang='lat' dir='ltr'><strong>tuo,</strong></span> <span class='ocrx_word' id='word_1_682' title='bbox 3150 4743 3204 4790; x_wconf 88' lang='lat' dir='ltr'><strong>et</strong></span> <span class='ocrx_word' id='word_1_683' title='bbox 3229 4752 3257 4788; x_wconf 93' lang='lat' dir='ltr'><strong>a</strong></span> <span class='ocrx_word' id='word_1_684' title='bbox 3283 4740 3487 4794; x_wconf 88' lang='lat' dir='ltr'><strong>cunctis</strong></span> <span class='ocrx_word' id='word_1_685' title='bbox 3517 4741 3758 4795; x_wconf 83' lang='lat' dir='ltr'><strong>adversi-</strong></span> 
     </span>
    </p>
   </div>
   <div class='ocr_carea' id='block_1_109' title="bbox 2196 4817 3758 4899">
    <p class='ocr_par' dir='ltr' id='par_1_109' title="bbox 2196 4817 3758 4899">
     <span class='ocr_line' id='line_1_109' title="bbox 2196 4817 3758 4899; baseline 0.011 -31"><span class='ocrx_word' id='word_1_686' title='bbox 2196 4817 2394 4869; x_wconf 90' lang='lat' dir='ltr'><strong>tatibtts</strong></span> <span class='ocrx_word' id='word_1_687' title='bbox 2425 4817 2712 4872; x_wconf 89' lang='lat' dir='ltr'><strong>liberemur</strong></span> <span class='ocrx_word' id='word_1_688' title='bbox 2742 4820 2795 4874; x_wconf 91' lang='lat' dir='ltr'><strong>in</strong></span> <span class='ocrx_word' id='word_1_689' title='bbox 2823 4836 3067 4890; x_wconf 88' lang='lat' dir='ltr'><strong>corpore,</strong></span> <span class='ocrx_word' id='word_1_690' title='bbox 3094 4838 3143 4880; x_wconf 92' lang='lat' dir='ltr'><strong>et</strong></span> <span class='ocrx_word' id='word_1_691' title='bbox 3167 4842 3193 4878; x_wconf 84' lang='lat' dir='ltr'><strong>a</strong></span> <span class='ocrx_word' id='word_1_692' title='bbox 3221 4828 3395 4896; x_wconf 82' lang='lat' dir='ltr'><strong>pravis</strong></span> <span class='ocrx_word' id='word_1_693' title='bbox 3422 4830 3758 4899; x_wconf 66' lang='lat' dir='ltr'><strong>cogitationi-</strong></span> 
     </span>
    </p>
   </div>
   <div class='ocr_carea' id='block_1_110' title="bbox 2191 4895 3755 4975">
    <p class='ocr_par' dir='ltr' id='par_1_110' title="bbox 2191 4895 3755 4975">
     <span class='ocr_line' id='line_1_110' title="bbox 2191 4895 3755 4975; baseline 0.008 -15"><span class='ocrx_word' id='word_1_694' title='bbox 2191 4895 2290 4960; x_wconf 90' lang='lat' dir='ltr'><strong>bus</strong></span> <span class='ocrx_word' id='word_1_695' title='bbox 2323 4905 2341 4943; x_wconf 69' lang='grc' dir='ltr'>ί</span> <span class='ocrx_word' id='word_1_696' title='bbox 2375 4913 2690 4964; x_wconf 86' lang='lat' dir='ltr'><strong>mundemur</strong></span> <span class='ocrx_word' id='word_1_697' title='bbox 2719 4909 2771 4964; x_wconf 92' lang='lat' dir='ltr'><strong>in</strong></span> <span class='ocrx_word' id='word_1_698' title='bbox 2805 4924 3004 4968; x_wconf 85' lang='lat' dir='ltr'><strong>mente.</strong></span> <span class='ocrx_word' id='word_1_699' title='bbox 3052 4916 3151 4970; x_wconf 82' lang='lat' dir='ltr'><strong>Per</strong></span> <span class='ocrx_word' id='word_1_700' title='bbox 3185 4917 3460 4972; x_wconf 83' lang='lat' dir='ltr'><strong>Dominum</strong></span> <span class='ocrx_word' id='word_1_701' title='bbox 3491 4930 3755 4975; x_wconf 91' lang='lat' dir='ltr'><strong>nostrum.</strong></span> 
     </span>
    </p>
   </div>
   <div class='ocr_carea' id='block_1_111' title="bbox 2261 4994 3754 5077">
    <p class='ocr_par' dir='ltr' id='par_1_111' title="bbox 2261 4994 3754 5077">
     <span class='ocr_line' id='line_1_111' title="bbox 2261 4994 3754 5077; baseline 0.009 -29"><span class='ocrx_word' id='word_1_702' title='bbox 2261 4994 2430 5063; x_wconf 86' lang='lat' dir='ltr'><strong>Super</strong></span> <span class='ocrx_word' id='word_1_703' title='bbox 2467 4996 2659 5050; x_wconf 88' lang='lat' dir='ltr'><strong>oblata.</strong></span> <span class='ocrx_word' id='word_1_704' title='bbox 2689 5029 2760 5039; x_wconf 94' lang='lat'><strong>—</strong></span> <span class='ocrx_word' id='word_1_705' title='bbox 2789 5001 3019 5071; x_wconf 86' lang='lat' dir='ltr'><strong>Accepta</strong></span> <span class='ocrx_word' id='word_1_706' title='bbox 3068 5005 3139 5058; x_wconf 86' lang='lat' dir='ltr'><strong>sit</strong></span> <span class='ocrx_word' id='word_1_707' title='bbox 3184 5005 3235 5058; x_wconf 92' lang='lat' dir='ltr'><strong>in</strong></span> <span class='ocrx_word' id='word_1_708' title='bbox 3286 5018 3575 5077; x_wconf 88' lang='lat' dir='ltr'><strong>conspectu</strong></span> <span class='ocrx_word' id='word_1_709' title='bbox 3626 5018 3754 5073; x_wconf 91' lang='lat' dir='ltr'><strong>tuo,</strong></span> 
     </span>
    </p>
   </div>
   <div class='ocr_carea' id='block_1_112' title="bbox 2193 5125 3759 5210">
    <p class='ocr_par' dir='ltr' id='par_1_112' title="bbox 2193 5125 3759 5210">
     <span class='ocr_line' id='line_1_112' title="bbox 2193 5125 3759 5210; baseline 0.011 -32"><span class='ocrx_word' id='word_1_710' title='bbox 2193 5125 2402 5180; x_wconf 82' lang='lat' dir='ltr'><strong>Litania</strong></span> <span class='ocrx_word' id='word_1_711' title='bbox 2439 5130 2624 5197; x_wconf 86' lang='lat' dir='ltr'><strong>major,</strong></span> <span class='ocrx_word' id='word_1_712' title='bbox 2657 5133 2797 5210; x_wconf 73' lang='lat' dir='ltr'><strong>nulla</strong></span> <span class='ocrx_word' id='word_1_713' title='bbox 2853 5137 3226 5210; x_wconf 25' lang='lat' dir='ltr'><strong>sanetiUMarci</strong></span> <span class='ocrx_word' id='word_1_714' title='bbox 3277 5138 3411 5193; x_wconf 81' lang='lat' dir='ltr'><strong>facta</strong></span> <span class='ocrx_word' id='word_1_715' title='bbox 3463 5141 3759 5210; x_wconf 88' lang='lat' dir='ltr'><strong>mentione,</strong></span> 
     </span>
    </p>
   </div>
   <div class='ocr_carea' id='block_1_113' title="bbox 2186 5203 3760 5268">
    <p class='ocr_par' dir='ltr' id='par_1_113' title="bbox 2186 5203 3760 5268">
     <span class='ocr_line' id='line_1_113' title="bbox 2186 5203 3760 5268; baseline 0.008 -20"><span class='ocrx_word' id='word_1_716' title='bbox 2186 5208 2538 5268; x_wconf 75' lang='lat' dir='ltr'><strong>prmterquant</strong></span> <span class='ocrx_word' id='word_1_717' title='bbox 2565 5203 2702 5267; x_wconf 90' lang='lat' dir='ltr'><strong>apud</strong></span> <span class='ocrx_word' id='word_1_718' title='bbox 2736 5203 2962 5268; x_wconf 83' lang='lat' dir='ltr'><strong>Pamel.,</strong></span> <span class='ocrx_word' id='word_1_719' title='bbox 2997 5207 3081 5258; x_wconf 92' lang='lat' dir='ltr'><strong>ubi</strong></span> <span class='ocrx_word' id='word_1_720' title='bbox 3114 5209 3245 5260; x_wconf 90' lang='lat' dir='ltr'><strong>intra</strong></span> <span class='ocrx_word' id='word_1_721' title='bbox 3275 5212 3496 5264; x_wconf 88' lang='lat' dir='ltr'><strong>uncinos</strong></span> <span class='ocrx_word' id='word_1_722' title='bbox 3530 5203 3760 5264; x_wconf 58' lang='lat' dir='ltr'><strong>includi-&#39;-</strong></span> 
     </span>
    </p>
   </div>
   <div class='ocr_carea' id='block_1_114' title="bbox 2188 5265 3753 5350">
    <p class='ocr_par' dir='ltr' id='par_1_114' title="bbox 2188 5265 3753 5350">
     <span class='ocr_line' id='line_1_114' title="bbox 2188 5265 3753 5350; baseline 0.004 -25"><span class='ocrx_word' id='word_1_723' title='bbox 2188 5274 2307 5350; x_wconf 52' lang='grc' dir='ltr'><strong>ῑυτνε</strong></span> <span class='ocrx_word' id='word_1_724' title='bbox 2338 5265 2776 5350; x_wconf 41' lang='lat' dir='ltr'><strong>Qﬁicz&#39;ttttt.&#39;s_ancti_</strong></span> <span class='ocrx_word' id='word_1_725' title='bbox 2803 5265 2989 5340; x_wconf 73' lang='lat' dir='ltr'><strong>Marci,</strong></span> <span class='ocrx_word' id='word_1_726' title='bbox 3022 5276 3160 5342; x_wconf 90' lang='lat' dir='ltr'><strong>quod</strong></span> <span class='ocrx_word' id='word_1_727' title='bbox 3196 5278 3457 5344; x_wconf 88' lang='lat' dir='ltr'><strong>signiﬁcat</strong></span> <span class='ocrx_word' id='word_1_728' title='bbox 3505 5281 3554 5333; x_wconf 88' lang='lat' dir='ltr'><strong>itt</strong></span> <span class='ocrx_word' id='word_1_729' title='bbox 3587 5285 3753 5350; x_wconf 69' lang='lat' dir='ltr'><strong>antiq.</strong></span> 
     </span>
    </p>
   </div>
   <div class='ocr_carea' id='block_1_115' title="bbox 2185 5335 2799 5394">
    <p class='ocr_par' dir='ltr' id='par_1_115' title="bbox 2185 5335 2799 5394">
     <span class='ocr_line' id='line_1_115' title="bbox 2185 5335 2799 5394; baseline 0.011 -7"><span class='ocrx_word' id='word_1_730' title='bbox 2185 5335 2455 5387; x_wconf 84' lang='lat' dir='ltr'><strong>codicibus</strong></span> <span class='ocrx_word' id='word_1_731' title='bbox 2486 5338 2799 5394; x_wconf 83' lang='lat' dir='ltr'><strong>desiderari.</strong></span> 
     </span>
    </p>
   </div>
   <div class='ocr_carea' id='block_1_116' title="bbox 2254 5400 3745 5476">
    <p class='ocr_par' dir='ltr' id='par_1_116' title="bbox 2254 5400 3745 5476">
     <span class='ocr_line' id='line_1_116' title="bbox 2254 5400 3745 5476; baseline 0.011 -21"><span class='ocrx_word' id='word_1_732' title='bbox 2254 5400 2280 5439; x_wconf 74' lang='grc' dir='ltr'>ά</span> <span class='ocrx_word' id='word_1_733' title='bbox 2308 5403 2362 5456; x_wconf 88' lang='lat' dir='ltr'><strong>Id</strong></span> <span class='ocrx_word' id='word_1_734' title='bbox 2394 5414 2495 5470; x_wconf 90' lang='lat' dir='ltr'><strong>est,</strong></span> <span class='ocrx_word' id='word_1_735' title='bbox 2524 5405 2921 5463; x_wconf 83' lang='lat' dir='ltr'><strong>Benedictionem</strong></span> <span class='ocrx_word' id='word_1_736' title='bbox 2952 5413 3165 5476; x_wconf 81' lang='lat' dir='ltr'><strong>require.</strong></span> <span class='ocrx_word' id='word_1_737' title='bbox 3743 5449 3745 5452; x_wconf 59' lang='grc'>‹</span> 
     </span>
    </p>
   </div>
   <div class='ocr_carea' id='block_1_117' title="bbox 2262 5475 3758 5545">
    <p class='ocr_par' dir='ltr' id='par_1_117' title="bbox 2262 5475 3758 5545">
     <span class='ocr_line' id='line_1_117' title="bbox 2262 5475 3758 5545; baseline 0.011 -22"><span class='ocrx_word' id='word_1_738' title='bbox 2262 5481 2284 5545; x_wconf 62' lang='lat' dir='ltr'><strong>f‘</strong></span> <span class='ocrx_word' id='word_1_739' title='bbox 2317 5475 2491 5545; x_wconf 51' lang='lat' dir='ltr'><strong>{illest</strong></span> <span class='ocrx_word' id='word_1_740' title='bbox 2513 5480 2745 5545; x_wconf 79' lang='lat' dir='ltr'><strong>martyris</strong></span> <span class='ocrx_word' id='word_1_741' title='bbox 2769 5480 2835 5532; x_wconf 92' lang='lat' dir='ltr'><strong>ab</strong></span> <span class='ocrx_word' id='word_1_742' title='bbox 2870 5480 2965 5532; x_wconf 72' lang='lat' dir='ltr'><strong>Ed.</strong></span> <span class='ocrx_word' id='word_1_743' title='bbox 2999 5480 3195 5536; x_wconf 81' lang='lat' dir='ltr'><strong>Parnel.</strong></span> <span class='ocrx_word' id='word_1_744' title='bbox 3222 5492 3273 5536; x_wconf 90' lang='lat' dir='ltr'><strong>et</strong></span> <span class='ocrx_word' id='word_1_745' title='bbox 3295 5500 3322 5537; x_wconf 89' lang='lat' dir='ltr'><strong>a</strong></span> <span class='ocrx_word' id='word_1_746' title='bbox 3350 5485 3570 5541; x_wconf 83' lang='lat' dir='ltr'><strong>Kalend.</strong></span> <span class='ocrx_word' id='word_1_747' title='bbox 3602 5485 3758 5539; x_wconf 79' lang='lat' dir='ltr'><strong>Rottt.</strong></span> 
     </span>
    </p>
   </div>
   <div class='ocr_carea' id='block_1_118' title="bbox 2263 5539 3759 5623">
    <p class='ocr_par' dir='ltr' id='par_1_118' title="bbox 2263 5539 3759 5623">
     <span class='ocr_line' id='line_1_118' title="bbox 2263 5539 3759 5623; baseline 0.009 -29"><span class='ocrx_word' id='word_1_748' title='bbox 2263 5539 2282 5577; x_wconf 71' lang='grc' dir='ltr'>ί</span> <span class='ocrx_word' id='word_1_749' title='bbox 2317 5541 2544 5623; x_wconf 78' lang='lat' dir='ltr'><strong>Pamel.,</strong></span> <span class='ocrx_word' id='word_1_750' title='bbox 2578 5539 2866 5604; x_wconf 70' lang='lat' dir='ltr'><strong>reiuctante</strong></span> <span class='ocrx_word' id='word_1_751' title='bbox 2891 5550 3020 5604; x_wconf 83' lang='lat' dir='ltr'><strong>Cod.</strong></span> <span class='ocrx_word' id='word_1_752' title='bbox 3046 5551 3176 5621; x_wconf 76' lang='lat' dir='ltr'><strong>Reg.</strong></span> <span class='ocrx_word' id='word_1_753' title='bbox 3203 5553 3358 5610; x_wconf 91' lang='lat' dir='ltr'><strong>Suec.</strong></span> <span class='ocrx_word' id='word_1_754' title='bbox 3386 5562 3441 5608; x_wconf 90' lang='lat' dir='ltr'><strong>et</strong></span> <span class='ocrx_word' id='word_1_755' title='bbox 3461 5539 3580 5609; x_wconf 87' lang='lat' dir='ltr'><strong>aliis</strong></span> <span class='ocrx_word' id='word_1_756' title='bbox 3603 5556 3759 5623; x_wconf 65' lang='lat' dir='ltr'><strong>Mss,</strong></span> 
     </span>
    </p>
   </div>
   <div class='ocr_carea' id='block_1_119' title="bbox 2187 5609 2746 5668">
    <p class='ocr_par' dir='ltr' id='par_1_119' title="bbox 2187 5609 2746 5668">
     <span class='ocr_line' id='line_1_119' title="bbox 2187 5609 2746 5668; baseline 0.011 -6"><span class='ocrx_word' id='word_1_757' title='bbox 2187 5609 2454 5664; x_wconf 81' lang='lat' dir='ltr'><strong>liberemur</strong></span> <span class='ocrx_word' id='word_1_758' title='bbox 2481 5613 2530 5665; x_wconf 81' lang='lat' dir='ltr'><strong>in</strong></span> <span class='ocrx_word' id='word_1_759' title='bbox 2563 5626 2746 5668; x_wconf 81' lang='lat' dir='ltr'><strong>mente.</strong></span> 
     </span>
    </p>
   </div>
  </div>
