4026 6310
178 290 278 348 {Ol

1373 299 1571 353 LIBER
1612 300 2239 359 SACIlAMENTUllUM.

3340 312 3440 364 102

179 425 445 488 Domine,
475 433 666 479 nostra
697 427 936 489 devotio,
969 436 1024 482 et
1047 428 1163 496 ejus
1191 429 1343 482 nobis
1378 432 1467 484 rm
1501 433 1766 500 Supplicu-
1796 421 1836 476 Α
1871 416 1921 470 lii
1952 419 2066 483 ιυίς
2103 421 2167 472 ad
2196 424 2544 477 conterenda-9
2583 427 2855 494 potestatis
2897 426 3132 480 adversm
3175 428 3433 492 iusidim.

179 517 331 570 linne
365 516 620 571 salutaris
648 557 663 578 ,
697 533 791 585 pro
813 519 966 585 cujus
990 520 1329 572 solemnitate
1356 520 1614 576 defertur.
1651 524 1767 576 Per.

258 608 337 657 Ad
388 605 784 672 Contplendum.
816 636 883 644 --
917 608 1160 661 Exsuitet
1185 645 1200 666 ,
1245 609 1466 661 Domine
1494 650 1507 672 ,
1549 612 1774 676 populus

181 709 316 751 tuus
345 699 399 751 in
432 699 594 751 sancti
635 697 710 750 tui
739 700 1257 753 commemoratione
1291 699 1472 752 Vitalis
1493 741 1508 764 ,
1540 712 1591 753 et
1622 702 1770 768 cujus

182 790 373 842 votivo
396 791 597 842 l.~rtatur
619 789 824 852 officio,
848 792 1102 859 suITragio
1127 793 1391 846 relevetur
1411 803 1618 861 optato.
1647 795 1768 849 Per.

184 899 446 937 EALINDIS
476 897 612 936 nati.
643 911 714 922 -
745 899 972 936 mnus
1005 892 1027 917 ο
1061 899 1369 938 εΑΝστιιιιωι
1403 899 1771 938 Ανοετυιοιηιι

791 969 1011 1006 PHILIPPI
1047 970 1110 1006 ΕΤ
1137 970 1334 1009 JACUBI.

263 1044 430 1110 Deus,
463 1042 554 1110 qui
578 1057 676 1096 nos
701 1057 877 1096 annua
907 1045 1270 1110 apostolorum
1305 1053 1512 1098 tuorum
1543 1044 1772 1113 Philippi

183 1143 243 1186 et
271 1133 456 1186 Jacobi
482 1135 821 1186 solemnitate
851 1134 1090 1186 lzetiﬁcas
1113 1175 1127 1198 ,
1161 1145 1352 1202 prmsta
1385 1173 1401 1199 ,
1427 1151 1734 1202 quaesumus
1753 1179 1770 1203 ,

187 1234 248 1277 nt
277 1239 508 1291 quorum
541 1225 839 1292 gaudemus
869 1224 1070 1278 meritis
1094 1265 1110 1289 ,
1141 1225 1466 1279 instruamur
1490 1225 1769 1292 exemplis.

188 1314 315 1367 Per.

264 1404 442 1470 Super
472 1401 660 1456 oblata.
696 1432 764 1441 -—
795 1403 1015 1456 Munera
1038 1444 1053 1467 ,
1089 1403 1339 1465 Domine,
1373 1417 1492 1469 qua:
1521 1417 1619 1470 pro
1648 1418 1776 1469 apo-

189 1494 457 1546 stolorum
506 1501 716 1544 tuorum
761 1490 988 1558 Philippi
1020 1499 1073 1544 et
1097 1490 1281 1545 Jacnbi
1309 1491 1648 1544 solemnitate
1678 1491 1775 1544 de-

193 1584 440 1646 ferimus,
476 1581 730 1649 prOpitius
757 1581 994 1646 suscipe,
1018 1588 1073 1634 et
1101 1583 1237 1633 mala
1267 1582 1442 1633 omnia
1461 1621 1476 1645 ,
1508 1596 1631 1642 qua:
1660 1597 1774 1636 me-

195 1689 303 1726 rem
312 1689 394 1735 ur,
428 1680 631 1725 averte.
662 1671 784 1724 Per.

1877 522 1973 558 nos
2020 511 2070 560 in
2123 519 2222 563 tum
2275 515 2617 579 protectionis
2662 517 2948 570 securitate
2988 518 3291 571 constituat.
3340 517 3443 572 Per

1875 599 2140 651 eumdem.

1953 688 2220 753 Praelatio.
2251 722 2320 731 —
2350 693 2486 748 Vere
2512 697 2727 766 dignum
2755 707 2810 752 et
2830 699 3029 766 justum
3060 710 3139 754 est
3166 741 3181 766 ,
3229 716 3438 769 :rqnnut

1873 786 1928 829 et
1953 777 2206 843 salutare,
2231 795 2326 834 nos
2357 782 2448 834 tibi
2477 798 2689 852 semper
2719 796 2773 839 et
2802 788 2995 857 ubique
3019 792 3211 856 gratias
3242 807 3395 859 agerc
3423 831 3438 855 ,

1875 867 2097 922 Domine
2125 883 2326 932 sancte,
2363 872 2517 926 Pater
2545 876 2908 943 omnipotens,
2937 889 3136 934 aeterne
3164 882 3320 940 Deus.
3347 897 3438 948 per

1877 961 2142 1014 Christum
2195 963 2471 1017 Dominum
2503 976 2740 1019 nostrum
2769 986 2782 1020 :
2814 971 2901 1037 qui
2931 970 3081 1040 (564)
3119 989 3211 1037 per
3238 974 3438 1039 passio-

1876 1065 1992 1102 nem
2039 1052 2212 1104 crucis
2257 1055 2509 1107 mundum
2561 1055 2820 1122 redemit,
2870 1069 2924 1112 et
2964 1063 3191 1130 antiqua:
3235 1067 3441 1118 arboris

1876 1139 2264 1193 amarissimum
2293 1153 2500 1210 gustum
2541 1147 2710 1198 crucis
2737 1149 3084 1204 medicamine
3114 1154 3394 1207 indnlcavit
3421 1173 3438 1220 ;

1879 1244 2207 1300 mortemque
2229 1248 2346 1301 qua:
2369 1250 2460 1301 per
2484 1235 2680 1304 lignum
2705 1237 2918 1290 vetitum
2939 1249 3176 1301 venerat.
3199 1259 3291 1308 per
3316 1245 3439 1313 ligni

1880 1330 2139 1387 troptctttn
2205 1322 2434 1386 devicit,
2467 1335 2521 1376 ut
2548 1322 2769 1378 mirabili
2798 1340 2908 1379 sua:
2937 1327 3141 1392 pietatis
3167 1332 3440 1399 dispensa-

1878 1410 2044 1474 tione,
2079 1411 2164 1478 qui
2198 1427 2291 1478 prr
2321 1413 2446 1480 ligni
2473 1427 2681 1480 gustum
2704 1431 2734 1467 a
2758 1415 3000 1480 ﬂorigera
3028 1418 3154 1470 sede
3181 1419 3442 1474 discesse-

1875 1514 2074 1563 ramus,
2109 1517 2202 1568 per
2233 1503 2407 1557 crucis
2436 1503 2632 1571 lignum
2662 1508 2726 1559 ad
2758 1507 2982 1574 paradisi
3023 1508 3209 1577 gaudia
3255 1510 3442 1564 redea-

1875 1605 2011 1644 mus.
2040 1592 2139 1646 Per
2161 1608 2340 1659 quem.

1951 1691 1974 1718 ε
2001 1680 2395 1736 Bmedictio.~—
2413 1685 2698 1739 Benedicat
2727 1687 2875 1740 vobis
2901 1690 3237 1756 omnipotens
3269 1692 3406 1745 Deus
3424 1733 3442 1757 ,

269 1762 546 1832 Praefatio.
575 1791 645 1801 --
669 1761 804 1816 Vere
843 1761 1056 1831 dignum
1101 1770 1154 1815 et
1195 1761 1394 1828 justum
1423 1769 1526 1828 est,
1557 1776 1764 1829 aequum
1799 1770 1844 1829 Β
1869 1772 1956 1840 qui
1987 1786 2080 1841 per
2111 1773 2374 1840 Unigeniti
2405 1777 2485 1829 sui
2516 1776 2717 1832 Domini
2750 1781 2913 1832 nostri
2937 1781 3060 1834 Jesu
3086 1782 3278 1836 Christi
3310 1799 3431 1852 pas-

195 1865 252 1911 et
275 1855 538 1919 salutare,
570 1868 668 1907 nos
694 1853 787 1905 tibi
809 1867 1021 1920 semper
1050 1862 1104 1906 et
1135 1852 1327 1920 ubique
1357 1853 1551 1919 gratias
1577 1867 1767 1922 agere,

199 1948 422 2000 Domine
453 1957 659 2007 sancte,
695 1946 850 1998 Pater
871 1944 1230 2012 omnipotens,
1255 1952 1456 1997 aeterne
1484 1944 1620 1996 Deus
1646 1962 1657 1994 :
1683 1945 1772 2012 qui

199 2036 497 2090 Ecclesiam
527 2045 666 2088 tuam
701 2036 753 2087 in
783 2033 1068 2102 apostolica
1099 2033 1372 2087 soliditate
1414 2033 1633 2085 ﬁrmasti
1654 2072 1670 2097 ,
1705 2033 1772 2087 de

197 2143 427 2196 quorum
462 2126 733 2180 consortio
763 2133 887 2179 sunt
918 2123 1058 2178 beati
1100 2123 1374 2194 Philippus
1411 2131 1469 2178 et
1507 2123 1766 2191 Jacobus,

196 2233 421 2285 quorum
452 2218 715 2285 passionis
746 2215 904 2270 hodie
932 2215 1062 2269 festa
1094 2229 1442 2279 veneramur;
1490 2224 1772 2284 poscentes

199 2317 254 2360 ut
298 2307 440 2361 sicut
487 2322 673 2360 eorum
721 2306 976 2360 doctrinis
1021 2304 1355 2373 instruimur,
1403 2307 1472 2359 ita
1499 2306 1771 2376 exemplis

202 2399 528 2460 muniantur,
579 2404 634 2450 et
684 2395 935 2464 precibus
983 2393 1317 2465 adjuvemur.
1360 2396 1462 2452 Per
1499 2394 1770 2452 Christum

202 2487 483 2542 Dominum
515 2497 779 2541 nostrum.

796 2574 946 2644 (360)
987 2575 1047 2630 Β.
1089 2575 1154 2629 ιι.

268 2671 347 2723 Ad
374 2669 770 2738 Complcndum.
790 2698 861 2709 —
889 2667 1222 2734 Quaesumus,
1259 2668 1504 2735 Domine,
1530 2668 1776 2723 salutari-

202 2761 296 2814 bus
329 2758 521 2826 repleti
551 2759 818 2829 mysteriis
840 2800 856 2823 ,
890 2767 948 2812 ut
977 2774 1202 2827 quorum
1236 2759 1488 2828 mysteria
1535 2758 1776 2814 celebra-

201 2867 339 2914 mus,
364 2865 554 2905 eorum
580 2850 908 2904 orationibus
929 2849 1262 2917 adjuvemur.
1287 2849 1389 2903 Per
1413 2849 1716 2902 Dominum.

268 2943 446 3010 Super
470 2940 734 3010 papulum.
759 2969 826 2978 —
851 2939 1136 2994 Beatorum
1160 2941 1524 3009 apostolorum
1548 2937 1774 3007 Philippi

205 3040 254 3085 et
276 3030 463 3086 Jacobi
495 3030 699 3084 honore
723 3033 974 3084 continuo
993 3072 1007 3094 ,
1043 3030 1265 3084 Domine
1289 3072 1304 3096 ,
1339 3029 1492 3099 plebs
1514 3037 1599 3083 tua
1628 3043 1772 3084 sem-

1874 1863 2078 1917 sionem
2105 1875 2159 1919 et
2183 1867 2355 1920 crucis
2383 1869 2670 1934 patibulum
2695 1886 2863 1937 genus
2886 1873 3111 1924 redemit
3132 1873 3439 1928 humanum.

1873 1952 2065 2006 Arnen.
2097 1953 2468 2024 Concedatque
2497 1957 2642 2011 vobis
2674 1967 2730 2012 ut
2759 1974 2880 2012 cum
2920 1961 3163 2014 omnibus
3201 1964 3396 2016 sanctis
3421 2001 3442 2030 ,

1874 2041 2024 2111 (565)
2051 2059 2163 2112 qua:
2191 2044 2259 2098 sit
2285 2046 2522 2112 ejusdem
2555 2050 2728 2104 crucis
2759 2050 3048 2120 longitudo,
3084 2053 3321 2119 latitudo,
3351 2069 3442 2108 sn-

1873 2130 2106 2186 blimitas
2134 2143 2190 2188 et
2217 2136 2558 2202 profundum,
2582 2149 2759 2193 mente
2780 2139 2968 2194 devota
2991 2143 3442 2209 comprehendere

1875 2223 2108 2289 possitis.
2155 2223 2345 2280 Amen.
2399 2226 2671 2294 Quatenus
2713 2235 3062 2300 vosmetipsos
3089 2234 3438 2302 abnegando,

1873 2325 2193 2380 crucemque
2224 2317 2516 2383 gestando,
2567 2319 2637 2370 ita
2686 2319 2736 2371 in
2785 2321 3060 2388 praesentis
3103 2323 3222 2377 vita:
3267 2325 3438 2378 stadio

1873 2394 2282 2466 Redemptorem
2329 2415 2568 2458 nostrum
2617 2407 2829 2474 possitis
2874 2410 3063 2477 sequi,
3118 2418 3174 2464 ut
3212 2411 3259 2465 ei
3302 2412 3437 2467 inter

1871 2492 2065 2546 choros
2107 2493 2417 2560 angelorum
2463 2504 2582 2563 post
2622 2496 2824 2550 obitum
2874 2497 3180 2552 mereamini
3227 2501 3435 2556 ascisci.

1876 2584 2063 2636 Amen.
2093 2582 2242 2648 Quod
2275 2584 2365 2637 ille
2395 2592 2665 2652 praestare,
2698 2595 2803 2640 etc.

1941 2673 2047 2742 87
2077 2673 2156 2723 Ad
2188 2672 2574 2742 Complendum.
2606 2704 2674 2714 —
2703 2674 2905 2744 Repleti
2935 2677 3184 2730 alimonia
3210 2677 3436 2748 cmleSti,

1873 2767 1929 2814 et
1956 2759 2175 2826 spiritali
2207 2761 2394 2829 poculo
2425 2761 2686 2829 recreati,
2716 2778 3021 2833 quaesumus
3044 2804 3060 2830 ,
3096 2766 3429 2835 omnipotens

1876 2847 2017 2904 Deus
2040 2889 2056 2914 ,
2093 2851 2162 2903 ub
2191 2850 2257 2921 ab
2284 2849 2437 2905 hoste
2467 2853 2697 2922 maligno
2725 2853 2979 2909 defendas
3003 2897 3019 2923 ,
3067 2870 3199 2924 quos
3239 2871 3333 2925 per
3379 2857 3441 2911 li-

1876 2956 2038 3011 gnum
2064 2953 2263 2995 sancta:
2291 2945 2463 2997 crucis
2489 2943 2610 2998 Filii
2643 2945 2714 2999 tui
2741 2988 2756 3012 ,
2803 2960 2950 2999 arma
2983 2945 3199 3014 iustitiae
3227 2961 3322 3016 pro
3349 2960 3440 3002 sa-

1877 3033 1986 3087 lute
2015 3033 2194 3087 mundi
2227 3034 2552 3103 triumphare
2573 3035 2800 3104 jussisti.
2833 3037 2931 3104 Qui
2962 3048 3154 3094 tecum.

205 3137 294 3190 per
319 3121 574 3185 exsultet,
607 3131 658 3176 et
696 3121 777 3174 his
807 3120 1127 3190 praesulibus
1151 3121 1507 3190 gubernetur,
1545 3135 1770 3191 quorum

1949 3137 2086 3189 Alia.
2115 3165 2184 3176 —
2212 3133 2372 3202 Deus,
2396 3136 2482 3204 qui
2513 3138 2687 3190 omnia
2715 3139 2879 3192 verbo
2911 3148 2999 3192 tuo
3023 3140 3212 3206 fecisti,
3240 3141 3440 3210 suppli-

206 3223 258 3266 et
283 3211 544 3266 doctrinis
574 3211 769 3280 gaudet
794 3219 848 3266 et
879 3213 1104 3266 meritis.
1134 3212 1256 3267 Per.

206 3305 310 3375 86
332 3321 357 3356 r
380 3317 551 3356 nouas
576 3316 1004 3356 lAll.-—N.\TALIS
1032 3315 1336 3356 sucronem
1369 3303 1516 3373 (56!)
1539 3318 1777 3358 ALEXAN-

535 3392 648 3438 DRI,
676 3387 883 3426 ενειιτιι
916 3389 979 3426 ΕΤ
1009 3387 1290 3427 'I'IIEODOLI.

277 3465 514 3529 Praesta,
546 3475 892 3531 quasumus,
935 3463 1272 3530 omnipotens
1318 3462 1498 3528 Deus,
1542 3472 1638 3528 ut,
1687 3464 1775 3531 qui

210 3564 518 3608 sanctorum
548 3561 760 3609 tuorum
789 3551 1078 3606 Alexandri
1104 3592 1122 3620 ,
1156 3552 1362 3606 Eventii
1388 3591 1405 3617 ,
1438 3562 1492 3607 et
1522 3551 1777 3607 Theodoti

214 3644 447 3700 natalitia
479 3645 733 3710 colimus,
761 3658 790 3695 a
821 3643 1026 3697 cunctis
1068 3643 1220 3698 rualis
1251 3642 1651 3698 imminentibus
1679 3657 1776 3697 eo-

212 3750 320 3789 rum
351 3732 821 3789 intercessionibus
851 3732 1162 3786 liberemur.
1196 3732 1297 3786 Per
1323 3731 1630 3786 Dominum.

284 3827 449 3896 Super
478 3825 669 3879 oblata.
694 3854 762 3863 —
782 3823 954 3892 Super
977 3823 1071 3876 has
1096 3823 1325 3889 Hostias,
1353 3824 1592 3888 Domine,
1619 3822 1779 3878 bene-

213 3915 369 3970 dictio
421 3918 639 3984 copiosa
688 3914 1016 3980 descendat,
1057 3929 1175 3982 quae
1209 3923 1262 3968 et
1307 3913 1778 3968 sanctiﬁcationem

216 4008 360 4062 nobis
405 4008 705 4061 clementer
752 4013 1026 4070 operetur,
1050 4013 1104 4059 et
1144 4005 1211 4060 de
1243 4013 1535 4070 martyrum
1564 4019 1661 4058 nos
1690 4018 1778 4058 so-

216 4098 477 4150 lemnitate
509 4095 762 4150 latiiicet.
789 4094 910 4149 Per.

285 4190 362 4241 Ad
393 4188 776 4255 Complendum.
805 4215 876 4226 --
914 4185 1079 4240 Pasce
1102 4200 1198 4240 nos
1224 4227 1238 4248 ,
1271 4184 1494 4239 Domine
1520 4227 1536 4252 ,
1569 4195 1776 4238 tuorum

217 4277 412 4344 gaudiis
439 4277 635 4344 ubique
661 4284 966 4329 sanctorum
987 4315 1001 4341 ,
1044 4277 1164 4344 quia
1207 4284 1401 4329 nostra;
1436 4276 1622 4329 salutis
1649 4291 1778 4344 aug-

221 4376 389 4419 menta
420 4377 582 4430 sunt,
612 4363 819 4433 quoties
849 4365 951 4418 illis
979 4366 1149 4418 honor
1189 4366 1545 4433 impenditur,
1579 4367 1629 4418 in
1661 4367 1778 4435 qui-

221 4459 312 4514 bus
338 4467 390 4512 tu
418 4458 675 4513 mirabilis
705 4458 1031 4526 praedicaris.
1060 4459 1186 4513 Per.

274 4565 436 4603 εουειι
476 4565 585 4602 ore.
624 4578 696 4588 —
733 4547 887 4620 (562)
925 4546 951 4584 ι’
979 4564 1224 4603 ικνειιτιο
1261 4563 1474 4604 ελκοτιε
1511 4564 1715 4604 cauets.

287 4639 440 4701 Deus,
465 4639 556 4706 qui
580 4639 634 4692 in
657 4639 908 4704 praeclara
930 4639 1220 4693 salutifera:
1242 4641 1414 4698 crucis
1441 4642 1772 4710 inventione,

227 4726 361 4797 (365)
388 4729 651 4795 passionis
681 4738 784 4782 tute
808 4729 1057 4784 miracula
1089 4732 1358 4784 suscitastt
1377 4769 1395 4794 ,
1422 4731 1690 4796 concede,
1720 4741 1777 4785 ut

222 4817 384 4871 vitalis
412 4819 536 4887 ligni
565 4821 736 4887 pretio
761 4859 776 4883 ,
809 4829 1024 4874 aeternae
1054 4819 1178 4873 vitze
1207 4819 1455 4888 sutiragia
1479 4834 1776 4890 consequa-

225 4924 347 4962 mur.
378 4910 474 4974 Qui
504 4910 639 4964 vivis
668 4921 722 4964 et
754 4925 962 4978 regnas.

208 5006 210 5008 ’
291 4999 446 5068 Super
475 5012 743 5070 populum.
794 5032 864 5042 —
904 5000 1232 5056 Sacrtﬂcmm
1259 5042 1272 5066 ,
1330 5004 1549 5058 Domine
1577 5045 1590 5068 ,
1638 5004 1779 5073 quod

225 5089 566 5156 imrnolamus,
593 5092 831 5160 placatus
857 5092 1069 5146 intende
1093 5132 1108 5158 ,
1138 5103 1197 5146 ut
1223 5095 1288 5148 ab
1314 5096 1458 5149 omni
1488 5111 1586 5150 nos
1617 5105 1778 5150 exuat

224 5179 465 5235 bellorum
497 5182 750 5251 nequitia,
783 5191 837 5236 et
868 5197 962 5249 per
991 5182 1242 5236 vexillum
1269 5193 1467 5238 sancta:
1494 5184 1667 5239 crucis
1693 5183 1780 5238 Fi-

292 5319 313 5344 ι
343 5310 394 5362 lu
428 5310 566 5363 Edit.
613 5310 779 5364 Vatic.
823 5321 878 5366 et
924 5313 1210 5374 Gussanv.,
1262 5313 1428 5377 pridie
1476 5313 1776 5368 celebratur

224 5381 382 5451 vigilia
410 5391 710 5451 sanctorum
739 5380 950 5435 illorum
983 5383 1364 5451 apostolorum.

293 5449 316 5487 δ
347 5449 396 5502 ln
425 5449 648 5503 Kalend.
681 5450 858 5515 llom.,
895 5463 948 5505 et
981 5449 1034 5505 in
1074 5452 1303 5518 antiquis
1331 5450 1522 5514 Codd.,
1558 5452 1774 5506 minime

221 5529 386 5572 essent
409 5518 508 5571 hoc
534 5520 748 5572 festum.
784 5521 1016 5576 Habetur
1044 5531 1220 5574 tamen
1252 5523 1302 5573 in
1331 5522 1565 5576 secundo
1593 5521 1768 5573 Theo-

361 5597 409 5710 (ἓ
440 5589 490 5710 iln
522 5588 663 5643 Edit.
699 5590 918 5646 l’amclii
945 5635 959 5661 ,
1000 5592 1102 5648 etsi
1143 5592 1362 5645 fateatur
1404 5590 1591 5645 abesse
1620 5605 1646 5644 a
1677 5605 1774 5645 suo

332 5695 344 5708 .
411 5673 550 5710 oon.

332 5695 344 5708 .
372 5673 550 5711 LOIOD.

1803 4484 1856 4542 D

1877 3241 1966 3281 ces
1996 3242 2297 3294 quzesumus
2326 3226 2646 3281 iuellabilem
2677 3227 3010 3283 clementiam
3045 3238 3205 3291 tuam,
3232 3239 3285 3284 ut
3312 3246 3444 3298 quos

1879 3335 1972 3388 per
2001 3319 2198 3386 lignum
2229 3328 2427 3373 sanctae
2465 3319 2640 3374 crucis
2673 3319 2791 3374 Filii
2821 3320 2896 3374 tui
2936 3322 3023 3389 pio
3059 3335 3249 3376 cruore
3296 3322 3443 3392 (568)

1877 3425 1937 3465 es
1965 3408 2209 3478 dignatus
2234 3409 2517 3476 redimere,
2549 3409 2794 3466 omnibus
2817 3411 2867 3465 in
2895 3419 2945 3466 te
2968 3410 3306 3466 credentibus
3327 3411 3444 3468 dira

1879 3502 2143 3569 serpentis
2170 3515 2372 3556 venena
2400 3504 2729 3571 exstinguas,
2754 3511 2810 3557 et
2837 3517 2930 3571 per
2957 3505 3179 3572 gratiam
3217 3505 3445 3570 Spiritus

1877 3597 2045 3652 sancti
2066 3595 2314 3664 poculum
2330 3595 2518 3650 salutis
2539 3610 2750 3665 semper
2768 3595 3030 3650 infundas.
3058 3595 3157 3650 Per
3171 3595 3442 3651 eumdem.

1879 3725 2052 3763 rerum
2080 3721 2246 3764 nouas
2271 3723 2400 3762 ιιιιι.
2427 3737 2497 3751 --
2520 3707 2547 3744 τι
2574 3723 2792 3763 uersus
2823 3705 2972 3777 (567)
3014 3721 3195 3763 SANCTI
3233 3724 3446 3767 ιοΑιιιιιε

2342 3793 2477 3832 ANTE
2505 3794 2710 3832 PORTA!
2738 3792 2995 3833 LATINAI.

1954 3885 2125 3952 Deus,
2157 3887 2246 3956 qui
2273 3885 2542 3954 conspicis
2570 3885 2691 3953 quia
2718 3900 2816 3940 nos
2844 3886 3076 3956 undique
3105 3886 3241 3941 mala
3269 3893 3446 3942 nostra

1880 3980 2234 4048 perturbant,
2282 3985 2476 4047 praesta
2503 4018 2518 4043 ,
2555 3993 2900 4046 quaesumus,
2945 3988 3001 4032 ut
3049 3979 3186 4034 beati
3229 3978 3450 4036 Joannis

1880 4071 2105 4139 apostoli
2137 4068 2212 4122 tui
2244 4068 2558 4122 intercessio
2585 4067 2815 4134 gloriosa
2844 4082 2940 4121 nos
2963 4078 3224 4137 protegat.
3254 4067 3379 4124 Per.

1953 4160 2120 4229 Super
2166 4160 2353 4212 oblata.
2380 4186 2448 4199 —-
2478 4159 2782 4213 Muneribus
2830 4160 3027 4214 nostris
3050 4199 3064 4223 ,
3108 4175 3409 4227 quaesumus
3431 4201 3448 4227 ,

1882 4251 2106 4304 Domine
2125 4289 2141 4314 ,
2171 4249 2521 4317 precibusque
2555 4257 2578 4284 °
2607 4249 2870 4317 susceptis
2893 4290 2908 4313 ,
2937 4258 2989 4303 et
3017 4249 3323 4303 caelestibus
3350 4264 3447 4305 nos

1884 4339 2080 4393 munda
2104 4340 2392 4409 mysteriis,
2411 4347 2464 4392 et
2486 4338 2778 4392 clementer
2795 4340 3010 4393 exaudi.
3035 4340 3133 4394 Per
3149 4340 3448 4393 Dominum.

1952 4435 2031 4486 Ad
2057 4430 2767 4500 L’ontplendum.-—Relecti,
2797 4432 3040 4496 Domine,
3073 4447 3207 4500 pane
3228 4433 3449 4498 caelesti,

1881 4521 1948 4576 ad
1983 4522 2176 4586 vitam,
2206 4535 2540 4590 quaesumus,
2569 4520 2864 4575 nutriamUr
2885 4531 3159 4576 mternam.
3191 4521 3310 4576 Per.

1882 4649 1936 4690 vr
1965 4652 2079 4691 tuus
2109 4649 2330 4692 uatt.——
2357 4651 2573 4691 manus
2601 4649 2906 4691 saucroxuu
2939 4638 3084 4708 (368)
3116 4654 3357 4694 conatast
3391 4657 3448 4694 ur

2534 4721 2798 4761 ΕΡΠΙΔΩΙΙΙ.

1961 4819 2054 4882 Da,
2087 4833 2412 4887 quaesumus,
2443 4818 2778 4887 omnipotens
2801 4817 2961 4884 Deus,
2988 4825 3043 4872 ut
3067 4820 3152 4888 qui
3181 4819 3450 4872 beatorum

1890 4905 2140 4961 Gordiani
2172 4917 2329 4979 atque
2374 4909 2646 4976 Epimachi
2685 4909 2940 4963 Solemuia
2979 4908 3236 4975 colimus,
3269 4923 3451 4963 eorum

1887 5000 2022 5066 apud
2056 5009 2107 5052 te
2137 4999 2607 5054 intercessionibus
2637 4997 2969 5066 adjuvemnr.
3000 4995 3118 5048 Per.

1956 5092 2127 5162 Super
2153 5091 2340 5144 oblata.
2368 5119 2440 5130 —
2472 5092 2679 5142 llosttas
2707 5087 2799 5142 tibi
2824 5127 2840 5151 ,
2877 5087 3094 5140 Domine
3119 5129 3135 5153 ,
3174 5088 3449 5141 beatorum

1886 5192 2176 5251 martyrum
2204 5177 2460 5235 Gordiani
2489 5186 2648 5244 atque
2691 5172 2966 5244 Epimachi
3006 5173 3206 5226 dicatas
3247 5174 3451 5227 meritis

1959 5326 1980 5353 ο
2016 5312 2296 5383 Reperitur
2320 5328 2373 5366 ιιι
2397 5309 2811 5365 Benedicttonali
2835 5349 2851 5375 ,
2887 5307 2952 5362 In
2979 5311 3243 5380 festivitate
3265 5321 3448 5364 suule

1883 5383 2268 5507 crgﬁiitittitur
2298 5451 2396 5503 hoc
2425 5449 2615 5502 festum
2648 5451 2699 5503 in
2731 5449 2954 5504 Kalend.
2985 5449 3139 5504 Rom.
3168 5448 3311 5504 Illius
3336 5447 3443 5503 olli-

1881 5524 2019 5577 cium
2049 5524 2349 5574 continetur
2379 5521 2428 5572 in
2461 5520 2589 5572 Cod.
2627 5519 2753 5588 lleg.
2785 5524 2942 5574 Suec.

1957 5601 1979 5627 θ
2013 5592 2153 5647 idem
2181 5593 2357 5646 Codex
2390 5590 2546 5644 habet
2575 5591 2848 5659 conceptis.
