4026 6316
614 299 714 353 10⁸5

1790 303 2030 358 SANCTI
2071 304 2400 360 GREGORII
2445 308 2659 362 MAGNI

3764 318 3869 370 104

612 413 867 483 benignus
896 429 1129 479 assume,
1159 423 1213 469 et
1243 414 1306 468 ad
1340 421 1649 483 perpetuum
1675 415 1828 468 nobis
1851 416 2024 470 tribue
2051 433 2176 485 pro-
2211 422 2256 479 Α
2287 419 2508 474 Domine
2528 463 2542 482 ,
2576 421 2812 475 famulari
2844 422 3091 477 salutaris
3120 425 3268 478 cibus
3294 437 3348 482 et
3385 442 3539 484 sacer
3567 440 3724 497 potus
3747 431 3867 486 efﬁ-

609 509 788 562 venire
813 507 1127 559 subsidium.
1164 507 1281 560 Per.

680 596 759 649 Ad
788 595 1177 661 Complendum.
1201 626 1271 637 -—
1294 596 1628 662 Qumsnmus,
1657 596 1994 662 omnipotens
2018 597 2179 662 Deus,

609 699 664 741 nt
694 690 778 756 qui
810 688 1045 741 caelestia
1075 689 1322 739 alimenta
1350 688 1706 755 percepimus,
1733 688 2183 741 intercedentilms

604 779 804 831 sanctis
834 778 936 831 tuis
964 776 1233 830 Gordiano
1262 786 1420 846 atque
1452 777 1763 844 Epimacho,
1793 792 1888 845 per
1911 777 2023 831 hmc
2047 793 2175 830 con-

604 880 684 922 tra
716 869 935 922 adversa
965 868 1141 920 omnia
1176 869 1498 920 muniamur.
1535 867 1653 922 Per.

658 976 710 1012 tv
742 968 764 994 α
796 974 914 1012 inus
940 973 1070 1012 MAII.
1101 988 1170 999 —
1195 973 1415 1012 manus
1445 957 1595 1027 (569)
1627 974 1809 1012 SANCTI
1839 973 2118 1014 PANCRA'I'II

1252 1043 1531 1082 ιιλιιτιιιιε.

680 1119 921 1184 Prmsta,
972 1133 1318 1186 qumsumus,
1375 1119 1709 1187 omnipotens
1758 1119 1934 1181 Deus,
1984 1127 2041 1171 ut
2089 1120 2174 1185 qui

607 1207 745 1261 beati
777 1207 1038 1260 Pancratii
1075 1208 1345 1276 martyris,
1378 1207 1450 1259 ttti
1473 1206 1705 1258 natalitia
1729 1207 1973 1271 colimus,
1997 1222 2024 1258 a
2046 1220 2176 1260 cun-

605 1298 705 1350 ctis
752 1296 905 1350 malis
955 1295 1353 1349 imminentibus
1392 1297 1502 1364 88
1543 1294 1658 1362 ejus
1706 1296 2176 1350 intercessionibus

607 1388 915 1440 liberemur.
950 1385 1048 1438 l'er
1077 1384 1377 1437 [)ominum.

678 1476 846 1543 Super
875 1473 1065 1526 oblata.
1092 1503 1164 1512 —
1190 1472 1427 1536 Munera,
1459 1487 1784 1539 qua-sumus,
1814 1473 2057 1536 Domine,
2082 1473 2172 1526 tibi

604 1567 772 1620 dicata
805 1565 1073 1618 sanctiﬁca
1101 1605 1115 1628 ,
1156 1573 1252 1621 et.
1292 1563 1650 1616 intercedente
1690 1565 1846 1619 beato
1896 1563 2177 1618 Pancratio

605 1663 836 1725 martyre
869 1670 976 1721 tuo,
1014 1670 1105 1722 per
1133 1653 1318 1707 eadem
1350 1667 1446 1706 nos
1475 1652 1713 1720 placatus
1745 1652 1980 1709 intende.

1207 1743 1357 1813 (διο)
1399 1744 1458 1797 n.
1501 1745 1565 1797 ιι.

673 1838 836 1907 Super
861 1836 1125 1907 populum.
1162 1865 1227 1874 —
1258 1836 1402 1889 Beati
1450 1835 1715 1889 Pancratii
1765 1835 2013 1905 martyris
2055 1835 2166 1900 tui,

603 1928 847 1993 Domine,
881 1928 1260 1982 intercessione
1291 1928 1524 1995 placatus
1546 1969 1559 1990 ,
1595 1938 1782 1995 praesta
1803 1967 1817 1990 ,
1846 1943 2166 1995 (ιιιτιξειιιιιιις,

603 2030 657 2074 ιιι
683 2035 798 2088 qua:
830 2020 1104 2086 temporali
1137 2019 1472 2072 celebramus
1495 2019 1721 2083 actione,
1749 2029 1999 2087 perpetua
2019 2017 2168 2089 (571)

598 2110 916 2164 salutatione
947 2109 1237 2178 capiamus.
1278 2108 1399 2161 Per.

634 2217 688 2254 ιιι
719 2216 833 2255 IDUS
862 2216 990 2254 IIAll.
1015 2230 1082 2238 —
1113 2198 1260 2261 (57:2)
1301 2213 1527 2252 manus
1555 2196 1582 2233 ι)
1615 2213 1829 2253 sucu:
1858 2214 2033 2252 ιι.ιιιι.ε
2066 2215 2132 2251 an

1227 2284 1524 2322 HABT‘RES.

665 2359 927 2423 Concede,
955 2374 1289 2428 qmesumus,
1318 2359 1654 2426 omnipotens
1688 2359 1822 2411 Deus
1842 2399 1856 2421 ,
1891 2358 1955 2410 ad
1986 2373 2167 2412 eorum

597 2451 784 2519 gaudia
808 2459 1005 2502 mterna
1039 2449 1356 2515 pertingere,
1387 2448 1453 2500 de
1483 2462 1707 2515 quorum
1735 2463 1828 2501 nos
1854 2448 2047 2501 virtute
2073 2449 2169 2502 tri-

600 2539 718 2592 buis
747 2555 918 2591 annua
947 2539 1280 2591 solemnitate
1309 2538 1560 2606 gaudere.
1593 2535 1717 2591 Per.

672 2630 839 2700 Super
866 2629 1056 2681 oblata.
1086 2658 1152 2668 —
1180 2630 1349 2696 Super
1379 2629 1474 2681 has
1500 2668 1515 2691 ,
1556 2642 1858 2696 qumsumus
1882 2667 1896 2690 ,
1927 2629 2124 2682 hostias
2149 2668 2166 2694 ,

599 2718 842 2784 Domine,
875 2717 1172 2772 benedictio
1199 2717 1416 2784 c0piosa
1445 2715 1760 2781 descendat,
1800 2731 1918 2783 qua:
1958 2725 2012 2770 et
2041 2731 2167 2770 san-

601 2810 978 2864 ctiﬁcationem
1004 2807 1157 2861 nobis
1180 2807 1472 2861 clementer
1502 2816 1773 2875 operetur,
1797 2815 1852 2861 et
1879 2805 1945 2860 de
1968 2817 2169 2878 marty-

597 2916 714 2956 rum
745 2915 842 2954 nos
868 2899 1203 2953 solemnitate
1231 2897 1484 2951 laetiﬁcet.
1519 2896 1640 2951 Per.

673 2990 751 3042 Ad
778 2987 1164 3058 Complendum.
1190 3014 1266 3027 —-
1293 2987 1571 3055 Supplices
1597 2995 1648 3041 te
1678 3001 1924 3057 rogamus
1947 3030 1964 3054 ,
1997 2986 2168 3042 omni-

598 3091 786 3153 potens
819 3081 955 3134 Deus
979 3120 993 3145 ,
1042 3089 1100 3133 ut
1132 3095 1262 3147 quos
1297 3080 1398 3130 tuis
1440 3079 1614 3132 reﬁcis
1653 3081 1997 3134 sacramentis
2019 3117 2035 3142 ,
2077 3080 2165 3133 tibi
2195 3125 2239 3153 n

600 3174 760 3227 etiam
793 3173 998 3240 placitis
1027 3171 1263 3225 molibus
1291 3171 1570 3239 dignanter
1595 3171 1863 3225 deservire
1883 3172 2165 3226 concedas.

600 3263 720 3316 Per.

599 3365 688 3405 vnt
720 3364 987 3403 KALENDAS
1020 3359 1042 3387 ε
1074 3364 1227 3403 ιυλιι.
1251 3379 1318 3388 -—
1344 3348 1495 3418 (575)
1523 3362 1746 3402 manus
1768 3363 1952 3402 SANCTI
1976 3365 2169 3404 uncam

1301 3435 1466 3472 ΡΑΡίΕ.

671 3510 770 3578 Da,
796 3524 1120 3579 qumsumus,
1151 3510 1489 3580 omnipotens
1517 3509 1678 3574 Deus,
1704 3519 1760 3563 ut
1789 3511 1876 3579 qui
1907 3511 2041 3566 beati
2071 3510 2171 3565 Ur-

600 3602 722 3657 bani
749 3602 998 3672 martyris
1031 3604 1104 3655 tui
1139 3613 1296 3671 atque
1323 3601 1582 3668 pontiﬁcis
1612 3602 1869 3654 solemnia
1900 3603 2125 3655 colimus
2148 3640 2167 3670 ,

603 3692 720 3759 ejus
747 3692 884 3758 apud
911 3701 962 3745 te
984 3691 1450 3745 intercessionibus
1479 3690 1812 3758 adjuvemur.
1846 3691 1963 3745 Per.

672 3781 844 3850 Super
872 3782 1060 3833 oblata.
1082 3811 1152 3821 —
1176 3781 1297 3832 llaec
1327 3779 1533 3844 Hostia,
1567 3780 1811 3846 Domine,
1841 3795 2161 3850 qumsumns,

602 3868 856 3922 cmundet
877 3878 1055 3922 nostra
1084 3870 1306 3923 crimina
1325 3908 1341 3932 ,
1372 3879 1425 3923 et
1445 3908 1460 3933 ,
1491 3869 1854 3925 intercedente
1883 3872 2039 3925 beato
2069 3871 2169 3926 Ur-

590 3961 748 4014 bano.
785 3968 1020 4029 martyre
1064 3970 1152 4014 tuo
1177 4000 1190 4022 ,
1239 3961 1391 4029 (574)
1436 3961 1755 4016 sacriﬁcium
1790 3963 2164 4016 celebrandum

596 4049 926 4104 subditorum
961 4049 1055 4103 tibi
1084 4065 1305 4118 corpora
1339 4063 1650 4118 mentesque
1680 4053 1993 4107 sanctiﬁcct.

663 4141 744 4192 Ad
775 4139 1162 4208 Complendum.
1189 4170 1260 4180 —
1289 4141 1435 4194 Beati
1469 4141 1662 4195 Urbani
1695 4143 1941 4211 martyris
1978 4143 2049 4196 tui
2086 4151 2165 4196 at-

594 4244 699 4298 quc
730 4228 1013 4296 pontiﬁcis,
1052 4229 1300 4291 Domine,
1330 4230 1712 4284 intercessione
1745 4232 2002 4298 placatus,
2030 4245 2166 4297 prai—

591 4327 694 4380 sta,
715 4333 1040 4385 quiesutnus,
1064 4328 1119 4370 ut
1140 4333 1257 4386 quae
1282 4320 1560 4387 temporali
1581 4320 1914 4374 celebramus
1933 4320 2160 4385 actione,

594 4415 848 4474 perpetua
872 4407 1162 4461 salvatione
1178 4406 1469 4476 capiamus.
1485 4408 1584 4461 Per
1604 4410 1880 4463 Dominum
1901 4421 2158 4468 nostrum.

858 4495 881 4532 δ
910 4511 1159 4550 υοιιικιοιι
1188 4513 1204 4551 ι
1232 4512 1359 4551 posr
1389 4513 1622 4552 ocrms
1651 4513 1885 4554 pascuis.

674 4585 832 4650 Deus,
861 4587 950 4653 qui
980 4587 1029 4639 in
1062 4587 1177 4640 Filii
1203 4588 1274 4640 tni
1300 4589 1595 4644 humilitate
1621 4591 1884 4658 iacentem
1907 4591 2158 4645 mundum

598 4674 816 4727 crexisti
845 4714 860 4737 ,
889 4674 1128 4728 ﬁdelibus
1157 4677 1259 4729 tuis
1291 4687 1598 4746 perpetuam
1638 4680 1874 4733 la'titiam
1903 4682 2012 4750 89
2033 4697 2161 4735 con-

599 4767 730 4814 cede
755 4800 770 4825 ,
822 4772 879 4815 ut
921 4778 1052 4831 quos
1093 4772 1362 4832 perpetuae
1407 4768 1592 4820 mortis
1638 4767 1877 4836 eripuisti
1911 4770 2157 4835 casibus,

597 4852 800 4919 gaudiis
830 4855 992 4908 facias
1017 4857 1354 4922 sempiternis
1377 4858 1594 4925 perfrui.
1626 4858 1746 4912 Per.

665 4943 835 5006 Super
861 4944 1047 4998 oblata.
1070 4972 1140 4984 —
1164 4945 1331 5014 Digne
1351 4962 1448 5003 nos
1471 4955 1560 5002 tuo
1583 4947 1803 5014 nomini,
1836 4965 2157 5020 qua-sumus,

661 5085 689 5113 ⁸
718 5077 772 5132 In
823 5078 1042 5133 Kalend.
1083 5079 1239 5133 Rom.
1271 5089 1325 5135 et
1367 5081 1465 5134 Ed.
1501 5081 1700 5135 Pamel.
1738 5099 1750 5134 :
1785 5082 1911 5136 Nat.
1955 5100 2161 5140 sancto-

586 5163 700 5200 rum
739 5146 934 5213 Nerei,
969 5161 1017 5204 et
1064 5150 1313 5215 Achillei,
1348 5160 1393 5203 et
1436 5149 1721 5204 Pancratii.
1767 5153 1945 5207 Solius
1988 5161 2158 5213 sancti

589 5217 848 5288 Pancratii
879 5220 1118 5288 meminit
1139 5220 1270 5274 Cod.
1306 5223 1436 5288 Heg.
1467 5221 1622 5274 Suec.
1656 5221 2052 5278 Observandum
2075 5238 2160 5282 est

587 5287 639 5358 in
689 5287 909 5341 Kalend.
945 5287 1100 5342 Rom.
1148 5292 1294 5358 prius
1341 5287 1578 5347 annotari
1620 5290 1810 5345 festum
1849 5305 2153 5351 sanctormn

588 5355 739 5426 Nerei
770 5367 823 5410 et
851 5358 1095 5423 Achillei,
1127 5355 1181 5413 et
1208 5369 1385 5426 postea
1419 5360 1586 5412 sancti
1620 5361 1902 5415 Pancratii.

661 5425 686 5463 δ
719 5429 772 5479 In
805 5427 914 5480 sola
947 5429 1085 5480 Edit.
1120 5425 1321 5482 Pamel.
1354 5447 1367 5482 :
1403 5428 1665 5481 Dedicatio
1703 5430 1926 5485 basilicae
1966 5448 2153 5490 sancta:

593 5493 752 5567 Man,
777 5505 908 5567 etc.,
942 5500 1235 5567 reluctante
1265 5500 1530 5567 ipsotiod.
1564 5497 1694 5567 Reg.
1729 5501 1889 5554 Suec.

668 5574 688 5599 ε
715 5566 850 5616 Ante
879 5566 977 5617 hoc
1004 5566 1214 5620 festum.
1252 5569 1301 5619 in
1324 5566 1420 5619 Ed.
1453 5567 1648 5620 Pamel.
1679 5569 1906 5629 legitur:
1936 5573 2158 5629 Ascensu

590 5631 814 5698 Domini,
845 5634 913 5687 ad
944 5643 1175 5689 sanetum
1217 5634 1448 5690 Petrum.
1498 5636 1625 5691 Item
1669 5654 1682 5692 :
1732 5631 2001 5694 Dominicu
2048 5657 2158 5714 post

2288 525 2413 574 erat,
2445 527 2500 563 ιιι
2525 521 2794 565 renovatio
2827 514 3146 567 conditionis
3177 518 3417 569 humana:
3437 558 3451 582 ,
3481 534 3638 585 quam
3670 533 3868 589 myste-

2286 601 2362 652 ria
2393 602 2708 667 continent,
2763 603 2814 654 in
2864 603 3058 656 nostris
3100 603 3297 673 jngiter
3322 607 3565 661 sensibus
3590 609 3866 668 offeratur.

2285 689 2404 743 l’er.

2356 777 2628 844 Prwfatio.
2661 809 2731 820 -——
2772 782 2909 836 \‘cre
2937 783 3152 852 dignum
3185 794 3236 839 et
3278 788 3477 849 justum
3505 799 3614 856 est,
3655 806 3863 858 requmn

2285 876 2337 920 et
2365 869 2630 934 salutare,
2665 883 2762 921 nos
2793 871 2882 922 tibi
2917 885 3126 936 semper
3150 883 3203 926 et
3236 873 3428 942 ubique
3453 879 3651 941 gratias
3685 894 3862 947 agerc,

2288 957 2503 1010 Domine
2536 972 2719 1012 sancte
2743 999 2759 1023 ,
2801 961 2956 1013 Pater
2982 962 3348 1031 omnipotens,
3380 974 3576 1021 reterne
3609 969 3748 1022 Deus
3772 987 3788 1023 :
3814 965 3863 1025 et

2285 1045 2603 1100 iunnensam
2630 1048 2883 1102 bonitatis
2914 1061 3012 1104 tua:
3045 1053 3291 1120 pietatem
3326 1054 3592 1111 humiliter
3616 1075 3860 1125 exorare,

2281 1144 2341 1189 ut
2369 1139 2719 1207 ignorantiam
2753 1152 2948 1195 nostra:
2979 1145 3313 1199 mortalitatis
3340 1152 3642 1214 attendens,
3675 1169 3742 1206 ex
3778 1165 3856 1210 tua

2279 1228 2627 1297 inspiratione
2670 1247 2764 1285 nos
2816 1233 2975 1288 facias
3026 1237 3293 1301 postulare
3340 1241 3477 1306 quod
3520 1253 3725 1296 rectum
3757 1259 3854 1309 est,

2278 1325 2334 1370 et
2363 1328 2449 1371 tua
2485 1319 2767 1375 clementia
2818 1324 3018 1378 tribuas
3059 1325 3341 1393 impetrare
3383 1330 3521 1397 quod
3567 1348 3853 1402 poscimus.

2278 1406 2377 1461 Per
2407 1408 2692 1464 Christum.

2349 1498 2657 1555 Benedictio.
2678 1531 2746 1540 —
2766 1514 2788 1540 ι’
2814 1502 3094 1560 Βριιειῖἓοίιι
3120 1520 3210 1562 vos
3228 1512 3558 1579 omnipotens
3583 1516 3744 1585 Deus,
3771 1523 3853 1588 qui

2279 1603 2374 1641 vos
2402 1593 2633 1658 gratuita
2672 1593 3011 1648 miseratione
3040 1600 3268 1663 creavit,
3308 1603 3435 1656 etin
3467 1611 3854 1663 resurrectione

2281 1675 2539 1748 Uuigeniti
2587 1681 2667 1734 sui
2698 1696 2844 1750 spem
2900 1686 3048 1739 vobis
3095 1691 3401 1758 resurgendi
3447 1699 3730 1751 concessit.
3783 1706 3853 1754 A-

2203 1761 2249 1820 B
2278 1783 2418 1822 men.
2464 1770 2763 1826 llesuscitet
2792 1788 2886 1827 vos
2911 1775 2978 1830 de
3009 1777 3255 1832 vitiorum
3285 1782 3542 1848 sepulcris
3563 1826 3577 1849 ,
3609 1789 3696 1853 qui
3728 1803 3846 1843 eum

2277 1861 2608 1913 resuscitavit
2640 1878 2669 1915 a
2719 1867 2962 1921 mortuis.
3011 1867 3201 1922 Amen.
3265 1870 3330 1924 Ut
3373 1888 3491 1926 cum
3521 1891 3584 1928 eo
3613 1878 3853 1933 sinelinc

2283 1947 2513 2002 feliciter
2540 1951 2748 2013 vivatis,
2775 1968 2933 2022 quem
2958 1958 3309 2012 resurrexisse
3335 1977 3364 2013 a
3396 1967 3618 2018 mortuis
3649 1969 3848 2023 veraci-

2271 2047 2356 2092 ter
2382 2041 2618 2094 creditis.
2653 2046 2842 2097 Amen.
2874 2045 3024 2110 Quod
3056 2048 3167 2115 ipse
3194 2061 3463 2117 przestare.

2341 2131 2420 2183 Ad
2451 2132 2836 2203 Complendum.
2872 2166 2944 2176 -—
2974 2137 3245 2192 Paschalia
3290 2142 3440 2196 nobis
3466 2185 3480 2209 ,
3526 2161 3841 2213 qumsunms,

2275 2223 2520 2292 Domine,
2553 2228 2784 2281 remedia
2816 2230 3094 2299 dignanter
3131 2234 3398 2304 impende,
3437 2249 3492 2291 ut
3523 2253 3730 2297 terrena
3760 2248 3846 2300 de-

2272 2316 2464 2370 sideria
2497 2332 2827 2388 respnentes,
2863 2323 3124 2379 discamus
3152 2343 3329 2382 amare
3358 2333 3610 2386 cmlestia.
3657 2336 3778 2392 Per.

2344 2408 2515 2478 Super
2539 2424 2804 2478 populum.
2829 2443 2898 2452 -—
2926 2415 3197 2472 Familiam
3218 2431 3718 2490 tuam,qu:esumus.
3749 2429 3846 2482 Do-

2272 2501 2414 2555 mine
2439 2545 2452 2568 ,
2487 2503 2700 2558 dextera
2743 2519 2827 2558 tua
2867 2521 3121 2577 perpetuo
3160 2513 3452 2568 circumdet
3490 2517 3722 2582 auxilio,
3763 2532 3840 2587 ut,

2278 2592 2508 2659 paschali
2543 2594 2927 2651 interveniente
2977 2601 3308 2656 solemnitate
3333 2645 3348 2669 ,
3394 2604 3463 2657 ab
3497 2610 3639 2658 omni
3671 2613 3843 2676 pravi-

2271 2691 2383 2738 tate
2410 2683 2630 2739 del‘ensa
2660 2687 2816 2742 donis
2845 2689 3149 2746 cmlestibus
3186 2707 3550 2762 prosequatur.
3596 2699 3718 2755 Per.

2566 2815 2814 2856 DOMINICA
2837 2819 2871 2856 ll
2902 2818 3028 2856 POST
3053 2820 3283 2860 OCTAVAS
3310 2823 3543 2863 PASCIL'K.

2347 2909 2484 2964 Deus
2511 2913 2598 2980 qui
2630 2914 2959 2980 errantibus,
2992 2925 3050 2968 ut
3076 2917 3125 2970 in
3156 2917 3292 2972 viam
3323 2921 3526 2989 possint
3565 2924 3741 2979 redire
3763 2926 3844 2994 ju-

2269 3000 2426 3056 stitiaz
2450 3044 2464 3066 ,
2515 3004 2754 3058 veritatis
2783 3015 2885 3060 tua:
2917 3007 3094 3064 lumen
3126 3013 3394 3076 ostendis,
3442 3014 3508 3067 da
3532 3020 3741 3072 cunctis
3762 3022 3844 3089 qui

2271 3088 2569 3143 Christiana
2593 3094 2915 3157 perfessione
2941 3108 3242 3160 censentur,
3275 3110 3328 3154 et
3345 3102 3428 3155 illa
3453 3119 3704 3173 respuere
3732 3088 3846 3179 qua:

2273 3182 2394 3234 huic
2432 3183 2649 3238 inimica
2697 3195 2818 3240 sunt
2861 3189 3092 3256 nomini,
3123 3200 3175 3244 et
3199 3207 3260 3246 ea
3285 3209 3402 3261 qua:
3433 3206 3556 3250 sunt
3581 3210 3704 3266 apta
3738 3216 3846 3255 sec-

2274 3273 2394 3326 tari.
2436 3273 2558 3328 Per.

2345 3377 2514 3443 Super
2541 3379 2731 3433 oblata.
2765 3406 2836 3420 —
2879 3380 3014 3437 Deus
3040 3424 3052 3446 ,
3096 3387 3182 3452 qui
3223 3387 3556 3444 solemnitate
3597 3395 3838 3461 paschali

2275 3470 2513 3524 ctelestia
2545 3473 2744 3526 mundo
2781 3476 3012 3528 remedia
3066 3479 3322 3546 benignus
3350 3484 3586 3549 operaris
3608 3523 3624 3547 ,
3673 3502 3844 3538 annua

2274 3558 2573 3614 festivitatis
2616 3562 2772 3631 hujus
2809 3564 2944 3617 dona
2987 3581 3337 3636 prosequere;
3402 3581 3458 3623 ut
3505 3574 3844 3629 observantia

2274 3650 2582 3717 temporalis
2632 3652 2698 3704 ad
2753 3653 2906 3707 vitam
2949 3657 3102 3710 nobis
3157 3661 3392 3727 proﬁciat
3440 3667 3842 3732 sempiternam.

2269 3740 2392 3796 Per.

2345 3849 2613 3920 Prwfatio.
2637 3880 2706 3891 —
2730 3854 2865 3907 Vere
2893 3854 3104 3924 dignum
3135 3865 3187 3910 et
3207 3861 3404 3924 justum
3429 3871 3530 3927 est,
3557 3879 3766 3932 aequum
3797 3876 3844 3918 ct

2270 3941 2504 3995 salutare
2529 3981 2544 4005 ,
2594 3958 2690 3996 nos
2732 3944 2825 3998 tibi
2856 3961 3066 4013 semper
3109 3956 3163 4000 et
3203 3949 3397 4018 ubique
3439 3954 3635 4018 gratias
3665 3971 3841 4022 agerc,

2272 4028 2497 4084 Domine
2545 4042 2762 4096 sancte,
2819 4035 2973 4089 Pater
3013 4036 3347 4105 omnipotens
3371 4078 3387 4104 ,
3437 4054 3637 4097 mterne
3668 4045 3841 4098 Dens:

2268 4122 2397 4189 qui,
2448 4121 2515 4176 de
2551 4124 2760 4192 Virgine
2805 4129 2946 4179 nasci
2975 4128 3249 4195 dignatus,
3307 4147 3397 4195 per
3441 4133 3746 4197 passionem
3796 4146 3844 4189 et

2269 4223 2496 4268 mortem
2526 4230 2554 4267 a
2587 4227 2838 4285 perpetua
2865 4235 2962 4273 nos
2991 4233 3161 4274 morte
3187 4223 3444 4287 liberavit,
3476 4236 3530 4278 et
3571 4242 3844 4281 resurrec-

2271 4304 2414 4359 tione
2447 4319 2544 4358 sua
2573 4316 2828 4362 :eternant
2859 4309 3011 4364 nobis
3042 4311 3205 4366 vitam
3229 4315 3470 4368 contulit.
3499 4316 3600 4370 Per
3629 4335 3808 4383 quem.

2343 4415 2363 4453 ί
2395 4415 2715 4472 Benedictio.
2734 4450 2802 4459 —
2823 4420 2984 4489 Deus,
3012 4426 3098 4492 qui
3129 4440 3220 4494 per
3243 4428 3684 4482 resurrectionem
3721 4429 3840 4483 Uni-

2192 4486 2240 4544 Ῑ)
2267 4505 2431 4574 geniti
2477 4508 2559 4560 sui
2605 4509 2756 4564 vobis
2780 4486 3000 4567 contulit
3029 4486 3094 4568 et
3129 4486 3328 4571 bonum
3360 4519 3765 4589 Redemptionis
3793 4534 3840 4575 et

2268 4597 2432 4652 decus
2455 4598 2774 4669 adoptionis,
2805 4605 2915 4672 90
2939 4621 3047 4660 suae
3076 4609 3227 4662 vobis
3248 4608 3485 4665 conferat
3515 4616 3729 4680 prmmia
3757 4615 3840 4665 be-

2268 4690 2608 4746 nedictionis.
2641 4696 2833 4752 Amen.
2875 4699 2940 4751 Et
2967 4715 3072 4769 quo
3101 4702 3395 4757 redimente
3412 4706 3729 4772 percepistis
3751 4710 3839 4762 do-

2266 4793 2390 4832 num
2424 4793 2690 4850 perpetua:
2723 4785 2978 4842 libertatis
3003 4828 3019 4854 ,
3068 4805 3132 4843 eo
3181 4791 3435 4860 largiente
3463 4807 3742 4851 consortes
3765 4797 3838 4852 el-

2267 4868 2519 4924 ﬁciamini
2549 4881 2762 4929 internas
2793 4877 3136 4935 haereditatis.
3169 4882 3357 4936 Amen.
3409 4884 3473 4937 Et
3499 4887 3582 4939 cui
3613 4901 3836 4941 consur-

2265 4960 2477 5014 rexistis
2515 4961 2566 5016 in
2596 4961 2912 5031 baptismate
2959 4970 3254 5034 credendo,
3284 4973 3494 5043 adjungi
3528 4977 3836 5031 mereaniini

2264 5110 2515 5180 ascensus
2548 5098 2786 5180 Denique
2818 5120 2828 5154 :
2864 5101 3076 5180 Festum
3110 5118 3298 5180 suuch
3345 5108 3664 5162 I’otentiana:
3703 5113 3828 5180 rirg.

2263 5165 2412 5247 Qupd
2446 5168 2606 5247 etiam
2635 5165 2851 5247 exhibet
2879 5174 3101 5247 Kalend.
3137 5177 3314 5239 Ιὲοιιι..
3346 5181 3411 5232 ad
3434 5180 3573 5232 diem
3605 5182 3668 5234 l9
3693 5165 3832 5247 Maii,

2264 5233 2356 5286 sed
2385 5236 2482 5287 sub
2509 5239 2722 5292 nomine
2751 5253 2944 5295 sanetur
2977 5233 3336 5300 f’itdentianre.

2261 5369 2302 5424 Ε
2323 5302 2360 5422 ίά
2385 5303 2508 5424 lituo
2539 5307 2806 5427 liominica
2837 5325 2953 5380 post
2977 5313 3174 5367 Pascha
3205 5325 3357 5370 vacat
3389 5332 3506 5371 cum
3535 5320 3748 5374 cazteris
3781 5323 3832 5375 in

2306 5389 2323 5423 ί
2345 5411 2357 5423 .
2438 5388 2553 5427 ante
2582 5413 2596 5427 .

2306 5388 2357 5423 (l.
2397 5388 2596 5428 I’alllCl.

2337 5450 2359 5477 ε
2403 5442 2860 5524 llaechBenedictio
2895 5450 2946 5524 in
2977 5450 3395 5507 Benedictionali
3430 5455 3665 5524 Gregorii
3694 5463 3828 5514 assi~

2259 5522 2482 5633 gtiatlpr:
2507 5514 2591 5633 'De
2642 5517 3019 5572 liesurrectione
3040 5549 3061 5586 ,-
3088 5533 3205 5590 post
3235 5514 3659 5580 Denedictioiiem
3686 5543 3821 5583 oeta-

2261 5594 2341 5632 ναξ
2414 5599 2500 5633 asc
2525 5601 2606 5633 HD.

2261 5594 2341 5632 vae
2375 5594 2606 5640 I'aschm.

2340 5649 2356 5686 ί
2400 5652 2614 5722 Legitur
2647 5655 2695 5708 in
2721 5657 3132 5714 Benedictionali
3159 5672 3277 5730 post
3309 5665 3720 5733 prxcedcntem.
