4026 6306
163 233 260 288 ωδ

169 448 439 507 praestare.

231 528 307 581 Ad
334 521 735 591 Complendum.
758 546 825 559 -
847 517 1180 582 Qumsumus,
1224 513 1559 580 omnipotens
1589 510 1748 571 Deus,

164 622 267 688 jam
314 632 422 672 non
471 621 752 667 teneamur
801 607 1018 661 obnoxii
1074 603 1350 660 sententia:
1397 600 1752 654 damnationis

176 713 448 770 humanm,
479 703 627 771 cujus
650 714 746 755 nos
776 696 998 752 vinculis
1025 697 1137 749 havc
1169 691 1465 761 redemptio
1495 688 1755 758 paschalis

171 798 420 854 abstzlvit.

248 890 387 942 Alia.
410 914 476 927 -—
506 883 976 950 Fac,qu:esumus,
1005 874 1339 942 omnipotens
1369 871 1526 934 Deus,
1559 878 1616 924 ut
1643 869 1752 938 qui,

175 977 514 1049 paschalibus
546 970 797 1026 remediis
823 966 1055 1023 innuvati
1083 1007 1097 1030 ,
1143 963 1538 1018 similitudinem
1564 957 1755 1014 terreni

174 1066 400 1136 parentis
428 1061 710 1124 evasimus,
741 1056 807 1110 ad
837 1057 1061 1110 formam
1088 1051 1321 1108 caelestis
1365 1049 1748 1103 transferamur

178 1156 426 1213 auctoris.
471 1153 572 1220 Qui
607 1161 804 1204 tecum.

454 1278 704 1322 DOIIIICA
737 1276 792 1316 111
833 1273 960 1314 POS'I'
993 1269 1224 1311 OCTAVAS
1249 1266 1478 1307 PA‘TCUE.

245 1383 406 1443 Dens,
441 1375 532 1447 qui
566 1372 796 1428 fidelium
831 1376 1036 1423 mentes
1071 1365 1223 1418 unius
1250 1361 1420 1417 efficis
1453 1358 1758 1421 voluntatis,

185 1474 241 1526 da
271 1470 485 1538 populis
516 1467 621 1520 tuis
654 1465 702 1517 id
731 1475 908 1515 amare
939 1455 1077 1528 quod
1110 1455 1372 1523 praacipis,
1407 1452 1457 1506 id
1488 1450 1760 1504 desidera-

187 1577 237 1617 re
257 1537 398 1625 quod
434 1555 700 1624 promittis
723 1591 739 1618 ,
790 1559 846 1604 ut
880 1550 1019 1604 inter
1060 1547 1354 1600 mundanas
1382 1543 1662 1597 varietates
1693 1537 1763 1593 ibi

189 1663 358 1707 Itnsll'a
391 1649 494 1701 fixa
527 1646 634 1699 sint
660 1642 846 1705 corda,
878 1641 964 1694 ubi
997 1653 1126 1692 vera
1157 1646 1280 1690 sunt
1311 1633 1522 1703 gaudia.
1568 1631 1689 1685 Per.

256 1742 429 1802 Super
456 1739 646 1792 oblata.
671 1763 736 1774 —
765 1731 1048 1793 Exuberct,
1080 1739 1402 1798 quassumus,
1439 1722 1679 1784 Domine,
1712 1721 1762 1775 in

194 1830 449 1885 mentibus
478 1824 676 1880 nostris
699 1820 958 1892 paschalis
1001 1816 1171 1888 gratia
1201 1811 1517 1870 sacramrnti
1539 1852 1553 1876 ,
1583 1819 1638 1864 ut
1665 1810 1764 1863 do-

199 1923 266 1975 nis
292 1920 408 1970 suis
435 1916 551 1981 ipse
585 1929 679 1967 nos
709 1913 898 1978 dignos
925 1907 1140 1963 efticiat.
1184 1904 1305 1960 Per.

191 2058 196 2063 .
261 2010 529 2078 Praefatio.
554 2036 623 2047 —-
650 2007 783 2058 Vere
811 2004 1023 2071 dignum
1057 2009 1109 2053 et
1128 1999 1328 2067 justum
1358 2003 1460 2058 est,
1484 2005 1693 2062 mquum
1718 2000 1769 2042 et

199 2103 423 2155 salutare
451 2138 464 2161 ,
510 2113 606 2152 nos
637 2096 726 2150 tibi
763 2108 975 2162 semper
1015 2099 1068 2145 et
1109 2089 1302 2158 ubique
1351 2086 1548 2156 gratias
1585 2097 1766 2150 agere,

205 2191 414 2245 Domine
443 2197 648 2251 sancte,
682 2185 838 2240 Pater
872 2183 1204 2250 omnipotens
1229 2219 1244 2244 ,
1275 2189 1472 2233 aeterne
1516 2176 1654 2229 Deus
1680 2190 1692 2225 :
1721 2182 1773 2226 et

204 2283 342 2352 (575)
375 2281 448 2336 tui
494 2277 915 2334 misericordiam
958 2274 1189 2328 muneris
1218 2270 1513 2341 postulare,
1549 2275 1604 2321 ut
1634 2275 1772 2320 tem-

209 2391 345 2444 pora,
371 2374 565 2444 quibus
596 2379 715 2440 post
755 2365 1196 2423 resurrectionem
1227 2375 1377 2416 suam
1405 2359 1654 2412 Dominus
1682 2368 1778 2408 no-

207 2477 302 2520 ster
327 2464 484 2517 Jesus
511 2461 754 2516 Christus
782 2457 1056 2525 discipulis
1096 2453 1207 2509 suis
1237 2449 1590 2520 corporaliter
1617 2460 1779 2516 appa-

210 2556 320 2618 ruit,
350 2554 433 2607 sic
462 2551 613 2621 (376)
666 2551 780 2618 ipso
819 2547 1109 2617 opitulante
1151 2544 1235 2613 pia
1281 2542 1559 2597 devotione
1585 2544 1778 2592 tracte-

213 2662 343 2709 tuus,
395 2657 665 2714 quatenus
710 2645 762 2697 in
828 2641 911 2697 his
953 2639 1189 2695 omnium
1236 2636 1484 2692 vitiorum
1533 2631 1782 2689 sordibus

211 2752 499 2793 careamus.

752 2825 900 2893 (577)
934 2822 1250 2878 Benedictio.

280 2941 355 2994 Ad
375 2937 770 3006 Complendum.
800 2966 866 2977 —
887 2934 1130 2990 Concede
1153 2975 1168 2999 ,
1201 2945 1503 3003 quaesumus
1527 2971 1542 2996 ,
1577 2929 1784 2982 miseri-

1335 213 1539 271 I.IBF.R
1580 202 2213 269 SACRAMLNTORUM.

162 343 208 400 t'n
236 339 440 397 ccclesti
494 337 720 408 regione
749 335 878 389 bene
910 330 1151 385 \‘ivendo.
1206 331 1393 382 Arnen.
1439 325 1586 395 Quod
1627 327 1738 393 ipse
1768 334 1819 392 Α
2204 297 2206 299 ’

3321 191 3415 241 Ιῗσ

2476 309 2642 364 Bened
2664 309 2781 361 aio.

1929 413 2006 464 Ad
2050 406 2433 478 Complendum.
2462 433 2523 444 σ-
2551 403 2777 464 Praesta,
2809 411 3113 468 qnmsumus
3140 437 3154 463 ,
3186 398 3407 463 omnlpo

1858 511 1973 555 tens
2007 500 2144 554 Deus
2172 539 2186 564 ,
2237 506 2290 550 ut
2319 492 2665 563 percipientes
2696 485 2934 542 Paschali
2965 499 3184 539 tnunes-e
3215 485 3422 537 veniam

1857 600 2222 660 peccat-rrum,
2283 585 2531 652 deinceps
2574 591 2786 651 peccata
2829 579 3076 636 vitemus.
3123 576 3221 630 Per
3246 574 3425 628 Domi-

1858 696 1982 736 num
2015 688 2272 734 nostrum.

2493 781 2647 820 Fi-IRIA
2683 780 2737 817 ll.

1933 861 1993 913 In
2023 860 2174 930 (580)
2205 867 2230 896 ἰ
2288 858 2493 911 Litania
2533 856 2752 927 Majore.
2806 856 3031 910 Mentem
3075 852 3282 906 familize
3329 861 3429 903 tua:

1858 966 2192 1021 quaesumus,
2225 950 2466 1012 Domine,
2498 948 2860 1001 intercedente
2893 947 3044 1000 beato
3079 945 3166 998 Ιίι.
3190 987 3204 1010 ,
3234 953 3286 998 et
3317 959 3432 996 mu-

1861 1059 1986 1097 nere
2009 1039 2429 1110 compunctionis
2457 1039 2621 1107 aperi,
2645 1049 2696 1093 et
2721 1039 2960 1107 largitate
2988 1039 3200 1108 pictatis
3219 1037 3431 1093 exaudi.

1863 1137 1962 1190 Per
1993 1133 2290 1188 Dominum.

1933 1225 2068 1280 Alia.
2093 1254 2162 1265 —
2194 1223 2331 1278 Deus
2357 1264 2370 1287 ,
2411 1223 2496 1290 qui
2528 1233 2710 1288 ctnpas
2750 1221 3165 1288 delinquen'inm
3197 1220 3437 1273 districte

1864 1316 2097 1371 feriendo
2127 1314 2380 1383 percutis,
2409 1313 2564 1366 ﬂetus
2591 1326 2801 1379 quoque
2834 1312 3118 1379 lugentium
3153 1326 3256 1363 non
3289 1327 3438 1364 recu-

1866 1425 1975 1472 ενδ,
2014 1419 2064 1459 ιιι
2096 1407 2183 1475 qui
2219 1405 2422 1472 pondus
2453 1411 2553 1456 tua:
2575 1400 3048 1454 animadversionis
3075 1401 3439 1468 cognovimus,

1863 1515 2020 1557 et'am
2052 1500 2265 1569 pietatis
2296 1497 2520 1566 gratiam
2551 1495 2862 1549 sentiamus.
2893 1494 3015 1548 Per.

1936 1592 2333 1654 Alba—Parce,
2355 1601 2678 1658 quzcsumns,
2700 1584 2943 1647 Domine,
2961 1598 3116 1652 parce
3144 1584 3336 1650 populo
3351 1592 3440 1635 tuo

1796 1706 1839 1764 Β
1867 1695 1921 1739 et
1967 1683 2122 1737 nullis
2166 1683 2272 1751 jam
2321 1678 2537 1748 patiaris
2573 1676 2979 1730 adversitatihus
3037 1673 3186 1746 (382)
3216 1672 3441 1743 fatigari,

1869 1790 2002 1846 quos
2021 1773 2252 1842 pretioso
2281 1769 2396 1824 Filii
2430 1769 2501 1822 tui
2532 1767 2784 1836 sanguine
2813 1765 3104 1820 redemisti.
3127 1765 3222 1832 Qui
3245 1776 3440 1825 tecum,

1941 1865 2078 1918 Alia.
2103 1893 2172 1904 -—-
2191 1863 2329 1916 Dens
2352 1902 2367 1926 ,
2419 1860 2505 1928 qui
2551 1859 2732 1923 culpas
2780 1867 2984 1911 nostras
3017 1857 3113 1925 piis
3142 1856 3448 1912 verberibus

1873 1955 2124 2025 percutis,
2165 1961 2222 2005 ut
2250 1966 2345 2005 nos
2388 1965 2414 2002 a
2448 1949 2642 2003 nostris
2670 1948 3030 2016 iniquitatibus
3057 1949 3312 2002 emundes
3343 1991 3352 2004 .
3383 1949 3448 2000 da

1874 2048 2025 2103 nobis
2071 2055 2124 2100 et
2170 2045 2235 2098 de
2284 2042 2508 2097 verbere
2557 2051 2645 2093 tuo
2672 2041 2931 2109 proficere
2952 2080 2966 2104 ,
2996 2049 3046 2094 et
3077 2040 3142 2093 de
3179 2049 3265 2092 tua
3297 2039 3453 2092 citius

1875 2138 2238 2195 consolatione
2267 2134 2516 2204 gaudere.
2559 2133 2658 2185 Per
2691 2132 2966 2184 Dominum
2998 2139 3253 2184 nostrum.

1945 2229 2086 2285 Alia.
2107 2258 2176 2267 —
2198 2226 2419 2292 Adesto,
2453 2223 2706 2287 Domine,
2734 2221 3201 2289 supplicationibus
3240 2221 3456 2286 nostris,

1889 2332 1942 2376 et
1972 2329 2250 2390 sperantes
2287 2319 2337 2372 in
2368 2327 2454 2371 tua
2484 2315 2842 2370 misericordi:
2867 2371 2880 2382 ,
2911 2314 3273 2369 intercedente
3302 2315 3459 2367 beato

1882 2415 2042 2467 Petro
2064 2409 2307 2479 apostolo
2339 2416 2453 2472 tuo,
2483 2405 2686 2461 caelesti
2714 2413 2929 2474 protege
2956 2404 3215 2473 benignus
3241 2404 3459 2458 auxilio.

1883 2505 2004 2559 Per.

1955 2591 2398 2655 Alia.—Pr:csta,
2429 2601 2753 2658 quaesumus,
2786 2587 3118 2654 omnipotens
3149 2586 3374 2650 Deus,nt
3398 2586 3461 2639 ad

1886 2701 1937 2744 te
1956 2697 2064 2741 toto
2080 2684 2239 2740 corde
2269 2682 2576 2745 clamantes,
2595 2677 2959 2732 intercedente
2986 2676 3140 2730 beato
3167 2676 3319 2730 Petro
3338 2689 3465 2743 apo-

1887 2780 2024 2835 stolo
2063 2787 2154 2833 tuo
2179 2818 2194 2844 ,
2227 2784 2328 2829 tua:
2368 2771 2577 2842 pietatis
2623 2768 2999 2840 indulgentiam
3057 2781 3463 2837 consequamur.

1896 2874 2001 2927 Per
2037 2871 2091 2922 δ.

1965 2961 2044 3015 Ad
2071 2958 2302 3013 Missam.
2345 2984 2413 2997 ——
2451 2955 2678 3018 Praesta,
2727 2966 3030 3022 qumsumus
3057 2997 3069 3018 ,
3132 2957 3473 3018 omnipotens

222 3046 328 3131 {0's
353 3032 532 3131 09's:
582 3039 639 3083 ω
670 3028 820 3131 quo}!
858 3026 1797 3131 Pasc",a'_'""5_$3?°qu{{‘§{'}5“§{
1827 3069 1871 3131 ρ
1906 3053 2065 3114 Deus,
2095 3060 2152 3105 ut
2182 3049 2270 3119 qui
2303 3049 2354 3102 in
2385 3047 2676 3100 afflictione
2705 3019 2883 3098 nostra
2912 3043 2976 3097 de
3006 3051 3090 3096 tua
3124 3040 3319 3108 pietate
3347 3054 3475 3094 con-

226 3125 304 3187 tis,
337 3119 670 3175 salutiferum
700 3119 853 3172 nobis
885 3118 1028 3172 omni
1071 3125 1310 3184 tempore
1347 3111 1655 3166 sentiamus.
1698 3108 1797 3162 Per

233 3212 494 3265 Dom’num
527 3221 792 3263 nostrum.

294 3301 454 3370 Super
479 3299 846 3371 populum.—
871 3296 1128 3360 Gaudeat,
1162 3295 1404 3358 Domine,
1431 3291 1582 3360 plebs
1609 3288 1796 3352 fidelis;

233 3403 279 3444 ct
299 3407 408 3446 cum
433 3391 665 3460 propria:
695 3389 882 3445 recolit
917 3386 1224 3442 salvationis
1253 3384 1467 3440 exordia
1485 3423 1500 3448 ,
1539 3383 1654 3450 ejus
1683 3396 1804 3449 pro-

236 3499 493 3541 moveatur
531 3484 860 3555 augmentis.
903 3482 1006 3538 Per
1045 3480 1326 3536 Dominum
1363 3485 1600 3532 nostrum
1624 3474 1803 3530 Jesum

236 3575 508 3631 Christum.

508 3702 757 3744 DOIlﬂlCA
783 3701 834 3740 IV
865 3701 994 3740 POST
1023 3698 1258 3740 OCTAVAS
1285 3697 1516 3737 PASCHE.

304 3800 438 3854 Deus
467 3816 495 3853 a
531 3815 636 3869 quo
668 3801 805 3854 bona
833 3805 1020 3852 cuncta
1052 3795 1364 3865 procedunt,
1394 3792 1584 3861 largire
1620 3789 1812 3858 suppli-

241 3891 374 3944 cibus
407 3891 510 3943 tuis
541 3897 599 3942 ut
621 3889 917 3957 cogitemus
949 3896 999 3939 te
1037 3885 1328 3953 inspirante
1354 3898 1470 3952 quae
1498 3888 1638 3936 recta
1665 3887 1812 3944 sunt,

243 3988 290 4034 et
313 3989 360 4033 te
382 3979 712 4047 gubernante
741 3977 923 4030 eadem
953 3974 1227 4029 faciamus.
1269 3971 1388 4027 Per.

311 4069 474 4141 Sttprr
502 4070 694 4122 oblata.
715 4099 777 4108 —
798 4066 1149 4122 Clementiam
1202 4077 1341 4120 tuam
1365 4106 1378 4129 ,
1411 4064 1630 4117 Domine
1648 4104 1662 4130 ,
1692 4077 1815 4131 snp-

248 4161 449 4230 pliciter
493 4175 777 4215 exoramus
799 4201 814 4224 ,
848 4161 950 4229 91
986 4169 1040 4211 ut
1081 4155 1342 4226 paschalis
1383 4154 1618 4208 muneris
1639 4167 1817 4206 sacra-

251 4263 514 4319 mentum,
564 4257 704 4322 quod
753 4252 854 4307 fide
891 4251 1205 4315 recolimus,
1255 4257 1308 4303 et
1332 4263 1425 4317 spe
1455 4248 1817 4302 desideramus

251 4345 452 4410 intenti,
481 4355 732 4414 perpetua
754 4343 1034 4399 dilectione
1064 4342 1354 4412 capiamus.
1387 4340 1506 4394 Per.

319 4443 582 4516 Prwfatio.
608 4475 677 4488 —
706 4446 842 4501 Vere
889 4447 1110 4515 dignum
1154 4457 1208 4499 et
1248 4448 1446 4515 justum
1477 4451 1579 4507 est,
1611 4456 1818 4510 mqunm
1851 4442 1900 4497 D

256 4550 305 4594 et
329 4542 554 4594 salutare
573 4581 586 4603 ,
621 4552 717 4593 nos
751 4539 842 4592 tibi
883 4552 1096 4608 semper
1122 4547 1174 4592 et
1204 4537 1395 4605 ubique
1424 4534 1614 4602 gratias
1643 4547 1822 4601 agt-re,

262 4631 472 4684 Domine
516 4639 727 4694 sancte,
776 4629 933 4685 Pater
959 4627 1317 4696 omnipotens,
1351 4632 1548 4677 aeterne
1572 4622 1746 4676 Deus:
1778 4633 1829 4676 et

258 4718 398 4789 (578)
431 4721 755 4787 Majestatem
803 4729 946 4770 tuam
1002 4713 1284 4770 indefessis
1315 4711 1559 4782 precibus
1585 4725 1826 4774 exorare,

262 4821 313 4862 ut
341 4821 537 4863 tuentes
568 4820 777 4863 nostras
811 4807 964 4862 hoiiis
1003 4806 1256 4875 operibus
1306 4818 1520 4873 semper
1551 4801 1826 4856 informes.

263 4903 385 4965 Quia
417 4903 491 4956 sic
529 4901 732 4956 erimus
781 4897 1018 4968 prteclari
1065 4897 1299 4952 muneris
1340 4904 1582 4967 prompta
1613 4893 1830 4947 sinceri-

268 5002 366 5043 late.
395 4994 638 5055 cultores,
668 4991 736 5055 si,
772 4991 834 5043 ad
865 4992 1082 5044 meliora
1105 4989 1301 5059 jugiter
1325 4982 1832 5052 transeuntes,('579)

273 5080 506 5135 Paschale
545 5080 858 5151 mysterium
909 5080 1217 5134 studeamns
1257 5077 1449 5131 habt-re
1499 5082 1833 5143 perpetuum.

272 5172 366 5226 Per
389 5171 669 5227 Christum.

339 5316 362 5342 ⁸
403 5307 546 5374 Apud
599 5303 804 5360 Pamel.
851 5310 904 5357 et
947 5304 998 5355 in
1025 5299 1428 5374 Κειιςξηιιζῐιοτητ
1455 5297 1674 5374 non_li_ic
1704 5307 1837 5374 ass}:

273 5361 621 5441 gnatur'litan.
667 5375 797 5441 Qute
839 5388 965 5424 vero
1001 5372 1212 5425 exhibet
1252 5369 1448 5423 Parnel.
1501 5368 1566 5441 ad
1597 5361 1838 5441 diem-“2.3

277 5433 479 5516 Aprilis,
509 5447 595 5499 ubi
619 5433 1078 5516 indiciturlitania
1104 5445 1289 5516 major,
1313 5456 1358 5516 ‘a
1395 5433 1839 5516 nostrisbmnino

277 5502 586 5583 rli'strepant.
646 5515 797 5568 Prior
857 5511 1119 5566 Theodcr.
1174 5502 1428 5583 liticiloco
1457 5502 1838 5583 meminitlita-

280 5573 543 5710 suam},
571 5595 622 5640 et
653 5585 762 5638 fere
791 5583 1040 5635 Convenit
1069 5597 1186 5634 cum
1212 5582 1348 5634 Edit.
1375 5579 1573 5632 Daniel.
1603 5575 1665 5627 ad
1700 5573 1838 5627 diem

283 5677 348 5710 ιδ
374 5700 383 5709 .
416 5674 484 5710 or.
513 5673 571 5708 IS.

283 5674 348 5712 εδ
374 5674 571 5725 Αρικιιε.

557 5749 822 5807 Ρηιιοι.
876 5744 1042 5803 LXX
1059 5740 1189 5801 Ylll

1907 3145 2140 3209 fidimus,
2171 3149 2353 3197 contra
2381 3141 2599 3193 adversa
2633 3137 2808 3191 omnia
2841 3145 2927 3189 tua
2954 3149 3164 3201 semper
3197 3130 3477 3201 protectio-

1903 3253 1969 3291 ne
2003 3235 2321 3288 muniamur.
2362 3231 2464 3286 Per
2490 3229 2766 3284 Dominum
2800 3235 3060 3281 nostrum.

1973 3327 2080 3398 92
2106 3324 2272 3392 Super
2297 3322 2486 3376 oblata.
2509 3350 2578 3359 —
2603 3317 2933 3375 Sacrificium
2965 3327 3161 3368 nostra:
3193 3312 3481 3380 paenitudi-

1905 3418 1986 3472 nis
2013 3417 2313 3485 jejunantes
2335 3455 2349 3476 ,
2381 3413 2633 3475 Dumire,
2669 3410 2761 3464 tibi
2793 3407 3172 3478 persolvimus,
3196 3405 3484 3460 obsecran-

1909 3519 1987 3563 tes
2019 3518 2096 3574 ut,
2127 3507 2242 3575 ejus
2289 3505 2483 3558 virtute
2528 3501 2715 3556 muniti
2742 3541 2755 3566 ,
2788 3512 3002 3568 semper
3024 3496 3088 3550 ad
3113 3496 3331 3550 «mleste
3359 3509 3487 3548 con-

1911 3600 2103 3652 vivium
2133 3596 2464 3651 festinemus.
2497 3593 2615 3648 Per.

1985 3686 2508 3760 Prtefatio.—Vere
2553 3683 2770 3752 dignum
2815 3690 2869 3736 et
2905 3681 3102 3750 justum
3146 3687 3246 3743 est,
3280 3692 3488 3744 mquam

1913 3793 1961 3835 ct
1995 3781 2226 3836 salutare
2252 3823 2267 3844 ,
2301 3791 2399 3832 nos
2425 3775 2516 3830 tibi
2546 3788 2755 3842 semper
2783 3781 2837 3826 et
2866 3771 3060 3840 ubique
3086 3770 3281 3841 gratius
3311 3783 3490 3838 agere,

1919 3872 2140 3926 Domine
2162 3879 2347 3924 sancte
2368 3910 2382 3932 ,
2415 3867 2570 3922 Pater
2596 3865 2932 3930 omnipotens
2955 3903 2969 3928 ,
3003 3869 3201 3916 :cterne
3231 3860 3371 3914 Deus
3395 3875 3408 3912 ;
3443 3872 3496 3914 et

1919 3974 1969 4018 te
2017 3973 2287 4016 auctorem
2351 3968 2406 4013 et
2444 3956 2890 4012 sanctificatorem
2931 3952 3119 4023 jejunii
3168 3948 3494 4009 collaudarc.

1920 4069 2014 4123 per
2035 4053 2174 4122 quod
2203 4067 2299 4105 nos
2319 4050 2519 4105 liberas
2542 4063 2570 4101 a
2597 4055 2899 4102 nostrorum
2924 4043 3114 4098 debitis
3135 4048 3496 4110 peccatorum.

1921 4144 2060 4210 Ergo
2077 4141 2290 4209 suscipe
2308 4137 2661 4208 jejunantium
2688 4149 2892 4204 preces;
2911 4142 3064 4215 atque
3094 4139 3149 4185 ut
3172 4145 3270 4184 nos
3292 4144 3321 4182 a
3353 4129 3504 4182 malis

1923 4233 2170 4289 omnibus
2188 4229 2500 4298 propitiatus
2521 4226 2733 4294 eripias,
2755 4224 3054 4292 iniquitates
3077 4217 3505 4287 nostrasquibus

1927 4325 2120 4379 merito
2147 4319 2456 4389 affligimur,
2491 4315 2728 4384 placatus
2757 4311 2994 4366 absolve.
3019 4308 3121 4362 Per
3150 4306 3442 4361 Christum.

2001 4425 2023 4454 ε
2059 4403 2834 4470 Benedictio.—0mnipotens
2877 4400 3015 4454 Deus
3052 4395 3388 4452 devotionem
3420 4407 3508 4446 ve~

1931 4514 2094 4561 stram
2143 4501 2423 4571 dignanter
2464 4495 2743 4560 intendat,
2792 4497 2847 4546 et
2875 4503 2988 4544 sua:
3012 4487 3158 4541 vobis
3184 4484 3509 4540 benedictio-

1935 4599 2018 4654 nis
2042 4599 2182 4652 dona
2207 4591 2487 4650 concedat.
2519 4590 2711 4644 Amen.
2743 4583 3019 4652 lndulgeat
3053 4579 3202 4635 vobis
3230 4577 3368 4632 mala
3394 4591 3509 4630 om-

1936 4693 2018 4747 nia
2066 4704 2183 4758 qutc
2218 4684 2402 4754 egistis
2428 4724 2443 4749 ,
2494 4690 2548 4736 et
2576 4679 2767 4733 tribuat
2795 4677 3004 4731 veniam
3036 4686 3193 4742 quam
3229 4671 3298 4724 ah
3327 4685 3391 4722 eo
3419 4670 3514 4722 de-

1937 4782 2174 4853 poscitis.
2206 4781 2399 4832 Amen.
2430 4773 2626 4839 Sicilue
2649 4767 2798 4839 (584)
2827 4764 3006 4833 jejunii
3033 4763 3193 4818 vestri
3215 4770 3267 4816 et
3298 4773 3512 4828 precum

1937 4885 2058 4929 vota
2087 4869 2376 4939 suscipiat,
2428 4874 2484 4918 ut
2510 4877 2540 4916 a
2571 4861 2721 4915 vobis
2747 4859 2968 4911 adversa
2996 4853 3171 4910 omnia
3193 4893 3208 4918 ,
3238 4865 3354 4918 qua:
3387 4864 3514 4918 pec-

1937 4978 2174 5023 catorum
2227 4959 2574 5017 retributione
2619 4951 2898 5007 meremini
2923 4990 2936 5013 ,
2967 4955 3207 5009 avertat,
3239 4954 3292 4999 et
3316 4945 3511 4997 dunmn

1940 5063 1992 5116 in
2024 5077 2112 5112 vo~
2145 5056 2376 5128 Spiritus
2414 5047 2652 5120 paracliti
2692 5042 2951 5098 infundat.
2992 5038 3181 5092 Amen.
3225 5035 3376 5101 Quod
3404 5036 3517 5102 ipse

1941 5161 2191 5224 praestare
2218 5151 2484 5218 dignetur.

2017 5287 2042 5325 δ
2087 5290 2206 5340 Post
2241 5286 2374 5335 lianc
2397 5281 2546 5334 Orat.
2577 5275 2626 5326 in
2653 5272 2793 5325 Etlit.
2825 5265 3006 5335 Augeli
3039 5265 3249 5340 “occas,
3280 5277 3371 5316 seu
3400 5255 3514 5340 ya-

1946 5360 2063 5422 tie.,
2087 5331 2382 5422 'sé'tiuuiii'u}
2407 5331 2652 5416 iquatuor
2700 5331 2980 5395 Orationes
3009 5338 3200 5406 quibus
3233 5331 3520 5402 pra'ntitti—

1947 5441 2068 5482 tur:
2099 5428 2175 5478 Ad
2203 5436 2455 5488 campum.

2023 5471 2068 5535 θ’
2089 5471 2289 5550 c'i'siii’
2312 5471 2377 5545 in"
2409 5481 2820 5543 Bcnedictionali
2842 5522 2856 5547 ,
2887 5488 2939 5534 et
2969 5475 3274 5532 inscribitur
3300 5491 3310 5525 :
3349 5471 3421 5524 De
3441 5473 3526 5540 je.

1941 5568 2110 5639 jtutio.

3134 5702 3168 5760 [ι
