4026 6318
585 224 607 276 1
619 225 681 277 tl?

1783 220 2025 276 SANCTI
2063 218 2392 277 GREGORII
2433 222 2646 280 MAG-Nl

3740 235 3850 292 £08

649 337 728 390 Ad
757 331 1144 406 Cumplendum.
1180 374 1249 384 _
1299 335 1431 389 Vota
1457 342 1632 387 nostra
1654 373 1669 397 ,
1699 346 2026 403 qurcsumus,
2057 332 2158 386 Do-
2186 338 2237 398 Α
2267 340 2386 403 ῑυο,
2419 341 2472 388 et
2509 335 2776 392 continuis
2826 336 3255 396 tribulationibus
3301 341 3631 399 laborantem
3676 347 3853 402 celeri

577 432 721 485 mine
745 472 759 496 ,
801 430 888 500 pio
933 428 1118 484 favore
1167 439 1490 497 prosequere
1515 466 1529 490 ,
1566 432 1624 478 ut
1651 424 1775 478 dum
1818 423 1953 477 dona
1985 432 2070 477 tua
2102 424 2154 510 in

577 517 920 574 tribulatione
970 516 1328 587 percipimus,
1383 513 1450 567 de
1491 511 1854 568 consolatione
1898 513 2156 569 nostrain

576 618 670 665 tuo
698 624 880 664 amore
908 620 1232 661 crescamus.
1266 605 1367 658 Per
1390 602 1668 658 Dominum
1691 613 1953 659 nostrum.

645 701 813 770 Super
839 699 1107 769 papulum.
1152 724 1222 735 —
1257 691 1537 750 Prmtende
1569 695 1743 762 nobis,
1776 693 2023 764 Domine,
2057 695 2158 750 Illi-

571 789 911 843 sericordiam
959 795 1098 840 tuam
1124 828 1137 849 ,
1181 793 1239 838 ut
1262 799 1380 851 quas
1410 783 1546 837 votis
1572 784 1895 852 expetimus,
1930 798 2156 840 conver-

571 879 776 933 satione
804 877 894 932 tibi
919 876 1109 945 placita
1135 889 1544 944 consequamur.
1589 874 1708 930 Per.

1230 1004 1384 1044 FERIA
1414 1003 1491 1044 Ill.

640 1105 930 1170 Conserva,
958 1119 1282 1174 quaesumus,
1315 1101 1560 1169 Domine,
1590 1103 1840 1172 populum
1869 1110 2053 1166 tuum,
2095 1110 2151 1157 et

564 1195 632 1249 ab
659 1194 926 1261 omnibus,
959 1207 1092 1265 quas
1120 1203 1380 1259 meretur,
1424 1191 1829 1248 adversitatibus
1861 1192 2025 1248 redde
2062 1205 2149 1247 se-

566 1300 777 1350 curum,
811 1294 903 1350 ut,
939 1283 1314 1352 tranquillitate
1336 1292 1607 1352 percepta,
1637 1281 1823 1338 devota
1854 1283 1946 1337 tibi
1976 1289 2154 1338 mente

568 1376 857 1446 deserviat.
902 1375 1006 1428 Pct‘
1031 1374 1314 1429 Dominum
1345 1384 1610 1429 nostrum.

636 1470 774 1522 Alia.
800 1497 868 1510 —
893 1467 1251 1522 Afflictionem
1281 1464 1495 1521 familiae
1521 1475 1647 1533 tute,
1676 1479 1981 1535 quresumus
2000 1505 2016 1532 ,
2048 1464 2151 1520 Do-

565 1559 746 1625 mine,
803 1558 1016 1614 intende
1065 1559 1333 1628 placatus,
1370 1567 1457 1624 ut,
1491 1556 1694 1611 indulta
1723 1557 1870 1612 venia
1902 1564 2146 1626 peccato-

563 1663 707 1715 rum,
739 1649 807 1704 de
836 1649 941 1704 tuis
971 1662 1185 1717 semper
1211 1647 1478 1704 beneficiis
1505 1647 1815 1718 gloriemur.
1848 1647 1971 1702 Per.

2262 426 2639 495 propitiatione
2680 430 2914 487 ltetifica.
2942 432 3041 488 Per
3071 433 3352 490 Dominum
3379 446 3641 493 nostrum.

2330 516 2470 572 Alia.
2498 549 2568 560 —
2598 521 2868 577 Auxiliare
2890 563 2904 588 ,
2931 522 3157 581 Domine
3176 567 3190 588 ,
3221 529 3587 594 qua'rentibus
3625 530 3848 585 miseri-

2258 611 2496 666 cordiam
2525 620 2764 680 tuam,et
2785 616 2851 671 da
2879 618 3086 672 veniam
3109 621 3506 688 conﬁtentibus,
3532 637 3689 691 parce
3718 637 3852 693 sup-

2257 702 2506 773 plicibus,
2541 714 2619 773 ut,
2652 708 2739 778 qui
2773 709 2969 763 nostris
3000 711 3206 765 meritis
3233 713 3585 782 ﬂagellamnr,
3621 723 3704 767 tua
3739 717 3849 767 mi-

2258 793 2528 848 seratione
2578 795 2867 851 salvemur.
2903 797 3002 852 Per
3033 800 3309 855 Dnminum
3335 812 3596 856 nostrum.

2331 883 2469 937 Alia.
2501 914 2573 924 —
2603 884 2822 953 Prazsta,
2854 904 3180 957 qumsumus,
3212 893 3548 961 omnipotens
3572 894 3736 956 Deus.
3767 904 3844 959 ut,

2257 977 2346 1047 qui
2377 977 2508 1033 iram
2540 987 2641 1034 tute
2678 982 3053 1051 indignationis
3082 987 3426 1056 agnovimus,
3456 987 3842 1042 misericordia

2258 1079 2359 1123 tum
2388 1069 2768 1140 indulgentiam
2792 1088 3208 1144 consequamur.
3238 1075 3358 1130 Per.

2328 1164 2407 1215 Ad
2429 1163 2660 1218 Missam.
2687 1196 2749 1205 —
2782 1164 3000 1222 Intende
3021 1209 3036 1234 ,
3059 1183 3364 1238 qumsumns
3383 1209 3399 1236 ,
3434 1169 3689 1235 Domine,
3720 1184 3843 1239 pre-

2256 1267 2348 1308 cos
2379 1264 2589 1310 nostras
2616 1296 2631 1320 ,
2679 1265 2734 1312 et
2770 1256 2860 1328 qui
2891 1273 2996 1313 non
3026 1261 3299 1330 operando
3336 1260 3596 1330 justitiam
3624 1275 3841 1330 correp-

2257 1345 2453 1400 tionetn
2485 1362 2782 1414 meremur,
2810 1348 2992 1405 afﬂicti
3049 1349 3099 1405 in
3139 1351 3483 1408 tribulatione
3506 1391 3523 1420 ,
3547 1351 3842 1408 clamantes

2254 1437 2583 1507 respiremus
2603 1439 2790 1494 auditi.
2824 1440 2948 1499 Per.

2323 1529 2436 1602 94,
2464 1530 2678 1586 Alia.—-
2692 1531 2916 1603 Praesta,
2935 1547 3258 1604 qumsumus,
3290 1536 3630 1606 omnipotens
3657 1536 3834 1604 Pater,

2254 1629 2311 1675 ut
2333 1631 2528 1675 nostra:
2549 1621 2742 1678 mentis
2785 1623 3009 1678 intentio
3028 1639 3134 1693 quo
3171 1625 3528 1681 solemnitatis
3551 1627 3833 1682 hodiernae

632 1713 771 1796 Αλεαο
797 1771 867 1782 __
889 1741 968 1798 Ab
988 1713 1235 1796 Μηλίδος
1258 1755 1372 1806 nos,
1397 1713 1723 1810 qua'su'nus,
1753 1741 1997 1807 nomine,
2021 1755 2150 1811 pec_
2182 1733 2230 1796 Β
2255 1713 2516 1811 gloriosus
2564 1723 2751 1811 auctor
2782 1715 3051 1811 ingressus
3090 1728 3172 1772 est
3203 1731 3417 1811 semper
3463 1720 3750 1811 intendat,
3781 1731 3835 1775 et

562 1831 695 1885 catis
728 1829 1046 1900 pr0pitiatus
1075 1829 1312 1896 absolve,
1337 1838 1414 1896 ut,
1441 1840 1688 1901 percepta
1713 1832 1862 1886 venia
1895 1841 2144 1900 peccato-

563 1936 704 1986 rum,
737 1921 919 1975 liberis
943 1919 1036 1974 tibi
1062 1918 1330 1975 mentibus
1355 1921 1672 1974 serviamus.
1706 1919 1808 1974 Per
1835 1920 2142 1975 Dominum.

632 2012 771 2066 Alia.
793 2040 861 2053 —
885 2010 1140 2066 Precibus
1170 2009 1388 2077 nostris,
1421 2024 1746 2080 qumsumus,
1779 2010 2023 2076 Domine,
2050 2025 2142 2064 au-

560 2118 671 2157 rem
702 2113 806 2157 tute
826 2101 1036 2171 pietatis
1062 2101 1432 2166 accommoda,
1456 2099 1788 2155 etorationes
1817 2100 2142 2169 supplicum,

557 2195 886 2249 occultorum
917 2193 1181 2264 cognitor,
1213 2191 1473 2262 benignus
1493 2193 1706 2258 exaudi,
1739 2200 1814 2259 ut,
1840 2201 1892 2251 te
1918 2193 2144 2264 largien-

558 2292 634 2349 te,
667 2283 733 2339 ad
762 2284 925 2339 vitam
951 2285 1263 2353 perveniant
1291 2283 1696 2353 sempiternam.
1736 2284 1858 2340 Per.

626 2375 764 2430 Alia.
788 2405 860 2416 —
881 2376 1215 2443 Quaesumus,
1240 2373 1579 2442 omnipotens
1604 2373 1767 2440 Deus,
1795 2385 1851 2430 ut
1873 2375 1960 2446 qui
1993 2374 2142 2447 (385)

557 2467 758 2522 nostris
787 2467 1070 2538 fatigamur
1097 2467 1204 2537 93
1230 2465 1477 2532 oll'ensis,
1504 2475 1559 2521 et
1593 2467 1784 2524 merito
1812 2477 2010 2524 nostra:
2037 2470 2139 2525 ini-

555 2559 776 2628 quitatis
805 2559 1112 2628 afﬂigimur,
1140 2557 1354 2628 pietatis
1377 2565 1479 2612 tute
1509 2560 1729 2628 gratiam
1751 2561 2004 2632 consequi
2029 2577 2142 2617 me-

555 2662 788 2706 reamur.
830 2649 932 2705 Per
964 2650 1266 2706 Dominum.

1184 2742 1266 2796 Ad
1276 2741 1510 2798 Missam.

625 2829 798 2896 Deus,
827 2830 917 2900 qui
954 2844 1052 2885 nos
1095 2834 1364 2904 conspicis
1409 2835 1462 2888 in
1515 2841 1591 2889 t0t
1639 2829 2135 2906 perturbationibus

561 2934 669 2974 non
698 2931 858 2990 posse
883 2922 1178 2978 subsistere
1199 2964 1214 2987 ,
1239 2923 1559 2980 afﬂictorum
1590 2927 1846 2996 gemitum
1877 2928 2138 2997 prolvitius

551 3012 766 3081 respice
791 3053 808 3082 ,
834 3021 889 3068 et
912 3014 1051 3068 mala
1075 3016 1253 3069 omnia
1282 3030 1399 3085 qua:
1425 3031 1696 3072 meremur
1715 3025 1916 3074 averte.
1950 3019 2073 3076 Per.

2253 1818 2362 1873 quo
2382 1804 2487 1858 ﬁde
2509 1804 2702 1876 pergit,
2719 1807 3122 1863 conversatione
3140 1809 3434 1876 perveniat.
3457 1810 3556 1865 Per
3576 1812 3830 1868 etnndem

2252 1893 2532 1949 Dominum
2563 1905 2828 1951 nostrum.

2320 1984 2490 2053 Super
2519 1985 2786 2040 oblata.—
2803 1987 3190 2060 Jejunantiutn,
3223 1991 3466 2058 Domine,
3501 2009 3831 2064 quaesumus,

2247 2074 2542 2144 supplicum
2575 2087 2693 2131 vota
2725 2079 2988 2150 propitius
3014 2079 3243 2151 intuere,
3267 2093 3320 2138 et
3351 2099 3572 2138 munera
3597 2098 3832 2152 praesen-

2249 2167 2318 2221 tia
2351 2167 2715 2240 sanctiﬁcans,
2741 2173 3286 2241 perceptione-eorum
3308 2175 3513 2231 occulta
3533 2175 3718 2230 cordis
3742 2192 3833 2229 no-

2246 2260 2342 2315 stri
2382 2262 2618 2318 remedio
2644 2272 2747 2317 tum
2775 2263 3009 2320 clariﬁca
3038 2265 3250 2335 pietatis
3269 2305 3287 2334 ,
3320 2275 3378 2321 ut
3399 2281 3501 2322 nec
3521 2281 3686 2337 Opera
3723 2283 3833 2322 cars

2253 2350 2414 2416 nalia,
2447 2367 2546 2408 nec
2576 2353 2720 2409 ﬂuxa
2755 2370 2854 2411 nos
2885 2364 3134 2425 teneant,
3165 2373 3299 2428 quos
3336 2358 3612 2415 institutor
3644 2358 3831 2430 jejunii

2244 2437 2498 2497 Christus
2525 2442 2782 2500 Dominus
2808 2449 3098 2517 reparavit.
3129 2447 3230 2515 Qui
3258 2457 3455 2505 tecum.

2314 2534 2454 2590 Alia.
2477 2565 2549 2576 —
2575 2536 2934 2606 Sacrificium,
2964 2539 3219 2607 Domine,
3241 2555 3339 2611 pro
3368 2540 3490 2596 Filii
3523 2542 3596 2597 tui
3628 2542 3828 2611 suppli-

2243 2638 2333 2680 ces
2372 2627 2666 2682 venerabili
2706 2643 2864 2698 quam
2915 2631 3272 2698 praevenimus
3317 2648 3458 2688 nunc
3501 2633 3828 2691 Ascensione

2241 2717 2533 2774 deferimus
2551 2762 2567 2788 ,
2603 2732 2795 2790 praesta
2821 2762 2836 2787 ,
2867 2738 3176 2793 quaesumus
3203 2766 3217 2791 ,
3241 2735 3302 2780 ut
3326 2734 3380 2781 et
3408 2742 3506 2782 nos
3536 2742 3633 2797 per
3655 2727 3828 2797 ipsum

2243 2806 2325 2863 his
2367 2812 2714 2867 commerciis
2763 2815 3121 2870 sacrosanctis
3142 2814 3209 2870 ad
3247 2817 3485 2873 caelestia
3537 2831 3831 2889 Consurga-

2239 2915 2380 2956 mus.
2403 2906 2505 2958 Per
2534 2903 2780 2960 eumdem
2815 2905 3122 2962 Dominum.

2311 2993 2581 3064 Prwfatio.
2605 3025 2677 3037 —
2700 2995 2842 3053 Vere
2871 2998 3169 3070 dignum-et
3188 3010 3388 3071 gustum
3415 3007 3518 3067 est,
3540 3015 3752 3071 aequum
3773 3008 3828 3055 et

629 3103 803 3173 super
826 3105 1103 3159 obla,a__
1126 3105 1499 3174 (ηῖεηῈηιίιηη³
1528 3122 1850 3178 ςυκεωηυε,
1880 3109 2136 3181 Domine,
2163 3112 2212 3178 ο
2243 3089 2498 3155 salutare,
2527 3104 2623 3144 nos
2652 3090 2745 3147 tibi
2775 3105 2988 3163 semper
3011 3105 3066 3150 et
3092 3095 3286 3163 ubique
3305 3098 3504 3167 gratias
3529 3110 3709 3166 agere,
3728 3095 3829 3150 Do-

551 3205 676 3250 vota
708 3195 1026 3266 multiplica,
1054 3207 1110 3252 et
1137 3213 1324 3254 omnes
1347 3199 1497 3272 (336)
1528 3215 1669 3255 verae
1697 3202 2030 3259 credulitatis
2052 3205 2135 3259 in-

547 3291 859 3345 stramentis
906 3290 1195 3360 perlustra.
1237 3291 1433 3362 Sicque
1459 3293 1613 3349 nobis
1648 3308 1744 3364 per
1783 3294 1884 3351 hoc
1927 3297 2134 3352 sacriﬁ-

547 3382 692 3438 cium
725 3383 910 3440 adesto
939 3383 1212 3454 placatus,
1241 3394 1298 3441 ut
1322 3402 1419 3442 nos
1447 3398 1502 3442 et
1527 3402 1555 3440 a
1581 3389 1820 3458 peccatis
1851 3398 1904 3447 et
1928 3405 1957 3445 a
1991 3391 2134 3462 peri-

549 3476 686 3532 culis
713 3478 964 3534 omnibus
993 3479 1282 3536 miseratus
1308 3479 1578 3537 absolvas.
1600 3480 1702 3537 Per
1725 3481 2006 3540 Dominum
2037 3497 2134 3542 t'tn-

547 3578 742 3622 slrum.

623 3656 893 3728 Praefatio.
923 3687 995 3698 —
1024 3657 1165 3714 Vere
1199 3658 1419 3730 dignum
1456 3670 1510 3717 et
1535 3660 1736 3731 jusmm
1765 3673 1847 3718 est
1872 3705 1887 3731 ,
1918 3680 2127 3735 aequum

545 3755 601 3800 et
624 3746 881 3814 salutare,
915 3762 1014 3804 nos
1041 3748 1134 3803 tibi
1161 3764 1378 3821 semper
1408 3761 1463 3807 et
1506 3752 1703 3823 ubique
1722 3755 1919 3824 gratias
1947 3771 2128 3827 agere,

549 3837 774 3894 Domine
821 3848 1030 3904 sancte,
1083 3840 1241 3897 Pater
1281 3846 1660 3914 omnipotens,
1706 3856 1906 3904 aeterne
1940 3850 2124 3906 Deus:

544 3937 599 3981 et
630 3928 962 3997 Maiestatem
1008 3938 1150 3990 tuam
1189 3933 1504 4003 suppliciter
1529 3950 1775 4008 exorare,
1809 3949 1869 3995 ut
1895 3958 2000 3999 non
2028 3958 2127 4001 nos

544 4028 744 4073 nostrae
766 4021 1012 4088 malitiae,
1047 4021 1142 4077 sed
1168 4023 1512 4095 indulgentia
1535 4035 1636 4083 tua:
1659 4033 1947 4100 praeveniat
1976 4049 2126 4092 sem-

547 4125 641 4182 per
666 4112 887 4168 all‘ectus
911 4154 928 4181 ,
971 4115 1060 4185 qui
1101 4129 1200 4171 nos
1237 4132 1268 4173 a
1302 4119 1480 4175 noxiis
1518 4121 1882 4193 voluptatibus
1927 4127 2129 4184 indesi-

545 4215 739 4260 nenter
771 4207 1048 4276 expediat,
1091 4217 1146 4264 et
1187 4224 1217 4264 a
1250 4211 1535 4268 mundanis
1559 4215 1805 4273 cladibus
1845 4217 2128 4290 dignanter

544 4295 756 4365 eripiat.
783 4297 885 4352 Per
905 4296 1197 4354 Christum.

614 4387 694 4439 Ad
713 4386 1106 4456 Complendum.
1140 4419 1212 4430 —-
1237 4391 1480 4456 Purillca,
1505 4409 1842 4463 quatsumus,
1877 4379 2126 4464 Domine,

2248 3185 2394 3237 mine
2440 3192 2656 3250 sancte,
2684 3183 2839 3239 Pater
2884 3187 3224 3258 omnipotens
3247 3229 3265 3258 ,
3304 3200 3504 3246 aeterne
3552 3189 3696 3245 Deus
3724 3207 3739 3242 :
3770 3197 3830 3244 ut

2241 3275 2365 3344 quia
2391 3275 2467 3330 tui
2495 3284 2579 3331 est
2602 3277 2811 3346 operis,
2834 3278 2879 3334 si
2909 3280 3047 3349 quod
3079 3278 3173 3336 tibi
3203 3281 3455 3350 placitum
3478 3290 3591 3348 est,
3616 3289 3710 3336 aut
3732 3296 3828 3337 co-

2237 3364 2468 3434 gitemus
2488 3407 2504 3435 ,
2535 3376 2626 3422 aut
2653 3381 2876 3437 agamus
2895 3410 2909 3434 ,
2935 3379 2988 3424 tu
3019 3370 3174 3426 nobis
3201 3385 3416 3442 semper
3438 3383 3492 3428 et
3519 3372 3825 3443 intelligen-

2202 3484 2207 3488 »
2240 3456 2295 3511 di
2316 3472 2439 3528 qua:
2474 3471 2618 3515 recta
2650 3469 2804 3530 sunt,
2830 3471 2885 3518 et
2911 3464 3238 3535 exsequendi
3270 3465 3469 3522 tribuas
3495 3466 3824 3522 facultatem.

2236 3545 2341 3602 Per
2367 3545 2641 3604 Christum
2669 3549 2957 3606 Dominum
2987 3562 3250 3609 nostrum.

2307 3639 2389 3692 Ad
2416 3638 2814 3710 Complendum.
2842 3672 2914 3684 —
2943 3643 3172 3711 Tribue,
3205 3645 3426 3700 Domine
3444 3686 3460 3712 ,
3491 3661 3825 3717 quaesumus,

2235 3738 2292 3784 ut
2322 3744 2415 3798 per
2446 3730 2560 3785 lucc
2588 3747 2740 3786 saera
2769 3748 2889 3803 quas
2909 3735 3237 3805 sumpsimus
3261 3736 3385 3793 illuc
3411 3737 3598 3792 tendat
3628 3749 3825 3794 nostra

2235 3819 2534 3877 devotionis
2558 3822 2803 3891 affectus,
2836 3839 2944 3892 quo
2976 3835 3149 3880 tecum
3181 3835 3265 3882 est
3289 3834 3470 3882 nostra
3494 3828 3824 3888 substantia.

2233 3911 2331 3982 Qui
2365 3922 2540 3970 tecum
2568 3915 2698 3971 vivit
2725 3926 2779 3973 et
2807 3928 3014 3988 regnat.

2303 4004 2474 4076 Super
2513 4007 2784 4079 paparium.
2814 4038 2885 4050 —
2913 4009 3148 4066 Familia:
3179 4019 3302 4078 tum,
3338 4026 3678 4081 quaesumus,
3714 4012 3820 4067 Do-

2233 4096 2397 4165 mine,
2417 4106 2536 4153 esto
2565 4106 2856 4169 protector,
2890 4109 2946 4156 et
2967 4101 3384 4157 misericordiam
3410 4113 3554 4158 tuam
3583 4105 3824 4159 concede

2236 4189 2501 4256 poscenti,
2549 4204 2656 4259 quo
2679 4190 2770 4246 tibi
2801 4205 3015 4263 semper
3041 4193 3133 4248 flat
3168 4193 3459 4263 obediens,
3489 4205 3544 4251 et
3569 4205 3657 4251 tua
3679 4196 3819 4252 dona

2234 4277 2517 4349 percipiat.
2550 4279 2671 4336 Per.

2606 4387 2659 4426 IN
2699 4379 2726 4410 ⁸
2767 4387 2993 4428 ascensa
3035 4373 3182 4446 (587)
3223 4390 3404 4430 DOllNl

540 4487 752 4533 tuorum
783 4480 944 4534 corda
970 4479 1226 4549 ﬁdelium,
1253 4492 1333 4549 ut,
1356 4500 1385 4538 a
1411 4457 1627 4544 terrena
1658 4457 1948 4559 cupiditate
1970 4457 2126 4549 mun-r
2157 4481 2206 4541 D
2304 4457 2384 4559 74d
2409 4457 2643 4559 Missam
2675 4491 2743 4502 _
2765 4461 2915 4559 (58$)
2955 4462 3236 4559 gone“?!
3266 4478 3606 4559 qfaisumps’
3637 4465 3816 4520 omni-

541 4574 677 4640 dati,
705 4584 760 4629 et
785 4575 1067 4642 praesentis
1096 4577 1218 4632 vitae
1257 4580 1504 4648 periculis
1536 4594 1822 4653 exuantur,
1845 4597 1901 4642 et
1928 4602 2126 4660 perpe-

541 4665 648 4716 tuis
674 4661 831 4718 donis
853 4663 1154 4721 firmentur.
1183 4665 1305 4723 Per.

1203 4799 1361 4841 FER“
1401 4801 1475 4841 ιν.

616 4892 849 4959 Exaudi,
882 4889 1135 4963 Domine,
1170 4899 1419 4967 populum
1463 4911 1608 4957 tuum
1639 4913 1748 4959 tota
1803 4905 1892 4961 tibi
1941 4923 2120 4968 mente

540 4983 864 5054 subjectum,
888 4995 964 5052 ut,
997 5001 1222 5056 corpore
1247 4998 1300 5044 et
1340 5001 1519 5049 mente
1545 5004 1837 5065 protectus,
1871 5001 2008 5071 quod
2034 5004 2118 5074 pie

537 5073 731 5138 credit,
763 5082 848 5128 tua
879 5075 1048 5144 gratia
1078 5091 1454 5150 consequatur.
1489 5082 1616 5140 Per.

613 5173 751 5229 Alia.
782 5205 852 5214 —
881 5175 1187 5245 Subjectum
1219 5181 1313 5235 tibi
1337 5184 1625 5253 populum,
1657 5201 1983 5259 qumsumus,
2014 5191 2118 5248 Do-

541 5267 705 5334 mine,
739 5267 1041 5336 propitiatio
1079 5273 1314 5328 caelestis
1337 5277 1646 5346 amplificet,
1685 5290 1739 5336 et
1768 5283 1873 5336 tuis
1901 5297 2118 5355 semper

537 5354 697 5409 faciat
725 5360 925 5413 servire
946 5362 1229 5420 mandatis.
1253 5364 1355 5420 Per
1378 5366 1657 5424 Dominum
1682 5383 1942 5426 nostrum.

607 5447 746 5502 Alia.
769 5479 839 5498 —-—
869 5450 1120 5508 Miserere
1134 5452 1267 5523 jant,
1293 5472 1617 5529 quaesumus,
1651 5461 1893 5532 Domine,
1921 5467 2118 5535 populo

606 5581 651 5664 f_
673 5576 728 5664 ln
754 5578 982 5664 .Kalend.
1013 5581 1313 5664 [tumultum
1338 5587 1473 5664 festo
1503 5593 1802 5664 assignatur
1824 5595 2021 5664 vigilia,
2049 5605 2105 5650 et

535 5658 720 5715 postea
753 5649 980 5711 legitur:
1019 5652 1139 5708 Fer.
1170 5654 1202 5708 5
1230 5657 1282 5711 in
1316 5660 1535 5714 Asrema
1577 5649 1724 5718 Dim.
1757 5664 1829 5721 lbi
1856 5649 2117 5724 trulln'est

2233 4557 2427 4616 potens
2457 4549 2619 4617 Deus,
2653 4561 2707 4605 ut
2740 4554 2828 4622 qui
2875 4552 3132 4609 hodierna
3170 4553 3259 4610 die
3292 4554 3629 4624 Unigenitum
3663 4563 3816 4610 tuum

2232 4638 2645 4711 Redemptorem
2675 4654 2913 4698 nostrum
2960 4645 3028 4700 ad
3068 4647 3235 4702 caelos
3283 4647 3588 4704 ascendisse
3643 4648 3817 4703 medi-

2230 4744 2368 4795 mus,
2396 4729 2496 4801 ipsi
2517 4747 2728 4805 quoque
2747 4745 2928 4795 mente
2949 4736 3001 4791 in
3031 4737 3341 4795 coelestibus
3371 4737 3693 4796 habitemns.
3711 4741 3818 4796 Per

2227 4821 2498 4878 eumdem.

2297 4913 2469 4985 Super
2492 4916 2679 4971 oblata.
2700 4919 3023 4991 —Suscipe,
3048 4918 3164 4977 Don
3187 4921 3296 4992 ine,
3322 4937 3540 4978 munera
3569 4938 3690 4995 qua:
3715 4939 3815 4994 pro

2226 5008 2342 5064 Filii
2373 5010 2446 5064 tui
2483 5012 2711 5081 gloriosa
2739 5015 3068 5070 Ascensione
3104 5016 3400 5071 deferimus
3424 5058 3441 5086 ,
3473 5026 3529 5073 et
3569 5020 3811 5075 concede

2221 5102 2485 5171 propitius
2509 5112 2620 5157 uta
2649 5105 3001 5171 praesentibus
3032 5108 3282 5176 periculis
3314 5109 3624 5179 liberemur,
3656 5119 3712 5167 et
3741 5113 3808 5167 ad

2221 5194 2384 5247 vitam
2416 5195 2788 5256 perveniamus
2817 5206 3097 5253 aeternam.
3131 5199 3231 5255 Per
3257 5203 3526 5256 eumdem.

2297 5284 2569 5354 Prtefatio.
2592 5317 2659 5326 —
2687 5287 2825 5344 Vere
2873 5289 3091 5360 dignum
3131 5301 3184 5346 et
3218 5292 3418 5361 justum
3450 5303 3567 5360 est,
3593 5310 3806 5365 aquum

2222 5385 2277 5429 et
2302 5379 2556 5445 salutare,
2582 5393 2681 5434 nos
2712 5380 2804 5436 tibi
2840 5395 3056 5452 semper
3083 5393 3139 5438 et
3165 5384 3366 5456 ubique
3401 5386 3596 5456 gratias
3621 5401 3802 5458 agere,

2224 5470 2446 5527 Domine
2475 5484 2676 5538 sancte,
2714 5473 2870 5530 Pater
2901 5478 3256 5547 omnipotens,
3287 5489 3488 5534 aeterne
3511 5479 3675 5548 Deus,
3711 5495 3806 5550 per

2214 5600 2408 5663 statio;
2439 5610 2490 5655 at
2531 5601 2582 5656 in
2625 5601 2774 5673 Edit.
2824 5605 3026 5660 Pamel.
3058 5607 3252 5673 legitur
3283 5627 3297 5663 :
3326 5609 3407 5662 Ad
3448 5619 3679 5665 sanctum
3705 5610 3809 5664 Pc-

2227 5679 2388 5740 mnn,
2413 5673 2558 5743 quod
2588 5672 2735 5730 abest
2758 5689 2787 5730 a
2809 5674 2940 5732 Cod.
2967 5677 3097 5750 Reg.
3126 5672 3283 5735 Suec.
