4026 6306
321 291 412 346 1'39
1494 285 1693 340 LlBEii
1733 285 2370 344 SACliAMENTORUM.

3483 303 3579 353 HO

319 404 590 460 Christum
623 401 912 459 Dominum
940 409 1222 455 nostrum:
1252 399 1343 470 qui
1379 411 1496 469 post
1533 398 1900 454 Resurrcctio-
1933 403 1977 460 Α
2008 401 2073 455 ad
2104 403 2270 457 caelos
2299 401 2452 457 nobis
2481 416 2630 472 spem
2662 402 2984 462 ascendendi
3011 403 3247 460 donavit.
3280 406 3383 470 Per
3421 426 3578 478 quem

319 510 433 550 nem
464 507 626 547 suam
655 495 907 548 omnibus
935 490 1214 560 discipulis
1241 490 1354 546 suis
1383 490 1703 544 manifestus
1731 503 1900 558 appa—

321 588 449 654 ruit,
479 597 534 642 et
573 587 705 654 ipsis
743 585 1094 641 cernentibus
1135 594 1217 641 est
1245 583 1483 639 elevatus
1513 587 1563 638 in
1586 585 1782 641 cmlum
1806 624 1821 649 ,
1847 592 1904 638 ut

321 681 428 752 95
467 693 562 733 nos
584 677 880 734 divinitatis
917 692 1028 732 suae
1060 677 1319 732 tribueret
1353 689 1471 731 esse
1495 677 1799 746 participes.
1837 675 1903 730 Et

325 789 439 829 cum
465 771 690 840 angelis.

389 863 465 919 Te
497 864 679 933 igitur,
709 858 1139 916 Cletnentissime
1167 857 1347 923 Pater,
1369 867 1462 912 etc.

385 957 884 1020 Connnunicantes,
907 961 962 1009 et
990 953 1131 1007 diem
1166 951 1587 1007 sacratissimum
1615 950 1901 1007 celebran-

317 1057 432 1113 tes,
458 1064 568 1118 quo
596 1050 853 1103 Dominus
885 1055 1071 1102 noster
1094 1045 1408 1115 Unigenitus
1449 1044 1617 1100 Filius
1643 1053 1767 1100 tuus
1788 1046 1907 1099 uni-

317 1149 428 1195 tam
475 1139 577 1194 sibi
633 1137 944 1208 fragilitatis
987 1144 1187 1191 nostrae
1225 1135 1578 1191 substantiam
1636 1135 1688 1190 in
1724 1136 1907 1207 gloriae

319 1241 429 1287 tua:
451 1231 673 1286 dextera
706 1230 1010 1285 collocavit.
1036 1228 1144 1284 Sed
1175 1237 1229 1285 et
1255 1229 1565 1283 memoriam
1586 1272 1599 1296 ,
1630 1237 1736 1283 etc.

389 1322 714 1378 Benedictio.
744 1351 812 1362 —
844 1321 1128 1377 Benedicat
1149 1321 1302 1376 vobis
1328 1321 1467 1376 Deus
1486 1360 1501 1385 ,
1528 1319 1681 1390 cujus
1714 1320 1909 1390 Unige-

317 1415 465 1470 nitus
496 1413 759 1468 hodierna
788 1411 877 1468 die
923 1411 1183 1468 caelorum
1232 1411 1337 1465 alta
1391 1411 1709 1480 penetravit,
1741 1419 1795 1465 et
1817 1425 1910 1464 vo-

317 1505 402 1560 bis
441 1505 534 1559 ubi
576 1505 666 1560 ille
696 1514 780 1559 est
809 1503 1127 1560 ascendendi
1166 1501 1368 1556 aditum
1412 1501 1681 1570 patefecit.
1715 1504 1905 1556 Amen.

316 1596 598 1651 Concedat
647 1595 908 1666 propitius
965 1605 1021 1649 ut
1072 1595 1209 1649 sicut
1266 1605 1384 1663 post
1435 1593 1904 1648 Resurrectionem

317 1700 473 1739 suam
504 1685 778 1754 discipulis
804 1685 950 1738 visus
977 1695 1058 1738 est
1099 1682 1409 1738 manifestus
1429 1724 1442 1745 ,
1472 1683 1543 1737 ita
1567 1682 1718 1738 vobis
1749 1683 1798 1736 in
1817 1681 1907 1751 ju-

2005 493 2353 563 Majestaem.

2077 593 2103 621 ιι
2145 584 2462 641 Benedictio.
2491 615 2558 625 —
2583 585 3015 642 Benedictionum
3046 602 3260 643 suarum
3297 603 3458 657 super
3487 607 3579 644 vos

2009 676 2263 731 Dominus
2293 677 2517 732 imbrem
2546 677 2811 744 infundat,
2844 687 2898 734 et
2921 679 3195 733 cbaritatis
3221 694 3334 734 suae
3370 680 3585 735 thesau-

2007 782 2095 822 ros
2115 767 2361 823 cmlestes
2381 767 2529 823 vobis
2552 769 2772 836 aperiat.
2792 769 2983 824 Arnen.
3009 768 3189 823 Faciat
3212 784 3304 822 vos
3325 770 3578 823 Dominus

2010 863 2128 916 vitae
2150 871 2365 917 (eterna:
2394 861 2697 931 participes,
2730 873 2782 917 et
2808 862 2954 931 regni
2980 863 3221 919 cmlestis
3242 862 3575 918 cohaeredes.

2008 955 2204 1008 Amen.
2239 954 2456 1020 Dignam
2483 952 2535 1006 in
2569 953 2720 1006 vobis
2751 951 3133 1008 habitationem
3182 952 3410 1021 Spiritus
3459 965 3580 1005 sau-

2008 1051 2127 1096 ctus
2160 1041 2412 1106 inveniat,
2439 1049 2498 1094 ut
2517 1039 2637 1110 ejus
2657 1041 2888 1110 gloriosa
2918 1043 3166 1112 Maiestas
3188 1042 3392 1112 placide
3420 1042 3471 1096 in
3494 1056 3584 1096 ve-

2009 1131 2132 1185 stris
2157 1129 2410 1186 cordibus
2433 1129 2751 1199 requiescat.
2785 1130 2978 1186 Amen.
3006 1132 3158 1198 Quod
3188 1133 3303 1202 ipse
3329 1141 3586 1203 praestare

2009 1219 2278 1289 dignetur.

2080 1315 2159 1364 Ad
2194 1312 2568 1382 complendum.
2612 1340 2681 1350 —
2712 1310 2949 1381 Repleti,
2989 1312 3230 1378 Domine,
3276 1315 3584 1371 muneribus

2011 1403 2201 1466 sacris,
2233 1415 2538 1472 quaesumus
2583 1411 2641 1455 ut
2687 1401 2739 1454 in
2789 1402 3076 1470 gratiarum
3121 1404 3333 1459 actione
3375 1419 3588 1473 semper

1996 1507 2340 1548 maneamus.
2383 1492 2483 1546 Per
2516 1491 2794 1545 Dominum
2823 1502 3088 1546 nostrum.

2083 1585 2223 1639 Alia.
2255 1613 2326 1626 —
2358 1584 2520 1650 Deus,
2551 1584 2658 1639 vita
2710 1583 2969 1649 fidelium,
2995 1584 3158 1655 gloria
3204 1583 3500 1654 humilium,
3535 1597 3586 1642 et

2014 1677 2288 1732 beatitudo
2351 1676 2618 1746 iustorum
2647 1714 2664 1744 ,
2713 1675 2973 1745 propitius
3027 1675 3231 1745 respice
3291 1676 3587 1745 supplicum

319 1775 528 1829 dicium
561 1773 1035 1829 veniensvideatur
1062 1772 1319 1842 placatus.
1346 1775 1538 1830 Amen.
1569 1771 1637 1826 Et
1665 1772 1753 1842 qui
1783 1785 1910 1828 con-
1939 1777 1985 1839 Β
2016 1784 2221 1839 preces,
2249 1778 2308 1825 ut
2344 1769 2536 1824 animae
2578 1783 2698 1837 qua:
2743 1769 3126 1838 promissiones
3157 1778 3273 1824 tuas
3303 1769 3487 1824 sitiunt
3518 1770 3587 1825 de

320 1867 516 1921 sedere
549 1865 696 1920 Patri
725 1867 774 1920 in
800 1881 892 1919 sua
923 1865 1195 1935 Maiestate
1221 1862 1461 1929 creditis,
1491 1861 1765 1918 vobiscum
1799 1878 1907 1917 ma-

321 1973 456 2012 nere
487 1971 660 2026 usque
684 1956 737 2011 in
768 1956 927 2011 tinem
961 1955 1142 2010 saeculi
1173 1954 1465 2010 secundum
1503 1967 1652 2008 suam
1682 1955 1912 2025 promis-

321 2056 534 2110 sionem
562 2054 825 2108 sentiatis.
853 2051 1042 2106 Amen.
1068 2050 1218 2119 Quod
1247 2051 1362 2120 ipse
1386 2060 1664 2120 pra-stare.

396 2148 479 2202 Ad
509 2146 898 2215 Complendum.
922 2143 1205 2198 —Praesta
1230 2143 1407 2210 nobis,
1431 2154 1755 2210 qumSumus,
1787 2156 1912 2196 om-

321 2240 576 2310 nipntens
599 2251 653 2293 et
696 2237 1002 2293 misericors
1030 2234 1200 2298 Deus,
1231 2240 1288 2288 ut
1315 2248 1437 2303 qua:
1472 2231 1769 2286 visibilibus
1800 2246 1916 2302 my-

323 2331 505 2389 steriis
530 2330 793 2386 sumenda
824 2328 1193 2400 percepimus,
1223 2323 1476 2380 invisibili
1522 2336 1914 2394 consequamur

322 2425 545 2483 eﬂ’ectu.
577 2424 680 2480 Per
709 2424 992 2478 Dominum
1029 2429 1288 2475 nostrum.

396 2518 539 2573 Alia.
565 2549 638 2558 —
664 2517 899 2583 Tribue,
923 2527 1227 2585 quassamus
1251 2551 1268 2577 ,
1298 2510 1641 2580 omnipotens
1669 2509 1831 2571 Deus,
1857 2515 1917 2561 ut

326 2623 558 2664 munere
608 2605 912 2663 festivitatis
954 2604 1224 2660 hodiernae
1258 2602 1384 2656 illuc
1427 2601 1659 2654 filiorum
1704 2606 1915 2653 tuorum

325 2698 590 2769 dirigatur
625 2695 852 2750 intentio
880 2708 986 2764 quo
1011 2692 1065 2747 in
1091 2701 1182 2748 tuo
1204 2688 1492 2760 Unigenito
1524 2700 1696 2743 tecum
1726 2697 1806 2743 est
1828 2701 1918 2743 no-

326 2799 442 2843 stra
472 2786 795 2841 substantia.
828 2785 928 2852 Qui
962 2792 1134 2838 tecum
1165 2782 1297 2835 vivit
1323 2789 1378 2835 et
1405 2790 1610 2848 regnat.

401 2879 545 2934 Atia.
575 2903 647 2922 α-
668 2879 889 2946 Adesto,
920 2875 1142 2931 Domine
1161 2915 1177 2943 ,
1200 2872 1673 2944 supplicationibus
1699 2870 1915 2937 nostris,

327 2979 386 3026 ut
413 2972 556 3028 sicut
573 2971 790 3026 humani
823 2968 1039 3041 generis
1064 2967 1399 3025 Salvatorem
1424 2964 1716 3021 consedere
1742 2971 1915 3017 tecum

330 3064 384 3122 in
415 3078 503 3121 tua
545 3063 821 3136 Maiestate
867 3062 1215 3127 confidimus,
1247 3063 1317 3115 ita
1364 3072 1533 3129 usque
1562 3055 1627 3113 ad
1662 3070 1917 3111 consum-

2013 1869 2103 1916 tua
2147 1875 2359 1930 semper
2405 1858 2727 1914 abundantia
2775 1858 3101 1929 repleantur.
3162 1860 3264 1915 Per
3304 1859 3583 1915 Dominum

2014 1962 2280 2009 nostrum.

2247 2055 2512 2096 “CIPIUNT
2551 2053 2840 2094 οκΑτιοκες
2879 2055 2944 2093 DE
2985 2053 3346 2094 PENTSCOSTE.

2193 2132 2221 2172 ιι
2246 2133 2342 2186 Die
2369 2131 2593 2188 Sabbato
2615 2129 2765 2199 (5:11)
2785 2139 2900 2183 ante
2921 2131 3215 2183 descensum
3238 2130 3412 2200 fontis.

2088 2225 2260 2282 Lectio
2283 2225 2426 2279 Libri
2455 2224 2687 2280 Genesis.
2717 2223 2848 2289 Noe,
2869 2237 2991 2278 cum
3017 2226 3426 2292 quingentorum
3447 2230 3590 2276 esset

2017 2331 2296 2372 annorum.

2092 2406 2252 2471 Deus,
2280 2404 2371 2475 qui
2397 2403 2690 2459 Ecclesiam
2721 2411 2864 2457 tuam
2900 2416 3112 2472 semper
3141 2401 3378 2472 gentium
3422 2414 3581 2454 voca-

2019 2498 2162 2555 tione
2208 2498 2548 2568 multiplicas,
2576 2495 2815 2552 concede
2860 2494 3120 2565 propitius
3164 2502 3221 2548 ut
3268 2508 3404 2563 quos
3451 2508 3587 2562 aqua

2018 2591 2350 2663 baptismatis
2379 2591 2570 2657 abluis,
2590 2588 2839 2645 continua
2870 2587 3201 2657 protectione
3230 2585 3449 2642 tuearis.
3479 2586 3585 2642 Per

2022 2684 2323 2740 Dominum.

2091 2773 2265 2829 Lectio
2293 2771 2438 2827 Libri
2465 2769 2740 2826 Deuterott.
2769 2769 2994 2840 Scripsit
3022 2770 3251 2839 Moyses.

2091 2865 2356 2920 Canticum
2389 2880 2403 2917 :
2433 2862 2665 2918 Attende
2693 2861 2912 2916 caelum.

2091 2955 2254 3019 Deus,
2282 2954 2370 3024 qui
2402 2953 2556 3008 nobis
2578 2965 2670 3021 per
2699 2950 3077 3022 prophetarum
3123 2963 3215 3003 ora
3264 2949 3590 3019 praecepisti,

2021 3043 2333 3115 temporalia
2381 3041 2715 3112 relinquere,
2766 3049 2924 3110 atque
2960 3038 3025 3093 ad
3074 3047 3274 3094 aeterna
3322 3038 3595 3105 festinare,

334 3161 630 3215 mationem
681 3158 859 3213 saeculi
890 3169 1108 3212 manere
1148 3153 1444 3218 nobiscum,
1467 3149 1915 3221 quemadmodum

2022 3135 2088 3190 da
2121 3133 2333 3189 famulis
2363 3131 2466 3187 tuis
2508 3141 2565 3186 ut
2607 3146 2726 3202 qure
2769 3139 2884 3186 ate
2922 3129 3071 3200 iussa
3112 3130 3459 3200 cognovimus
3497 3129 3597 3185 im-

330 3263 411 3307 est
441 3253 744 3320 pollicitus,
774 3252 1073 3305 sentiamus
1116 3247 1302 3303 Iesum
1332 3244 1601 3300 Christum
1633 3241 1918 3297 Dominum

332 3357 601 3401 nostrum.
627 3344 728 3412 Qui
760 3353 958 3400 tecum.

404 3438 546 3491 Atia.
579 3463 654 3478 -—
683 3437 757 3490 Da
784 3477 800 3500 ,
833 3445 1172 3504 quaesumus,
1203 3427 1546 3497 omnipotens
1585 3425 1756 3488 Deus,
1797 3420 1923 3476 illuc

333 3527 589 3598 subsequi
641 3535 857 3580 tuorunt
907 3523 1146 3577 membra
1190 3517 1460 3584 fidelium,
1495 3529 1602 3587 quo
1640 3521 1799 3582 caput
1827 3526 1922 3566 no-

333 3633 502 3677 stu-um
550 3618 978 3688 principiumque
1027 3612 1302 3684 prmcessit
1348 3609 1501 3665 Jesus
1539 3606 1785 3661 Christus
1820 3604 1922 3658 Do-

337 3714 509 3768 minus
531 3720 741 3767 noster.
767 3708 868 3776 Qui
897 3717 1074 3763 tecum
1106 3704 1240 3758 vivit
1266 3710 1320 3758 et
1349 3707 1531 3771 regnat
1561 3698 1722 3752 Deus.

408 3802 546 3856 Alia.
578 3831 652 3842 —
674 3800 812 3855 Deus
835 3840 851 3867 ,
877 3798 1031 3867 cujus
1061 3795 1225 3850 Filius
1244 3793 1298 3847 in
1324 3795 1427 3846 alta
1460 3789 1718 3845 cmlorum
1745 3794 1926 3856 puten-

338 3907 420 3949 ter
449 3893 767 3957 ascendens,
797 3889 1163 3959 captivitatem
1199 3894 1436 3940 nostram
1480 3897 1574 3936 sua
1618 3879 1774 3935 duxit
1811 3879 1921 3932 vir-

338 3997 451 4040 tute
472 3987 762 4052 captivam,
789 3983 1336 4052 tribue,vqua:sumus,
1365 3985 1420 4029 ut
1450 3972 1606 4044 (389)
1637 3972 1774 4026 doua
1805 3984 1923 4037 qure

338 4078 449 4132 suis
473 4075 628 4139 (390)
651 4073 1002 4143 participibus
1031 4071 1279 4136 contulit,
1297 4067 1551 4137 largiatur
1573 4076 1627 4122 et
1654 4063 1810 4120 nobis
1836 4062 1925 4119 Je-

339 4186 431 4225 sus
468 4168 716 4224 Christus
741 4166 904 4220 Filius
933 4175 1080 4218 tuus.

573 4275 824 4315 DOIINICA
869 4275 882 4312 l
922 4273 1049 4312 POST
1089 4267 1444 4311 ASCENSIONEI
1486 4266 1691 4306 DOIIII.

409 4351 762 4420 Omnipotens
796 4348 1122 4418 sempiterna
1155 4347 1324 4410 Dens,
1352 4342 1436 4398 fac
1459 4358 1559 4398 nos
1593 4341 1689 4396 tibi
1716 4353 1928 4407 semper

344 4451 398 4497 et
420 4443 671 4496 devotam
701 4455 891 4509 gerere
921 4439 1246 4492 voluntatem
1270 4480 1284 4505 ,
1308 4443 1365 4492 et
1392 4434 1650 4504 Majestati
1682 4443 1788 4486 tua:
1811 4433 1924 4486 sin-

344 4549 467 4589 cero
492 4531 659 4588 corde
688 4532 912 4586 servire.
941 4530 1062 4585 Per.

415 4627 583 4698 Super
607 4626 798 4679 oblata.
828 4653 898 4664 —
926 4621 1196 4677 Sacrificia
1228 4636 1326 4676 nos
1346 4664 1361 4681 .
1385 4617 1632 4681 Domine,
1664 4615 1919 4670 immacu-

343 4720 447 4773 lata
487 4717 775 4787 puriticent
799 4757 816 4781 ,
858 4727 910 4770 et
939 4713 1208 4770 mentibus
1235 4711 1430 4767 nostris
1460 4722 1706 4777 superna;
1735 4704 1918 4776 gratia:

344 4813 473 4866 dent
501 4811 762 4880 vigorem.
795 4809 914 4861 Per.

411 4905 522 4976 96
560 4901 835 4972 Praefatio.
883 4925 954 4940 ——
1010 4897 1146 4952 Vere
1201 4895 1418 4966 dignum
1464 4901 1520 4948 et
1559 4891 1762 4963 justum
1813 4897 1918 4952 est,

346 5008 550 5062 :rquum
579 5001 632 5045 et
655 4990 888 5045 salutare
917 5002 1016 5042 nos
1044 4987 1137 5041 tibi
1161 4999 1373 5052 semper
1400 4991 1453 5037 et
1493 4982 1686 5050 ubique
1719 4977 1918 5049 gratias

347 5097 524 5153 agere,
584 5081 809 5136 Domine
857 5087 1063 5144 sancte,
1098 5077 1254 5132 Pater
1305 5074 1662 5143 omnipotens,
1721 5077 1920 5124 atterne

350 5175 506 5240 Deus,
537 5189 632 5243 per
653 5171 925 5227 Christum
962 5170 1244 5224 Dominum
1274 5174 1518 5221 “Oalrllﬂl
1555 5180 1568 5215 :
1600 5162 1686 5229 qui
1737 5159 1921 5230 generi

350 5268 580 5321 humano
605 5263 878 5321 nascendo
902 5261 1169 5326 subvenit,
1185 5275 1305 5315 cum
1333 5272 1430 5328 per
1471 5263 1693 5310 mortem
1720 5252 1926 5323 passio-

352 5360 430 5414 nis
466 5359 722 5413 mundum
753 5353 972 5420 devicit,
1002 5369 1095 5424 per
1117 5351 1338 5422 gloriam
1364 5344 1789 5403 Resurrectionis
1805 5343 1927 5396 vitae

351 5463 562 5506 eterna:
590 5449 798 5505 aditum
831 5445 1107 5518 patefecit,
1135 5451 1190 5500 et
1224 5456 1321 5512 per
1351 5453 1502 5496 suam
1545 5435 1927 5492 Ascensionem

430 5667 452 5690 ι·
495 5649 690 5706 Nullihi
720 5649 859 5702 hanc
884 5642 1314 5700 Benedictionem
1346 5636 1665 5693 invenimus.

421 5721 447 5762 δ
644 5701 849 5774 Daniel.
868 5738 878 5769 :
897 5717 950 5770 in
966 5713 1190 5771 Sabbato
1206 5710 1547 5771 Pcntecostes,
1566 5715 1614 5761 ct
1638 5707 1688 5759 in
1703 5701 1926 5758 Kalend.

2023 3229 2168 3297 plere
2193 3223 2402 3281 caelesti
2449 3221 2801 3292 inspiratione
2836 3220 3130 3277 valeamus.
3178 3220 3280 3275 Per
3312 3220 3593 3276 Dominum

2021 3324 2286 3371 nostrum.

2090 3405 2267 3461 Lectio
2300 3405 2439 3458 Libri
2469 3402 2699 3458 Leritici.
2727 3403 2862 3458 Cum
2888 3403 3112 3473 ingressi
3135 3402 3340 3459 fueritis
3365 3412 3585 3470 terrain,

2021 3514 2178 3569 quam
2201 3511 2302 3566 ego
2327 3496 2466 3550 dabo
2494 3495 2663 3550 vobis.

2093 3591 2256 3656 Deus,
2297 3589 2387 3659 qui
2414 3589 2783 3644 diversitatem
2812 3587 3048 3642 omnium
3089 3587 3326 3658 gentium
3357 3588 3409 3643 iu
3449 3603 3584 3644 con-

2023 3683 2257 3740 fessione
2312 3685 2385 3738 tui
2433 3681 2663 3736 nominis
2709 3680 2992 3746 adunasti,
3042 3679 3110 3736 ds
3159 3680 3314 3736 nobis
3356 3691 3409 3736 et
3459 3681 3599 3738 velle

2022 3785 2074 3831 et
2122 3790 2281 3845 posse
2328 3774 2470 3845 quod
2516 3774 2782 3844 prmeipis,
2810 3783 2868 3828 ut
2913 3772 3110 3844 populo
3143 3773 3209 3826 ad
3240 3773 3590 3829 aeternitatem

2025 3879 2212 3923 vocato
2251 3883 2352 3922 una
2393 3867 2462 3922 sit
2515 3866 2646 3922 fides
2699 3865 2957 3920 mentium
3011 3873 3067 3920 et
3115 3865 3282 3933 pietas
3330 3864 3614 3920 actionum.

2028 3960 2148 4015 Per.

2098 4052 2271 4104 Lectio
2309 4048 2463 4103 Isara:
2489 4049 2769 4118 prophetat.
2797 4043 3215 4115 Apprehendent
3241 4053 3448 4114 septem
3479 4059 3594 4100 mue

2028 4143 2207 4196 lieres.

2100 4233 2366 4287 Canticum
2388 4249 2408 4286 :
2436 4230 2625 4285 Vinea.

2100 4324 2258 4389 Deus,
2285 4319 2732 4377 incommutabilis
2775 4318 2948 4374 virtus
2995 4327 3051 4375 et
3092 4319 3270 4375 lumen
3318 4326 3598 4385 aternnm,

2033 4417 2239 4488 respice
2264 4414 2531 4487 propitius
2557 4412 2623 4468 ad
2659 4411 2824 4468 totius
2855 4411 3107 4466 Ecclesiae
3154 4410 3396 4466 mirabile
3423 4425 3602 4465 sacra-

1949 4532 1996 4591 ο
2032 4520 2294 4576 mentum,
2323 4514 2378 4563 et
2403 4506 2469 4562 da
2501 4505 2709 4559 famulis
2739 4504 2843 4559 tuis
2868 4513 2926 4558 ut
2957 4502 3060 4558 hoc
3098 4502 3239 4571 quod
3269 4501 3461 4557 devote
3489 4503 3603 4572 agi-

2027 4617 2146 4657 mus
2171 4602 2334 4657 et'tam
2361 4597 2680 4654 rectitudine
2700 4597 3152 4652 vitanteneamus.
3186 4593 3287 4650 Per
3315 4593 3596 4648 Dominum

2028 4705 2288 4750 nostrum.

2095 4789 2204 4859 97
2234 4786 2500 4842 Canticum
2521 4784 2584 4836 de
2614 4781 2761 4836 Psai.
2795 4795 2903 4835 xu.
2933 4779 3083 4836 Sicut
3117 4793 3304 4833 cervus
3334 4777 3606 4834 desiderat

2026 4878 2092 4933 ad
2126 4880 2316 4932 fontes.

2103 4969 2227 5024 Post
2251 4967 2506 5021 Tractum.
2530 4992 2599 5004 -—
2624 4961 2889 5022 Concede,
2913 4971 3237 5028 quaesumus,
3259 4963 3603 5024 omnipotens

2030 5061 2192 5125 Drus,
2222 5067 2280 5112 ut
2305 5058 2392 5126 qui
2431 5051 2826 5110 solemnitatem
2853 5047 2981 5103 doni
3010 5047 3239 5116 Spiritus
3267 5045 3442 5101 sancti
3471 5044 3603 5098 coli-

2028 5169 2169 5219 mus,
2199 5147 2509 5206 cmlestibus
2539 5141 2822 5199 desideriis
2851 5139 3084 5207 accensi,
3127 5139 3326 5194 fontem
3371 5138 3493 5192 vita:
3533 5137 3607 5191 si-

2029 5246 2244 5300 tiamus.
2275 5241 2396 5296 Per.

2103 5333 2282 5387 Oratio
2308 5331 2376 5384 ad
2404 5328 2617 5384 Missam
2643 5333 2757 5395 post
2778 5329 3043 5379 ascensum
3081 5323 3254 5392 fontis.
3284 5349 3354 5362 —
3383 5318 3584 5376 Praesta

2033 5437 2361 5498 quaesumus,
2393 5418 2733 5489 omnipotens
2760 5415 2904 5473 Deus
2954 5424 3013 5472 ut
3031 5414 3289 5471 claritatis
3313 5421 3419 5468 tute
3449 5425 3608 5482 super

2047 5629 2197 5683 Rom.
2232 5645 2242 5679 :
2282 5624 2374 5680 Die
2406 5623 2617 5680 Sabbat.
2651 5622 2702 5675 in
2729 5620 2900 5688 vigilia
2937 5619 3270 5673 Pentecostcs.
