4026 6332
470 295 560 348 lli

1593 284 1875 359 ,saucrt
1919 259 2244 343 cnscomt
2283 285 2498 343 mem

3605 287 3709 344 ΗΞ

464 420 562 461 nos
590 405 842 474 Splendor
871 403 1135 476 cﬂulgeat,
1167 412 1220 458 et
1250 402 1337 457 lux
1368 409 1466 453 tute
1496 397 1627 453 lucis
1661 397 1821 452 corda
1850 411 2034 451 eorum
2067 402 2110 456 Α
2144 407 2226 454 tus
2255 397 2606 454 illustratione
2631 395 2887 464 docuisti,
2918 396 2984 452 da
3012 394 3164 452 nobis
3206 395 3258 451 in
3290 396 3478 452 eodem
3511 395 3712 466 Spiritu

459 496 549 565 qui
601 509 696 564 per
735 495 955 565 gratiam
1011 503 1152 546 tuam
1203 489 1370 545 renati
1418 497 1541 540 sunt
1583 489 1754 541 sancti
1803 488 2032 555 Spiritus

461 585 814 639 illustratione
855 582 1152 638 confirmet.
1207 580 1309 632 Per
1339 577 1618 631 Dominum
1666 586 1905 632 nostrum
1945 577 2034 632 Je-

461 696 576 731 sum
601 678 866 733 Christum
890 675 1080 730 Filium
1107 685 1273 738 tuum,
1298 672 1384 740 qui
1418 682 1590 727 tecum
1619 673 1750 728 vivit
1772 681 1826 728 et
1849 682 2034 744 regnat

461 769 599 822 Dens
634 771 685 822 in
717 767 917 821 unitate
949 764 1187 834 ejusdem
1218 762 1448 831 Spiritus
1477 764 1666 820 sancti.

533 857 700 925 Super
738 856 926 909 oblata.
961 883 1028 893 —-
1069 852 1280 906 llostias
1310 851 1488 921 populi
1528 852 1601 907 tni
1630 895 1644 920 ,
1689 868 1994 922 quaesumus
2016 897 2029 919 ,

459 947 722 1009 Domine,
772 943 1054 998 miseratus
1103 940 1357 1008 intende,
1404 952 1457 997 et
1504 952 1560 996 ut
1603 944 1696 998 tibi
1746 945 2035 1000 reddantur

458 1045 689 1105 accepta:
713 1075 728 1100 ,
765 1034 1121 1090 conscientias
1172 1043 1388 1089 nostras
1417 1034 1585 1088 sancti
1633 1035 1861 1104 Spiritus
1891 1036 2034 1091 saluo

466 1130 591 1184 taris
619 1128 876 1184 emundet
905 1128 1186 1184 adventus.
1219 1128 1321 1185 Per
1354 1127 1654 1193 Dominum,
1677 1136 1807 1190 etc.,
1835 1126 1886 1180 in
1920 1128 2036 1181 uni-

462 1229 586 1274 tate.

528 1308 802 1381 Prtefatio.
850 1340 919 1350 -—-
953 1310 1087 1366 Vere
1115 1309 1332 1380 dignum
1364 1318 1413 1365 et
1442 1310 1640 1380 justum
1672 1319 1776 1377 est,
1822 1325 2034 1381 aequum

458 1409 512 1454 et
536 1401 789 1466 salutare,
824 1413 921 1454 nos
944 1398 1034 1454 tibi
1065 1414 1277 1469 semper
1305 1409 1357 1454 et
1388 1399 1579 1470 ubique
1615 1400 1812 1470 gratias
1842 1415 2024 1469 agere,

461 1489 681 1544 Domine
723 1498 936 1557 sancte,
985 1489 1142 1544 Pater
1186 1490 1559 1558 omnipotens,
1607 1498 1805 1544 aeterne
1851 1489 2034 1568 Deus;

462 1579 612 1650 (392)
656 1579 770 1650 qui,
799 1589 1189 1635 Sacramentum
1223 1580 1472 1648 paschale
1497 1594 1897 1647 consummatis,
1924 1582 2039 1649 qui-

461 1672 560 1726 bus
588 1685 682 1740 per
704 1669 971 1739 Unigeniti
995 1670 1067 1724 tui
1090 1670 1417 1725 consortium
1447 1669 1582 1725 filios
1603 1670 1901 1739 adeptionis
1919 1683 2040 1724 esse

2139 500 2279 543 recta
2309 504 2517 558 sapere,
2541 498 2595 544 et
2616 488 2682 543 de
2703 487 2818 557 ejus
2838 503 3049 557 semper
3073 488 3437 546 consolatione
3459 488 3711 558 gaudere.

2139 579 2258 633 Per.
2286 579 2339 633 ln
2368 580 2572 634 unitate
2596 578 2861 648 ejusdem.

2207 672 2379 739 Super
2416 673 2606 727 oblata.
2661 701 2728 711 —
2775 673 3034 739 Munera,
3082 659 3344 736 Dumtne,
3391 685 3708 743 qttmsutnus,

2135 762 2310 816 oblata
2335 764 2624 827 sattctiiica,
2658 772 2712 816 et
2741 763 2901 816 corda
2934 772 3113 817 nostra
3161 763 3521 818 illustratione
3546 763 3714 816 sancti

2145 855 2372 923 Spiritus
2405 855 2652 910 emnnda.
2684 854 2806 909 Per.
2843 854 2899 908 In
2929 855 3129 910 unitate
3157 856 3420 925 ejusdem.

2210 943 2478 1014 Prwfatia.
2511 972 2584 986 -—
2613 944 2749 999 Vere
2793 944 3010 1014 dignum
3053 956 3106 1000 et
3140 947 3339 1015 justum
3371 953 3474 1012 est,
3507 960 3714 1015 azqnum

2138 1042 2189 1088 et
2232 1033 2486 1100 salutare,
2519 1049 2616 1090 nos
2647 1035 2740 1089 tibi
2769 1050 2983 1104 semper
3011 1048 3064 1091 et
3095 1036 3288 1107 ubique
3312 1042 3510 1105 gratias
3537 1052 3716 1105 agere,

2143 1126 2366 1181 Domine
2396 1135 2598 1193 sancte,
2634 1125 2790 1181 Pater
2809 1128 3180 1196 omnipotens,
3206 1137 3407 1183 :rterne
3440 1129 3599 1192 Deus,
3626 1143 3718 1195 per

2137 1216 2407 1272 Christum
2458 1217 2737 1272 Dominum
2778 1227 3015 1273 nostrum
3049 1235 3062 1271 :
3097 1219 3185 1288 qui
3232 1219 3390 1286 (594)
3422 1218 3720 1274 ascendens

2141 1322 2305 1376 super
2332 1321 2518 1364 omnes
2548 1308 2736 1374 caelos,
2777 1308 3078 1379 sedensque
3124 1309 3188 1363 ad
3238 1309 3514 1364 dexteram
3550 1320 3718 1366 tuam.

2148 1398 2471 1467 promissum
2515 1398 2770 1467 Spiritum
2806 1409 3049 1453 sanctum
3090 1398 3344 1474 hodierna
3380 1399 3467 1454 die
3506 1399 3557 1452 in
3590 1398 3722 1452 (ilLos

2139 1488 2441 1558 adoptionis
2464 1488 2666 1545 effudit.
2698 1490 3032 1560 Quapropter
3074 1491 3304 1558 profusis
3331 1490 3540 1560 gaudiis
3570 1498 3711 1543 totus

2141 1580 2193 1635 in
2239 1580 2369 1636 orbe
2409 1588 2674 1635 terrarum
2707 1582 2936 1635 mundus
2979 1583 3226 1635 exsultat.
3258 1580 3364 1635 Sed
3391 1587 3445 1634 et
3469 1595 3716 1649 superna:
3789 1601 3792 1604 ’

2143 1669 2383 1735 virtutes,
2417 1680 2576 1741 atque
2621 1672 2875 1741 angelica:
2904 1680 3196 1741 potestates
3238 1670 3491 1740 hymnum
3538 1671 3720 1742 gloria:

465 1760 716 1826 tribuisti,
748 1776 842 1831 per
867 1759 1122 1830 Spiritum
1163 1769 1408 1815 sanctum
1439 1761 1649 1832 largiris
1679 1761 1818 1815 dona
1846 1761 2041 1832 gratia-
2073 1779 2121 1838 Β
2149 1769 2252 1814 tuae
2282 1762 2593 1828 concinunt,
2621 1761 2738 1817 sine
2768 1762 2874 1818 line
2898 1761 3161 1819 dicentes.

464 1868 580 1909 rum
607 1894 624 1919 ,
668 1863 721 1908 et
750 1854 830 1908 sui
861 1852 1234 1908 cohreredibus
1265 1852 1636 1922 Redemptoris
1665 1852 1770 1922 jam
1800 1867 1938 1908 nunc
1962 1867 2040 1907 su-

465 1959 645 2013 pernae
675 1945 862 2014 pignus
895 1944 1222 1999 hancditatis
1248 1944 1532 2011 impendis,
1570 1953 1624 1998 ut
1656 1953 1800 2000 tanto
1830 1959 1890 1998 se
1919 1959 2040 1999 cer-

471 2038 575 2090 tius
601 2036 665 2091 ad
688 2051 810 2090 eum
833 2035 1096 2090 confidant
1124 2049 1244 2090 esse
1269 2046 1541 2102 venturos,
1568 2045 1765 2106 quanto
1787 2051 1845 2092 se
1867 2037 2042 2090 sciunt

468 2128 535 2182 ab
564 2143 630 2182 eo
648 2128 976 2198 redemptos,
1006 2138 1058 2182 et
1079 2128 1246 2182 sancti
1266 2127 1498 2196 Spiritus
1531 2127 1796 2183 infusione
1825 2128 2038 2184 ditatos.

465 2221 531 2273 Et
565 2219 683 2272 ideo
709 2232 829 2272 eum
851 2218 1076 2288 angelis.

533 2310 609 2365 Te
640 2309 818 2378 igitur,
842 2319 939 2363 etc.

532 2398 1040 2463 communicantes,
1091 2409 1144 2454 et
1193 2400 1366 2469 (593)
1422 2401 1562 2456 diem
1626 2399 2042 2456 sacratissimum

473 2491 816 2546 Petttecnstes
848 2489 1256 2560 pitevenientes,
1287 2506 1392 2561 quo
1423 2491 1652 2558 Spiritus
1677 2504 1893 2546 sanetus
1919 2507 2045 2560 apo-

472 2581 638 2637 stolos
658 2621 674 2648 ,
709 2582 1024 2651 plebemque
1049 2579 1380 2637 credentium
1411 2583 1692 2652 praesentia
1739 2596 1851 2636 sua
1880 2580 2044 2650 Maje-

466 2676 620 2731 statis
647 2675 908 2741 implevit.
938 2674 1046 2730 Sed
1075 2684 1129 2730 et
1156 2676 1468 2732 memoriam
1497 2683 1836 2754 venerantes,
1867 2682 1972 2728 etc.

538 2767 686 2822 lianc
728 2766 887 2837 igitur
931 2766 1254 2822 oblationem
1297 2767 1570 2822 servitutis
1610 2772 1830 2831 nostras,
1874 2764 1968 2820 sed
1995 2773 2048 2820 et

465 2866 669 2913 cuncta:
713 2857 926 2912 familiae
974 2866 1106 2923 tua),
1149 2871 1309 2927 quant
1341 2856 1438 2911 tibi
1477 2855 1784 2921 offerimus,
1825 2869 1922 2926 pro
1966 2853 2048 2909 his

465 2968 699 3023 quoque,
723 2966 860 3023 quos
885 2966 1203 3022 regenerare
1230 2951 1484 3021 dignatus
1513 2964 1570 3005 es
1593 2964 1658 3005 ex
1682 2963 1816 3019 aqua
1846 2957 1900 3004 et
1928 2947 2048 3018 Spi-

466 3046 570 3099 ritu
602 3054 811 3109 sancto,
847 3042 1086 3098 tribuens
1122 3042 1202 3096 eis
1249 3041 1619 3096 remissionem
1661 3039 1895 3094 omnium
1926 3050 2050 3108 pec-

466 3142 729 3198 catorum,
761 3145 1086 3200 quaesumus.
1123 3137 1179 3183 ut
1218 3129 1473 3197 placatus.

544 3229 568 3257 ιι
600 3221 915 3276 Benedictio.
945 3249 1015 3261 —
1041 3220 1329 3275 Benedicat
1356 3218 1506 3274 vobis
1526 3218 1862 3287 omnipotens
1884 3217 2043 3284 Deus,

474 3313 545 3368 ob
577 3312 730 3381 cujus
761 3310 1005 3380 paracliti
1042 3308 1269 3379 Spiritus
1297 3308 1583 3364 adventum
1610 3316 1816 3362 mentes
1845 3314 2051 3360 vestras

466 3403 659 3475 jejunii
711 3402 1048 3459 observantia
1085 3400 1416 3472 praeparatis,
1455 3410 1509 3456 et
1545 3408 1864 3469 praesentem
1907 3397 2048 3453 diem

471 3490 800 3546 solemnibus
846 3490 1092 3545 laudibus
1124 3487 1419 3544 honoratis.
1450 3489 1640 3542 Amen.
1677 3486 1846 3541 instar
1889 3483 2050 3539 modo

467 3592 771 3638 renatnrum
829 3579 1112 3635 infantium
1167 3579 1326 3634 talem
1376 3577 1737 3632 innocentiam
1787 3573 2049 3641 habt-alis,

471 3683 530 3729 ut
572 3673 826 3743 templum
873 3672 1043 3728 sancti
1081 3670 1310 3740 Spiritus
1337 3669 1454 3739 ipso
1485 3668 1754 3724 tribuente
1776 3680 1896 3722 esse
1926 3680 2052 3736 pos-

469 3765 606 3820 sitis.
633 3767 823 3818 Atnen.
850 3767 1019 3833 Atque
1041 3763 1179 3817 idem
1202 3762 1428 3832 Spiritus
1449 3768 1661 3815 sanctus
1685 3759 1756 3814 ita
1778 3773 1872 3814 vos
1893 3758 2054 3814 hodie

467 3867 561 3912 sua
613 3857 937 3910 habitatione
979 3855 1172 3925 dignos
1219 3854 1434 3918 efficid,
1483 3862 1540 3907 ut
1584 3867 1706 3908 cras
1753 3866 1813 3906 se
1863 3851 2054 3907 vestris

471 3946 738 4002 mentibus
785 3946 1059 4000 vobiscum
1104 3944 1362 4014 perpetim
1413 3944 1741 3998 habitaturus
1788 3940 2050 4007 infundat,

471 4047 526 4094 et
572 4047 787 4108 peracto
829 4039 1111 4107 praesentis
1151 4035 1273 4091 vita:
1317 4035 1583 4090 curriculo
1632 4047 1727 4090 vos
1774 4035 1840 4089 ad
1889 4035 2051 4089 cale-

468 4132 568 4186 stia
597 4130 734 4185 dona
779 4129 1053 4200 perducat.
1098 4128 1288 4184 Amen.
1325 4128 1474 4197 Quod
1522 4129 1635 4198 ipse
1678 4135 1931 4197 praestare
1968 4125 2053 4182 di-

469 4229 676 4291 gnetur.

546 4311 624 4365 Ad
652 4306 1041 4382 Complendum.
1074 4341 1144 4351 —
1170 4310 1392 4378 Praesta,
1434 4323 1760 4380 quaesumus,
1813 4309 2056 4380 omnipo-

472 4409 592 4457 tens
621 4401 778 4466 Deus,
804 4410 862 4456 ut
891 4400 1120 4470 Spiritus
1163 4411 1381 4456 sanctus
1411 4399 1699 4456 adveniens
1724 4399 2053 4468 Majestatem

2215 1851 2289 1907 Te
2320 1852 2496 1921 igitur,
2525 1862 2621 1907 etc.

2215 1941 2706 2010 Communicantes,
2753 1952 2806 1999 et
2848 1943 2990 1998 diem
3021 1943 3437 2000 sacratissimum
3465 1942 3721 1999 Penteco-

2145 2039 2256 2086 stes
2284 2031 2638 2098 celebrantes,
2665 2048 2769 2103 quo
2797 2033 3025 2104 Spiritus
3045 2043 3260 2089 sanctus
3289 2035 3543 2103 apostolis
3574 2032 3724 2106 (593)

2145 2121 2197 2175 in
2222 2122 2388 2192 igneis
2416 2123 2607 2192 linguis
2634 2126 2896 2194 apparuit.
2928 2124 3031 2182 Sed
3054 2133 3108 2181 et
3134 2126 3494 2181 memoriam.‘

2229 2215 2376 2270 Hanc
2409 2216 2564 2287 igitur
2593 2218 2918 2274 oblationem
2961 2219 3234 2275 setvitutis
3275 2229 3494 2289 nostra},
3537 2221 3632 2276 sed
3676 2231 3724 2277 et

2147 2314 2350 2362 cuncta:
2399 2308 2611 2363 familias
2646 2317 2768 2374 tuae,
2815 2325 2971 2378 quam
3015 2311 3109 2365 tibi
3155 2311 3448 2380 offerimus,
3501 2328 3600 2381 pro
3648 2313 3726 2368 his

2149 2409 2380 2464 quoque,
2405 2411 2538 2466 quos
2566 2413 2881 2468 regenerare
2906 2400 3154 2470 dignatus
3183 2416 3243 2458 es
3274 2417 3339 2457 ex
3367 2417 3502 2471 aqua
3530 2413 3583 2458 et
3607 2401 3725 2471 Spi-

2151 2486 2255 2540 ritu
2283 2498 2488 2557 sancto,
2525 2489 2761 2546 tribuens
2805 2492 2884 2546 eis
2915 2493 3284 2550 remissionem
3331 2494 3570 2550 omnium
3605 2508 3725 2565 pec-

2149 2586 2412 2644 catorum,
2437 2595 2768 2647 quazsumus,
2799 2592 2856 2636 ut
2887 2583 3142 2652 placatus.

2225 2679 2247 2706 ο
2279 2667 2591 2724 Benedictio.
2631 2701 2702 2713 —
2735 2670 2892 2738 Deus,
2923 2674 3009 2742 qui
3041 2673 3296 2729 hodierna
3327 2672 3412 2729 die
3441 2673 3729 2744 discipulo-

2152 2772 2267 2811 rum
2302 2769 2510 2815 mentes
2539 2759 2765 2830 Spiritus
2797 2763 3048 2831 paracleti
3087 2762 3348 2820 infusione
3375 2765 3622 2835 dignatus
3647 2771 3730 2821 est

2151 2846 2434 2914 illustrare,
2461 2848 2618 2905 faciat
2640 2865 2732 2906 vos
2753 2865 2848 2907 sua
2875 2852 3249 2910 benedictione
3270 2855 3484 2925 repleri,
3509 2865 3563 2908 et
3588 2855 3730 2924 ejus-

2150 2941 2272 2997 dem
2301 2944 2531 3013 Spiritus
2555 2944 2712 3002 donis
2740 2947 3051 3004 exuberare.
3100 2948 3296 3004 Amen.
3328 2949 3422 3005 ille
3452 2948 3612 3020 ignis,
3638 2948 3728 3018 qui

2153 3053 2313 3108 super
2330 3039 2619 3108 discipulos
2639 3043 2901 3112 apparuit,
2932 3055 3273 3112 peccatorum
3298 3052 3595 3100 vestrorum
3623 3059 3731 3098 sor-

2081 3137 2129 3202 C
2160 3130 2255 3186 des
2294 3141 2571 3203 expurget,
2605 3141 2659 3189 et
2695 3133 2776 3188 sui
2806 3135 3019 3190 luminis
3051 3137 3314 3192 infusione
3340 3137 3500 3191 corda
3553 3148 3731 3191 veStra

2154 3223 2465 3291 perlustret.
2496 3225 2689 3280 Amen.
2735 3224 2942 3294 Quique
2972 3227 3216 3296 dignatus
3245 3237 3326 3284 est
3367 3227 3730 3283 diversitatem

2155 3312 2453 3383 linguarum
2486 3316 2537 3370 in
2571 3319 2727 3372 unius
2756 3317 2878 3374 fidei
2908 3319 3245 3377 confessione
3271 3322 3526 3388 adnnare,
3559 3322 3611 3376 in
3641 3337 3732 3377 ea-

2151 3405 2272 3460 dem
2304 3422 2399 3462 vos
2429 3409 2588 3464 faciat
2616 3409 2719 3465 fide
2747 3425 3108 3480 perseverare,
3142 3420 3196 3468 et
3221 3428 3316 3483 per
3348 3413 3485 3468 hanc
3521 3411 3672 3484 (596)
3703 3427 3730 3464 a
3767 3429 3770 3432 '

2154 3510 2250 3565 spe
2271 3497 2335 3553 ad
2364 3500 2597 3569 speciem
2623 3503 2920 3570 pervenire.
2944 3502 3136 3559 Amen.
3159 3504 3311 3571 Quod
3337 3503 3451 3573 ipse
3476 3514 3733 3574 pratstare

2155 3586 2428 3658 dignetur.

2162 3731 2171 3741 ,
2225 3680 2304 3733 Ad
2324 3681 2704 3749 complendum.
2730 3713 2798 3724 —-
2823 3683 3003 3741 Sancti
3027 3684 3276 3755 Spiritus,
3305 3687 3548 3754 Domine,
3571 3686 3733 3740 corda

2150 3778 2338 3828 nostra
2370 3772 2591 3827 mundet
2617 3773 2830 3840 inlusio,
2855 3786 2908 3832 et
2930 3776 3010 3830 sui
3033 3777 3167 3832 roris
3197 3776 3382 3832 intima
3412 3777 3728 3847 aspersione

2156 3859 2422 3918 fecundet.
2455 3863 2554 3919 Per
2584 3864 2888 3921 Dominum.

2225 3951 2365 4007 Alia.
2396 3983 2464 3993 —
2514 3953 2867 4025 Omnipotens
2910 3959 3238 4028 sempiterna
3278 3960 3441 4027 Deus,
3491 3959 3582 4032 qui
3628 3961 3740 4014 l‘a-

2158 4043 2337 4098 scltale
2391 4056 2782 4102 sacramentum
2830 4035 3210 4121 quinquaginta
3268 4052 3472 4106 dierum
3523 4051 3739 4106 voluisti

2162 4137 2419 4205 mysterio
2467 4139 2750 4206 contineri,
2787 4150 2979 4209 praesta
3008 4150 3068 4197 ut
3092 4144 3329 4212 gentium
3361 4143 3498 4197 facta
3528 4143 3741 4213 disper-

2158 4224 2240 4279 sio
2270 4224 2535 4282 divisione
2571 4227 2868 4299 linguarum
2921 4229 2988 4284 ad
3034 4246 3191 4284 unam
3233 4230 3626 4286 confessionem
3660 4232 3736 4285 tui

2159 4312 2412 4382 nominis,
2443 4317 2552 4388 99
2580 4317 2784 4374 caelesti
2812 4334 3034 4377 munere
3069 4331 3440 4392 congregetur.
3483 4321 3586 4378 Per
3635 4322 3740 4376 Do-

2160 4422 2381 4462 nntium.

475 4491 630 4544 nobis
669 4490 788 4545 Filii
823 4490 900 4544 tui
932 4490 1324 4547 manifestando
1350 4490 1627 4548 clariiicet.
1654 4489 1755 4547 Per
1782 4492 2047 4548 eumdem.
2082 4506 2132 4567 ι)
2227 4500 2365 4554 Alia.
2396 4530 2465 4541 —
2506 4501 2666 4567 Deus,
2712 4502 2802 4572 qui
2833 4511 3168 4559 sacramento
3200 4504 3501 4561 festivitatis
3531 4504 3741 4558 hodier-

475 4583 530 4637 ln
561 4581 764 4636 unitate
790 4579 1053 4650 ejusdem.

544 4673 657 4742 93
679 4671 817 4725 Alia.
845 4701 914 4711 —
938 4671 1098 4740 Deus,
1123 4673 1274 4743 cujus
1306 4673 1505 4740 Spiritu
1528 4683 1698 4730 totum
1729 4688 1922 4744 corpus
1948 4674 2049 4729 Ec-

475 4761 654 4817 clesiae
704 4761 1086 4830 multiplicatur
1131 4772 1188 4818 et
1239 4765 1460 4834 regitur,
1509 4779 1769 4820 conserva
1816 4765 1869 4820 in
1915 4781 2048 4820 nova

478 4851 695 4907 familia.-
736 4860 840 4906 tua:
869 4850 1122 4923 progenie
1153 4853 1596 4909 sanctification's
1623 4855 1866 4925 gratiam,
1892 4870 2048 4926 quam

474 4943 686 5011 dedisti,
737 4954 816 5012 ut,
860 4959 1086 5016 corpore
1133 4957 1187 5002 et
1235 4958 1414 5004 mente
1462 4949 1724 5015 renovati,
1757 4949 1809 5002 in
1847 4949 2049 5004 unitate

475 5038 597 5093 fidei
630 5037 919 5108 ferventes,
966 5041 1056 5096 tibi
1088 5041 1315 5097 Domino
1351 5043 1555 5099 servire
1597 5053 1921 5100 mereantur.
1954 5045 2053 5100 Per

477 5127 756 5184 Dominum
786 5141 1046 5186 nostrum.
1083 5131 1140 5186 In
1171 5133 1373 5187 unitate
1395 5132 1658 5203 ejusdem.

879 5235 965 5274 ωε
994 5218 1021 5258 δ
1049 5234 1247 5276 sancro
1280 5238 1665 5279 panaces-res.

548 5309 708 5376 Deus,
739 5311 827 5379 qui
858 5310 1112 5368 hodierna
1135 5313 1221 5370 die
1248 5314 1407 5369 corda
1432 5315 1666 5371 fidelium
1694 5319 1865 5372 sancti
1887 5317 2054 5388 Spiri-

479 5423 798 5561 Gigglgﬁtat
849 5425 900 5479 in
953 5425 1109 5494 \‘igil.
1160 5428 1500 5485 Pentecostes
1549 5430 1600 5484 in
1633 5429 2054 5486 Benedictionali

685 5511 696 5546 I
725 5532 739 5546 .

481 5561 774 5683 "si,"pr
821 5564 1022 5621 Ρ³¹¹¹θ¹ο
1073 5581 1168 5636 l‘ro
1210 5567 1442 5625 statione
1489 5571 1617 5623 :Ad
1669 5581 1900 5624 sanctum
1952 5569 2054 5624 Pe-

556 5712 576 5741 ε
615 5702 668 5757 lu
717 5703 1130 5762 Benedictionali
1179 5708 1476 5780 assignatur
1522 5709 1680 5764 etiam
1733 5726 1827 5780 pro
1859 5712 2054 5768 Penteo

2159 4608 2242 4647 DIE
2270 4591 2564 4648 Ecclesiam
2598 4604 2739 4650 tuam
2773 4597 2822 4650 in
2850 4597 2992 4652 omni
3020 4607 3179 4667 gente
3208 4609 3261 4654 et
3285 4598 3500 4653 natione
3541 4597 3741 4652 sancti-

2159 4683 2303 4747 ficas,
2346 4683 2399 4738 in
2449 4694 2610 4741 totam
2641 4689 2822 4744 mundi
2865 4689 3200 4748 latitudinem
3236 4692 3465 4762 Spiritus
3497 4689 3570 4746 tui
3600 4691 3742 4745 dona

2155 4774 2410 4831 dilfuude.
2446 4775 2566 4832 Per.

2787 4867 2814 4907 ἀ
2845 4871 3010 4926 Fama
3033 4887 3089 4925 ll.

2232 4957 2393 5024 Deus,
2425 4960 2515 5029 qui
2545 4961 2800 5030 apostolis
2829 4964 2930 5017 tuis
2954 4973 3196 5018 sanctum
3228 4961 3423 5018 dedisti
3454 4959 3736 5031 Spiritum,

2157 5051 2393 5106 concede
2423 5053 2562 5119 plebi
2596 5064 2699 5109 tute
2729 5054 2829 5123 piae
2855 5056 3126 5126 petitionis
3152 5057 3423 5122 effectum,
3467 5065 3523 5107 ut
3549 5053 3742 5122 quibus

2164 5142 2352 5198 dedisti
2384 5143 2563 5210 fidem,
2598 5143 2842 5214 largiaris
2862 5154 2917 5201 et
2946 5161 3152 5216 pacem.
3185 5146 3307 5202 Per.

2229 5231 2397 5304 Super
2425 5234 2615 5289 oblata.
2661 5264 2734 5276 —
2781 5235 3071 5306 Propitius,
3119 5238 3367 5302 Domine,
3410 5247 3738 5304 quaesumus,

2160 5323 2273 5378 haec
2303 5325 2440 5379 dona
2492 5325 2789 5395 sanctifica,
2835 5337 2912 5396 et,
2958 5329 3157 5383 llostia:
3185 5326 3439 5398 spiritalis
3467 5326 3740 5381 oblatione

2163 5446 2329 5490 co5te.

2236 5509 2260 5542 α
2295 5507 2444 5574 Apud
2479 5508 2678 5562 Pamel.
2725 5519 2778 5564 et
2818 5511 2870 5564 in
2902 5509 3120 5564 Kalend.
3153 5508 3333 5572 Rom.,
3366 5525 3462 5576 pro
3509 5508 3744 5562 statione

2165 5576 2393 5649 legitur:
2422 5581 2502 5630 Ad
2544 5578 2781 5634 Vincula.
2816 5580 2870 5633 In
2904 5593 3126 5649 utroque
3162 5581 3427 5635 'l‘lteoder.
3465 5597 3478 5633 :
3522 5580 3602 5632 Ad
3632 5595 3746 5631 sau-

2163 5657 2295 5701 ctum
2322 5647 2533 5703 Petrum
2556 5651 2622 5703 ad
2651 5650 2886 5705 Vincula.
