4026 6302
309 357 406 414 Ηῖι

1497 343 1694 399 LIBER
1736 342 2376 402 SACRAMENTORL‘M.

3483 343 3582 399 116

311 476 579 536 suscepta,
615 463 971 534 nosmetipsos
1019 460 1111 518 tibi
1155 456 1347 528 perﬁce
1385 472 1579 513 munus
1617 467 1896 512 aeternum.
1931 473 1976 530 Α
2076 456 2244 526 Super
2271 454 2458 510 oblata.
2485 487 2556 497 —
2583 453 2802 523 Accipe,
2833 467 3159 523 quresumus,
3196 453 3438 519 Domine,
3469 472 3586 509 mu-

317 567 415 616 l‘er
455 558 743 614 Dominum
777 563 1040 609 nostrum.

396 650 660 721 Prefatio.
686 676 757 688 --
781 647 918 701 Vere
937 645 1155 715 dignum
1178 651 1230 697 et
1251 642 1452 712 justum
1475 649 1578 708 est,
1610 656 1823 710 aequum
1848 649 1904 697 et

320 746 571 808 salutare,
625 757 726 795 nos
776 738 876 795 tibi
924 751 1134 806 semper
1163 744 1217 791 et
1244 735 1437 804 ubique
1478 738 1674 805 gratias
1722 749 1900 803 agere.

326 836 544 889 Domine
565 839 777 896 sancte,
815 831 974 885 Pater
998 827 1356 894 omnipotens,
1390 833 1592 879 :eterne
1624 824 1782 886 Deus,
1812 839 1906 893 per

319 928 587 980 Christum
620 924 902 977 Dominum
932 929 1172 975 nostrum
1200 936 1212 970 :
1246 918 1334 988 qtti
1377 917 1698 986 promissum
1734 917 1904 984 Spiri-

317 1027 432 1070 tum
463 1030 590 1084 para
613 1015 788 1068 letum
820 1026 984 1081 super
1011 1009 1298 1078 discipulos
1325 1008 1490 1074 misit,
1521 1007 1623 1076 qui
1641 1006 1906 1077 principio

319 1106 593 1160 nascentis
637 1103 890 1158 Ecclesia:
931 1100 1138 1156 cunctis
1185 1098 1430 1169 gentibus
1479 1098 1810 1166 imbuendis,
1854 1108 1908 1152 et

323 1191 549 1246 Deitatis
580 1188 859 1242 scientiam
887 1186 1112 1250 inderet,
1146 1195 1198 1239 et
1219 1184 1517 1254 linguarum
1540 1184 1905 1240 diversitatem

320 1285 375 1336 in
421 1283 579 1335 unius
630 1279 753 1334 fidei
794 1277 1130 1334 confessione
1159 1278 1408 1333 sociaret.
1443 1276 1544 1332 Per
1570 1293 1728 1347 quem
1754 1277 1909 1348 Maje-

319 1381 515 1428 statem
540 1382 682 1425 tuam
710 1370 974 1439 supplices
997 1383 1304 1434 exoramus,
1329 1377 1388 1423 ut
1407 1370 1556 1437 cujus
1572 1369 1908 1425 celebramus

319 1467 634 1527 adventum,
660 1463 774 1532 ejus
800 1461 1126 1516 multimoda:
1144 1462 1329 1532 gratiae
1346 1464 1620 1532 capiamus
1637 1462 1905 1519 eﬂ‘ectum.

323 1554 426 1610 Per
447 1568 606 1623 quem
636 1553 987 1623 Majestatem.

395 1644 478 1698 ΑΔ
505 1643 897 1713 Complendum.
928 1673 1002 1685 —
1030 1641 1235 1700 Adesto
1253 1684 1270 1710 ,
1302 1643 1552 1709 Domine,
1581 1658 1905 1712 quaesumus,

325 1734 526 1802 pepqu
573 1743 684 1798 tuo,
725 1742 776 1789 et
823 1748 981 1803 quem
1013 1734 1282 1804 mysteriis
1311 1734 1619 1791 coelestibus
1649 1734 1899 1800 imbuisti.

326 1826 391 1878 ah
420 1825 655 1878 hostium
688 1825 869 1881 furore
897 1824 1141 1882 defende.
1179 1826 1300 1879 Per.

396 1917 536 1970 Alia.
580 1945 649 1956 -ο
700 1916 876 1983 Deus,
913 1917 1002 1986 qui
1033 1916 1312 1986 discipulis
1351 1916 1456 1972 tuis
1503 1916 1755 1986 Spiritum
1793 1933 1913 1973 san-

330 2016 474 2062 etum
507 2009 836 2076 paraeletnm
887 2007 939 2064 in
983 2007 1118 2076 ignis
1168 2009 1375 2064 fervore
1415 2009 1626 2064 mittere
1669 2008 1914 2078 dignatus

333 2114 413 2162 es,
448 2099 511 2152 da
557 2099 764 2168 populis
797 2099 897 2154 tuis
921 2102 971 2153 in
1019 2100 1223 2155 unitate
1249 2099 1372 2154 fidei
1397 2114 1516 2156 esse
1547 2100 1831 2169 ferventes,
1858 2113 1916 2156 ut

335 2191 389 2246 in
421 2201 505 2244 tua
540 2206 757 2259 semper
798 2192 1085 2248 dilectione
1116 2201 1510 2262 permanentes,
1540 2201 1595 2249 et
1621 2195 1673 2248 in
1704 2195 1808 2252 fide
1837 2196 1912 2249 in-

337 2285 624 2338 veniantur
648 2285 894 2351 stabiles,
940 2294 996 2341 et
1026 2286 1080 2341 in
1123 2301 1286 2358 Opere
1312 2288 1577 2344 efficaces.
1613 2288 1713 2345 Per
1739 2288 1916 2346 Domi-

339 2389 458 2428 num

965 2455 991 2484 ε
1024 2464 1178 2503 rents
1211 2465 1286 2504 ιιι.

405 2537 565 2588 Adsit
617 2537 818 2603 nobis,
876 2537 1126 2606 Domine,
1179 2555 1520 2610 quaesumus,
1576 2542 1744 2598 virtus
1793 2541 1915 2612 Spi-

339 2626 467 2678 ritus
494 2627 686 2692 sancti,
711 2642 830 2695 qua:
855 2636 909 2681 et
928 2628 1088 2682 corda
1115 2640 1295 2683 nostra
1322 2631 1618 2687 clementer
1636 2642 1914 2704 expurget,

341 2729 388 2772 et
413 2720 480 2771 ab
506 2720 758 2774 onmibus
782 2729 992 2775 tueatur
1019 2721 1277 2776 adversis.
1309 2722 1410 2780 Per
1438 2725 1737 2782 Dominum.

411 2810 582 2882 Super
627 2813 821 2866 oblata.
860 2842 930 2851 —
975 2812 1224 2870 Purilicet
1271 2831 1389 2882 nos,
1441 2831 1766 2886 quaesumus,
1812 2817 1920 2872 Do-

343 2904 507 2969 mine,
555 2907 796 2961 muneris
850 2906 1129 2974 praesentis
1156 2907 1374 2974 oblatio,
1429 2917 1485 2966 et
1531 2911 1720 2980 dignos
1770 2926 1921 2968 sacra

346 2993 751 3062 participatione
779 2996 1035 3062 [erliciaL
1073 2995 1172 3050 Per
1200 2996 1498 3053 Dominum.

412 3080 690 3151 Praefatio.
735 3113 804 3124 —
833 3084 968 3140 Vere
1019 3085 1234 3154 dignum
1265 3095 1322 3142 et
1352 3088 1550 3155 justum
1583 3100 1685 3155 est,
1715 3105 1924 3162 aequum

344 3184 394 3227 et
419 3175 682 3240 salutare,
717 3189 814 3228 nos
842 3175 935 3230 tibi
965 3190 1177 3247 semper
1203 3186 1257 3231 et
1304 3178 1495 3249 ubique
1517 3181 1715 3252 gratias
1742 3196 1919 3253 agere,
1955 3214 2001 3276 ο

349 3265 570 3322 Domine
617 3277 833 3330 sancte,
892 3267 1046 3322 Pater
1089 3271 1466 3338 omnipotens,
1514 3281 1714 3329 aeterne
1765 3275 1924 3342 Deus,

349 3370 439 3422 per
477 3356 754 3410 Christum
785 3357 1066 3412 Dominum
1099 3369 1336 3414 nostrum
1369 3376 1384 3416 :
1417 3363 1509 3432 qui
1551 3365 1778 3432 Spiritus
1806 3380 1930 3421 Sun-

347 3449 414 3504 cti
445 3449 715 3505 infusione
743 3451 969 3520 replevit
999 3452 1159 3508 corda
1191 3453 1449 3521 fidelium,
1498 3464 1556 3510 ut
1583 3471 1674 3510 sua
1699 3457 1929 3512 admira-

349 3541 434 3596 bili
484 3542 823 3608 operatione,
877 3545 1033 3615 100
1077 3554 1133 3599 et
1180 3545 1261 3599 sui
1303 3547 1501 3600 amoris
1547 3546 1602 3600 in
1633 3549 1711 3602 eis
1755 3551 1928 3619 ignem

352 3634 692 3699 accenderet,
721 3645 777 3688 et
808 3650 902 3704 per
931 3635 1296 3690 diversitatem
1333 3636 1630 3706 linguarum
1661 3651 1848 3708 gentes
1879 3640 1931 3694 in

354 3725 551 3779 unitate
591 3726 716 3779 fidei
746 3727 1033 3790 solidaret;
1065 3725 1214 3794 cujus
1244 3726 1386 3780 dono
1417 3725 1666 3794 petimus,
1718 3737 1772 3782 et
1820 3729 1935 3783 ille-

353 3817 606 3870 iebrosas
637 3831 668 3870 a
709 3814 863 3870 nobis
893 3816 1104 3869 ext-ludi
1137 3815 1435 3885 voluptates
1457 3857 1472 3882 ,
1505 3827 1557 3871 et
1583 3818 1848 3885 Spiritales
1880 3821 1932 3875 in

355 3905 508 3959 nobis
551 3908 755 3961 exstrui
801 3906 1136 3976 plantariqne
1171 3907 1410 3964 virtutes.
1461 3908 1564 3964 Per
1593 3924 1748 3980 quem
1779 3911 1936 3980 Maje-

355 4005 570 4051 statam.

425 4088 508 4140 Ad
536 4085 931 4153 Complendum.
965 4116 1031 4125 —
1077 4086 1280 4142 Mentes
1322 4097 1552 4152 nostras,
1607 4103 1930 4156 qumsumus,

357 4180 599 4244 Domine,
625 4179 859 4247 Spiritus
882 4188 1095 4234 sanctus
1117 4178 1309 4234 divinis
1332 4190 1545 4248 reparet
1559 4183 1931 4248 sacramentis,

358 4271 475 4338 quia
531 4269 648 4338 ipse
696 4277 782 4325 est
838 4270 1082 4324 remissio
1131 4270 1366 4325 omnium
1419 4280 1782 4340 peccatorum.
1835 4273 1937 4328 Per

362 4358 663 4413 Dominum.

837 4425 861 4463 δ
893 4444 1049 4484 rum
1081 4444 1152 4484 tv.
1187 4444 1370 4484 unum
1403 4445 1468 4484 iv.

428 4519 634 4574 Sietztes
675 4528 905 4585 nostras,
957 4535 1284 4588 quaesumus,
1329 4521 1573 4589 Domine,
1613 4523 1933 4593 Paracletus,

363 4610 447 4673 qui
479 4624 508 4661 a
541 4618 592 4661 te
627 4611 886 4678 procedit,
920 4610 1220 4676 illuminet;
1261 4621 1317 4666 et
1359 4612 1570 4667 inducat
1603 4614 1654 4668 in
1703 4629 1936 4681 omnem,

363 4702 493 4752 sicut
525 4711 646 4755 tuus
679 4701 916 4769 promisit
948 4701 1133 4766 Filius,
1181 4703 1484 4758 veritatem.
1533 4704 1629 4772 Qui
1663 4711 1836 4759 tecum
1867 4706 1938 4760 vi-

369 4792 436 4845 vit
463 4801 514 4846 et
539 4803 752 4861 regnat,
778 4794 828 4848 in
860 4795 1061 4849 unitate
1090 4794 1351 4862 ejusdem.

437 4888 576 4941 Alia.
622 4920 695 4930 —
725 4887 946 4950 Prmsta.
996 4903 1326 4958 quaesumus,
1359 4889 1697 4959 omnipotens
1745 4900 1800 4946 et
1847 4891 1944 4944 mi-

374 4977 600 5032 sericors
636 4979 774 5032 Deus
796 5023 810 5047 ,
858 4991 914 5035 ut
953 4981 1183 5050 Spiritus
1214 4991 1430 5036 sanctus
1468 4982 1782 5045 adveniens,
1815 4992 1948 5036 temo

377 5068 513 5210 ﬁlum
545 5085 642 5123 nos
670 5071 855 5140 gloria:
895 5087 1003 5127 sua:
1044 5072 1327 5142 dignanter
1362 5073 1652 5129 habitando
1689 5074 1947 5143 perficiat.

417 5174 493 5210 er.

417 5174 493 5213 ειν.

447 5271 703 5353 {Iisdem
746 5271 799 5326 in
829 5271 1111 5327 Codicibus
1152 5274 1316 5328 statio
1343 5282 1427 5329 est
1459 5274 1526 5326 ad
1555 5281 1784 5327 sanctam
1816 5272 1958 5325 Ana-

379 5352 608 5466 “0:753.-
634 5412 837 5466 Pamel.
870 5411 1023 5464 habet
1049 5427 1143 5480 pro
1169 5423 1298 5472 stat.
1328 5431 1342 5468 ε
1375 5414 1454 5465 Ad
1479 5422 1705 5465 “mam”
1734 5412 1958 5465 Mariam

384 5482 512 5554 Μαί.
549 5483 736 5554 _et_ad
782 5491 1010 5554 sanctum
1070 5482 1302 5554 Petrum.
1353 5483 1576 5538 Kalend.
1632 5483 1786 5537 Rom.
1840 5493 1957 5554 tan-

383 5551 489 5635 tum
517 5571 528 5604 :
563 5552 644 5604 Ad
673 5561 902 5605 sanctam
938 5552 1182 5606 Mariam.
1215 5554 1430 5610 Addunt
1456 5554 1562 5607 duo
1592 5553 1798 5608 Theca.
1836 5551 1959 5606 Ma-

381 5639 562 5694 ικτειιι.
648 5690 663 5694 Α
702 5651 745 5694 _‘

457 5705 476 5731 ε
511 5690 664 5760 Apud
699 5691 898 5744 anel.
939 5693 1098 5746 statio
1138 5693 1280 5746 feria:
1311 5693 1464 5762 hujus
1497 5703 1578 5748 est
1615 5695 1682 5745 ad
1721 5703 1952 5746 sanctum

387 5760 539 5814 Laur.
595 5763 724 5830 foris
769 5777 986 5817 murum.
1039 5763 1181 5819 Istud
1226 5760 1458 5820 officium
1503 5764 1746 5833 Gregorii
1797 5764 1949 5833 primi

2007 564 2104 602 nus
2135 549 2395 610 oblatum,
2442 557 2496 601 et
2523 547 2805 616 dignanter
2833 561 3078 615 operare,
3111 553 3168 600 ut
3189 546 3329 613 quod
3376 556 3585 616 myste-

2004 640 2098 694 riis
2119 639 2347 709 agimus,
2371 637 2472 707 piis
2491 636 2770 693 effectibus
2794 637 3149 693 celebremus.
3177 637 3276 691 Per
3300 635 3582 691 Dominum

2006 739 2272 784 nostrum.

2082 819 2352 889 Prwfatio.
2382 850 2448 858 —
2483 819 2616 875 Vere
2657 820 2877 889 dignum
2909 829 2966 875 et
3005 821 3207 887 justum
3237 826 3336 876 est.
3374 832 3587 880 aequum

2009 919 2061 964 et
2089 910 2345 974 salutate,
2377 923 2473 963 nos
2504 909 2594 964 tibi
2635 925 2847 978 semper
2875 921 2927 965 et
2955 911 3150 980 ubique
3175 909 3376 977 gratias
3403 924 3585 976 agere,

2011 1000 2233 1055 Domine
2287 1007 2492 1064 sancte,
2543 999 2701 1055 Pater
2751 1000 3109 1069 omnipotens,
3160 1010 3362 1055 aeterne
3419 999 3584 1064 Deus,

2011 1107 2108 1161 per
2135 1090 2406 1145 Christum
2440 1088 2718 1142 Dominum
2748 1099 3008 1145 nostrum.
3045 1090 3144 1145 Per
3166 1105 3325 1159 quem
3351 1089 3587 1156 discipu-

2010 1179 2075 1235 lis
2105 1179 2336 1249 Spiritus
2379 1187 2592 1232 sanctus
2642 1178 2694 1232 in
2738 1187 2881 1232 terra
2929 1179 3085 1233 datur
3133 1179 3204 1234 ob
3243 1180 3586 1236 dilectionem

2011 1271 2260 1340 proximi,
2307 1278 2361 1325 et
2412 1269 2481 1324 de
2527 1268 2663 1323 cmlu
2716 1269 2942 1323 mittitur
2990 1276 3207 1337 propter
3247 1270 3588 1326 dilectionem

2012 1362 2109 1415 tui.
2149 1359 2310 1428 Cujus
2352 1358 2549 1412 infusio
2589 1358 2818 1427 petimus
2863 1365 2920 1410 ιιι
2961 1356 3014 1412 in
3055 1356 3208 1411 nobis
3247 1368 3587 1427 peccatorum

2012 1450 2199 1505 sordes
2238 1459 2449 1513 exurat,
2495 1450 2571 1503 tui
2610 1449 2809 1502 amoris
2839 1448 3015 1517 ignem
3057 1446 3275 1512 nutriat,
3305 1458 3359 1502 et
3388 1462 3484 1502 nos
3522 1448 3590 1502 ad

2011 1556 2248 1597 amorem
2277 1541 2628 1597 fraternitatis
2653 1539 2929 1594 accendat.
2960 1538 3060 1594 Per
3082 1553 3238 1607 quem
3262 1539 3592 1608 Majestatetn

2013 1643 2175 1689 tuam.

2084 1727 2162 1777 Ad
2204 1725 2590 1794 Complendum.
2621 1755 2692 1767 —
2719 1723 3029 1786 Sumentes,
3080 1719 3322 1789 Domine,
3355 1720 3597 1777 caelestia

1942 1842 1989 1902 Β
2018 1825 2373 1881 sacramenta,
2421 1831 2725 1884 qumsumus
2753 1813 3094 1868 clementiam
3145 1821 3309 1878 tuam,
3362 1821 3420 1868 ιιι
3453 1811 3593 1878 quod

2019 1909 2387 1978 temporaliter
2413 1909 2651 1978 gerimus
2681 1908 2896 1962 aeternis
2939 1905 3148 1979 gaudiis
3187 1920 3595 1975 consequamur.

2020 2000 2139 2055 Per.

2549 2081 2570 2108 ο
2624 2069 2773 2140 (397)
2805 2084 2961 2123 FIRIA
2987 2083 3040 2122 v.

2091 2179 2187 2234 Illo
2219 2194 2316 2234 nos
2339 2179 2478 2249 igne,
2508 2194 2833 2249 quaesumus,
2863 2178 3110 2245 Domine,
3137 2177 3367 2247 Spiritus
3389 2185 3604 2234 sanctus

2019 2268 2335 2337 inflammet,
2368 2283 2527 2337 quem
2563 2269 2817 2322 Dominus
2849 2276 3028 2322 noster
3051 2267 3206 2324 Jesus
3225 2268 3466 2323 Christus
3494 2269 3597 2322 mi-

2019 2362 2091 2414 sit
2120 2363 2170 2414 in
2201 2368 2423 2425 terram,
2465 2369 2518 2414 et
2546 2360 2713 2414 voluit
2739 2360 3086 2414 vehementer
3111 2361 3357 2419 accendi.
3387 2361 3489 2429 Qui
3523 2370 3602 2416 te-

2023 2466 2143 2506 cum
2168 2451 2298 2506 vivit
2323 2464 2373 2506 et
2398 2463 2582 2522 regnat
2612 2452 2819 2507 Deusin
2851 2453 3057 2509 unitate
3080 2453 3347 2522 ejusdem.

2097 2565 2267 2636 Super
2295 2564 2487 2619 oblata.
2514 2595 2583 2605 —
2617 2563 2822 2619 Virtute
2865 2563 3097 2632 Spiritus
3123 2566 3317 2634 sancti,
3355 2567 3606 2633 Domine,

2025 2671 2244 2712 munera
2287 2664 2468 2713 nostra
2499 2658 2767 2726 continge,
2799 2663 2857 2709 ut
2901 2657 3042 2725 quod
3090 2657 3432 2714 solemnitate
3469 2676 3608 2729 pra:-

1938 2777 1940 2779 ν
2025 2749 2163 2803 senti
2205 2759 2296 2802 tuo
2325 2747 2526 2802 nomini
2569 2747 2858 2811 dedicavit,
2896 2757 2947 2801 et
2980 2748 3318 2818 intelligibile
3350 2751 3502 2806 nobis
3533 2751 3608 2805 fa-

2026 2841 2134 2894 ciat
2164 2849 2218 2895 et
2239 2850 2520 2894 aeternum.
2557 2839 2659 2894 Per
2682 2838 2988 2894 Dominum.

2098 2951 2369 3019 Prwfa'io.
2402 2984 2473 2994 —
2503 2952 2640 3008 Vere
2680 2952 2896 3023 dignum
2929 2963 2983 3009 et
3027 2954 3224 3023 justum
3265 2967 3366 3024 est,
3396 2973 3605 3026 aequum

2026 3053 2081 3097 et
2107 3044 2361 3110 salutare,
2395 3057 2495 3097 nos
2528 3043 2621 3098 tibi
2650 3056 2864 3113 semper
2893 3055 2945 3100 et
2973 3045 3171 3114 ubique
3200 3049 3396 3118 gratias
3425 3064 3610 3118 agere,

2030 3135 2253 3190 Domine
2285 3143 2485 3202 sancte,
2520 3135 2674 3192 Pater
2694 3138 3055 3206 omnipotens,
3084 3149 3284 3195 :eterne
3307 3139 3447 3196 Deus
3471 3183 3486 3206 ,
3516 3157 3608 3209 per

2039 3229 2191 3297 101
2223 3226 2493 3283 Christum
2518 3228 2802 3284 Dominum
2834 3240 3099 3286 nostrum.
3133 3232 3234 3287 Per
3259 3249 3417 3302 quem
3445 3235 3612 3303 pieta-

2039 3330 2144 3372 tem
2175 3327 2319 3374 tuam
2360 3321 2672 3389 suppliciter
2715 3323 2966 3392 petimus,
3025 3334 3079 3379 ut
3121 3325 3353 3394 Spiritus
3398 3337 3616 3382 sanctus

2036 3408 2202 3463 corda
2246 3419 2427 3467 nostra
2469 3421 2753 3480 expurget,
2801 3423 2850 3467 et
2892 3415 2972 3468 sui
3011 3413 3226 3470 lmninis
3271 3415 3616 3472 irradiatione

2039 3499 2362 3567 perlustret,
2393 3509 2451 3555 ut
2479 3501 2533 3557 in
2581 3517 2644 3558 eo
2671 3503 2763 3573 qui
2791 3506 3079 3574 gratiarum
3112 3506 3332 3575 largitor
3360 3517 3441 3563 est
3472 3518 3618 3566 recta

2037 3596 2330 3664 sapiamus,
2363 3598 2506 3654 etde
2534 3598 2651 3667 ejus
2673 3601 3044 3656 consolatione
3069 3602 3122 3656 in
3147 3613 3459 3672 perpetuum
3485 3620 3618 3675 gau-

2038 3685 2282 3747 deamus.
2307 3690 2410 3746 Per
2435 3707 2590 3761 quem
2631 3692 2961 3762 Majestatem
2989 3702 3155 3751 tuam.

2112 3800 2191 3854 Ad
2234 3801 2618 3870 Cv-mplendum.
2648 3835 2717 3844 —
2747 3804 2924 3860 Sacris
2971 3807 3314 3872 coelestibus,
3363 3807 3624 3874 Domine,

2039 3901 2223 3946 sancto
2252 3893 2451 3962 Spiritu
2489 3903 2768 3964 operante,
2802 3895 2927 3951 vitia
2982 3907 3162 3952 nostra
3213 3908 3523 3968 purgentur,
3566 3911 3628 3954 ut

2043 3984 2354 4040 muneribus
2384 3989 2486 4041 tuis
2517 3988 2782 4057 possimus
2823 4003 3036 4058 semper
3061 3989 3250 4058 aptari.
3298 3989 3400 4045 Per
3442 3991 3623 4046 Domi-

2045 4089 2167 4127 tium
2200 4083 2463 4128 nostrum.

2115 4186 2251 4239 Alia.
2282 4215 2354 4227 —
2382 4186 2605 4252 Praesta,
2635 4201 2969 4256 quassumus,
3000 4187 3253 4253 Domine,
3285 4197 3341 4243 ut
3369 4203 3398 4242 a
3427 4189 3624 4244 nostris

2045 4279 2310 4334 mentibus
2338 4280 2579 4335 carnales
2606 4290 2852 4335 atuoveat
2877 4281 3106 4349 Spiritus
3135 4280 3357 4336 affectus
3376 4323 3391 4349 ,
3424 4291 3479 4336 et
3518 4284 3628 4349 spi-

2045 4371 2216 4425 ritalia
2247 4371 2399 4426 nobis
2428 4373 2568 4425 dona
2598 4380 2846 4440 potenter
2894 4372 3157 4427 infundat.
3208 4373 3308 4428 l‘er
3341 4373 3620 4428 Dominum

2045 4470 2282 4517 nostrum
2309 4461 2490 4519 Jesum
2519 4461 2786 4516 Christum
2813 4463 3004 4516 Filium
3035 4473 3204 4526 tuum,
3227 4463 3314 4532 qui
3342 4472 3515 4519 tecum
3546 4466 3626 4518 vi-

1973 4591 2018 4646 D
2045 4560 2118 4613 vit
2141 4568 2196 4614 et
2224 4570 2428 4629 regnat,
2460 4558 2620 4623 Dens,
2644 4558 2697 4612 in
2727 4558 2926 4613 unitate
2953 4554 3217 4628 ejusdem.

2525 4688 2682 4727 FEBIA
2718 4688 2790 4728 vt.
2821 4669 2846 4709 ἀ
2879 4687 3062 4728 ususts
3088 4688 3156 4726 tv.

2125 4783 2276 4854 (398)
2308 4785 2402 4853 Da,
2453 4800 2779 4854 quaesumus,
2836 4786 3087 4841 Ecclesiae
3138 4795 3280 4855 tuae,
3327 4786 3635 4842 misericors

2055 4876 2216 4941 Deus,
2248 4887 2326 4946 ut,
2357 4888 2543 4933 sancto
2575 4879 2775 4948 Spiritu
2802 4887 3152 4948 congregata,
3183 4877 3365 4932 hostili
3409 4879 3632 4933 nullate~

2056 4985 2154 5023 nus
2179 4970 2483 5025 incursione
2509 4971 2766 5026 turbetur.
2791 4970 2896 5025 Per
2924 4969 3202 5023 Dominum
3226 4979 3488 5025 nostrum.

2127 5059 2297 5129 Super
2336 5060 2943 5124 oblata.—Sacrificia,
2997 5058 3249 5125 Domine,
3306 5061 3412 5113 tuis
3460 5050 3634 5113 oblata

2049 5151 2425 5220 conspectibus
2455 5152 2543 5206 ille
2587 5151 2721 5220 ignis
2751 5150 2967 5204 divinus
2995 5158 3255 5217 assumat,
3290 5148 3376 5219 qui
3400 5148 3632 5219 discipu~

2063 5296 2168 5360 non
2195 5294 2332 5344 esse,
2381 5278 3062 5361 pate.t‘_ex._()rd._l_i.omano
3087 5321 3101 5344 ,
3148 5296 3263 5351 pag.
3459 5290 3516 5361 et
3549 5283 3639 5338 Al-

2061 5350 2262 5430 cuino,
2311 5364 2429 5418 pag.
2477 5349 2577 5409 b9;
2629 5350 3108 5432 item.Micrologo,
3153 5349 3275 5419 cap.
3326 5351 3415 5406 50.
3458 5352 3638 5435 Neque

2062 5434 2193 5473 sane
2239 5434 2290 5472 ιιι
2331 5434 2439 5472 ιιιιο
2475 5419 2877 5475 Colonienstum
2907 5421 3162 5475 Codicum
3207 5421 3522 5486 habebatur,
3556 5440 3634 5477 ιιι-

2062 5489 2175 5556 quit
2202 5488 2401 5612 Zamel.
2431 5489 2634 5543 Abesse
2658 5507 2869 5561 quoque
2888 5508 2918 5547 a
2939 5493 3072 5547 Cod.
3099 5492 3229 5563 Reg.
3261 5493 3420 5549 Suec.
3451 5493 3636 5547 ob<er~

2063 5575 2215 5612 vamu
2253 5598 2267 5611 .

2063 5575 2267 5613 vamus.

2133 5628 2159 5668 ά
2185 5627 2437 5684 lndicitur
2480 5630 2640 5683 statio
2687 5633 2754 5684 ad
2783 5632 3054 5698 Apostolos
3090 5633 3142 5687 in
3188 5631 3410 5688 Kalend.
3451 5630 3612 5686 Boni.

2063 5699 2514 5756 consentientibus
2546 5700 2681 5758 Edit.
2717 5701 2915 5759 Pamel.
2947 5714 3001 5760 et
3028 5703 3192 5760 Codd.
3218 5717 3349 5759 mss.
