4026 6334
426 368 527 424 HS

1621 362 1859 418 SANCTI
1898 361 2223 417 GREGORII
2266 360 2472 419 MAGNI
3581 367 3668 421 lit.

426 480 807 545 lorumﬁhristi
836 480 906 534 tui
937 494 1029 548 per
1051 478 1301 548 Spiritum
1325 483 1565 529 sanctum
1592 476 1752 530 corda
1772 490 1993 531 succeu-
2022 481 2071 538 Α
2099 487 2153 531 et
2181 479 2436 543 salutare,
2471 490 2567 532 nos
2596 477 2688 532 tibi
2718 491 2933 548 semper
2956 487 3011 534 et
3039 478 3232 551 ubique
3255 479 3454 551 gratius
3483 496 3668 550 agere,

423 573 520 627 dit.
553 571 654 626 Per
680 570 924 626 eumdem
959 568 1236 621 Dominum
1265 573 1506 618 nostrum

492 666 762 729 Prefatio.
787 691 858 703 -—
886 662 1022 715 Vere
1043 660 1256 729 dignum
1283 665 1338 714 et
1359 657 1558 728 justum
1581 666 1685 724 est,
1712 673 1923 729 aequum
1945 665 1999 712 et

423 757 677 819 salutare,
708 767 805 808 nos
835 751 928 805 tibi
973 765 1184 819 semper
1226 759 1280 803 et
1328 749 1522 819 ubique
1564 751 1764 819 gratias
1810 765 1991 819 agere,

425 846 646 900 Domine
670 851 880 905 sancte,
912 840 1068 894 Pater
1095 841 1429 910 omnipotens
1452 881 1468 907 ,
1499 850 1700 897 aeterne
1729 841 1869 897 Deus
1899 859 1913 897 :
1944 852 1999 896 et

421 937 750 1005 Majestatem
783 941 922 986 tuam
954 929 1267 1000 suppliciter
1293 945 1536 998 exorare,
1567 941 1622 986 ut
1653 932 1882 1001 Spiritus
1908 946 1997 999 pa-

423 1026 650 1082 racletus
677 1024 944 1086 adveniat,
974 1029 1029 1077 et
1058 1036 1176 1086 nos,
1212 1021 1578 1090 inhabitando,
1613 1024 1863 1092 templum
1888 1037 1998 1077 sum

422 1115 709 1187 hlajestatis
736 1115 961 1179 efﬁciat;
984 1114 1124 1182 quod
1151 1128 1273 1169 cum
1306 1114 1585 1184 Unigenito
1609 1114 1744 1172 Filio
1776 1126 1865 1170 tuo
1889 1117 1999 1170 cle-

421 1206 582 1261 menti
623 1212 866 1272 respectu
896 1217 1108 1273 semper
1138 1203 1374 1272 digneris
1403 1203 1658 1269 invisere,
1688 1213 1742 1259 et
1786 1213 1890 1258 tuae
1917 1204 1999 1258 in-

426 1294 767 1348 habitationis
813 1294 1021 1362 fulgore
1069 1294 1122 1347 in
1174 1303 1487 1362 perpetuum
1528 1295 1864 1365 perlustrare.
1898 1294 1999 1350 Per

420 1400 576 1455 quem
609 1385 940 1454 Majestatem
1927 1404 1933 1409 ·

491 1477 571 1528 Ad
609 1473 997 1543 Complendum.
1029 1503 1100 1515 —
1124 1473 1461 1542 Sumpsimus
1483 1514 1499 1540 ,
1551 1475 1772 1530 Domine
1795 1516 1811 1541 ,
1858 1475 1998 1530 Sacri

420 1565 560 1619 dona
591 1565 853 1635 mysterii,
895 1563 1165 1619 humiliter
1193 1564 1559 1634 deprecantes,
1589 1574 1644 1618 ut
1672 1581 1788 1633 qua:
1823 1565 1874 1619 in
1921 1566 1996 1619 tui

421 1655 982 1711 commemorationem
1031 1670 1128 1710 nos
1175 1657 1346 1710 facere
1377 1656 1709 1724 praecepisti,
1745 1657 1999 1727 largiente

421 1756 607 1800 sancto
631 1745 851 1816 Spiritu,
883 1746 935 1801 in
967 1755 1165 1801 nostra:
1190 1745 1470 1816 proﬁciant
1496 1745 1818 1802 inﬁrmitatis
1844 1749 1998 1803 auai-

424 1838 575 1892 lium.
609 1838 710 1893 Per
740 1837 1039 1893 Dominum.

492 1930 662 2000 Super
685 1930 950 1999 populum,
965 1928 1115 2001 (399)
1134 1929 1243 1984 siin
1255 1913 1460 2000 jejuiiio
1485 1929 1812 1998 fuerit—Da
1827 1929 1997 1995 nobis,

419 2032 744 2088 qumsumus,
779 2017 1018 2084 Domine,
1050 2034 1145 2088 per
1173 2021 1397 2089 gratiam
1429 2020 1658 2088 Spiritus
1683 2020 1873 2087 sancti,
1905 2037 2002 2075 no-

426 2125 542 2163 vam
573 2110 646 2163 tui
680 2109 936 2165 Paracleti
982 2109 1237 2178 spiritalis
1260 2110 1611 2166 observantia:
1640 2110 1995 2181 disciplinam,

420 2208 478 2252 ut
503 2209 708 2253 mentes
736 2209 946 2255 nostras
970 2215 1124 2255 sacro
1173 2199 1485 2269 puriﬁeante
1524 2201 1750 2271 jejunio,
1793 2202 1998 2258 cunctis

419 2288 708 2344 reddantur
733 2288 850 2357 eius
877 2289 1186 2346 muneribus
1204 2290 1461 2362 aptiores.
1491 2291 1594 2347 Per
1616 2292 1918 2348 Dominum.
1942 2291 2002 2348 lu

417 2379 619 2435 unitate
642 2378 903 2449 ejusdem.

619 2482 853 2524 sanna-ro
881 2485 932 2524 IN
966 2479 994 2508 ι
1023 2484 1098 2525 ιιι
1137 2475 1481 2527 uenustatis
1510 2487 1694 2529 IBNSIS
1719 2488 1790 2529 tv.

489 2557 756 2615 Mentibus
786 2561 1004 2628 nostris,
1032 2561 1274 2627 Domine,
1305 2562 1558 2632 Spiritum
1580 2575 1821 2620 sanctum
1848 2567 2001 2623 beni-

420 2667 555 2723 gnus
587 2651 827 2720 infunde,
860 2654 1013 2724 cujus
1041 2663 1095 2710 et
1137 2653 1402 2725 sapientia
1448 2655 1648 2713 conditi
1693 2672 1900 2726 sumus,
1947 2668 2002 2716 et

419 2745 751 2818 providentia
775 2747 1151 2816 gubernantur.
1184 2746 1286 2804 Per
1314 2748 1599 2804 Dominum
1629 2760 1890 2805 nostrum.

492 2835 952 2902 Alia.—Anuue,
1002 2838 1309 2894 misericors
1354 2838 1514 2907 Deus,
1560 2849 1618 2895 ut
1660 2841 1771 2911 qui,
1821 2842 1999 2898 divina

420 2939 684 2997 przecepta
717 2929 874 2998 102
901 2928 1144 2982 violando
1163 2968 1181 2995 ,
1211 2943 1241 2982 a
1270 2930 1499 2999 paradisi
1525 2929 1780 2987 felicitate
1802 2932 2002 2988 decidi-

421 3032 558 3081 mus,
581 3015 646 3069 ad
675 3028 887 3069 talenta:
912 3016 1276 3081 beatitudinis,
1300 3017 1436 3072 duce
1464 3028 1648 3073 sancto
1671 3018 1890 3090 Spiritu,
1915 3035 2002 3076 re-

416 3108 638 3162 deamus
666 3121 940 3161 accessum
960 3145 974 3169 ,
1008 3121 1102 3175 per
1136 3117 1350 3162 tuorum
1379 3108 1673 3164 custodiam
1723 3112 2000 3166 mandato-

419 3213 553 3254 rum.
585 3196 705 3252 Per.
736 3198 791 3252 lu
823 3198 1023 3253 unitate
1047 3198 1306 3267 ejusdem.

494 3289 721 3343 Alia.—
748 3289 906 3358 Deus,
935 3290 1023 3360 qui
1061 3290 1126 3344 ad
1165 3291 1462 3346 animarum
1511 3292 1772 3348 medelam
1810 3292 2001 3364 jejunii

421 3380 704 3436 devotione
726 3381 973 3449 castigari
999 3394 1218 3450 corpora
1243 3384 1566 3452 praecepisti,
1591 3383 1826 3440 concede
1849 3384 2001 3441 nobis

420 3469 711 3539 prolvitius,
741 3479 796 3526 et
822 3481 998 3528 mente
1022 3480 1075 3528 ct
1102 3485 1328 3543 corpore
1352 3487 1564 3544 semper
1596 3474 1690 3529 tibi
1737 3488 1858 3531 esse
1907 3478 2002 3532 de-

419 3570 594 3617 votos.
627 3561 747 3617 Per.
1981 3556 1983 3558 ’

493 3654 630 3708 Alia.
652 3684 724 3696 —
741 3653 962 3720 Praesta,
991 3668 1318 3724 quaesumus,
1346 3657 1685 3726 omnipotens
1717 3658 1858 3714 Deus
1877 3699 1894 3726 ,
1917 3668 1998 3728 ut,

420 3742 741 3799 salutaribus
767 3743 983 3813 jejuniis
1011 3743 1235 3808 eruditi,
1268 3744 1336 3799 ab
1378 3747 1625 3800 omnibus
1650 3747 1809 3802 etiam
1858 3748 2001 3803 vitiis

420 3836 782 3898 abstinentes,
829 3836 1259 3906 propitiationem
1314 3846 1454 3893 tuam
1497 3839 1702 3896 facilius
1751 3842 2002 3910 impetre-

423 3943 561 3983 mus.
597 3929 716 3983 Per.

493 4021 631 4074 Alia.
653 4049 726 4060 —
746 4019 975 4089 Praesta,
1005 4033 1331 4088 quaesumus,
1371 4021 1706 4093 omnipotens
1736 4025 1893 4090 Deus,
1922 4025 2000 4083 sic

419 4125 518 4165 nos
542 4112 613 4166 ab
639 4111 808 4181 epulis
836 4110 1136 4165 carnalibus
1160 4111 1448 4178 abstinere;
1481 4125 1533 4168 ut
1563 4131 1591 4168 a
1625 4116 1764 4172 vitiis
1794 4119 2001 4174 irruen-

419 4203 557 4257 tibus
587 4203 785 4273 pariter
807 4203 1129 4272 jejunemus.
1166 4203 1264 4260 Per
1291 4204 1574 4260 Dominum
1605 4218 1866 4262 nostrmn.

497 4295 614 4346 Alia
641 4293 713 4346 ad.
746 4292 981 4348 Missam.
1013 4323 1086 4334 —
1111 4293 1277 4363 Deus,
1307 4295 1396 4365 qui
1429 4296 1597 4351 tribus
1640 4301 1816 4365 pueris
1861 4298 2001 4354 miti-

419 4381 553 4452 gasti
585 4383 825 4437 flammas
855 4382 1051 4451 ignium
1072 4422 1090 4448 ,
1130 4384 1364 4438 concede
1395 4386 1652 4453 prepitius
1679 4395 1738 4440 ut
1785 4403 1882 4443 nos
1925 4387 2003 4442 la-

420 4473 594 4526 tttulos
622 4479 741 4524 tuos
771 4484 877 4523 non
904 4479 1090 4524 exurat
1117 4470 1330 4526 ﬁamma
1361 4471 1632 4527 vitiorum.
1669 4473 1790 4529 l’er.

2102 572 2323 626 Domine
2353 579 2531 626 sancte
2555 614 2570 637 ,
2604 571 2757 626 Pater
2781 571 3151 640 omnipotens,
3181 585 3380 629 aeterne
3410 573 3549 628 Dens
3577 591 3591 628 :
3624 583 3675 629 et

2101 670 2242 715 tuam
2269 661 2705 730 omnipotentiam
2733 661 2942 716 devotis
2988 662 3234 730 precibus
3280 663 3584 731 implorare,
3620 674 3675 719 ut

2099 764 2196 804 nos
2225 747 2378 820 (400)
2411 750 2644 818 Spiritus
2675 750 2745 803 tui
2777 751 2956 806 lumen
2994 750 3254 816 infundat,
3287 753 3439 820 cujus
3469 765 3567 806 nos
3594 766 3676 806 sa-

2100 840 2294 909 pientia
2316 849 2481 906 creat,
2513 841 2682 910 pietas
2701 850 2930 908 recreat,
2954 849 3009 896 et
3037 843 3364 910 providentia
3393 842 3672 911 gubernat.

2099 932 2219 1000 Qui,
2252 946 2372 987 cum
2402 947 2431 987 a
2463 940 2549 986 tua
2595 931 2890 988 substantia
2919 932 3063 986 nullo
3092 932 3252 988 modo
3293 932 3364 987 sit
3411 933 3673 999 diversus,

2100 1020 2194 1075 sed
2224 1020 2319 1075 tibi
2357 1029 2412 1076 et
2443 1021 2725 1090 Uuigenito
2754 1031 2846 1076 tuo
2869 1020 3336 1077 con-substantialis
3361 1031 3416 1077 et
3457 1033 3678 1078 conter-

2104 1122 2226 1173 uns,
2255 1107 2564 1164 diversitate
2593 1117 2768 1163 tamen
2800 1109 3059 1164 donorum
3088 1109 3258 1180 replet
3282 1117 3489 1165 tuorum
3516 1111 3674 1166 corda

2102 1197 2358 1252 ﬁdelium.
2393 1196 2459 1251 Et
2484 1197 2606 1252 ideo
2633 1212 2751 1251 cum
2782 1197 3004 1268 angelis.

2169 1286 2196 1326 δ
2228 1287 2542 1344 Benedictio.
2563 1317 2632 1329 —-
2657 1289 2938 1344 Benedicat
2965 1289 3112 1343 vobis
3140 1290 3478 1360 omnipotens
3509 1293 3673 1357 Deus,

2099 1377 2188 1446 qui
2218 1384 2408 1431 cuncta
2436 1390 2504 1432 ex
2550 1376 2719 1430 nihilo
2744 1378 2967 1441 creavit,
2998 1386 3053 1431 et
3081 1376 3230 1432 vobis
3260 1377 3314 1433 in
3363 1377 3677 1446 baptismate

2103 1483 2196 1538 per
2221 1467 2479 1538 Spiritum
2505 1480 2745 1523 sanctum
2773 1467 3143 1524 remissionem
3170 1470 3407 1525 omnium
3437 1481 3677 1540 peccatu-

2102 1576 2218 1616 rum
2250 1559 2453 1616 tribuit.
2501 1561 2691 1615 Amen.
2723 1560 2927 1630 Quippe
2971 1561 3216 1616 eumdem
3259 1562 3513 1630 Spiritum
3558 1577 3676 1618 san-

2103 1660 2246 1706 ctum
2289 1651 2344 1704 in
2377 1650 2545 1720 igneis
2572 1650 2763 1720 linguis
2811 1649 3084 1720 discipulis
3132 1652 3243 1707 suis
3281 1653 3463 1719 dedit,
3514 1653 3677 1725 ipsius

2104 1741 2460 1796 illustratione
2489 1740 2650 1796 corda
2683 1751 2858 1796 vestra
2903 1742 3210 1811 perlustret,
3239 1753 3395 1813 atque
3442 1745 3494 1799 in
3525 1760 3675 1800 suum

2031 1855 2076 1915 Β
2104 1847 2340 1886 amorem
2366 1834 2559 1902 jugiter
2582 1831 2856 1887 accendat.
2885 1833 3076 1887 Amen.
3102 1833 3373 1897 Quatenus
3397 1834 3513 1903 ejus
3540 1834 3678 1890 dono

2105 1939 2136 1977 a
2168 1922 2310 1977 vitiis
2337 1924 2544 1977 cunctis
2568 1922 2839 1977 emundati
2859 1965 2875 1990 ,
2905 1923 3070 1992 ipsius
3096 1923 3440 1991 opitulatione
3468 1924 3536 1977 ab
3565 1938 3679 1977 om-

2103 2013 2258 2067 nibus
2287 2012 2698 2068 adversitatibus
2725 2011 2968 2078 defensi,
3024 2014 3278 2082 templum
3328 2015 3492 2083 ipsius
3540 2013 3679 2069 efﬁci

2094 2086 2436 2158 'mereamlni.
2467 2105 2656 2157 Amen.
2684 2103 2836 2169 Quod
2867 2103 2980 2172 ipse
3011 2113 3261 2172 praestare
3289 2103 3556 2172 dignetur.

2175 2195 2254 2248 Ad
2282 2193 2671 2262 Complendttm.
2695 2221 2767 2234 —
2788 2195 3065 2249 Przeheant
3091 2193 3278 2259 nobis,
3310 2193 3561 2256 Domine,
3595 2193 3680 2246 di-

2104 2286 2284 2340 vinum
2329 2294 2418 2340 tua
2461 2295 2642 2340 sancta
2673 2282 2958 2349 fervorem,
3007 2298 3113 2354 quo
3154 2298 3338 2339 eorum
3388 2284 3586 2354 pariter
3630 2295 3682 2339 et

2104 2383 2222 2431 actu
2253 2374 2579 2430 delectemur
2607 2382 2659 2429 et
2688 2374 2878 2428 fructu.
2914 2373 3033 2428 Per.

2225 2465 2378 2535 103
2406 2479 2651 2518 DOIIINICA
2685 2464 2703 2528 (
2717 2463 2834 2534 iﬁl)
2861 2476 2881 2503 ε
2911 2478 3148 2518 ocnus
3176 2476 3561 2517 pssrecos'rss.

2173 2553 2520 2624 Omnipotens
2560 2553 2883 2622 sempiterne
2912 2553 3082 2618 Deus,
3111 2555 3198 2623 qui
3230 2553 3419 2608 dedisti
3469 2552 3681 2607 famulis

2103 2645 2208 2700 tuis
2244 2643 2300 2699 in
2329 2644 2662 2699 confessione
2693 2657 2832 2698 verae
2874 2643 2995 2697 fidei
3025 2655 3237 2698 aeterna:
3266 2642 3543 2697 Trinitatis
3571 2643 3681 2712 glo-

2105 2735 2239 2790 riam
2285 2748 2607 2804 agnoscere,
2645 2742 2700 2789 et
2741 2734 2793 2788 in
2841 2733 3073 2802 potentia
3121 2732 3406 2801 Majestatis
3456 2733 3681 2788 adorare

2105 2827 2407 2895 Uuitatem,
2447 2839 2750 2896 quaesumus
2781 2833 2838 2879 ut
2879 2825 3114 2894 ejusdem
3161 2825 3283 2880 fidei
3331 2824 3580 2880 firmitate
3615 2825 3681 2880 ab

2103 2921 2355 2976 omnibus
2383 2933 2595 2990 semper
2637 2918 2938 2974 muniamur
2965 2918 3224 2973 adversis.
3270 2919 3368 2973 Per
3401 2917 3681 2972 Dominum

2105 3019 2369 3066 nostrum.

2176 3102 2346 3174 Super
2386 3101 2576 3157 oblata.
2609 3131 2682 3144 —-
2705 3097 2986 3156 Sanctiﬁca
3011 3139 3027 3164 ,
3073 3112 3376 3169 quaesumus
3397 3142 3412 3163 ,
3459 3097 3683 3154 Domine

2025 3221 2073 3283 ο
2106 3193 2244 3250 Deus
2273 3201 2486 3259 noster,
2511 3206 2605 3262 per
2629 3189 2893 3261 Unigeniti
2925 3190 3001 3244 tui
3029 3186 3296 3253 virtutem,
3331 3189 3488 3258 hujus
3533 3189 3680 3243 obla-

2106 3286 2269 3342 tionis
2315 3284 2571 3348 Hostiam,
2601 3289 2673 3348 et,
2719 3291 3041 3350 coeperante
3090 3279 3288 3349 Spiritu
3335 3288 3544 3346 sancto,
3587 3293 3680 3349 per

2102 3393 2222 3435 eam
2255 3374 2611 3444 nosmetipsos
2659 3374 2750 3428 tibi
2791 3373 2985 3442 perﬁce
3029 3385 3222 3426 munus
3267 3379 3549 3426 mternum.
3581 3370 3682 3425 Per

2102 3467 2373 3524 eumdem.
2405 3466 2460 3520 ln
2493 3465 2694 3520 unitate
2718 3463 2978 3532 ejusdem.

2171 3557 2441 3628 Praefatio.
2461 3585 2527 3596 —
2553 3555 2688 3611 Vere
2711 3555 2924 3626 dignum
2955 3565 3007 3609 et
3032 3553 3234 3624 justum
3265 3560 3368 3620 est,
3400 3565 3606 3622 aequum
3628 3560 3683 3605 et

2100 3650 2366 3715 salutare,
2393 3662 2492 3704 nos
2520 3647 2611 3702 tibi
2642 3661 2854 3716 semper
2897 3657 2952 3702 et
2998 3646 3194 3715 ubiqpe
3233 3644 3429 3714 gratias
3475 3656 3632 3710 agere
3667 3659 3680 3695 :

2105 3740 2326 3794 Domine
2372 3747 2575 3800 sancte,
2625 3735 2782 3792 Pater
2828 3734 3195 3804 omnipotens,
3241 3747 3443 3789 aeterne
3495 3733 3681 3788 Deus:

2101 3830 2252 3899 (402)
2281 3831 2367 3898 qui
2399 3845 2519 3883 cum
2552 3827 2836 3898 Unigenito
2864 3827 2998 3881 Filio
3025 3835 3115 3881 tuo
3157 3835 3212 3882 et
3255 3824 3452 3895 Spiritu
3499 3835 3686 3878 sancto

2103 3936 2240 3975 unus
2266 3937 2321 3975 ες
2357 3920 2515 3982 Deus,
2548 3935 2683 3973 unus
2711 3933 2768 3973 es
2808 3918 3094 3984 Dominus,
3126 3933 3232 3973 non
3275 3919 3327 3972 in
3370 3917 3527 3972 unius
3570 3916 3686 3970 sin-

2101 4013 2240 4080 gula:
2256 4011 2380 4065 itate
2407 4026 2670 4080 personae,
2696 4011 2788 4064 sed
2814 4010 2866 4063 in
2890 4010 3044 4064 unius
3064 4009 3324 4064 Trinitate
3345 4009 3680 4063 substantiae.

2102 4103 2255 4170 Quod
2284 4104 2424 4157 enim
2453 4103 2518 4158 de
2548 4112 2633 4157 tua
2681 4102 2879 4172 gloria,
2931 4102 3206 4158 revelante
3251 4111 3339 4169 te,
3386 4101 3680 4167 credimus,

2105 4198 2205 4251 hoc
2229 4199 2296 4252 de
2327 4196 2466 4251 Filio
2488 4204 2597 4264 tuo,
2633 4195 2732 4250 hoc
2760 4195 2826 4250 de
2853 4195 3053 4265 Spiritu
3080 4202 3266 4249 sancto
3291 4194 3407 4249 sine
3433 4193 3688 4248 differen-

2104 4287 2190 4341 tiae
2215 4285 2536 4340 discretione
2555 4285 2848 4349 sentimus;
2869 4292 2926 4338 ut
2949 4284 3001 4339 in
3024 4282 3360 4340 confessione
3381 4298 3523 4339 verae
3543 4298 3687 4339 sem-

2105 4378 2434 4448 piternaeque
2463 4377 2713 4444 Deitatis,
2747 4385 2801 4432 et
2833 4378 2882 4430 in
2915 4378 3153 4445 personis
3183 4378 3480 4446 preprietas
3502 4417 3516 4439 ,
3546 4384 3604 4431 et
3632 4376 3684 4431 in

2104 4470 2330 4524 essentia
2364 4467 2574 4533 Unitas,
2615 4477 2671 4524 et
2712 4469 2764 4524 in
2791 4467 3064 4538 Majestate
3093 4467 3346 4523 adoretur
3385 4467 3683 4538 aequalitas.

497 4562 666 4631 Super
694 4560 884 4655 abluta.
906 4589 976 4602 -—
997 4560 1345 4629 Omnipotens
1367 4563 1690 4629 semgiilerne
1724 4566 1883 4635 Deus,
1907 4568 1997 4637 qui
2031 4561 2272 4655 nQuam
2303 4560 2518 4615 laudant
2545 4561 2740 4631 angeli.

423 4665 526 4704 non
556 4647 939 4702 sacrificiorum
969 4649 1258 4704 ambitione
1299 4652 1546 4720 placaris,
1578 4658 1669 4708 sed
1695 4658 1868 4711 studia
1899 4660 1997 4726 piae

420 4741 721 4796 devotionis
750 4740 1008 4805 intendis,
1041 4742 1108 4794 da
1135 4739 1349 4796 familia:
1379 4752 1479 4797 tum
1512 4745 1765 4813 Spiritum
1793 4759 1995 4804 rectum

420 4845 476 4887 et
505 4832 698 4886 habere
721 4841 816 4888 cur
845 4832 1119 4897 mundum,
1144 4842 1201 4886 ut
1230 4834 1359 4888 fides
1384 4849 1567 4890 eorum
1600 4838 1714 4893 haec
1741 4843 1876 4895 dona
1905 4843 2000 4897 tibi

421 4920 687 4985 conciliet,
715 4934 768 4977 et
799 4921 1070 4976 humilitas
1094 4921 1271 4977 oblata
1297 4925 1656 4980 commendet.
1685 4926 1808 4983 Per.

494 5009 767 5081 Praefatio.
795 5040 866 5052 —
889 5010 1026 5068 Vere
1061 5012 1277 5083 dignum
1308 5019 1364 5069 et
1395 5012 1595 5085 justum
1624 5025 1739 5086 est,
1790 5033 1999 5088 aequum

507 5197 534 5220 ⁸
552 5189 764 5260 Legitur
801 5191 854 5247 in
887 5190 983 5246 Ed.
1015 5191 1216 5249 Paniel.
1249 5201 1304 5249 et
1345 5192 1397 5249 in
1425 5193 1652 5252 Kalend.
1685 5195 1842 5253 Rom.
1872 5212 1891 5252 :
1923 5198 2003 5253 Ad

423 5271 651 5315 nanctum
679 5261 911 5317 Petrum.

496 5328 686 5409 {Haec
697 5332 1020 5409 _Benedi_<_:tio_
1019 5348 1123 5386 non
1148 5334 1407 5409 legitur_in
1431 5335 1548 5409 aliis
1572 5335 1697 5402 Ed,
1719 5337 2000 5409 nequidem

429 5399 482 5453 in
514 5400 946 5457 Benedictinnali.
981 5403 1164 5457 Exstat
1193 5399 1242 5458 in
1274 5405 1298 5458 1
1333 5404 1648 5460 Theoderic.

503 5482 525 5509 ο
555 5469 686 5524 Male
712 5472 760 5523 iu
795 5473 935 5525 Edit.
968 5471 1133 5527 Vatic.
1165 5485 1218 5526 et
1245 5474 1568 5538 Gussanvil.,
1601 5477 1653 5530 in
1682 5487 1823 5530 nocte
1847 5476 2001 5535 Pent.

428 5537 818 5613 Iortepriores
839 5542 1089 5613 Editur-es
1118 5543 1187 5595 ita
1219 5544 1477 5610 legerunt,
1508 5561 1601 5613 pro
1623 5548 1673 5599 in
1702 5559 1826 5610 σοι..
1851 5549 2001 5602 addi-

429 5612 576 5664 tione
604 5609 701 5662 litt.
736 5626 789 5663 ιι.
821 5611 973 5678 Apud
1007 5611 1205 5665 l’amvl.
1233 5609 1358 5666 sunt
1400 5609 1520 5668 alite
1567 5609 1870 5671 Orationes.
1921 5617 2003 5672 Ad

428 5682 719 5746 marginem
751 5693 877 5733 vero
925 5680 1037 5732 haec
1073 5680 1270 5735 habet:
1307 5681 1574 5737 Dominica
1619 5695 1780 5739 vacat.
1828 5686 2001 5741 Ofticii

429 5767 635 5820 quoipso:
668 5749 820 5820 hujus
852 5751 1032 5806 t'tttlus
1065 5753 1194 5807 antis
1242 5753 1436 5806 indicat
1479 5753 1863 5821 Crcgmianutn
1897 5773 2003 5810 non

2176 4653 2202 4692 (ι
2229 4652 2540 4707 Benedictio.
2571 4682 2638 4692 —
2662 4653 3009 4721 Omnipotens
3034 4649 3294 4721 Trinitas,
3326 4664 3460 4704 unus
3488 4658 3543 4705 et
3597 4665 3685 4702 ve-

2107 4763 2196 4802 rus
2227 4747 2384 4813 Deus,
2420 4746 2598 4814 Pater,
2640 4753 2692 4800 et
2723 4745 2926 4813 Filius,
2957 4754 3012 4803 et
3046 4746 3275 4817 Spiritus
3315 4750 3564 4808 sanctus,
3596 4743 3685 4795 det

2107 4839 2257 4893 vobis
2296 4854 2356 4894 se
2403 4839 2709 4896 desiderare
2758 4840 3014 4904 fideliter,
3062 4851 3352 4909 agnoscere
3401 4836 3682 4900 veraciter,

2107 4929 2328 5002 diligere
2371 4931 2667 4988 sinceriter.
2713 4933 2904 4987 Amen.
2965 4930 3342 5001 Aﬁqualitatem
3401 4940 3563 5000 atque
3612 4928 3684 4981 in-

2107 5023 2634 5080 commutabilitatem
2663 5021 2791 5080 sua:
2846 5025 3094 5078 essentia:
3147 5021 3220 5077 ita
3277 5021 3467 5077 vestris
3529 5035 3683 5073 men-

2107 5217 2246 5258 esse.
2279 5203 2354 5259 De
2377 5213 2560 5259 octava
2607 5203 2819 5259 interim
2860 5201 3204 5256 Pentecostes
3229 5197 3546 5254 celebranda
3578 5196 3680 5249 late

2108 5282 2299 5327 tractat
2329 5275 2534 5338 Berno,
2576 5274 2644 5328 de
2673 5275 2849 5340 Missa,
2879 5286 2997 5339 cap.
3023 5271 3079 5334 ὅ,
3112 5283 3164 5325 et
3194 5270 3425 5324 ollicium
3457 5268 3557 5320 hoc
3587 5283 3681 5340 an-

2109 5346 2400 5398 tlienticum
2425 5360 2543 5398 esse
2591 5343 2730 5398 idem
2781 5338 2986 5409 probat,
3031 5355 3150 5409 cap.
3180 5343 3246 5402 5,
3288 5353 3352 5409 ex
3397 5338 3682 5409 concordia

2107 5414 2263 5482 hujus
2291 5415 2558 5468 Orationis
2607 5428 2727 5467 cum
2768 5405 3069 5482 Aptipliona
3100 5405 3172 5482 iet
3216 5408 3432 5482 lection.
3481 5408 3535 5461 in
3583 5405 3682 5482 hac

2107 5476 2379 5538 Du'minica
2421 5484 2760 5554 pra-scriptis.
2795 5476 2938 5536 Facit
2967 5479 3206 5550 ejusdem
3235 5478 3560 5532 mentionem
3591 5476 3684 5530 Mi-

2105 5555 2377 5626 crologus,
2403 5556 2642 5626 cap.‘59,
2675 5562 2791 5626 etc.
2974 5620 3004 5626 __
3033 5620 3063 5626 __
3119 5617 3132 5626 .
3282 5617 3294 5626 .
3447 5617 3458 5626 _
3494 5615 3506 5626 .
3550 5614 3562 5626 ν

2176 5625 2199 5662 ά
2231 5613 2303 5678 es
2355 5613 2728 5680 Beiiedictione
2781 5625 2881 5679 hac
2935 5620 3066 5678 nihil
3118 5617 3352 5687 invenio,
3407 5615 3510 5671 nisi
3549 5614 3600 5669 iu
3650 5613 3675 5666 1

2103 5693 2319 5749 Themle
2352 5695 2418 5749 ic.

2152 5695 2319 5750 hcmle
2352 5695 2418 5749 ic.
