4026 6306
196 391 285 444 117

1367 371 1563 426 LIBER
1603 365 2235 426 SACRAMENTORUM.

3340 357 3435 413 ll8

189 502 334 554 tibus
388 496 596 565 inﬁgat,
655 503 713 550 ut
762 490 831 547 ab
881 505 945 544 ea
992 499 1261 556 nunquam
1311 498 1404 540 vos
1448 484 1768 553 quibuscun-
1801 487 1846 544 Α
1873 479 2088 546 sidium,
2122 487 2199 543 ut,
2229 476 2296 530 ab
2325 473 2572 531 omnibus
2611 473 2782 528 noxiis
2812 472 3077 542 expedita,
3107 478 3296 526 cuncta
3339 471 3439 524 sibi
3513 549 3517 554 ι

187 606 294 660 que
346 586 643 658 phantasiis
697 582 946 637 aberrare
989 577 1280 646 permittat.
1335 573 1526 628 Amen.
1575 573 1772 640 Sicque

1877 571 2147 640 profutura
2175 567 2431 637 perﬁciat.
2461 565 2561 620 Per
2589 564 2865 619 Dominum
2896 573 3158 618 nostrum.

193 699 290 736 vos
348 681 405 735 in
441 680 520 733 sui
561 675 662 730 fide
687 716 703 740 ,
747 685 842 740 spe
884 680 936 725 et
978 668 1238 722 cltaritate
1277 676 1618 733 perseverare
1645 675 1776 715 con-
1877 680 1906 716 ν
1946 677 2062 717 tuus
2097 676 2249 716 lusu.
2280 689 2348 699 —
2379 654 2529 728 (404)
2557 670 2777 709 mnus
2811 667 3118 709 sucronun
3146 660 3168 689 ε
3200 665 3343 704 rum
3384 664 3448 702 li‘l'

189 773 379 837 cedat,
411 783 463 824 ut
515 781 606 837 per
656 778 720 820 ea
767 760 1099 831 postmodum
1152 756 1217 812 ad
1269 755 1350 810 sui
1393 752 1775 809 manifestatio-

193 876 325 915 nem
381 859 744 924 visionemque
765 849 1208 906 intet‘minabilem
1240 845 1557 901 introducat.
1581 843 1771 898 Amen.

193 952 351 1020 Quod
384 952 499 1020 ipse
525 957 778 1017 praestare
807 944 1070 1011 dignetur.

266 1044 351 1097 Ad
377 1041 766 1110 Complendum.
787 1065 857 1076 —-
879 1034 1123 1090 Proﬁciat
1151 1030 1299 1086 nobis
1321 1027 1386 1081 ad
1413 1026 1634 1081 salutem
1661 1037 1779 1078 cor-

194 1138 347 1208 poris
381 1145 438 1190 et
488 1135 699 1198 animat,
749 1128 996 1191 Domine,
1039 1136 1358 1194 quaesumus.
1405 1118 1560 1188 hujus
1599 1129 1773 1170 sacra-

194 1205 368 1280 menti
419 1222 734 1293 perceptio,
789 1226 844 1272 et
887 1215 1208 1284 sempiterna
1258 1219 1455 1265 sancta:
1506 1205 1783 1263 Trinitatis

197 1316 555 1386 ejusdemque
583 1312 866 1368 individua:
894 1309 1118 1365 Unitatis
1138 1306 1424 1362 confessio.
1450 1304 1571 1359 Per.

272 1408 447 1476 Super
473 1406 739 1474 populum.
767 1433 837 1443 —
867 1401 1088 1456 Domine
1131 1399 1292 1468 Deus,
1335 1397 1490 1452 Pater
1533 1394 1781 1462 omnipo-

202 1508 347 1563 tens,
388 1496 618 1550 famulos
665 1504 768 1549 tua:
811 1491 1071 1562 Majestati
1113 1490 1380 1560 subjectos
1425 1501 1519 1556 per
1566 1487 1779 1541 unicum

206 1589 404 1643 Filium
457 1597 600 1642 tuum
649 1587 700 1642 in
744 1590 936 1642 virtute
975 1583 1144 1640 sancti
1190 1581 1417 1650 Spiritus
1465 1580 1690 1636 benedic
1730 1588 1786 1638 et

206 1688 459 1748 protege,
501 1688 586 1742 ut,
617 1678 685 1731 ab
714 1678 856 1731 omni
905 1676 1060 1730 hoste
1102 1672 1314 1739 securi,
1363 1671 1416 1726 in
1459 1680 1547 1727 tua
1589 1671 1788 1743 jugiter

205 1769 362 1824 laude
389 1769 647 1824 laetemur.
686 1769 785 1822 Per
813 1765 1082 1820 eumdem.

208 1874 482 1913 sussnxs
510 1871 666 1912 insit.
694 1886 764 1898 —
787 1864 814 1893 ⁸
845 1869 1126 1910 peniculo
1152 1851 1297 1924 (405)
1326 1865 1578 1907 nutus;
1602 1863 1787 1906 SANCTI

1904 1830 2062 1871 ?RIDIE
2091 1829 2208 1868 IDUS
2247 1827 2268 1866 .l

848 1941 1146 1979 NICOIEDIS.

282 2015 424 2070 Deus
445 2055 461 2078 ,
494 2015 584 2085 qui
615 2030 713 2070 nos
741 2014 881 2070 beati
911 2014 1213 2068 Nicomedis
1246 2013 1495 2083 martyris
1523 2011 1598 2065 tui
1634 2008 1792 2081 104

211 2109 417 2162 meritis
454 2117 507 2162 et
537 2107 918 2163 intercessione
948 2106 1204 2169 laetificas,
1226 2104 1462 2159 concede
1505 2102 1788 2172 propitius,

210 2208 286 2264 ut,
319 2199 406 2268 qui
436 2198 554 2267 ejus
574 2197 830 2252 beneﬁcia
855 2196 1140 2266 poscimus,
1164 2195 1305 2250 dona
1331 2203 1429 2249 tum
1452 2193 1636 2264 gratim
1657 2207 1788 2246 con-

210 2303 516 2358 sequamur.
549 2289 648 2342 Per
668 2286 947 2342 Dominum
975 2294 1235 2341 nostrum.

284 2378 457 2447 Super
478 2378 666 2432 oblata.
688 2408 755 2418 —
783 2379 1018 2442 Munera,
1048 2376 1288 2440 Domine,
1319 2375 1494 2430 oblata
1520 2374 1792 2430 sanctiﬁca

213 2481 289 2534 et,
333 2471 700 2526 intercedente
726 2470 880 2525 beato
923 2466 1210 2524 Nicomede
1259 2475 1496 2536 martyre
1545 2475 1651 2532 tuo,
1697 2479 1794 2520 nos

218 2575 310 2626 per
340 2559 457 2614 hrec
485 2575 512 2612 a
543 2568 881 2629 peccatorum
926 2565 1229 2614 nostrorum
1277 2555 1501 2612 maculis
1542 2553 1789 2612 emunda.

215 2648 318 2704 Per
344 2650 645 2705 Dominum.

285 2740 368 2792 Ad
396 2737 787 2807 Complendum.
810 2768 882 2779 —
906 2738 1184 2808 Supplices
1230 2748 1280 2794 te
1310 2753 1580 2810 rogamus,
1622 2740 1796 2795 omni-

216 2839 404 2900 potens
436 2830 573 2884 Deus
593 2871 608 2895 ,
638 2838 696 2884 ut
721 2845 855 2900 quos
894 2831 998 2883 tuis
1029 2830 1206 2883 reficis
1233 2829 1599 2895 sacramentis,
1634 2829 1798 2885 inter-

215 2921 440 2974 cedente
470 2920 624 2974 beato
651 2919 939 2975 Nicomede
969 2929 1199 2990 martyre
1227 2929 1346 2986 tuo,
1380 2920 1474 2974 tibi
1501 2920 1663 2974 etiam
1689 2922 1798 2989 pla-

222 3011 341 3066 citis
366 3011 606 3067 moribus
634 3010 914 3081 dignanter
941 3010 1139 3065 tribuas
1166 3009 1457 3066 deservire.
1489 3010 1588 3065 Per
1617 3011 1799 3066 Domi-

222 3119 364 3158 num.

224 3209 272 3249 tv
298 3208 460 3249 noxas
489 3210 645 3249 mrsu.
675 3224 746 3235 —
772 3209 995 3250 manus
1032 3209 1337 3264 stscroauu
1375 3208 1697 3250 uacuus!
1727 3209 1792 3247 ετ
1823 3201 1869 3264 ρ

886 3281 1042 3319 perm
1073 3263 1123 3321 δ.

295 3354 451 3421 Deus,
481 3354 572 3424 qui
602 3369 701 3409 nos
721 3369 897 3409 annua
925 3354 1197 3410 beatorum
1241 3364 1533 3424 martyrum
1584 3364 1794 3408 tuorum

227 3443 506 3498 Marcellini
535 3453 590 3498 et
611 3442 753 3498 Petri
770 3442 1106 3498 solemnitate
1135 3443 1391 3507 laetiﬁcas,
1417 3453 1630 3512 praesta,
1653 3459 1795 3512 qua:-

228 3550 438 3601 sumus,
471 3544 531 3590 ut
557 3551 784 3605 quantm
830 3535 1126 3606 gaudemus
1179 3536 1402 3601 meritis,
1448 3549 1798 3605 provocemur

227 3629 501 3697 exemplis.
530 3628 650 3682 Per.

295 3719 464 3787 Super
491 3719 676 3772 oblata.
707 3746 771 3759 —
796 3717 998 3780 Votiva,
1034 3717 1275 3782 Domine,
1309 3729 1526 3770 munera
1549 3714 1799 3770 defereno

230 3821 328 3877 tes,
357 3811 410 3866 in
433 3821 643 3866 tuorum
665 3810 954 3866 Marcellini
982 3819 1038 3865 et
1070 3809 1213 3865 Petri
1239 3819 1530 3880 martyrum
1558 3810 1802 3876 passione

231 3912 368 3956 tuam
412 3901 856 3972 magnificentiam
887 3915 1222 3964 veneramur,
1250 3908 1305 3953 et
1355 3913 1449 3966 per
1485 3913 1602 3953 eam
1650 3896 1802 3952 nobis

232 3993 572 4059 implet-amns
601 4000 705 4044 tua:
736 3990 943 4058 pietatis
970 3990 1246 4044 auxilium.
1282 3988 1400 4043 Per.

300 4081 570 4152 Prcfalio.
592 4109 662 4122 -
684 4080 820 4135 Vere
844 4079 1058 4150 dignum
1081 4089 1134 4135 et
1154 4079 1354 4150 justum
1385 4087 1490 4144 est,
1519 4092 1729 4147 aequum
1752 4087 1806 4132 et

233 4175 480 4236 salutare,
510 4187 608 4228 nos
647 4173 744 4228 tibi
784 4187 997 4242 semper
1039 4179 1092 4227 et
1137 4171 1336 4242 ubique
1381 4171 1576 4242 gratias
1623 4184 1802 4240 agere,

239 4267 452 4324 Domine
489 4278 695 4336 sancte,
749 4269 907 4322 Pater
952 4266 1312 4334 omnipotens,
1367 4275 1567 4320 aterne
1613 4262 1802 4318 Deus:

239 4363 368 4429 apud
415 4378 570 4432 qmm
620 4375 833 4429 semper
882 4369 966 4416 est
1015 4359 1267 4427 praclara
1325 4358 1434 4412 vita
1480 4363 1805 4422 sanctorum,

238 4467 452 4522 quorum
483 4469 580 4508 nos
609 4453 845 4521 pretiosa
886 4466 1030 4506 mors
1074 4448 1307 4504 laetiﬁcat
1334 4457 1386 4503 et
1419 4455 1615 4502 tuetur.
1661 4446 1809 4514 Qua-

242 4553 448 4613 propter
473 4556 766 4615 martyrum
792 4554 999 4598 tuorum
1024 4539 1310 4597 Marcellini
1338 4546 1394 4594 et
1419 4537 1560 4594 Petri
1581 4537 1810 4607 gloriosa

245 4645 567 4690 recensentes
596 4634 855 4700 natalitia,
890 4632 1074 4688 laudes
1103 4631 1196 4686 tibi
1242 4630 1542 4695 referimus,
1590 4636 1647 4686 et
1693 4643 1811 4682 ma-

245 4725 590 4794 gniﬁcentiam
636 4736 780 4780 tuam
813 4725 1080 4794 supplices
1111 4735 1430 4786 exoramus,
1481 4729 1535 4776 ut
1587 4734 1813 4790 quorum

246 4831 422 4871 sumus
446 4816 698 4889 martyria
741 4823 1082 4882 venerantes,
1129 4812 1474 4869 beatitudinis
1515 4825 1817 4865 mereamur

246 4921 362 4960 esse
381 4918 676 4964 consortes.
705 4908 806 4963 Per
833 4905 1103 4962 Christum
1132 4904 1412 4959 Dominum
1441 4909 1704 4955 nostrum.

317 4999 390 5048 Ad
417 4996 806 5068 Complendum.
836 5027 906 5039 —
934 4994 1388 5051 lntercedentibus
1430 4993 1628 5047 sanctis
1672 4991 1812 5056 tuis,

249 5085 482 5151 Domine,
515 5089 827 5144 Marcellino
853 5098 905 5143 et
933 5085 1282 5155 Petro,,plebi
1326 5094 1432 5139 ture
1461 5094 1654 5153 prmsta
1683 5082 1814 5138 sub-

322 5280 346 5307 ⁸
368 5272 510 5340 Apud
534 5269 764 5340 Pamel.,
789 5267 1041 5340 dedicatio
1066 5264 1358 5340 Nicomedis
1382 5262 1643 5340 martyris.

321 5342 344 5380 δ
371 5334 588 5395 Additur
617 5343 670 5393 in
703 5339 927 5392 Kalend.
954 5337 1137 5400 Rom.,
1169 5336 1247 5389 via
1278 5334 1553 5387 Lauicano.

325 5424 346 5452 ε
376 5413 479 5465 lloc
515 5411 752 5466 ofﬁcium
782 5423 902 5461 cum
932 5398 1172 5474 sequenti
1204 5405 1538 5474 desideratur
1585 5399 1648 5474 in_
1684 5398 1819 5474 de.

257 5481 383 5551 Reg.
409 5483 562 5551 Suec:
608 5491 662 5551 et
705 5478 938 5551 Calensi.
973 5469 1158 5551 Exstat
1192 5483 1480 5551 utrumque
1527 5471 1580 5524 in
1619 5469 1825 5522 duobus

257 5543 511 5605 Théoder.
541 5549 697 5604 Prius
723 5547 940 5602 exhibet
966 5546 1152 5601 Codex
1184 5543 1417 5608 Gemet.,
1446 5544 1501 5595 in
1528 5554 1654 5610 quo,
1689 5552 1825 5606 pra:-

258 5630 340 5674 ter
367 5620 491 5674 testa
513 5621 563 5674 in
590 5618 711 5673 aliis
739 5616 906 5671 Codd.
934 5623 1180 5669 contenta
1210 5623 1261 5666 et
1287 5628 1315 5665 a
1342 5612 1494 5666 nobis
1523 5612 1824 5672 observata,

219 5756 223 5760 ί
259 5702 497 5760 notantur
529 5689 696 5743 multa
737 5686 842 5760 alia
888 5686 1191 5760 Anglicanas
1233 5681 1512 5760 Ecclesiae,
1561 5687 1620 5760 ut
1659 5678 1823 5756 sancti

267 5759 507 5814 ltunuant'
551 5757 920 5815 archit‘niscoui
943 5746 1088 5815 .~xtv
1142 5753 1403 5808 Kalendas
1444 5750 1623 5813 Junii;
1664 5746 1824 5802 sancti

2518 741 2801 780 FELICIANI.

1949 821 2058 876 Fac
2085 835 2202 884 nos,
2251 817 2494 882 Domine,
2522 830 2845 884 quaesumus,
2891 821 3189 868 sanctorum
3236 818 3446 864 tuorum

1880 910 2043 965 Primi
2073 920 2129 964 et
2157 907 2407 963 Feliciani
2433 921 2643 973 semper
2674 905 2803 960 festa
2835 905 3049 972 sectari,
3079 916 3301 972 quorum
3339 899 3450 954 suf-

1880 1003 2060 1071 fragiis
2091 999 2438 1071 protectionis
2469 1007 2571 1050 tuae
2603 997 2738 1050 dona
2772 997 3059 1063 capiamus.
3094 995 3212 1049 Per.

1954 1094 2123 1158 Super
2152 1090 2324 1146 oblata
2374 1117 2442 1128 —
2465 1088 2602 1154 Fiat,
2637 1085 2886 1148 Domine,
2918 1097 3241 1154 qumsumus,
3274 1080 3452 1136 Hostia

1884 1183 2138 1244 sacranda
2170 1178 2438 1250 placabilis
2479 1176 2631 1248 105
2662 1176 2875 1244 pretiosi
2904 1175 3210 1228 celebritate
3248 1183 3453 1242 marty-

1887 1275 1968 1338 rii,
1999 1285 2117 1342 qua:
2147 1278 2201 1325 et
2245 1275 2464 1338 peccato
2494 1274 2674 1319 nostra
2723 1262 2982 1331 puriﬁcet,
3014 1270 3068 1315 et
3115 1271 3322 1314 tuorum
3363 1261 3455 1314 tibi

1883 1372 2004 1418 vota
2035 1360 2286 1416 conciliet
2311 1355 2650 1411 famulorum.
2687 1353 2786 1408 Per
2813 1352 3090 1406 Dominum
3121 1365 3382 1404 nosuum.

1957 1453 2037 1508 Ad
2065 1450 2454 1522 Complendum.
2484 1477 2551 1486 --
2580 1446 2914 1513 Qumsumus,
2941 1441 3275 1508 omnipotens
3296 1438 3459 1502 Deus,

1886 1551 1942 1598 ut
1965 1549 2270 1597 sanctorum
2297 1546 2504 1591 tuorum
2533 1533 2840 1588 cmlestibus
2885 1528 3150 1601 mysteriis
3197 1526 3460 1582 celebrata

1886 1630 2241 1694 solemnitas,
2294 1623 2676 1696 indulgentiam
2726 1620 2879 1676 nobis
2936 1629 3037 1673 tua:
3083 1614 3464 1687 propitiationis

1887 1725 2147 1793 acquirat.
2180 1721 2300 1775 Per.

2272 1826 2399 1866 usu.
2437 1837 2507 1849 -
2546 1817 2768 1860 unus
2792 1801 2817 1840 ἀ
2846 1814 3152 1857 εΑΝετοιιυιι
3196 1808 3464 1864 ελδιιιωε,

2281 1895 2477 1946 (ἶῖΒΙΝΙ,
2506 1890 2722 1931 NABORIS
2756 1889 2820 1927 ET
2848 1885 3077 1927 NAZABII.

1961 1977 2277 2030 Sanctorum
2307 1971 2570 2035 Basilidis,
2603 1966 2808 2037 Cyrini,
2839 1962 3086 2028 Naboris,
3128 1967 3182 2014 et
3221 1957 3424 2012 Nazarii
3450 1997 3466 2022 ,

1896 2077 2223 2133 quzesumus,
2257 2061 2504 2126 Domine,
2540 2058 2778 2112 uatalitia
2827 2055 2980 2110 nobis
3023 2050 3195 2106 votiva
3226 2048 3467 2119 resplen-

1892 2159 2076 2224 deant,
2104 2165 2157 2211 et
2186 2153 2332 2224 (405)
2364 2152 2504 2223 quod
2543 2151 2648 2205 illis
2690 2147 2915 2204 coi.tu|it
2960 2141 3270 2199 excellentia
3317 2154 3468 2194 seut-

1895 2249 2120 2318 piterna,
2153 2244 2406 2300 fructibus
2447 2253 2644 2296 nostrae
2674 2237 2975 2293 devotionis
3017 2235 3309 2289 adcrescat.
3345 2232 3466 2286 Per.

1967 2337 2137 2408 Super
2165 2335 2350 2390 oblata.
2379 2363 2449 2374 —
2473 2333 2577 2388 Pro
2615 2339 2918 2386 sanctorum
2960 2326 3224 2390 Basilidis,
3266 2322 3468 2392 Cyrini,

1893 2426 2145 2484 Narboris
2169 2435 2222 2482 et
2251 2423 2456 2479 Nazarii
2485 2421 2742 2491 sanguine
2772 2416 3093 2479 venerando,
3118 2414 3328 2469 Hostias
3351 2413 3466 2479 tibi,

1897 2519 2144 2585 Domine,
2171 2515 2483 2572 solemniter
2530 2511 2898 2574 immolemus,
2933 2518 3017 2562 tua
3049 2506 3306 2560 mirabilia
3343 2518 3471 2573 per-

1897 2623 2202 2678 tractantes,
2236 2607 2386 2682 (406)
2415 2622 2508 2677 per
2533 2620 2691 2676 quam
2717 2604 2834 2658 talis
2863 2610 2944 2657 est
2972 2600 3203 2670 perfecta
3227 2595 3470 2651 victoria.

1895 2705 2017 2761 Per.

1967 2796 2046 2850 Ad
2075 2790 2465 2863 Complendum.
2495 2818 2563 2832 -—
2589 2787 2831 2857 Semper,
2882 2784 3124 2848 Domine,
3167 2787 3472 2834 sanctorum

1897 2897 2187 2957 martyrum
2213 2881 2481 2949 Basilidis,
2523 2878 2733 2951 Cyrini,
2783 2875 3005 2931 Naboris
3044 2882 3099 2928 et
3141 2870 3347 2925 Nazarii
3379 2883 3470 2923 so-

1899 2978 2094 3033 lemnia
2118 2975 2474 3039 celebremus,
2503 2980 2560 3026 ut
2587 2984 2771 3026 eorum
2801 2967 3090 3040 patrocinia
3115 2963 3315 3034 jugiter
3341 2975 3475 3018 sen-

1901 3066 2107 3120 tiamus.
2143 3064 2262 3120 Per.

1904 3169 1990 3210 ιιιν
2022 3168 2290 3210 κλιειιιιλε
2317 3166 2469 3207 JULII.
2500 3163 2567 3192 4-
2599 3163 2823 3204 HATALIS
2868 3158 3174 3201 ελιιετοιιυιι
3219 3155 3374 3196 ιιιιιιοι
3409 3155 3476 3193 ετ

2496 3233 2865 3276 IARCELLIANI.

1971 3316 2209 3382 Praesta,
2256 3329 2586 3384 quaesumus,
2626 3310 2966 3378 omnipotens
3013 3305 3190 3367 Deus,
3235 3309 3335 3366 ut,
3385 3299 3476 3368 qui

1903 3419 2207 3464 sanctorum
2241 3405 2401 3462 Marci
2430 3415 2485 3461 et
2530 3400 2848 3458 Marcelliani
2891 3396 3127 3454 natalitia
3168 3396 3414 3456 colimus,
3446 3405 3478 3444 a

1899 3500 2105 3556 cunctis
2153 3497 2308 3554 malis
2351 3494 2750 3551 imminentibus
2791 3505 2977 3547 eorum
3007 3495 3034 3528 ο
3092 3485 3475 3542 intercessione

1901 3591 2206 3646 liberemur.
2240 3589 2359 3644 Per.

1973 3681 2138 3751 Super
2168 3679 2358 3734 oblata.
2385 3707 2454 3718 —-
2474 3675 2717 3745 Suscipe,
2745 3671 2986 3734 Domine,
3017 3681 3235 3723 munera
3264 3673 3475 3720 tuorum

1904 3774 2217 3842 p0pulorum
2247 3771 2445 3836 votiva,
2473 3777 2527 3823 et
2565 3774 2864 3821 sanctorum
2893 3759 3050 3816 Marci
3081 3768 3134 3813 et
3157 3753 3475 3810 Marcelliani

1906 3865 1998 3918 tibi
2032 3862 2276 3932 precibus
2301 3875 2422 3915 esse
2450 3866 2597 3929 grata
2629 3854 2883 3919 concede,
2917 3865 3011 3922 pro
3031 3863 3255 3921 quorum
3278 3845 3477 3902 solem-

1905 3954 2162 4011 nitatibus
2189 3952 2504 4008 olferuntur.
2537 3951 2662 4005 Per.

1978 4045 2057 4097 Ad
2083 4042 2468 4112 Complendum.
2499 4069 2570 4080 —
2597 4036 2979 4094 InterceSsione
3016 4033 3296 4090 beatorum
3337 4041 3483 4082 mar-

1909 4148 2085 4209 tyrum
2116 4145 2329 4193 tuorum
2356 4133 2514 4188 Marci
2545 4141 2599 4186 et
2622 4130 2942 4186 Marcelliani
2966 4169 2981 4195 ,
3009 4137 3347 4197 quassumus,
3379 4121 3484 4174 Do-

1909 4235 2072 4300 mine,
2106 4240 2164 4286 ut
2206 4227 2444 4300 mysticis
2484 4239 2580 4280 nos
2624 4225 2847 4292 dapibus
2873 4221 3051 4276 foveas
3096 4231 3160 4272 ac
3204 4215 3482 4270 reformas.

1911 4324 2012 4379 Per
2039 4322 2318 4376 Dominum
2350 4325 2608 4372 nostrum.

1911 4431 2064 4504 (407)
2099 4428 2119 4469 ί
2152 4442 2504 4486 ηειηιιιιτιλτιο
2530 4437 2869 4484 ιειυκιοιιιιιι,
2897 4435 3038 4474 prum
3059 4461 3074 4487 ,
3103 4432 3298 4483 quam
3322 4455 3337 4481 ,
3365 4430 3493 4470 ssr-

2353 4512 2481 4552 ‘Tlll
2508 4511 2573 4549 E‘l'
2605 4508 2782 4548 DECIMI
2815 4505 3020 4546 MENSIS.

1990 4615 2448 4681 Anuiversariam,
2478 4610 2668 4665 fratres
2691 4605 2992 4663 charissimi
3021 4645 3035 4671 ,
3078 4600 3264 4674 jejnuii
3297 4599 3496 4669 purita-

1919 4721 2049 4778 tem,
2080 4726 2180 4781 qua
2205 4717 2261 4765 et
2288 4707 2529 4775 corporis
2566 4702 2859 4773 acquiritur
2899 4708 2954 4754 et
3000 4698 3188 4753 animae
3218 4693 3496 4757 sanctitas,

1919 4820 2018 4860 nos
2047 4808 2349 4858 commonet
2379 4797 2471 4853 Ill.
2502 4797 2701 4853 mensis
2723 4796 3015 4849 instaurata
3040 4787 3283 4851 devotio;
3307 4795 3497 4854 quarta

1922 4896 2083 4967 igitur
2112 4904 2167 4949 et
2209 4901 2365 4949 sexta
2397 4891 2527 4947 feria
2567 4888 2798 4945 sollicito
2827 4883 3205 4942 convenientes
3249 4890 3495 4940 occursu,

1919 4988 2206 5044 offeramus
2233 4986 2344 5040 Deo
2363 4982 2599 5053 spiritale
2622 4980 2898 5050 jejunium.
2924 4975 3019 5030 Die
3046 4971 3192 5044 (408)
3220 4983 3346 5024 vero
3368 4969 3503 5025 Sab-

1924 5077 2056 5144 bati,
2087 5073 2225 5148 apud
2249 5075 2462 5129 beatum
2492 5070 2707 5124 Petrum
2736 5064 3053 5134 apostolum,
3084 5060 3236 5130 cujus
3273 5071 3374 5112 nos
3416 5057 3503 5110 in-

1932 5254 2199 5324 Augustini
2248 5253 2433 5324 ηιξκιε..Δ
2459 5263 2529 5302 vn
2561 5245 2819 5324 Kalendas
2858 5241 3160 5324 (augete.
3207 5233 3502 5324 lnyeogetnn

1930 5302 2324 5379 iiﬁt‘if'oéinéi.‘
2337 5302 2575 5374 habetur
2605 5317 2793 5371 festum
2824 5321 2879 5367 et
2909 5302 3147 5365 ofﬁcium
3176 5306 3340 5379 sancti
3369 5302 3505 5357 Bar-

1931 5377 2074 5448 naba:
2101 5391 2319 5462 apostoli
2349 5405 2405 5443 ιιι
2434 5387 2562 5441 ldus
2595 5385 2765 5453 Junii,
2805 5382 2950 5454 quod
2987 5379 3170 5436 nullibi
3217 5377 3374 5433 nobis
3413 5388 3508 5429 oc-

1930 5465 2115 5519 currit.

2003 5532 2027 5570 d
2061 5531 2225 5584 Abest
2253 5545 2284 5584 a
2315 5529 2415 5584 Ms.
2446 5526 2676 5584 Calensi.

2004 5612 2027 5640 ο
2063 5601 2114 5655 ιη
2146 5601 2284 5658 Cod.
2314 5599 2447 5668 Reg.
2476 5601 2659 5668 Suec.,
2691 5591 3152 5668 intercessionibus:

2005 5671 2024 5710 ί
2063 5671 2186 5727 Haec
2223 5655 2332 5724 non
2380 5655 2591 5723 é'xstant
2620 5655 2671 5719 in
2715 5665 2914 5718 nostris
2940 5660 3108 5716 Codd.
3141 5659 3293 5726 Mss.,
3325 5671 3420 5712 nec
3449 5655 3501 5707 iu

1930 5744 2130 5799 Pamel.
2158 5751 2247 5798 aut
2276 5738 2496 5796 Kalend.
2527 5738 2682 5792 Bom.
2709 5742 2829 5789 sunt
2849 5733 3068 5788 inserta.
