4026 6338
593 404 682 457 ηε)
1781 385 2019 442 SANCTI
2061 381 2382 438 CliEGOl’ill
2425 379 2631 437 MAGNI

3744 382 3852 436 1‘20

580 515 1000 576 tercessiouibus
1027 505 1291 567 creditiﬁ'ts
1320 503 1676 576 adjuvandos,
1703 511 1918 554 sanctas
1957 497 2161 569 vigilias
2190 497 2236 554 Α
2267 510 2400 560 mus,
2438 494 2568 550 tales
2601 509 2698 548 nos
2726 494 2834 547 fieri
2868 502 2968 547 tum
2994 495 3178 564 gratiae
3209 493 3473 563 largitate,
3506 506 3562 548 ut
3591 493 3727 548 bona
3757 507 3850 549 tua

593 611 888 665 Christiana
929 605 1119 672 pietate
1149 600 1512 659 celebremus,
1545 604 1600 648 ut
1639 608 1731 662 per
1778 591 1914 645 hanc
1958 590 2164 643 institu-

581 702 781 757 tionem
813 694 1136 751 salutiieratn
1174 691 1330 760 106
1376 695 1714 756 peccatorum
1763 683 1946 737 sordes
1972 725 1986 748 ,
2031 695 2163 750 quas

574 805 863 859 corporum
897 785 1181 853 fragilitate
1208 779 1589 842 contrahimus,
1612 776 1826 845 ieiuniis
1856 785 1908 830 et
1933 774 2163 829 eleeuio-

587 884 736 952 synis
788 878 1106 935 abluamus,
1160 872 1447 926 auxiliante
1490 870 1710 925 Domino
1767 876 1982 930 nostro,
2037 862 2161 919 Jesu

577 972 796 1023 Clit-isto
812 965 902 1036 qui
931 981 1050 1018 cum
1077 966 1230 1018 Patre
1257 972 1309 1018 et
1325 961 1525 1030 Spiritu
1549 969 1733 1014 sancto
1754 959 1881 1013 vivit
1907 967 1960 1013 ct
1983 968 2164 1029 regnat

586 1060 745 1122 Dctts,
776 1072 870 1124 per
916 1057 1092 1110 omnia
1117 1055 1312 1108 strcula
1343 1051 1684 1107 saeculorum.

655 1150 790 1202 Atia.
824 1176 885 1187 --
920 1146 984 1202 lli
1042 1146 1237 1200 Mensis
1265 1144 1461 1215 jejttnia
1488 1143 1539 1196 in
1571 1142 1669 1196 hac
1709 1139 2040 1196 hebdomada
2072 1156 2164 1194 no-

583 1240 663 1294 bis
691 1250 814 1293 sunt
847 1238 1106 1303 tenendi;
1144 1238 1366 1307 ideoque
1400 1237 1678 1290 hortamur
1712 1243 1947 1288 sanctam
2000 1233 2156 1287 ﬁdem

587 1341 838 1396 vestram,
864 1339 922 1382 ut
952 1340 1160 1396 quarta,
1192 1339 1366 1390 sexta,
1412 1327 1495 1380 vel
1527 1327 1748 1392 septima
1794 1322 1922 1377 feria
1950 1323 2161 1393 jejunu-

587 1436 724 1485 tnus,
757 1429 1015 1488 quatenus
1039 1418 1230 1472 dzvittis
1259 1416 1567 1470 iultaarendo
1597 1413 1877 1478 mandatis,
1905 1414 2161 1482 propitia-

584 1514 784 1566 tionem
847 1509 938 1565 Dei
991 1511 1154 1563 llOsll’i
1207 1506 1599 1578 perseverantia
1640 1506 1832 1560 debitae
1893 1505 2164 1559 servitutis

589 1606 846 1668 obtineat,
875 1603 1161 1657 auxiliante
1193 1602 1415 1654 Domino
1438 1605 1618 1653 nostro
1644 1596 1769 1652 Jesu
1810 1595 2043 1660 Christo,
2075 1599 2161 1666 qui

590 1712 710 1751 cum
739 1696 893 1749 Patre
915 1705 966 1747 et
988 1692 1186 1756 Spiritu
1218 1699 1401 1745 sancto
1433 1689 1558 1743 vivit
1586 1697 1638 1742 et
1681 1695 1865 1756 regnat
1909 1690 2044 1742 l‘eus
2070 1702 2163 1756 per

587 1787 761 1842 omnia
788 1786 978 1841 saecula
1002 1785 1335 1840 saeculorum.

999 1876 1146 1949 (409)
1178 1888 1360 1929 IlENSlS
1391 1889 1466 1930 tv.
1497 1888 1648 1926 FEBIA
1677 1887 1749 1926 tv.

643 1970 791 2042 (ΗΟ)
825 1970 886 2026 Si
916 1977 1025 2038 post
1057 1967 1446 2021 Hebdomadam
1476 1964 1792 2018 Pentecostes
1821 1961 2095 2016 advenerit.

659 2063 838 2115 Oratio
865 2062 930 2114 ad
959 2059 1190 2112 Missam.
1240 2085 1309 2096 —
1353 2056 1700 2122 Omnipotens
1753 2061 1807 2106 et
1858 2051 2162 2106 misericors

588 2150 747 2213 Dt-tts,
800 2157 919 2217 apta
964 2162 1060 2200 nos
1106 2155 1210 2200 tua:
1257 2144 1518 2215 pr0pitius
1558 2143 1834 2210 voluntati,
1865 2158 1993 2212 quo,
2024 2140 2162 2196 sit-ut

583 2241 698 2308 t-jns
746 2247 1125 2307 praetereuntes
1174 2237 1438 2292 tramitem
1489 2235 1784 2301 deviamus,
1835 2235 1911 2289 sic
1957 2235 2162 2304 integro

583 2341 770 2384 tenore
800 2330 1108 2398 ditigamur,
1142 2327 1208 2381 ad
1252 2327 1394 2382 illius
1437 2342 1650 2397 semper
1692 2326 1931 2381 ordinem
1977 2341 2160 2380 recur-

583 2429 783 2474 rentes.
813 2419 913 2473 Per
940 2419 1221 2472 Dominum
1255 2426 1514 2471 nostrum.

657 2513 798 2570 Alia.
828 2543 897 2554 —
930 2514 1002 2567 Da
1033 2513 1191 2567 nobis
1222 2522 1488 2576 mentem,
1520 2512 1769 2578 Domtne,
1821 2526 1937 2581 qua:
1969 2511 2060 2565 tibi
2094 2510 2163 2564 sit

589 2604 803 2673 placita,
826 2603 948 2673 quia
973 2604 1162 2657 talibus
1187 2603 1385 2672 jugiter
1428 2603 1680 2672 quidquid
1727 2613 1810 2659 est
1852 2617 2160 2672 prosperum

592 2694 936 2750 ministrabis.
967 2694 1068 2749 Per
1097 2694 1375 2748 Dominum
1406 2702 1666 2746 nostrum.

661 2787 831 2853 Super
857 2786 1040 2839 oblata.
1076 2815 1145 2825 —
1174 2784 1516 2840 Solemnibus
1539 2783 1754 2854 jejuniis
1783 2798 1847 2838 ex
1860 2790 2026 2852 ptatos
2070 2789 2161 2837 tuo

591 2891 708 2940 nos,
737 2876 978 2939 Domine,
1012 2874 1263 2944 mysterio
1292 2882 1666 2944 congruentes,
1707 2872 1809 2926 hoc
1853 2885 2005 2925 sacro
2046 2886 2161 2924 mu-

595 2983 741 3034 nere,
773 2969 948 3033 efiice,
976 2968 1095 3036 quia
1129 2975 1274 3021 tanto
1296 2968 1450 3020 nobis
1483 2965 1746 3021 salubrius
1776 2965 1972 3034 aderis,
1999 2978 2160 3034 quan-

591 3073 646 3116 to
671 3061 721 3116 id
749 3061 990 3116 devotius
1018 3059 1423 3127 sumpserimus.
1453 3057 1574 3114 Per.

664 3152 936 3219 Praefatio.
968 3180 1036 3192 —
1069 3151 1205 3206 Vere
1231 3151 1446 3220 dignum
1477 3157 1531 3204 et
1573 3149 1771 3217 juStum
1821 3157 1920 3214 est,
1949 3147 2158 3218 tequurn

2264 601 2318 647 ct
2350 593 2662 647 tiducialiter
2690 592 3059 661 impetremus,
3082 601 3134 647 et
3164 591 3281 647 sine
3316 591 3628 646 difﬁcultate
3666 607 3851 646 sunta-

2264 695 2401 736 mus.
2435 682 2555 736 Per.

2335 771 2470 824 Alia.
2499 801 2567 811 —
2598 771 2671 825 Da
2702 772 2887 836 nobis,
2922 771 3179 841 Domine,
3209 788 3431 844 regnum
3478 783 3658 844 tuum,
3685 776 3850 843 justi-

2267 863 2499 933 tiamqtte
2548 879 2758 935 st‘tnper
2801 867 3087 936 inquirere,
3133 877 3190 920 ut
3213 868 3402 936 quibus
3455 868 3692 938 indigere
3749 886 3851 924 nos

2266 956 2540 1025 perspicis,
2574 958 2864 1012 clementer
2894 958 3052 1014 facias
3081 959 3369 1014 abundare.
3396 960 3520 1015 Per.

2337 1050 2478 1103 Alia.
2514 1079 2582 1091 —
2610 1050 2772 1117 Deus,
2797 1051 2882 1120 qui
2911 1066 3008 1105 nos
3045 1053 3110 1105 de
3139 1054 3486 1121 prmsentibus
3521 1049 3849 1122 adjuntentis

2265 1156 2384 1195 esse
2431 1145 2644 1198 vetuiSti
2699 1143 2977 1208 sollicitos,
3030 1144 3224 1211 tribue,
3273 1160 3601 1214 quaesumus,
3647 1156 3702 1200 ut
3761 1147 3849 1215 pie

2265 1236 2610 1301 sectantibus,
2666 1252 2782 1306 qua:
2833 1245 2917 1292 tua
2951 1246 3095 1305 sunt,
3129 1239 3373 1293 universa
3406 1239 3558 1295 nobis
3587 1242 3845 1296 salutaria

2266 1327 2650 1382 condonentur.
2684 1327 2803 1382 Per.

2338 1419 2475 1472 Alia.
2507 1450 2566 1458 —
2608 1419 2768 1484 Deus,
2805 1421 2890 1490 qui
2923 1421 3284 1475 misericordia
3323 1429 3411 1476 tua
3447 1424 3711 1491 pravenis
3738 1440 3844 1478 non

2266 1517 2527 1576 petentes,
2561 1508 2627 1562 da
2655 1510 2805 1564 nobis
2831 1511 3075 1566 aﬁcCtutn
3107 1511 3433 1583 Majestatem
3469 1523 3610 1568 tuam
3645 1515 3846 1585 jugiter

2265 1601 2607 1669 deprecandi,
2642 1613 2695 1657 ut
2739 1603 2931 1672 pietate
2969 1613 3221 1673 perpetua
3267 1606 3594 1674 supplicibus
3638 1606 3843 1676 potiora

2265 1691 2538 1746 defendas.
2569 1694 2669 1749 Per
2701 1695 2980 1749 Dominum
3009 1704 3270 1751 nostrum.

2335 1785 2471 1839 Alia.
2499 1814 2568 1828 -
2589 1786 2759 1849 Deus,
2794 1787 2882 1854 qui
2913 1801 3016 1841 non
3047 1787 3274 1856 despicis
3303 1787 3462 1843 corde
3504 1790 3765 1844 con'ritos
3793 1800 3845 1845 et

2191 1863 2238 1922 Β
2264 1867 2492 1930 afﬂictos
2521 1878 2773 1943 miseriis,
2799 1879 3043 1958 populum
3069 1891 3211 1933 tuum
3232 1878 3417 1949 jejuuii
3440 1880 3504 1934 ad
3531 1890 3581 1936 te
3602 1881 3842 1934 devotio-

2265 1980 2331 2020 ne
2361 1965 2679 2021 clamantcm
2709 1966 2968 2036 propitius
3010 1969 3221 2032 exaudi,
3268 1978 3324 2022 ut
3368 1984 3500 2038 quos
3542 1969 3842 2022 humiliavit

2262 2055 2596 2122 adversitas,
2641 2056 2846 2112 attollat
2908 2057 3258 2127 reparationis
3332 2068 3434 2114 tua:
3493 2060 3839 2129 prosperitas.

2264 2147 2382 2204 Per.

2643 2242 2791 2311 (411)
2823 2257 2946 2298 rosr
2977 2251 3002 2280 ⁸
3032 2259 3460 2298 BENEDICTIONES.

2335 2331 2415 2385 Ad
2446 2331 2680 2386 Missam.
2709 2362 2777 2376 -—
2809 2333 2976 2400 Deus,
3028 2333 3120 2402 qui
3167 2343 3274 2388 tres
3312 2349 3504 2403 pueros
3527 2334 3596 2391 de
3633 2334 3842 2389 camino

2263 2423 2420 2494 ignis,
2470 2439 2575 2478 non
2619 2423 2788 2479 solum
2837 2423 3063 2487 illaesos,
3106 2422 3199 2478 sed
3241 2424 3400 2478 etiam
3448 2424 3550 2478 tuis
3594 2423 3841 2478 laudibus

2261 2515 2656 2569 conclamantes
2700 2513 2965 2581 liberasti,
3014 2529 3316 2584 quaesumus
3365 2523 3421 2569 ut
3448 2530 3546 2569 nos
3595 2525 3844 2584 peccato-

2263 2621 2377 2660 rum
2408 2605 2633 2660 nexibus
2661 2604 2940 2660 obvolutos
2979 2605 3128 2659 velut
3169 2605 3237 2659 de
3277 2606 3526 2674 voragine
3555 2606 3692 2673 ignis
3735 2603 3839 2661 eri-

2265 2695 2397 2764 pias,
2433 2706 2486 2750 ut
2525 2696 2806 2750 criminum
2857 2695 3131 2765 ﬂammas,
3178 2710 3503 2765 operumque
3548 2697 3841 2751 carnalium

2264 2785 2504 2840 incendia
2556 2796 2902 2870 superantes,
2960 2786 3212 2857 hymnum
3270 2786 3362 2842 tibi
3429 2787 3666 2843 debitunt
3719 2789 3842 2860 jure

2263 2877 2557 2946 meritoque
2594 2878 2900 2931 reddamus.
2935 2877 3053 2931 Per.

2334 2969 2502 3040 Super
2527 2969 2716 3024 oblata.
2746 3000 2808 3010 —
2837 2969 3060 3024 Domine
3090 2968 3230 3024 Deus
3278 2978 3490 3038 noster,
3537 2970 3624 3040 qui
3677 2972 3730 3025 in
3765 2971 3844 3026 his

2265 3061 2436 3129 potius
2460 3061 2718 3114 creaturis
2739 3075 2869 3130 quas
2896 3061 2960 3115 ad
2986 3060 3285 3131 fragilitatis
3310 3071 3504 3115 nostra:
3533 3063 3842 3128 praesidium

2267 3150 2557 3205 condidisti
2590 3161 2678 3205 tuo
2706 3166 2912 3220 quoque
2940 3149 3141 3205 nomini
3182 3166 3400 3204 munera
3427 3152 3629 3218 iussisti
3659 3154 3844 3207 dican-

592 3254 646 3298 et
673 3243 926 3304 salutare,
961 3255 1055 3294 nos
1087 3239 1182 3294 tibi
1214 3253 1424 3306 semper
1448 3246 1502 3291 et
1531 3238 1723 3308 ubique
1751 3239 1946 3308 gratias
1981 3253 2158 3306 agere,
2190 3219 2235 3282 Ο
2266 3242 2330 3296 da
2364 3242 2633 3307 constitui,
2680 3219 2881 3308 tribue,
2933 3257 3253 3312 quaesumus,
3309 3250 3368 3296 ttt
3414 3251 3467 3296 et
3521 3244 3641 3297 titat
3689 3246 3845 3298 nobis

597 3336 819 3391 Domine
865 3340 1080 3397 sancte,
1128 3331 1284 3384 Pater
1321 3326 1688 3396 omnipotens,
1735 3338 1930 3381 aeterne
1968 3326 2158 3382 Deus:

591 3427 712 3497 quia
747 3435 865 3497 post
904 3428 1022 3482 illos
1052 3427 1248 3482 laetitiae
1276 3425 1389 3480 dies
1413 3439 1546 3495 quos
1584 3426 1634 3479 itt
1665 3424 1865 3479 honore
1897 3423 2104 3478 Domini
2135 3439 2162 3476 a

596 3521 817 3574 mortuis
859 3519 1183 3590 resurgentis
1230 3528 1283 3573 et
1313 3518 1364 3570 in
1405 3517 1570 3571 caelos
1597 3516 1935 3570 ascendentis
1984 3515 2165 3583 exegi-

595 3627 733 3676 mus,
763 3621 986 3680 postque
1014 3622 1320 3679 perceptum
1345 3610 1512 3664 sancti
1540 3609 1770 3676 Spiritus
1804 3609 1999 3662 donum
2024 3649 2040 3674 ,
2071 3622 2164 3662 ne-

595 3703 830 3755 cessario
877 3703 1029 3755 nobis
1071 3700 1269 3768 jejunia
1315 3709 1498 3754 saneta
1527 3702 1735 3767 provisa
1761 3709 1906 3764 sunt,
1952 3709 2006 3752 ttt
2036 3714 2163 3767 pura

596 3791 1000 3845 conversatione
1025 3790 1324 3844 viventibus
1350 3806 1466 3859 qua:
1489 3790 1738 3844 divinitus
1768 3800 1889 3845 sunt
1913 3789 2164 3844 Ecclesia:

591 3881 780 3935 collata
815 3888 1176 3950 permaneant.
1210 3881 1311 3934 Per
1340 3880 1630 3935 Christum.

663 3972 742 4024 Ad
769 3969 1162 4038 Comptendum.
1185 4001 1253 4011 —
1274 3969 1539 4036 Concede,
1570 3984 1890 4040 quaesumus,
1922 3969 2161 4035 Domine,

589 4063 785 4131 popqu
807 4072 900 4116 tuo
929 4062 1138 4116 veniam
1170 4070 1527 4131 peccatorum,
1563 4069 1618 4115 ttt
1655 4061 1795 4133 quod
1824 4064 2025 4117 meritis
2059 4079 2164 4117 non

588 4153 894 4218 prtesuteit,
943 4151 1282 4222 indulgentia:
1332 4162 1434 4207 tute
1493 4151 1652 4207 celeri
1704 4151 1944 4222 largitate
1989 4155 2167 4222 perci-

589 4242 717 4311 piat.

1250 4331 1404 4370 FERIA
1433 4330 1506 4369 Vl.

658 4406 727 4462 Ut
779 4408 966 4474 nobis,
1021 4407 1281 4475 Domine,
1337 4417 1667 4462 terrenarum
1712 4407 1919 4477 frugum
1965 4406 2165 4461 tribuas

591 4500 908 4564 ubertatem,
941 4499 1019 4553 fac
1047 4508 1251 4553 mentes
1282 4507 1491 4553 nostras
1536 4497 1738 4553 caelesti
1784 4497 2052 4553 fertilitate
2092 4496 2165 4552 fe-

587 4591 807 4643 cundas.
842 4589 944 4643 Per
973 4590 1249 4643 Dominum
1281 4600 1538 4644 nostrum.

659 4681 828 4750 Super
853 4683 1041 4734 oblata.
1075 4711 1144 4720 —
1175 4683 1239 4736 Ct
1268 4691 1483 4750 accepta
1510 4681 1598 4736 tibi
1639 4679 1764 4744 sint,
1794 4679 2034 4745 Domine,
2067 4692 2160 4732 no-

587 4783 692 4825 stra
715 4772 938 4840 jejunis,
968 4783 1160 4838 praesta
1191 4772 1362 4834 nobis,
1396 4785 1722 4840 quaesumus,
1757 4769 1913 4838 hujus
1940 4783 2160 4823 munere

587 4863 907 4916 saeiamettti
939 4861 1270 4931 puriﬁcatum
1303 4862 1397 4916 tibi
1443 4873 1623 4931 pectus
1665 4861 1876 4915 oil'erre.
1928 4860 2026 4914 Per
2052 4860 2158 4914 Do-

585 4952 785 5004 mittunt
814 4960 1077 5005 nostrum.

662 5043 814 5113 107
839 5043 919 5094 Ad
945 5040 1330 5112 Complendum-
1356 5069 1430 5082 —
1450 5042 1655 5106 Annue,
1692 5053 2016 5106 quaesumus,
2047 5053 2161 5093 om-

585 5137 831 5204 nipotens
857 5135 1014 5201 Deus,
1039 5145 1095 5190 ut
1123 5145 1574 5191 sacramentorum
1609 5144 1813 5188 tuorum
1839 5142 1985 5203 gesta
2013 5148 2161 5187 reco-

586 5227 776 5287 lentes.
802 5236 854 5280 et
886 5225 1160 5294 temporali
1188 5227 1474 5280 securitate
1513 5225 1829 5286 relevemur,
1861 5231 1914 5277 et
1943 5222 2158 5277 erudia-

583 5329 702 5369 tttttr
733 5317 990 5386 legalibus
1021 5315 1299 5372 institutis.
1332 5316 1430 5370 Per
1458 5316 1738 5369 Dominum
1767 5323 2024 5368 nosttutu.

657 5406 825 5474 Super
852 5406 1121 5475 populum.
1152 5405 1407 5460 —Fidcli
1459 5406 1672 5476 populo,
1717 5406 1958 5470 Domine,
2001 5405 2159 5458 mise-

586 5493 872 5548 ricordiam
914 5507 1056 5549 tuam
1104 5495 1341 5562 placatus
1381 5496 1661 5565 impende,
1696 5505 1747 5550 ct
1774 5495 2018 5564 praesidia
2044 5510 2160 5548 cor-

587 5582 731 5650 poris
761 5583 975 5650 copiosa
1003 5583 1176 5639 tribue
1199 5585 1532 5654 supplicanti.
1567 5586 1665 5642 Per
1691 5585 1990 5639 Dominum.

654 5687 886 5725 sanaa'ro
914 5688 963 5726 tu
991 5688 1062 5726 ιιι
1093 5689 1248 5730 ιεςτ.
1279 5705 1347 5715 -
1377 5676 1576 5731 Ρτωειιι
1599 5716 1614 5740 ,
1648 5675 1867 5729 Domine
1889 5715 1902 5741 ,
1951 5688 2161 5743 quaesu-

2268 3340 2543 3401 praeseutis
2589 3335 2870 3403 auxilium,
2919 3345 2971 3390 et
3019 3334 3333 3390 aeternitatis
3376 3335 3608 3390 efficiant
3664 3351 3845 3391 sacra-

2267 3433 2524 3477 mentum.
2558 3421 2680 3476 Per.

2336 3515 2416 3568 Ad
2444 3514 2831 3580 Complettdum.
2860 3545 2928 3554 —
2958 3514 3263 3584 Sumptttm,
3292 3528 3619 3583 quaesumus,
3665 3512 3848 3568 Domi-

2268 3623 2352 3672 ne,
2383 3606 2685 3661 venerabile
2706 3613 3132 3671 saeramentutn,
3164 3613 3217 3660 et
3249 3604 3523 3673 pratsentis
3555 3603 3680 3659 vita:
3719 3605 3848 3660 sub-

2267 3700 2417 3755 sidiis
2446 3713 2543 3753 nos
2566 3700 2756 3763 foveat,
2780 3706 2834 3753 ct
2861 3708 3095 3752 aeterna.
3126 3696 3247 3751 Per.

2343 3791 2499 3861 108
2528 3789 2697 3857 Super
2725 3789 2988 3859 populum.
3021 3816 3088 3827 —
3121 3788 3388 3853 Proﬁciat,
3417 3787 3661 3852 Domine,
3705 3802 3846 3856 qua-

2266 3893 2482 3946 sutnus,
2514 3878 2660 3946 plebs
2703 3878 2794 3932 tibi
2825 3878 2994 3932 dicata
3038 3878 3136 3946 pia:
3171 3877 3467 3932 devotionis
3493 3875 3722 3945 aﬂecIu,
3770 3890 3843 3942 ut,

2266 3971 2433 4025 sat-ris
2464 3971 2670 4024 actibus
2703 3970 2933 4036 erudita,
2960 3979 3158 4039 quanto
3184 3968 3441 4039 Majcstati
3490 3979 3595 4026 tua:
3629 3970 3694 4025 ﬁt
3729 3986 3842 4041 gra-

2269 4062 2393 4127 tior,
2416 4055 2574 4116 tanto
2601 4061 2755 4116 donis
2786 4061 3077 4130 potioribus
3107 4062 3522 4130 augeatur.Per.

2268 4171 2362 4212 χιιι
2391 4170 2661 4211 ιλιι-,κως
2687 4169 2844 4212 δυιιι.
2874 4182 2945 4193 -
2963 4170 3186 4208 manus
3211 4153 3363 4225 (H2)
3387 4169 3698 4210 saucroaott
3729 4168 3852 4210 cea-

2787 4240 2919 4279 νΑειι
2953 4241 3017 4279 ΕΤ
3048 4239 3304 4280 PROTASII.

2339 4317 2488 4389 (415)
2519 4318 2831 4373 Sanctorum
2863 4326 3152 4387 martyrum
3185 4331 3311 4383 nos,
3346 4316 3601 4382 Domine,
3649 4315 3848 4371 Cerva-

2269 4410 2333 4465 sii
2361 4422 2414 4464 et
2445 4410 2666 4465 Protasii
2699 4409 2962 4465 confessio
2994 4409 3142 4465 beata
3172 4409 3518 4474 communiat,
3562 4418 3616 4463 et
3645 4409 3846 4479 fragili-

2273 4505 2365 4559 tati
2405 4513 2600 4559 nostra:
2638 4503 2931 4558 subsidium
2973 4503 3253 4573 dignanter
3284 4512 3488 4559 exoret.
3520 4501 3624 4557 Per
3661 4501 3846 4558 Domi-

2193 4585 2242 4644 D
2269 4613 2395 4651 num
2420 4607 2685 4652 nostrum.

2338 4689 2507 4757 Super
2527 4689 2716 4744 oblata.
2740 4716 2811 4729 --
2841 4688 3086 4745 Concede
3114 4688 3285 4756 nobis,
3311 4688 3650 4756 omnipotens
3683 4687 3842 4751 Deus,

2269 4787 2328 4835 ut
2367 4780 2451 4834 his
2505 4779 2835 4844 muneribus,
2889 4794 3007 4849 qua:
3056 4794 3150 4849 pro
3191 4791 3500 4834 sanetorum
3549 4788 3846 4847 martyrum

2269 4872 2508 4927 Gervasii
2556 4881 2607 4924 et
2655 4871 2878 4925 Protasii
2910 4871 3112 4924 honore
3157 4868 3465 4932 deferimus,
3495 4879 3549 4922 et
3580 4877 3629 4921 te
3673 4867 3848 4935 place-

2267 4977 2385 5016 mus
2413 4961 2682 5027 exhibitis,
2730 4970 2784 5016 et
2815 4975 2910 5014 nos
2932 4960 3257 5014 viviticemur
3278 4959 3527 5025 acceptis.
3562 4955 3692 5010 Per.

2335 5051 2415 5105 Ad
2439 5050 2826 5117 Complendum.
2873 5079 2944 5091 —-
2985 5049 3079 5113 Da,
3134 5062 3460 5118 quaesumus,
3509 5043 3847 5111 omnipotens

2268 5145 2442 5209 Deus,
2473 5152 2530 5197 ut
2577 5143 2954 5213 mysteriorum
2986 5139 3178 5194 virtute
3216 5149 3542 5202 sanctorum,
3592 5145 3647 5191 et
3697 5134 3844 5205 (414)

2265 5233 2650 5289 intercessione
2687 5233 2960 5285 beatorum
3003 5228 3238 5286 Gcrvasii
3286 5237 3342 5282 et
3382 5226 3603 5282 Pratasii
3649 5234 3849 5294 marty-

2266 5342 2380 5380 rum
2411 5333 2643 5388 tuorum,
2677 5322 2780 5376 vita
2810 5332 2990 5376 nostra
3023 5320 3176 5390 (415)
3206 5320 3468 5373 iniciatur.
3508 5318 3631 5372 Per.

2303 5436 2351 5472 tit
2386 5433 2657 5473 BALENDAB
2685 5432 2840 5472 wut.
2872 5447 2941 5459 --
2966 5413 3116 5487 (416)
3151 5430 3347 5471 νιθιιιλ
3384 5429 3568 5470 sascrt
3596 5427 3812 5469 JOANNIS

2904 5501 3192 5541 ΒΑΡΤΙΒΤΕ.
3496 5497 3501 5502 ’

2338 5580 2566 5644 Prmsta,
2599 5592 2939 5648 quaesumus,
2980 5577 3320 5647 omnipotens
3361 5577 3519 5645 Deus,
3561 5582 3621 5629 ut
3648 5573 3844 5628 familia

2269 5683 2358 5727 tua
2387 5688 2479 5741 per
2508 5675 2644 5726 .viatn
2689 5672 2876 5727 salutis
2916 5669 3162 5739 incedat,
3205 5679 3257 5725 et
3286 5669 3428 5725 beati
3453 5667 3671 5724 Joannis
3703 5665 3845 5719 Prae-

661 5793 686 5820 ⁸
710 5784 821 5840 Non
855 5786 1044 5858 legitur
1074 5788 1122 5843 in
1148 5788 1241 5844 Ed.
1279 5789 1441 5843 Vatic.
1477 5798 1586 5859 post
1610 5787 2020 5853 Bmedictiones;
2059 5800 2250 5842 extera
2281 5793 2400 5840 sunt
2422 5782 2632 5838 similia.
