4026 6358
265 392 355 448 121

1443 394 1645 451 LIBER
1682 392 2317 456 SACRAMENTOBUM.

3419 405 3521 458 122

260 510 495 564 cursaris
512 505 858 563 hortamenta
879 507 1152 572 sectando,
1182 508 1246 562 ad
1273 522 1394 565 eum
1420 523 1577 579 quem
1603 509 1844 579 prazdixit
1876 513 1921 571 Α
1952 509 2173 565 Domine
2197 521 2400 577 sancte,
2433 512 2589 568 Pater
2615 514 2980 584 omnipotens,
3025 522 3225 568 αξιοι-ηε
3270 513 3405 569 Deus
3423 556 3438 579 ,
3469 528 3520 570 ct

267 615 454 654 secura
475 600 752 666 perveniat
785 600 1063 653 Dominum
1086 607 1353 654 nostrum.
1703 663 1710 674 '

339 692 507 758 Super
531 691 719 743 oblata.
745 719 815 728 -—
840 690 1082 752 Munera,
1115 690 1368 755 Domine,
1395 690 1570 744 oblata
1617 689 1848 745 sanctiﬁ-

261 797 354 846 ca,
385 793 437 837 et
479 783 839 834 intercedente
887 781 1041 834 beato
1074 781 1280 835 Joanne
1317 780 1572 848 Baptista,
1618 795 1718 836 nos
1756 797 1848 848 per

261 874 383 928 haec
439 887 467 924 a
525 882 870 941 peccatorum
935 879 1246 925 nostrorum
1317 872 1538 925 maculis
1590 871 1844 925 emunda.

257 965 388 1018 Per:

328 1052 606 1121 Pus-ratio.
635 1081 705 1092 ——
733 1051 876 1106 Vere
919 1051 1136 1120 dignum
1183 1057 1237 1105 et
1258 1049 1458 1119 justum
1502 1057 1605 1115 est,
1634 1065 1845 1120 aequum

253 1152 311 1197 et
342 1144 601 1204 salutare,
635 1155 732 1195 nos
761 1140 858 1194 tibi
884 1156 1095 1208 semper
1116 1152 1168 1195 et
1195 1141 1391 1210 ubique
1435 1143 1628 1210 gratias
1665 1156 1844 1210 agere,

256 1234 490 1287 Domine
541 1240 748 1296 sancte,
793 1231 950 1285 Pater
1000 1230 1377 1300 omnipotens,
1419 1240 1617 1286 aeterne
1669 1231 1845 1286 Deus:

253 1327 412 1392 (ΞΠ)
443 1325 771 1380 exhibentes
800 1325 1038 1379 solemne
1083 1325 1340 1394 jejunium
1370 1340 1475 1395 quo
1517 1326 1655 1381 beati
1685 1327 1850 1381 Joan-

251 1420 338 1471 nis
389 1419 644 1484 Baptistae
679 1417 919 1471 natalitia
965 1419 1340 1486 prrevenimus.
1392 1418 1557 1487 Cujus
1615 1420 1842 1488 genitor,

253 1510 386 1560 dum
418 1522 540 1560 eum
569 1507 774 1560 dubitat
808 1507 1155 1572 nasciturum,
1205 1508 1467 1563 sermonis
1511 1508 1685 1562 amisit
1729 1510 1848 1563 offi-

252 1600 424 1661 cium,
454 1607 597 1653 eteo
627 1606 886 1668 nascente
931 1606 985 1652 et
1035 1599 1297 1653 sermonis
1333 1613 1508 1663 usum,
1539 1608 1594 1653 et
1617 1600 1846 1669 prOphe-

255 1691 347 1744 tiae
370 1688 860 1760 suscepitdonum;
895 1689 1152 1760 cujusque
1181 1689 1438 1760 genitrix,
1481 1689 1631 1745 senio
1666 1690 1848 1746 confe-

254 1794 368 1847 cta,
401 1783 686 1837 sterilitate
715 1782 959 1849 multata,
987 1782 1039 1837 in
1069 1782 1185 1852 ejus
1211 1792 1468 1853 conceptu
1520 1799 1624 1838 non
1673 1784 1843 1838 solum

1951 599 2003 654 in
2056 601 2144 655 die
2196 602 2496 655 festivitatis
2546 604 2850 669 hodierna},
2894 619 2996 672 qua
3052 605 3234 657 beatus
3286 602 3522 656 Joannes

1949 699 2164 743 emrtus
2211 700 2312 755 est,
2367 701 2508 745 tuam
2558 694 2999 761 magnificentiam
3049 692 3389 754 cullaudare,
3430 693 3519 760 qui

1952 794 2130 834 vocem
2159 783 2342 836 matris
2376 784 2582 838 Domini
2615 787 2845 838 nondum
2875 786 3052 841 editus
3082 785 3266 848 sensit,
3294 795 3348 838 et
3371 785 3520 854 (419)

1948 871 2123 925 adhuc
2161 874 2370 926 clausus
2405 884 2554 928 utero
2594 876 2878 930 adventum
2917 877 3099 930 salutis
3127 878 3370 929 humanae
3403 891 3523 942 pru-

1950 963 2156 1030 phetica
2183 965 2538 1019 exsultatione
2579 967 2914 1033 significavit.
2958 968 3108 1036 (4'20)
3145 969 3241 1035 Qui
3275 979 3326 1022 et
3372 969 3522 1035 genio

1951 1049 2096 1102 tricis
2141 1052 2473 1106 sterilitatem
2530 1064 2822 1121 conceptus
2860 1057 3096 1122 abstulit,
3131 1068 3185 1112 et
3213 1060 3376 1128 patris
3424 1059 3522 1110 liu-

1947 1157 2103 1212 guam
2136 1153 2290 1198 natus
2318 1144 2568 1209 absolvit,
2600 1147 2745 1200 solus
2768 1162 2850 1212 ,ue
2879 1151 3113 1202 omnium
3145 1151 3519 1219 prophetatum

1950 1234 2357 1302 Redemptorctn
2389 1234 2592 1296 mundi,
2617 1250 2775 1303 quem
2823 1238 3220 1302 praenuntiavit,
3266 1241 3521 1296 ostendit.

1950 1328 2016 1381 Et
2042 1336 2096 1380 ut
2126 1339 2293 1380 sacrae
2336 1325 2714 1392 purificationis
2743 1325 2989 1378 ell‘ectum
3030 1342 3280 1394 aquarum
3335 1340 3518 1382 natura

1949 1417 2285 1485 conciperet,
2350 1415 2741 1469 sanctificandis
2789 1414 3038 1469 Jordanis
3088 1415 3299 1469 liuentis
3347 1418 3519 1485 ipsum

1948 1507 2214 1576 baptismo
2253 1505 2580 1576 baptismatis
2620 1505 2746 1560 lavit
2784 1509 3092 1560 Auctorem.
3135 1505 3201 1560 Et
3247 1507 3365 1560 ideo
3401 1523 3522 1561 cum

1947 1598 2168 1667 angens.

2021 1701 2042 1727 c
2075 1687 2384 1740 Benedictio.
2409 1716 2478 1727 —
2508 1686 2791 1742 Benedicat
2820 1686 2969 1741 vobis
2997 1687 3335 1755 omnipotens
3364 1686 3522 1751 Deus,

1948 1781 2085 1834 beati
2134 1779 2353 1835 Joannis
2415 1780 2661 1846 Baptista:
2705 1779 3121 1842 intercessione,
3168 1780 3319 1842 cujus
3369 1778 3522 1831 hodie

257 1879 600 1934 sterilitatem
648 1878 865 1946 amisit,
917 1878 1291 1934 fecunditatem
1356 1879 1674 1948 acquisivit,
1748 1879 1840 1934 sed
1875 1886 1921 1945 Β
1949 1872 2188 1926 natalitia
2230 1871 2535 1937 celebratis,
2556 1871 2920 1939 concedatque
2965 1879 3018 1923 ut
3067 1868 3219 1937 cujus
3267 1867 3522 1921 solemnia

258 1971 421 2023 etiam
451 1969 710 2039 Spiritum
743 1979 1006 2033 sanctum,
1037 1983 1142 2039 quo
1167 1971 1386 2026 Matrem
1418 1970 1624 2024 Domini
1650 1979 1702 2025 ct
1730 1971 1846 2025 Sal-

259 2063 461 2115 vatoris
488 2068 825 2131 agnosceret,
855 2063 1079 2130 accepit.
1121 2061 1222 2116 Per
1267 2076 1421 2131 quem
1455 2061 1805 2131 Mojestatetn.

333 2153 412 2205 Ad
459 2152 848 2221 Complendum.
896 2180 966 2192 —
996 2152 1142 2207 Beati
1181 2152 1402 2208 Joannis
1446 2153 1720 2222 Baptistzc,
1752 2167 1849 2207 nos

260 2241 507 2306 Domine,
541 2243 802 2309 przeclara
839 2241 1121 2297 comitetur
1155 2244 1345 2310 oratio,
1385 2250 1439 2297 et
1476 2260 1634 2314 quem
1662 2249 1844 2299 ventu-

261 2350 379 2386 rum
427 2349 551 2389 esse
607 2334 874 2404 praedixit,
924 2341 1110 2403 poscat
1152 2336 1306 2391 nobis
1355 2336 1532 2392 favere
1563 2337 1844 2408 placatum.

262 2423 368 2478 Per
394 2423 679 2478 Dominum
713 2435 975 2480 nostrum.

563 2516 714 2584 (HS)
744 2531 796 2570 Ill
825 2525 850 2553 λ
883 2531 1042 2571 PRIMA
1073 2532 1220 2571 mssa
1248 2533 1315 2572 ne
1343 2532 1538 2573 unc-rs.

331 2605 617 2670 Concede,
651 2621 985 2676 quaesumus,
1015 2607 1352 2677 omnipotens
1381 2608 1552 2675 Deus,
1603 2617 1658 2664 ut
1693 2611 1850 2682 Ῑω

260 2696 350 2765 qui
391 2697 535 2751 beati
582 2696 802 2754 Joannis
829 2700 1084 2768 Baptistae
1131 2700 1390 2755 solemnia
1435 2702 1684 2769 colimus,
1733 2705 1848 2773 ejus

261 2787 402 2853 apud
437 2797 494 2842 te
520 2786 906 2845 intercessione
929 2789 1250 2845 muniamur.
1275 2791 1377 2846 Per
1396 2792 1703 2848 Dominum.

339 2875 517 2942 Super
546 2877 736 2932 oblata.
763 2907 836 2918 —
864 2876 1102 2947 Munera,
1155 2881 1397 2946 Domine,
1428 2882 1602 2936 oblata
1645 2885 1846 2938 sancti-

262 2965 388 3032 lica,
427 2978 483 3022 et
514 2968 887 3024 intercedente
913 2970 1068 3026 beato
1097 2971 1302 3028 Joanne
1335 2974 1587 3043 Baptista,
1619 2991 1715 3030 nos
1757 2993 1850 3044 per

264 3057 376 3113 haec
405 3074 436 3112 a
469 3071 807 3128 peccatorum
836 3072 1136 3118 nostrorum
1178 3067 1398 3121 maculis
1445 3069 1691 3122 emunda.
1727 3069 1846 3125 Per.

333 3153 411 3204 Ad
444 3153 844 3220 Complendum.
867 3185 937 3196 —
966 3155 1162 3213 Pra'sta
1184 3198 1199 3224 ,
1236 3174 1540 3227 quzesumus
1562 3202 1576 3225 ,
1608 3160 1850 3228 omnipo-

265 3250 377 3296 tens
403 3243 570 3311 Deus,
606 3255 661 3298 ut
687 3246 774 3313 qui
805 3247 1040 3301 caelestia
1074 3247 1324 3303 alimenta
1367 3251 1699 3318 percepimus
1719 3294 1733 3317 ,
1769 3251 1848 3304 in-
1876 3239 1922 3302 C

268 3338 576 3392 tercedente
638 3337 798 3394 beato
836 3339 1040 3396 Joanne
1079 3341 1333 3410 Baptista,
1372 3357 1468 3411 per
1513 3343 1627 3396 hac
1664 3355 1846 3397 conzra

267 3428 440 3480 omnia
472 3427 700 3482 adversa
726 3431 1042 3483 muniamur.
1071 3429 1172 3484 Per
1192 3431 1494 3485 Dominum.

334 3516 508 3586 Super
540 3520 808 3588 populum.
836 3549 905 3559 —
934 3518 1130 3574 Prmsta
1149 3561 1163 3585 ,
1213 3536 1514 3589 quaesumus
1537 3563 1552 3589 ,
1601 3521 1850 3588 Domine,

274 3617 330 3660 ut
359 3609 591 3676 populus
625 3617 746 3664 tuus
768 3611 831 3664 ad
865 3610 1032 3678 plenae
1079 3611 1380 3666 devotionis
1421 3612 1667 3668 eliectum
1713 3613 1851 3667 beati

268 3698 489 3752 Joannis
523 3699 771 3767 Baptista:
795 3701 1047 3757 natalitiis
1077 3711 1424 3772 praeparetur,
1448 3718 1606 3775 quem
1638 3705 1852 3773 prtemi-

267 3789 382 3844 εἰειί
415 3788 556 3844 Filio
586 3801 676 3846 tuo
703 3807 889 3862 parare
918 3794 1125 3863 plebem
1157 3795 1469 3864 perfectam,
1497 3796 1623 3852 Jesu
1643 3797 1854 3853 Christo

271 3876 501 3932 Domino
525 3891 726 3935 nostro.
760 3880 881 3947 Qui.

337 3971 479 4024 Alia.
513 4000 586 4013 --
616 3973 763 4028 Beati
791 3990 910 4044 nos,
943 3975 1188 4040 Domine,
1220 3975 1440 4032 Joannis
1477 3978 1671 4043 oratio,
1703 3991 1753 4034 et
1777 3979 1854 4032 iu-

268 4063 510 4133 telligere
533 4063 729 4119 Christi
775 4066 848 4120 tui
889 4065 1200 4138 mysterium
1247 4070 1496 4136 postulet,
1541 4077 1596 4124 et
1635 4072 1852 4125 mereri.

272 4154 375 4208 I‘er
400 4156 678 4212 eumdem.

304 4261 398 4302 νιιι
433 4263 707 4303 κΑιεΝῡΑς
739 4265 869 4304 ιοιιι
901 4266 1126 4306 κΑτΑιιε

990 4335 1124 4376 ετᾶζ.

341 4411 521 4478 Deus,
551 4413 640 4482 qui
685 4423 1000 4479 praesentem
1035 4413 1175 4469 diem
1223 4414 1585 4470 ltunorabilem
1617 4416 1770 4472 nobis
1805 4417 1859 4472 in

274 4499 414 4554 beati
442 4501 670 4558 Joannis
700 4505 977 4559 nativitate
1006 4504 1194 4572 fecisti,
1221 4506 1286 4560 da
1319 4508 1526 4576 p0pulis
1559 4510 1660 4562 tuis
1702 4509 1860 4577 spiri-

1173 4265 1356 4307 SANCTI
1393 4267 1605 4310 JOANNIS
1633 4270 1818 4310 ΒᾹΡΤΙ-

1946 1963 2118 2018 colitis
2162 1961 2452 2033 patrocinia
2498 1962 2758 2016 sentiatis.
2806 1963 2999 2016 Amen.
3041 1960 3180 2015 Illius
3209 1959 3428 2012 obtentu
3457 1959 3524 2010 ab

1945 2056 2189 2112 omnibus
2233 2055 2471 2109 adversis
2522 2055 2795 2118 tueamini,
2845 2063 2898 2108 et
2930 2054 3083 2107 bonis
3126 2051 3374 2105 omnibus
3404 2065 3523 2119 pcr-

1945 2147 2216 2211 fruamini,
2249 2146 2338 2214 qui
2360 2143 2648 2199 adventum
2676 2144 3044 2211 Bcdemptm-is
3073 2142 3256 2196 mundi
3295 2142 3520 2195 necdum

1948 2248 2102 2291 natus
2129 2237 2285 2306 110
2310 2235 2592 2305 cognovit,
2635 2235 2821 2287 matris
2864 2233 3200 2287 sterilitatem
3252 2229 3523 2285 nascendo

1947 2327 2186 2392 abstulit,
2218 2325 2380 2396 patris
2407 2327 2636 2394 linguam
2673 2335 2827 2378 natus
2858 2323 3109 2377 absolvit.
3150 2325 3339 2374 Amen.
3381 2320 3524 2383 Qua-

1951 2427 2106 2472 tenus
2136 2417 2302 2485 ipsius
2333 2416 2488 2485 Agni,
2530 2429 2688 2483 quem
2738 2415 2823 2467 ille
2873 2413 3041 2482 digito
3090 2410 3342 2476 ostendit,
3371 2407 3524 2476 cujus

1950 2509 2309 2564 immolatione
2339 2508 2468 2561 estis
2499 2506 2784 2575 redempti,
2814 2507 2882 2559 ita
2906 2506 3158 2559 virtutum
3205 2504 3338 2556 lanis
3363 2501 3525 2554 vesti.

1949 2603 2014 2665 ri,
2045 2612 2098 2656 et
2144 2599 2502 2654 innocentiam
2537 2599 2754 2653 valeatis
2800 2597 3019 2660 imitari,
3051 2606 3112 2650 ut
3149 2597 3195 2649 ei
3220 2596 3272 2648 in
3309 2602 3525 2647 αξιοι-μω

1952 2693 2136 2762 patrize
2167 2690 2420 2745 felicitate
2443 2690 2657 2759 possitis
2685 2687 2918 2757 adjungi.
2947 2685 3099 2754 Quod
3130 2685 3244 2754 ipse
3269 2692 3526 2752 praestare

1951 2786 2220 2855 dignetur.

1934 2903 1936 2905 >
2021 2877 2099 2928 Ad
2137 2871 2512 2944 complendum.
2562 2901 2632 2912 —
2674 2871 2861 2928 Sumat
2909 2869 3144 2924 Ecclesia
3201 2877 3310 2930 tua,
3353 2865 3515 2927 Deus,

1952 2966 2092 3020 beati
2141 2963 2360 3019 Joannis
2406 2962 2651 3030 Baptista:
2702 2962 3047 3030 generatione
3095 2957 3368 3018 laetitiam,
3431 2969 3525 3022 per

1953 3075 2107 3129 quem
2139 3073 2251 3113 suae
2279 3055 2692 3126 regenerationis
2721 3051 2967 3121 cognovit
3011 3051 3317 3113 Auctorem,
3350 3046 3527 3100 Domi-

1956 3167 2079 3204 num
2112 3159 2375 3202 nostrum.
2403 3146 2502 3212 Qui
2527 3155 2699 3199 tecum
2731 3145 2877 3197 vivit.

2023 3237 2049 3277 ά
2098 3239 2176 3293 Ad
2226 3237 2525 3292 Matutinos.
2578 3266 2648 3276 —
2693 3235 3059 3304 Omnipotens,
3114 3241 3166 3286 et
3220 3229 3527 3285 misericors

1954 3331 2116 3397 Deus,
2172 3332 2257 3401 qui
2306 3331 2519 3384 beatum
2559 3326 2817 3381 Joannem
2877 3325 3164 3394 Baptistant
3218 3333 3303 3375 tua
3348 3321 3526 3389 provi-

1952 3424 2129 3479 dentia
2160 3421 2438 3479 destinasti
2471 3431 2527 3474 ut
2566 3420 2854 3489 perfectam
2909 3419 3113 3486 plebem
3163 3417 3374 3469 Christo
3429 3414 3529 3468 Do-

1954 3518 2100 3571 mino
2132 3521 2474 3583 prmpararet,
2499 3509 2587 3576 da,
2613 3525 2936 3577 quaesumus,
2971 3520 3024 3561 ut
3053 3507 3245 3560 familia
3267 3515 3351 3558 tua
3374 3505 3528 3572 hujus

1955 3605 2341 3662 intercessione
2365 3603 2647 3674 praeconis,
2679 3614 2731 3656 et
2762 3617 2792 3655 a
2824 3600 3052 3668 peccatis
3079 3598 3326 3651 omnibus
3369 3609 3532 3647 exua-

1956 3709 2060 3762 tnr,
2089 3705 2142 3750 et
2171 3697 2233 3749 ad
2259 3712 2378 3750 eum
2409 3710 2566 3763 quem
2591 3691 2924 3762 protihetavit
2955 3689 3233 3759 pervenire
3263 3697 3531 3740 mereatur

1959 3787 2262 3841 Dominum.

2027 3882 2246 3932 Alia.—-
2268 3879 2616 3948 Omnipotens
2643 3875 2966 3947 sempiterne
2997 3874 3158 3939 Deus,
3189 3871 3254 3926 da
3285 3869 3535 3924 cordibus

1958 3969 2156 4023 nostris
2187 3969 2328 4023 illam
2365 3979 2572 4021 tuarum
2607 3966 2973 4021 rectitudincm
3005 3964 3317 4018 setnitanum
3367 3976 3525 4029 quant

1959 4059 2097 4115 beati
2128 4058 2346 4114 Joannis
2376 4058 2625 4126 Baptistze
2656 4057 2708 4111 in
2736 4058 2950 4110 deserto
2980 4069 3082 4108 vox
3102 4051 3380 4108 clamantis
3405 4050 3531 4105 edo-

1962 4153 2093 4205 cuit.
2133 4151 2233 4205 Per
2258 4149 2539 4203 Dominum
2568 4156 2829 4201 nostrum.

2031 4241 2169 4293 Alia.
2193 4269 2262 4278 —
2290 4239 2450 4301 Deus,
2478 4237 2564 4306 qui
2596 4234 2858 4302 conSpicis
2879 4248 2999 4302 quia
3026 4248 3122 4286 nos
3145 4232 3372 4298 undique
3396 4230 3531 4282 mala

1962 4342 2141 4386 nostra
2189 4331 2525 4392 contristaut,
2575 4342 2668 4395 per
2719 4325 3105 4379 Pra'cursorem
3154 4321 3327 4392 gaudii
3374 4320 3536 4375 corda

1963 4433 2140 4478 nostra
2172 4421 2400 4476 laetiﬁca.
2436 4419 2537 4473 Per
2564 4418 2845 4472 Dominum
2875 4423 3132 4469 nostrum.

2036 4514 2174 4568 Alia.
2201 4542 2274 4552 —
2303 4512 2400 4580 Da,
2429 4523 2755 4580 qutcsumus,
2797 4506 3139 4574 onmipotens
3181 4504 3340 4566 Deus,
3399 4502 3536 4554 intra

275 4593 459 4647 talium
491 4595 718 4662 gratiam
741 4596 1075 4664 gaudiorum,
1109 4607 1164 4652 et
1194 4599 1429 4653 omnium
1455 4600 1688 4656 ﬁdelium
1708 4617 1858 4656 men-
1888 4599 1939 4660 D
1966 4611 2162 4658 sancta:
2215 4602 2472 4656 Ecclesize
2523 4609 2628 4652 tua:
2673 4607 2881 4652 uterum
2927 4597 3266 4658 constitutos,
3317 4608 3382 4648 eo
3440 4607 3536 4645 nos

273 4693 353 4739 tes
383 4684 555 4755 dirige
585 4687 638 4740 in
672 4687 810 4741 viam
840 4689 1027 4743 salutis
1049 4698 1283 4745 aeternae.
1307 4690 1428 4746 Per.

346 4775 520 4845 Super
543 4777 733 4830 oblata.
766 4806 832 4818 —
860 4777 992 4843 Tua,
1022 4779 1272 4846 Domine,
1322 4780 1630 4834 muneribus
1671 4781 1859 4835 altaria

274 4868 633 4930 cumulamus,
666 4867 807 4923 illius
827 4855 980 4923 nobis
997 4884 1090 4937 per
1115 4870 1226 4923 haec
1252 4885 1406 4938 opem
1428 4871 1617 4926 adesse
1647 4886 1861 4941 poscen-

277 4969 378 5025 tes,
437 4967 493 5012 et
525 4959 854 5014 nativitatem
904 4961 1103 5015 honore
1154 4961 1333 5016 debito
1379 4963 1730 5029 celebrantes,
1769 4964 1859 5032 qui

276 5050 610 5106 Salvatorem
663 5051 846 5106 mundi
893 5061 947 5106 et
989 5053 1182 5107 cecinit
1220 5051 1554 5118 adfuturum,
1588 5062 1642 5108 et
1673 5054 1862 5109 adesse

279 5142 618 5204 monstravit,
645 5141 930 5196 Dominum
961 5151 1226 5198 nostrum.

347 5228 372 5265 δ
405 5228 686 5300 Ρηεριιίο.
717 5264 786 5276 -
817 5233 954 5287 Vere
982 5234 1196 5303 dignum
1227 5244 1281 5289 et
1307 5231 1504 5300 justum
1526 5241 1630 5299 est,
1653 5248 1862 5302 aequum

281 5329 334 5373 et
355 5319 625 5390 salutare,
660 5337 756 5379 nos
791 5324 884 5379 tibi
913 5339 1126 5394 semper
1153 5334 1205 5380 et
1230 5325 1427 5393 ubique
1455 5323 1652 5395 gratias
1682 5339 1862 5392 agere,

352 5467 377 5494 ι
412 5459 466 5512 In
501 5458 598 5512 Ms.
622 5459 874 5516 Calensi:
912 5477 1006 5516 vnn
1040 5461 1263 5516 Kalend.
1321 5462 1449 5515 Julii
1497 5463 1659 5516 natal.
1705 5463 1866 5515 sancti

282 5527 497 5599 Joannis
520 5527 802 5597 Baptism;
829 5533 882 5585 in
911 5535 1075 5599 prima
1104 5533 1285 5598 Missa,
1317 5533 1565 5594 Conctde,
1593 5541 1698 5587 etc.
1725 5532 1865 5585 Con-

284 5598 519 5652 sentiunt
547 5600 684 5655 Cod.
724 5601 856 5669 Reg.
881 5604 1064 5666 Suec.,
1084 5602 1320 5666 Gemen,
1342 5601 1549 5656 Theod.
1574 5607 1641 5656 At
1675 5603 1725 5654 in
1754 5611 1862 5656 vet.

286 5670 522 5721 Sacram.
562 5669 701 5722 Gall.
743 5674 893 5725 unica
916 5682 1116 5725 tantum
1145 5672 1250 5724 hoc
1288 5675 1374 5726 die
1420 5679 1595 5726 exstat
1626 5672 1783 5725 Missa
1813 5673 1864 5723 in

286 5740 448 5812 sancti
474 5739 693 5812 Joannis
721 5739 986 5810 Βαριὶειω.
1016 5742 1124 5798 Sed
1155 5750 1336 5812 postea
1361 5741 1584 5798 habetur
1623 5740 1784 5796 Missa
1814 5742 1866 5794 in

287 5805 476 5860 Joann.
505 5810 760 5878 passione.

1968 4693 2165 4762 Spiritu
2214 4692 2282 4744 ab
2330 4691 2604 4758 iniquitate
2651 4698 2829 4743 nostra
2856 4687 3158 4757 justilicari,
3190 4700 3294 4754 quo
3323 4684 3534 4738 beatum

1966 4781 2223 4837 Joannem
2253 4779 2390 4834 intra
2424 4781 2624 4835 viscera
2652 4786 2893 4833 materna
2923 4777 3171 4831 docuisti.
3220 4773 3322 4828 Per
3360 4773 3537 4828 Domi-

1955 4889 2093 4952 .num
2125 4882 2360 4927 nostrum
2384 4873 2586 4928 Jesum.

2037 4967 2173 5020 Alia.
2205 4996 2276 5005 —
2307 4966 2465 5030 Deus,
2497 4965 2583 5033 qtti
2615 4978 2711 5018 nos
2737 4977 2909 5016 annua
2940 4960 3080 5016 beati
3111 4958 3330 5012 Joannis
3360 4958 3538 5026 Bapti-

1969 5067 2066 5112 stae
2096 5056 2357 5112 solemnia
2389 5057 2724 5123 frequentare
2766 5051 3036 5112 concedis,
3069 5059 3284 5117 przesta,
3328 5063 3538 5118 quassu.

1971 5164 2112 5215 mus,
2146 5159 2200 5201 ut
2231 5157 2285 5202 et
2311 5148 2516 5200 devotis
2544 5143 2728 5198 eadem
2773 5143 3038 5197 mentibus
3085 5143 3437 5205 celebremus,
3467 5150 3538 5206 et,

1971 5240 2086 5307 ejus
2116 5238 2412 5306 patrocinio
2443 5244 2804 5303 promcreute,
2838 5233 3006 5300 plena:
3033 5233 3306 5299 capiamus
3344 5231 3538 5284 securi.

1974 5329 2099 5383 tatis
2127 5338 2493 5396 augmentum.
2528 5326 2649 5379 Per.

2042 5463 2070 5504 δ
2097 5465 2290 5519 Eadem
2327 5480 2462 5534 pene
2489 5464 2680 5530 legitur
2710 5465 2761 5517 in
2785 5463 2998 5516 Sacram
3047 5461 3236 5515 Gallic.

2046 5547 2067 5573 ο
2101 5537 2155 5588 In
2203 5532 2616 5589 Bettcdictionali
2646 5543 2849 5597 exstat,
2889 5548 2983 5587 nec
3014 5546 3118 5586 non
3148 5532 3286 5603 apud
3315 5532 3546 5588 Grimol-

1971 5603 2094 5658 dum
2119 5621 2147 5659 a
2174 5605 2410 5659 Pamelio
2432 5607 2653 5659 editum.

1979 5744 2015 5796 ν
2043 5673 2257 5796 “(Forte
2283 5676 2563 5745 legendum
2594 5677 2661 5729 ad
2712 5672 2982 5744 Vcsperos,
3016 5683 3072 5728 ut
3108 5672 3296 5744 legitur
3321 5673 3372 5727 in
3403 5673 3543 5727 Edit.

2022 5761 2049 5796 ιι
2079 5762 2152 5796 lc.

2022 5747 2152 5801 atic.
