4026 6370
502 413 610 468 12"»

1707 388 1945 447 SANC'I‘I
1985 381 2311 441 GllEGORll
2353 380 2567 437 MAGNI

3656 367 3772 422 ίῗι

498 541 556 580 vt
598 539 868 580 “usus
903 537 1058 578 tcLu.
1079 547 1146 560 —
1166 526 1390 570 remus
1427 521 1732 562 saacronua
1773 518 1983 559 JOANNIS
2016 513 2083 553 ET
2112 497 2163 557 Α
2189 505 2395 550 ctorum
2423 493 2810 562 apostolorum,
2840 502 3170 559 quaesumus,
3202 486 3516 556 deprecatio
3536 498 3774 556 quorum

1213 598 1387 636 PAULI.

586 690 923 753 Qnmsumus,
971 678 1312 743 omnipotens
1365 673 1526 734 Dens,
1577 679 1633 721 ttt
1681 681 1776 722 nos
1824 665 2088 737 geminata

505 779 701 830 laet'tia
743 772 1013 824 hodiernae
1061 761 1359 817 festivitatis
1379 757 1628 827 excipiat,
1677 771 1795 825 quae
1820 755 1887 809 de
1915 755 2092 808 beato-

518 883 633 922 rum
674 862 897 919 Joannis
923 871 976 914 et
1022 855 1168 911 Pauli
1217 851 1604 922 gloriﬁcatione
1651 847 1912 918 procedit,
1960 860 2092 915 quos

513 957 695 1008 eadem
759 953 888 1005 ﬁdes
936 960 990 1004 et
1029 946 1206 1017 passio
1261 960 1387 1000 vere
1439 943 1563 996 fecit
1612 956 1733 997 esse
1789 954 2090 1010 germanos.

515 1050 613 1100 l‘et'

585 1136 755 1198 Super
804 1133 996 1186 oblata.
1024 1157 1093 1171 —
1123 1127 1339 1182 Hostias
1367 1124 1622 1178 altaribus
1671 1123 1796 1191 tuis,
1849 1121 2093 1186 Domine,

516 1228 827 1295 placationis
858 1222 1203 1290 imponimus,
1228 1219 1520 1288 potentiam
1549 1229 1688 1268 tuam
1713 1215 1766 1267 in
1790 1222 2094 1267 sanctorum

515 1327 727 1369 tuorum
783 1312 1126 1385 passionibus
1172 1307 1507 1370 honorando,
1558 1314 1614 1359 et
1666 1318 1759 1372 per
1797 1317 1891 1357 eos
1945 1303 2095 1356 nobis

516 1403 854 1473 implorando
881 1402 1091 1457 veniam
1123 1407 1485 1469 peccatorum.
1540 1395 1642 1450 Per
1682 1394 1961 1448 Dominum
2003 1407 2099 1445 no-

517 1508 710 1551 struttt.

598 1584 866 1654 Prwfatio.
889 1612 956 1623 -—
977 1582 1112 1636 Vere
1140 1580 1355 1649 dignum
1379 1586 1431 1633 et
1454 1578 1653 1647 justum
1678 1584 1780 1641 e~t,
1807 1589 2015 1643 :rqnum
2047 1583 2100 1628 et

523 1676 777 1738 salutare,
826 1689 921 1727 nos
963 1672 1054 1728 tibi
1086 1685 1298 1740 semper
1341 1677 1395 1723 et
1436 1668 1628 1736 ubique
1673 1667 1875 1735 gratias
1922 1681 2098 1735 agerc,

528 1768 756 1822 Domine
809 1775 1016 1829 sancte,
1081 1766 1234 1834 ιιι
1284 1762 1442 1816 Pater
1492 1761 1850 1828 omnipatens,
1903 1768 2102 1813 aeterne

2191 586 2450 641 solemnia
2476 583 2832 654 pravi-nimus
2859 580 3077 636 efficiat.
3112 579 3233 633 Per.

2263 675 2533 746 Praefatio.
2551 705 2620 714 —
2644 673 2780 728 Vere
2805 672 3022 738 dignum
3048 679 3100 723 et
3122 671 3323 738 justum
3346 675 3448 732 est,
3475 678 3685 733 aequum
3717 673 3782 717 et

2193 767 2449 829 salutare,
2501 778 2599 819 nos
2645 764 2738 817 tibi
2776 776 2987 830 semper
3014 768 3069 814 et
3106 759 3304 828 ubique
3345 756 3544 825 gratias
3585 769 3777 824 agere,

2202 857 2357 924 112
2411 854 2637 908 Domine
2691 862 2893 915 sancte,
2950 849 3105 903 l'ater
3159 845 3513 916 omnipotens,
3573 857 3782 900 aterne

2196 948 2372 1001 Deus:
2407 947 2545 1015 apud
2573 960 2732 1014 quem
2756 959 2878 998 cum
2907 942 3184 997 beatorum
3237 939 3598 1008 apostolorum
3635 949 3787 990 cott-

2195 1038 2394 1092 tinuata
2443 1037 2699 1091 festivitas
2750 1033 3106 1101 triumphique
3152 1031 3386 1086 cmlestis
3424 1036 3673 1098 perpetua
3721 1033 3786 1080 et

2196 1137 2392 1180 a:terna
2422 1128 2492 1180 sit
2517 1125 2822 1187 celebritas,
2853 1124 3008 1176 nobis
3030 1131 3203 1175 tamen
3223 1135 3405 1174 eorum
3429 1118 3559 1172 festa
3586 1117 3786 1171 annuis

2201 1216 2503 1270 recursibus
2533 1215 2722 1268 tribuis
2748 1213 3104 1282 frequentare,
3137 1218 3267 1264 utet
3300 1209 3510 1263 iliorum
3544 1206 3790 1278 passioni

2199 1307 2270 1361 sit
2319 1305 2591 1360 veneratio
2643 1320 2711 1357 cx
2763 1313 2940 1357 nostra
2972 1300 3274 1363 devotione,
3327 1307 3382 1353 et
3429 1298 3583 1352 nobis
3628 1298 3789 1350 anxi-

2202 1396 2329 1449 litntt
2361 1394 2636 1463 proveniat
2660 1394 2728 1449 de
2756 1408 2940 1448 eorum
2989 1389 3326 1445 sanctissima
3375 1387 3787 1444 intercessione.

2201 1484 2323 1538 Per.

2275 1576 2355 1629 Ad
2404 1573 2894 1645 Complendum.——
2923 1573 3177 1642 Sumptis,
3229 1570 3476 1638 Domine,
3529 1567 3790 1624 remediis

2203 1666 2567 1735 sempiternis,
2619 1677 2825 1722 tuorum
2874 1666 3194 1720 mundentur
3229 1667 3390 1720 corda
3434 1661 3692 1726 fidelium,
3729 1668 3794 1714 ut

2205 1757 2481 1824 apostolici
2513 1757 2655 1812 Petri
2682 1767 2735 1811 et
2767 1757 2911 1810 Pauli
2939 1755 3130 1809 natalis
3158 1755 3402 1823 insignia,
3444 1766 3565 1822 qua
3594 1765 3794 1817 corpo-

529 1858 686 1919 Deus,
738 1871 834 1927 per
880 1856 1151 1910 Christum
1195 1853 1478 1906 Dominum
1510 1862 1748 1905 nostrum
1782 1866 1794 1902 :
1827 1863 1923 1916 pro
1950 1850 2104 1916 cujus
2135 1855 2179 1915 Β
2209 1849 2411 1903 ralihus
2439 1848 2631 1903 officiis
2661 1858 3049 1917 exsequuntur,
3082 1849 3167 1918 pia
3215 1847 3391 1902 cordis
3439 1844 3792 1914 intelligentia

525 1961 707 2000 amore
725 1946 943 2015 gloriosi
959 1954 1218 2014 martyres
1239 1943 1472 1998 Joannes
1495 1950 1547 1995 et
1572 1940 1764 1994 Paulus
1787 1940 2099 2008 martyrium

528 2053 635 2091 tton
660 2045 784 2091 sunt
804 2035 1033 2090 cunctati
1055 2034 1264 2097 subire;
1294 2046 1427 2100 quos
1446 2033 1495 2084 in
1521 2029 1770 2084 nascendi
1795 2029 1909 2097 lege
1928 2027 2104 2097 junxit

529 2125 875 2193 germanitas,
918 2122 972 2176 in
1002 2125 1206 2190 gremio
1242 2123 1428 2175 matris
1471 2119 1721 2174 Ecclesia:
1753 2118 1875 2172 fidei
1907 2116 2101 2180 unitas,

532 2216 585 2268 itt
611 2213 868 2282 passionis
890 2212 1181 2268 acerbitate
1209 2211 1422 2264 ferenda
1449 2210 1605 2263 unius
1631 2209 1827 2262 amoris
1855 2207 2104 2261 societas.

533 2304 633 2356 Per
683 2319 840 2370 quem
895 2317 990 2356 nos
1044 2301 1273 2371 petimus
1327 2315 1509 2356 eorum
1547 2300 1793 2369 precibus
1845 2297 2103 2367 adjuvari,

531 2410 755 2460 quorum
789 2394 921 2448 festa
955 2394 1228 2450 noscimur
1269 2391 1536 2449 venerari.
1588 2391 1690 2446 Per
1736 2404 1898 2460 quem
1945 2388 2108 2458 Majo-

535 2492 748 2538 atatem.

611 2577 692 2630 Ad
720 2576 1100 2646 ϐοηιριεηάαηι.
1137 2605 1208 2617 -
1234 2575 1589 2644 Sumpsimus,
1619 2573 1862 2638 Domine,
1889 2582 2112 2628 sancto-

539 2681 656 2720 rum
705 2675 917 2721 tuorum
951 2665 1172 2722 Joannis
1197 2675 1252 2722 et
1279 2665 1424 2720 Pauli
1457 2665 1716 2719 solemnia
1755 2664 2106 2730 celebrantes,

537 2755 775 2810 coelestia
821 2765 1157 2810 sacramenta
1191 2772 1202 2809 :
1238 2763 1452 2824 praesta,
1487 2768 1810 2823 quaesumus,
1863 2763 1922 2808 ut
1968 2755 2109 2823 quod

541 2846 905 2914 temporaliler
930 2845 1164 2917 gerimus
1199 2846 1413 2900 teternis
1448 2845 1656 2914 gaudiis
1697 2858 2110 2914 consequamur.

539 2935 638 2989 Per
657 2937 926 2991 Christum
959 2936 1263 2991 Dominum.

538 3043 590 3081 tv
629 3043 902 3083 russus
937 3043 1092 3084 Jl’Lll.
1141 3057 1208 3070 --
1247 3026 1402 3097 (421)
1441 3042 1660 3082 Μτλιιε
1698 3042 1884 3082 ελκοτι
1922 3042 2113 3084 uasis

1239 3114 1302 3151 PA
1311 3113 1409 3152 PE.

2205 1939 2684 2008 comprehendant.
2712 1939 2834 1995 Per.

2279 2031 2449 2099 Super
2475 2032 2742 2100 pupulum.
2773 2060 2842 2070 —
2864 2030 3025 2097 Deus,
3072 2030 3160 2100 qui
3213 2029 3405 2098 ligandi
3434 2027 3788 2095 solvendique

2207 2119 2473 2175 licentiam
2499 2124 2604 2174 tuis
2633 2121 2892 2188 ap0stolis
2917 2119 3206 2184 contulisti,
3233 2120 3322 2184 da,
3352 2132 3679 2188 quaesumus,
3708 2126 3788 2181 ut,

2210 2227 2302 2281 per
2326 2215 2468 2282 ipsos
2497 2214 2712 2266 aeternis
2741 2213 2882 2267 vitiis
2909 2214 3162 2282 expediti,
3196 2211 3342 2268 liberi
3371 2212 3636 2281 possimus
3679 2225 3792 2266 cm-

2211 2305 2430 2360 lesubus
2485 2305 2743 2359 interesse
2786 2307 3074 2377 mysteriis.
3142 2305 3242 2360 Per
3299 2305 3544 2361 eumdem
3612 2303 3794 2359 Domi-

2207 2410 2354 2448 num.

2278 2487 2359 2540 Ad
2395 2486 2668 2555 Vesperos.
2693 2517 2763 2528 —
2791 2487 3112 2556 Apostolit-is
3137 2500 3254 2555 nos,
3285 2486 3529 2554 Domine,
3579 2499 3796 2554 qutesu-

2209 2592 2350 2642 mus,
2397 2579 2668 2633 beatorum
2721 2579 2860 2634 Petri
2888 2587 2941 2633 et
2981 2577 3133 2632 Pauli
3174 2577 3356 2632 attolle
3401 2575 3690 2646 praesidiis,
3740 2585 3798 2629 ut

2213 2675 2412 2736 quanto
2442 2668 2740 2739 fragiliores
2780 2683 2985 2737 sumus,
3034 2676 3179 2724 tanto
3205 2666 3546 2723 validioribus
3573 2667 3799 2722 auxiliis

2212 2760 2510 2815 foveamur.
2544 2762 2667 2818 Per.

2283 2854 2362 2912 Ad
2388 2865 2410 2893 ε
2437 2854 2818 2908 Matutinos.—-
2839 2853 2999 2918 Deus,
3029 2853 3118 2922 qui
3148 2852 3440 2908 Ecclesiam
3463 2857 3607 2904 tuam
3635 2848 3793 2920 (426)

2212 2949 2440 3019 apostoli
2467 2948 2542 3003 tui
2573 2945 2714 3002 Petri
2743 2946 2846 3000 tide
2874 2954 2928 2999 et
2953 2946 3165 3000 nomine
3192 2943 3540 3008 consecrasti,
3592 2942 3795 3012 quique

2219 3042 2433 3097 beatum
2456 3041 2534 3096 illi
2563 3039 2780 3095 Paulum
2800 3039 2864 3093 ad
2883 3039 3274 3108 praedicandum
3302 3039 3547 3108 gentibus
3569 3038 3799 3109 gloriam

2218 3143 2362 3188 tuam
2401 3131 2609 3188 sociare
2631 3132 2878 3202 dignatus
2907 3145 2988 3195 es,
3019 3130 3256 3186 concede
3281 3139 3338 3184 ut
3365 3144 3553 3183 omnes
3585 3129 3678 3196 qui
3729 3127 3800 3183 ad

619 3188 778 3256 Deus’
812 3187 1159 3291 quiﬂbemum
1213 3187 1445 3291 “finem
1476 3187 2115 3291 Ρ⁰ξ¹ί¹⁰⁰θ¹ηξ²¹¹⁰¹ίῗτυηξ
2144 3210 2192 3274 C
2222 3221 2583 3291 apostolorum
2638 3187 2849 3274 tuorum
2889 3219 3148 3275 solemnia
3177 3226 3545 3276 convenerunt
3571 3187 3803 3288 spiritali

545 3289 751 3333 tuorum
786 3278 990 3335 meritis
1011 3278 1321 3348 coaequasti,
1365 3279 1598 3334 concede
1644 3281 1900 3348 propitius
1932 3289 1987 3335 ut
2028 3281 2116 3350 qui

548 3368 1070 3422 commemorationis
1096 3367 1211 3434 ejtts
1237 3366 1368 3422 festa
1392 3369 1732 3436 percolimus,
1760 3372 1880 3423 vitae
1905 3383 2118 3438 quoque

549 3458 822 3512 imitentur
846 3459 1108 3526 exempla.
1141 3457 1241 3512 Per
1273 3457 1570 3513 Dominum.

617 3549 784 3619 Super
827 3548 1018 3603 oblata.
1060 3578 1131 3588 —
1166 3548 1354 3604 Annue
1386 3548 1559 3616 nobis,
1593 3549 1836 3611 Domine,
1882 3561 1939 3606 ut
1967 3551 2120 3624 (422)

548 3637 738 3692 animae
762 3637 945 3692 famuli
974 3647 1000 3675 ι
1035 3640 1110 3693 tui
1141 3638 1333 3695 Leonis
1362 3640 1475 3696 ha'c
1506 3642 1669 3710 prosit
1713 3643 1934 3709 oblatio,
1962 3659 2119 3713 quam

551 3731 876 3784 immolando
917 3731 1079 3785 totius
1119 3730 1301 3786 mundi
1342 3733 1570 3786 tribuisti
1624 3733 1856 3787 relaxari
1909 3734 2119 3790 delicta.

548 3822 650 3876 Per
677 3823 958 3877 Dominum
991 3832 1254 3879 nostrum.

619 3914 700 3968 Ad
727 3911 1117 3984 Complendum.
1149 3943 1218 3955 —
1245 3913 1405 3979 Deus,
1449 3914 1541 3983 qui
1576 3917 1770 3970 anima:
1817 3915 2000 3972 famuli
2050 3917 2123 3971 tui

549 4002 744 4058 Leonis
763 4019 973 4060 aeternae
997 4005 1336 4063 beatitudinis
1354 4006 1567 4075 prtemia
1584 4009 1874 4077 contulisti,
1893 4011 2124 4066 concede

550 4098 811 4166 propitius
861 4107 917 4151 ut
947 4137 964 4163 ,
1015 4099 1102 4168 qui
1145 4110 1482 4166 peccatorum
1530 4107 1834 4154 nostrorum
1889 4103 2126 4170 pondere

552 4184 863 4254 premimur,
893 4186 1008 4256 ejus
1034 4186 1169 4254 apud
1196 4197 1246 4242 te
1273 4187 1517 4256 precibus
1545 4188 1902 4245 sublevemur.
1927 4191 2048 4246 Per.

551 4290 724 4330 sont-zu
764 4291 872 4330 DIE.
909 4305 973 4316 —
1005 4275 1154 4346 (425)
1196 4293 1387 4333 VlGlLlA
1425 4292 1610 4333 SANC'I'I
1649 4296 1804 4334 PETRI
1842 4297 1910 4335 ετ
1949 4297 2121 4337 pwu.

622 4366 773 4438 (425)
816 4369 1033 4435 Quando
1055 4372 1366 4439 apostolicus
1406 4372 1532 4424 duas
1565 4371 1752 4426 Missas
1779 4375 1994 4429 celebrat
2023 4393 2124 4431 una

551 4459 655 4526 die,
691 4461 821 4512 inter
865 4475 951 4512 eas
994 4458 1144 4530 (425)
1179 4477 1278 4513 non
1309 4462 1444 4512 lavat
1470 4477 1544 4526 os,
1577 4462 1673 4515 nisi
1701 4474 1814 4532 post
1843 4465 2071 4532 ofﬁcium
2101 4485 2122 4534 ;

548 4550 638 4602 sed
667 4548 850 4613 absque
878 4548 1167 4612 interuallo,
1201 4549 1347 4616 ﬁnita
1375 4551 1560 4619 priore,
1594 4551 1837 4621 incipitur
1863 4555 2048 4612 altera.

624 4636 651 4675 δ
682 4637 841 4701 Deus,
883 4636 970 4706 qui
1004 4637 1156 4692 nobis
1183 4640 1544 4707 apostolorum
1589 4642 1864 4697 beatorum
1904 4645 2044 4701 Petri
2073 4658 2128 4703 et

553 4728 704 4781 Pauli
723 4727 962 4782 natalitia
991 4727 1218 4797 gloriosa
1251 4730 1439 4797 praeire
1464 4734 1730 4797 concedis,
1758 4735 1951 4800 tribue,
1985 4754 2130 4808 quae-

537 4832 756 4884 sumus,
785 4832 967 4873 eorum
1007 4833 1104 4874 nos
1133 4832 1346 4889 seraper
1372 4829 1427 4874 et
1447 4820 1719 4878 beneficiis
1745 4829 2044 4895 praeveniri,
2075 4839 2129 4885 et

535 4908 880 4964 orationibus
905 4908 1165 4979 adjuvari.
1199 4907 1296 4964 Per
1325 4910 1606 4965 Dominum
1637 4923 1896 4971 nostrum.

629 5000 796 5070 Super
822 5002 1008 5056 oblata.
1031 5031 1103 5042 —
1125 5001 1362 5068 Munera,
1397 5001 1638 5073 Domine,
1672 5015 1772 5060 tua;
1791 5006 2130 5076 gloriﬁcatio-

555 5093 641 5148 nis
668 5093 936 5148 olleritnus
960 5109 1078 5164 qua:
1107 5093 1198 5150 tibi
1239 5108 1336 5165 pro
1363 5097 1562 5151 nostris
1582 5105 1731 5165 grata
1753 5099 1967 5169 jejuniis
1997 5117 2125 5159 san-

627 5240 656 5270 ι
694 5233 845 5301 Apud
875 5231 1164 5287 Pamelium
1191 5233 1269 5288 sic
1298 5241 1499 5289 mutata
1529 5243 1613 5289 est
1636 5233 1750 5289 haec
1786 5234 1972 5290 Oratio
1997 5255 2012 5293 :
2041 5239 2110 5295 (It

550 5303 906 5356 intercessione
927 5304 1108 5374 famuli
1134 5305 1206 5357 tui
1234 5304 1416 5358 Leonis
1435 5305 1543 5358 Itth
1564 5305 1703 5358 nobis
1724 5307 1884 5374 prosit
1904 5308 2112 5366 oblatio.

551 5375 773 5426 Fatetur
795 5383 968 5427 tamen
999 5389 1104 5428 non
1133 5376 1433 5430 consentire
1464 5389 1591 5429 mss.
1616 5375 1747 5430 Cod.
1790 5376 1917 5430 huic
1946 5390 2117 5434 muta-

551 5443 709 5523 tioni.
744 5442 945 5523 Favere
968 5455 1147 5523 tamen
1196 5446 1406 5523 videtur
1447 5446 1716 5523 secundus
1761 5445 1994 5514 Theod.,
2027 5451 2115 5506 ubi

544 5510 746 5578 degitur
774 5526 790 5565 :
825 5511 891 5565 Ut
920 5514 1251 5566 intercedente
1277 5515 1416 5568 beato
1445 5513 1630 5578 Leone.
1656 5525 1759 5570 etc.
1981 5510 1991 5514 ⁷

629 5579 654 5616 b
697 5581 838 5654 Loco
882 5580 1589 5654 hujns__0rat_ionis,legitur
1618 5586 1670 5654 in
1707 5584 1849 5640 Edit.
1883 5586 2114 5654 Pamel.,

543 5650 1014 5720 consentientibus
1037 5651 1162 5704 Mss.
1194 5651 1324 5720 Reg.
1356 5650 1515 5708 Suec.
1546 5663 1601 5708 et
1630 5653 1839 5709 Comet.
1875 5674 1889 5708 :
1919 5650 2120 5714 Praesta

543 5735 644 5787 ign.
675 5719 866 5791 omnip.
897 5719 970 5791 D.
986 5729 1038 5771 ut
1065 5720 1221 5774 nullis
1242 5719 1332 5773 nos
1364 5723 1623 5791 permittas
1654 5724 2118 5790 perturbationibus

543 5790 783 5856 iconcuti,
803 5804 928 5859 quos
955 5789 1006 5844 in
1035 5800 1198 5860 apost.
1229 5789 1560 5861 confessionis
1606 5789 1748 5861 petra
1775 5795 2026 5850 solidasti.
2061 5799 2115 5853 ltt

2221 3310 2652 3368 remuneratione
2677 3309 2932 3364 ditentur.

2221 3419 2280 3460 ιιι
2319 3416 2588 3458 ιιιηιευλε
2624 3415 2779 3458 ιυιιι.
2818 3429 2890 3441 -
2924 3414 3148 3456 ΝΑτΑιιε
3186 3416 3414 3457 causaest
3466 3398 3494 3439 ά
3541 3416 3695 3456 eam
3739 3415 3807 3457 ετ

2922 3486 3097 3527 PAULI.

2291 3562 2372 3616 Ad
2397 3561 2631 3615 Missam.
2660 3589 2730 3600 —
2756 3559 2918 3639 Deus,
2949 3562 3038 3630 qui
3072 3561 3380 3618 hodiernam
3411 3560 3553 3616 diem
3582 3571 3805 3628 aposto-

2224 3655 2397 3708 lorum
2425 3661 2639 3707 tuorum
2661 3649 2804 3705 Petri
2831 3659 2886 3706 et
2914 3651 3059 3706 Pauli
3085 3654 3338 3724 martyrio
3364 3652 3708 3718 consecrasti,
3740 3652 3808 3708 da

2225 3742 2480 3798 Ecclesia:
2514 3750 2618 3795 tute
2648 3755 2834 3795 eorum
2866 3741 2919 3796 in
2963 3741 3212 3797 omnibus
3254 3740 3404 3811 sequi
3452 3752 3804 3811 praeceptum,

2223 3851 2316 3905 per
2345 3848 2480 3904 quos
2504 3830 2780 3903 religionis
2804 3833 3032 3904 sumpsit
3059 3833 3355 3888 exordium.
3387 3831 3489 3888 Per
3516 3830 3805 3886 Dominum

2226 3937 2492 3984 IIOSll'lllli.

2295 4016 2465 4086 Super
2490 4016 2680 4076 oblata.
2699 4045 2768 4055 —
2799 4015 3030 4080 Hostias,
3062 4015 3305 4079 Domine,
3333 4027 3466 4082 quas
3487 4013 3688 4068 nomini
3719 4023 3811 4068 tuo

2222 4109 2509 4164 sacraudas
2549 4109 2845 4174 offerimus,
2878 4106 3166 4176 apostolica
3219 4113 3569 4175 prosequatur
3593 4106 3797 4171 oratio,

2223 4212 2319 4268 per
2345 4213 2503 4269 quam
2535 4213 2632 4254 nos
2661 4198 2867 4269 expiari
2896 4197 3099 4251 tribuas
3125 4205 3179 4251 et
3207 4195 3441 4250 defendi.
3467 4195 3588 4251 Per.

2297 4287 2563 4359 Prtefutio.
2593 4318 2665 4330 —
2693 4289 2832 4344 Vere
2861 4287 3080 4354 dignum
3109 4295 3163 4341 et
3185 4285 3386 4355 justum
3438 4293 3541 4351 est,
3592 4297 3808 4353 aequum

2224 4392 2274 4436 et
2305 4383 2555 4448 salutare,
2589 4396 2688 4437 nos
2726 4381 2819 4437 tibi
2848 4394 3059 4448 semper
3089 4386 3144 4433 et
3173 4377 3367 4445 ubique
3393 4376 3590 4447 gratias
3617 4389 3808 4444 agere,

2226 4476 2448 4532 Domine
2466 4483 2669 4540 sancte,
2699 4474 2857 4529 Pater
2869 4472 3228 4540 onmipotens,
3249 4479 3450 4525 aeterne
3470 4468 3608 4522 Deus
3634 4484 3650 4522 :
3679 4475 3737 4521 et
3761 4474 3813 4521 to

2151 4571 2202 4631 Ι)
2225 4567 2532 4636 suppliciter
2558 4580 2799 4631 exorare,
2834 4571 2892 4619 ut
2927 4577 3141 4633 gregem
3168 4569 3339 4626 tuum,
3369 4569 3550 4631 pastor
3578 4567 3808 4627 aeterne,

2229 4672 2336 4710 non
2367 4656 2604 4721 deseras,
2655 4654 2746 4708 sed
2777 4668 2871 4721 per
2902 4654 3088 4707 beatos
3114 4650 3388 4720 apostolos
3412 4656 3533 4703 tuos
3554 4647 3812 4701 continua

2232 4745 2566 4815 protectione
2593 4743 2886 4809 custodias,
2919 4753 2978 4797 ut
3006 4741 3191 4796 iisdem
3224 4739 3524 4795 rectoribus
3547 4739 3814 4806 guberne-

2232 4847 2339 4903 tur,
2371 4850 2504 4907 quos
2527 4835 2705 4902 operis
2730 4834 2803 4888 tui
2828 4832 3058 4886 vicarius
3077 4830 3251 4886 eidem
3272 4828 3545 4884 contulisti
3577 4840 3813 4896 praeesse

2232 4941 2498 4998 pastores.
2534 4929 2596 4982 Et
2626 4927 2747 4981 ideo
2779 4941 2898 4981 cum
2929 4925 3130 4994 angelis
3153 4934 3206 4978 et
3244 4923 3596 4994 archangelis.

2305 5017 2459 5090 113
2491 5026 2513 5054 °
2563 5015 2871 5069 Benedictio.
2912 5043 2986 5056 —
3035 5013 3318 5068 Benedicat
3369 5012 3522 5067 vobis
3563 5011 3813 5079 omnipo-

2228 5116 2344 5164 tens
2372 5108 2534 5173 Deus,
2564 5106 2654 5175 qui
2685 5119 2778 5161 vos
2818 5104 2961 5160 beati
3000 5105 3143 5160 Petri
3183 5103 3533 5159 saluberrima
3585 5102 3803 5157 confes-

2216 5243 2439 5299 Kalend.
2459 5241 2614 5296 Rern.
2637 5241 2799 5296 habes
2825 5258 2839 5295 :
2863 5241 3162 5295 Translatio
3184 5241 3410 5305 corporis
3434 5239 3567 5291 beati
3592 5238 3800 5292 Leonis.

2218 5315 2403 5371 Utrum
2433 5312 2623 5365 Leonis
2655 5312 2718 5378 ll,
2747 5323 2839 5365 aut
2878 5313 3120 5378 alterius,
3167 5312 3389 5366 consule
3439 5319 3592 5363 notas
3636 5308 3800 5363 Joan.

2220 5385 2510 5439 Frontonis
2539 5382 2602 5435 ad
2635 5381 2773 5437 hunc
2801 5382 3000 5436 locum.

2292 5467 2315 5523 ιζ
2358 5455 2408 5506 ltt
2430 5452 2548 5507 Kal.
2585 5453 2773 5523 legitur
2806 5469 2819 5502 :
2850 5451 3158 5523 siduigilias
3184 5449 3237 5502 in
3268 5459 3431 5502 nocte.

2290 5520 2316 5561 τι
2357 5523 2412 5578 In
2443 5533 2549 5576 vet.
2580 5517 2822 5576 Sacram.
2854 5521 2972 5573 Gal.
3004 5517 3038 5574 ’τ
3085 5519 3247 5572 Missa
3291 5522 3345 5572 in
3375 5519 3548 5572 natale
3579 5517 3724 5572 Petri
3755 5528 3800 5570 et

2222 5591 2378 5674 Pauli
2404 5633 2420 5655 ,
2459 5601 2736 5661 pestqnatn
2815 5591 3008 5660 legitur
3060 5587 3223 5643 Missa
3270 5590 3432 5644 sancti
3479 5587 3805 5661 Sigismundi

2221 5680 2510 5789 "quiane
2541 5730 2763 5788 exhibet
2792 5726 3238 5786 Benedictiouale.
