  <div class='ocr_page' id='page_1' title='image "/cluster/home/n/w/nwhite01/storage/ocr_20150623/78/uva.x000827090/071.png"; bbox 0 0 4026 6316; ppageno 0'>
   <div class='ocr_carea' id='block_1_1' title="bbox 698 360 789 413">
    <p class='ocr_par' dir='ltr' id='par_1_1' title="bbox 698 360 789 413">
     <span class='ocr_line' id='line_1_1' title="bbox 698 360 789 413; baseline 0 0"><span class='ocrx_word' id='word_1_1' title='bbox 698 360 789 413; x_wconf 63' lang='grc'>127</span> 
     </span>
    </p>
   </div>
   <div class='ocr_carea' id='block_1_2' title="bbox 1891 360 2748 423">
    <p class='ocr_par' dir='ltr' id='par_1_2' title="bbox 1891 360 2748 423">
     <span class='ocr_line' id='line_1_2' title="bbox 1891 360 2748 423; baseline -0.006 0"><span class='ocrx_word' id='word_1_2' title='bbox 1891 364 2129 423; x_wconf 72' lang='lat' dir='ltr'><strong>SANCI&#39;I</strong></span> <span class='ocrx_word' id='word_1_3' title='bbox 2167 360 2493 418; x_wconf 77' lang='lat' dir='ltr'><strong>GREGORII</strong></span> <span class='ocrx_word' id='word_1_4' title='bbox 2535 361 2748 418; x_wconf 69' lang='lat' dir='ltr'><strong>MAG.“</strong></span> 
     </span>
    </p>
   </div>
   <div class='ocr_carea' id='block_1_3' title="bbox 3859 373 3955 426">
    <p class='ocr_par' dir='ltr' id='par_1_3' title="bbox 3859 373 3955 426">
     <span class='ocr_line' id='line_1_3' title="bbox 3859 373 3955 426; baseline 0.01 -1"><span class='ocrx_word' id='word_1_5' title='bbox 3859 373 3955 426; x_wconf 68' lang='lat'><strong>123</strong></span> 
     </span>
    </p>
   </div>
   <div class='ocr_carea' id='block_1_4' title="bbox 694 468 3950 548">
    <p class='ocr_par' dir='ltr' id='par_1_4' title="bbox 694 468 3950 548">
     <span class='ocr_line' id='line_1_4' title="bbox 694 468 3950 548; baseline 0.01 -41"><span class='ocrx_word' id='word_1_6' title='bbox 694 475 788 525; x_wconf 31' lang='lat'><strong>31,5</strong></span> <span class='ocrx_word' id='word_1_7' title='bbox 840 483 891 526; x_wconf 72' lang='grc' dir='ltr'><strong>ιι,</strong></span> <span class='ocrx_word' id='word_1_8' title='bbox 916 488 976 539; x_wconf 54' lang='grc' dir='ltr'><em>ε,</em></span> <span class='ocrx_word' id='word_1_9' title='bbox 1035 474 1304 530; x_wconf 64' lang='grc' dir='ltr'><strong>ἀεγοιίυηί</strong></span> <span class='ocrx_word' id='word_1_10' title='bbox 1358 482 1554 528; x_wconf 55' lang='lat' dir='ltr'><strong>nostra</strong></span> <span class='ocrx_word' id='word_1_11' title='bbox 1607 475 1924 543; x_wconf 78' lang='lat' dir='ltr'><strong>proﬁciant,</strong></span> <span class='ocrx_word' id='word_1_12' title='bbox 1977 484 2030 528; x_wconf 89' lang='lat' dir='ltr'><strong>et</strong></span> <span class='ocrx_word' id='word_1_13' title='bbox 2080 471 2258 527; x_wconf 89' lang='lat' dir='ltr'><strong>saluti.</strong></span> <span class='ocrx_word' id='word_1_14' title='bbox 2288 482 2338 538; x_wconf 67' lang='grc' dir='ltr'>Α</span> <span class='ocrx_word' id='word_1_15' title='bbox 2365 468 2429 521; x_wconf 93' lang='lat' dir='ltr'><strong>da</strong></span> <span class='ocrx_word' id='word_1_16' title='bbox 2462 469 2669 524; x_wconf 76' lang='lat' dir='ltr'><strong>famulis</strong></span> <span class='ocrx_word' id='word_1_17' title='bbox 2701 471 2803 524; x_wconf 91' lang='lat' dir='ltr'><strong>tuis</strong></span> <span class='ocrx_word' id='word_1_18' title='bbox 2847 487 3060 526; x_wconf 84' lang='lat' dir='ltr'><strong>suorum</strong></span> <span class='ocrx_word' id='word_1_19' title='bbox 3091 477 3298 531; x_wconf 87' lang='lat' dir='ltr'><strong>veniam</strong></span> <span class='ocrx_word' id='word_1_20' title='bbox 3331 490 3671 548; x_wconf 74' lang='lat' dir='ltr'><strong>peccatorum</strong></span> <span class='ocrx_word' id='word_1_21' title='bbox 3704 492 3764 538; x_wconf 95' lang='lat' dir='ltr'><strong>ut</strong></span> <span class='ocrx_word' id='word_1_22' title='bbox 3822 500 3950 539; x_wconf 82' lang='lat' dir='ltr'><strong>san-</strong></span> 
     </span>
    </p>
   </div>
   <div class='ocr_carea' id='block_1_5' title="bbox 691 562 806 617">
    <p class='ocr_par' dir='ltr' id='par_1_5' title="bbox 691 562 806 617">
     <span class='ocr_line' id='line_1_5' title="bbox 691 562 806 617; baseline 0.017 -2"><span class='ocrx_word' id='word_1_23' title='bbox 691 562 806 617; x_wconf 84' lang='lat' dir='ltr'><strong>l&#39;er.</strong></span> 
     </span>
    </p>
   </div>
   <div class='ocr_carea' id='block_1_6' title="bbox 762 655 2260 726">
    <p class='ocr_par' dir='ltr' id='par_1_6' title="bbox 762 655 2260 726">
     <span class='ocr_line' id='line_1_6' title="bbox 762 655 2260 726; baseline 0.002 -19"><span class='ocrx_word' id='word_1_24' title='bbox 762 655 1024 726; x_wconf 77' lang='lat' dir='ltr'><strong>Prnfatio.</strong></span> <span class='ocrx_word' id='word_1_25' title='bbox 1057 686 1123 697; x_wconf 91' lang='lat'><strong>-—-</strong></span> <span class='ocrx_word' id='word_1_26' title='bbox 1157 657 1292 710; x_wconf 86' lang='lat' dir='ltr'><strong>Vere</strong></span> <span class='ocrx_word' id='word_1_27' title='bbox 1319 657 1534 726; x_wconf 82' lang='lat' dir='ltr'><strong>dignum</strong></span> <span class='ocrx_word' id='word_1_28' title='bbox 1564 668 1616 712; x_wconf 94' lang='lat' dir='ltr'><strong>et</strong></span> <span class='ocrx_word' id='word_1_29' title='bbox 1641 667 1840 725; x_wconf 80' lang='lat' dir='ltr'><strong>justum</strong></span> <span class='ocrx_word' id='word_1_30' title='bbox 1891 669 1997 722; x_wconf 90' lang='lat' dir='ltr'><strong>est,</strong></span> <span class='ocrx_word' id='word_1_31' title='bbox 2049 671 2260 726; x_wconf 60' lang='lat' dir='ltr'><strong>aequum</strong></span> 
     </span>
    </p>
   </div>
   <div class='ocr_carea' id='block_1_7' title="bbox 688 743 2262 817">
    <p class='ocr_par' dir='ltr' id='par_1_7' title="bbox 688 743 2262 817">
     <span class='ocr_line' id='line_1_7' title="bbox 688 743 2262 817; baseline 0.004 -23"><span class='ocrx_word' id='word_1_32' title='bbox 688 754 731 794; x_wconf 87' lang='lat' dir='ltr'><strong>et</strong></span> <span class='ocrx_word' id='word_1_33' title='bbox 759 743 851 795; x_wconf 69' lang='lat' dir='ltr'><strong>Sal</strong></span> <span class='ocrx_word' id='word_1_34' title='bbox 878 753 1025 807; x_wconf 88' lang='lat' dir='ltr'><strong>tare,</strong></span> <span class='ocrx_word' id='word_1_35' title='bbox 1065 758 1160 797; x_wconf 93' lang='lat' dir='ltr'><strong>nos</strong></span> <span class='ocrx_word' id='word_1_36' title='bbox 1192 745 1282 797; x_wconf 91' lang='lat' dir='ltr'><strong>tibi</strong></span> <span class='ocrx_word' id='word_1_37' title='bbox 1314 759 1526 814; x_wconf 88' lang='lat' dir='ltr'><strong>semper</strong></span> <span class='ocrx_word' id='word_1_38' title='bbox 1567 759 1621 801; x_wconf 90' lang='lat' dir='ltr'><strong>et</strong></span> <span class='ocrx_word' id='word_1_39' title='bbox 1666 750 1859 817; x_wconf 79' lang='lat' dir='ltr'><strong>ubique</strong></span> <span class='ocrx_word' id='word_1_40' title='bbox 1901 747 2098 817; x_wconf 86' lang='lat' dir='ltr'><strong>gratias</strong></span> <span class='ocrx_word' id='word_1_41' title='bbox 2137 763 2262 814; x_wconf 74' lang='lat' dir='ltr'><strong>age-</strong></span> 
     </span>
    </p>
   </div>
   <div class='ocr_carea' id='block_1_8' title="bbox 686 832 2256 906">
    <p class='ocr_par' dir='ltr' id='par_1_8' title="bbox 686 832 2256 906">
     <span class='ocr_line' id='line_1_8' title="bbox 686 832 2256 906; baseline 0.009 -23"><span class='ocrx_word' id='word_1_42' title='bbox 686 845 773 896; x_wconf 85' lang='lat' dir='ltr'><strong>re,</strong></span> <span class='ocrx_word' id='word_1_43' title='bbox 807 832 1024 886; x_wconf 78' lang='lat' dir='ltr'><strong>Domine</strong></span> <span class='ocrx_word' id='word_1_44' title='bbox 1046 844 1248 898; x_wconf 89' lang='lat' dir='ltr'><strong>sancte,</strong></span> <span class='ocrx_word' id='word_1_45' title='bbox 1280 836 1436 890; x_wconf 85' lang='lat' dir='ltr'><strong>Pater</strong></span> <span class='ocrx_word' id='word_1_46' title='bbox 1461 840 1817 906; x_wconf 83' lang='lat' dir='ltr'><strong>omnipotens,</strong></span> <span class='ocrx_word' id='word_1_47' title='bbox 1849 851 2048 896; x_wconf 65' lang='lat' dir='ltr'><strong>aeterne</strong></span> <span class='ocrx_word' id='word_1_48' title='bbox 2081 841 2218 898; x_wconf 86' lang='lat' dir='ltr'><strong>Deus</strong></span> <span class='ocrx_word' id='word_1_49' title='bbox 2244 861 2256 897; x_wconf 92' lang='lat'>:</span> 
     </span>
    </p>
   </div>
   <div class='ocr_carea' id='block_1_9' title="bbox 684 924 2259 1002">
    <p class='ocr_par' dir='ltr' id='par_1_9' title="bbox 684 924 2259 1002">
     <span class='ocr_line' id='line_1_9' title="bbox 684 924 2259 1002; baseline 0.011 -28"><span class='ocrx_word' id='word_1_50' title='bbox 684 924 872 977; x_wconf 79' lang='lat' dir='ltr'><strong>donari</strong></span> <span class='ocrx_word' id='word_1_51' title='bbox 928 926 1081 981; x_wconf 87' lang='lat' dir='ltr'><strong>nobis</strong></span> <span class='ocrx_word' id='word_1_52' title='bbox 1109 931 1421 998; x_wconf 78' lang='lat' dir='ltr'><strong>suppliciter</strong></span> <span class='ocrx_word' id='word_1_53' title='bbox 1467 944 1757 988; x_wconf 80' lang='lat' dir='ltr'><strong>exorantes</strong></span> <span class='ocrx_word' id='word_1_54' title='bbox 1780 977 1794 1002; x_wconf 91' lang='lat'><strong>,</strong></span> <span class='ocrx_word' id='word_1_55' title='bbox 1835 947 1892 989; x_wconf 93' lang='lat' dir='ltr'><strong>ut</strong></span> <span class='ocrx_word' id='word_1_56' title='bbox 1927 939 2064 991; x_wconf 92' lang='lat' dir='ltr'><strong>sicut</strong></span> <span class='ocrx_word' id='word_1_57' title='bbox 2093 939 2259 993; x_wconf 89' lang='lat' dir='ltr'><strong>sancti</strong></span> 
     </span>
    </p>
   </div>
   <div class='ocr_carea' id='block_1_10' title="bbox 688 1017 2259 1091">
    <p class='ocr_par' dir='ltr' id='par_1_10' title="bbox 688 1017 2259 1091">
     <span class='ocr_line' id='line_1_10' title="bbox 688 1017 2259 1091; baseline 0.012 -25"><span class='ocrx_word' id='word_1_58' title='bbox 688 1017 760 1068; x_wconf 89' lang='lat' dir='ltr'><strong>tui</strong></span> <span class='ocrx_word' id='word_1_59' title='bbox 803 1022 1056 1071; x_wconf 44' lang='lat' dir='ltr'><strong>mun&#39;lum</strong></span> <span class='ocrx_word' id='word_1_60' title='bbox 1108 1020 1160 1073; x_wconf 93' lang='lat' dir='ltr'><strong>in</strong></span> <span class='ocrx_word' id='word_1_61' title='bbox 1192 1032 1276 1074; x_wconf 92' lang='lat' dir='ltr'><strong>tua</strong></span> <span class='ocrx_word' id='word_1_62' title='bbox 1308 1024 1506 1078; x_wconf 85' lang='lat' dir='ltr'><strong>virtute</strong></span> <span class='ocrx_word' id='word_1_63' title='bbox 1535 1025 1793 1091; x_wconf 72' lang='lat' dir='ltr'><strong>vicerunt,</strong></span> <span class='ocrx_word' id='word_1_64' title='bbox 1827 1028 1894 1081; x_wconf 84' lang='lat' dir='ltr'><strong>ita</strong></span> <span class='ocrx_word' id='word_1_65' title='bbox 1924 1045 2020 1082; x_wconf 91' lang='lat' dir='ltr'><strong>nos</strong></span> <span class='ocrx_word' id='word_1_66' title='bbox 2051 1045 2079 1083; x_wconf 91' lang='lat' dir='ltr'><strong>a</strong></span> <span class='ocrx_word' id='word_1_67' title='bbox 2111 1048 2259 1086; x_wconf 87' lang='lat' dir='ltr'><strong>mun-</strong></span> 
     </span>
    </p>
   </div>
   <div class='ocr_carea' id='block_1_11' title="bbox 678 1105 2257 1185">
    <p class='ocr_par' dir='ltr' id='par_1_11' title="bbox 678 1105 2257 1185">
     <span class='ocr_line' id='line_1_11' title="bbox 678 1105 2257 1185; baseline 0.015 -30"><span class='ocrx_word' id='word_1_68' title='bbox 678 1105 833 1160; x_wconf 76' lang='lat' dir='ltr'><strong>dattis</strong></span> <span class='ocrx_word' id='word_1_69' title='bbox 889 1110 1164 1166; x_wconf 84' lang='lat' dir='ltr'><strong>erroribus</strong></span> <span class='ocrx_word' id='word_1_70' title='bbox 1212 1115 1482 1181; x_wconf 73' lang='lat' dir='ltr'><strong>postulent</strong></span> <span class='ocrx_word' id='word_1_71' title='bbox 1541 1118 1804 1185; x_wconf 76' lang='lat' dir='ltr'><strong>expediri.</strong></span> <span class='ocrx_word' id='word_1_72' title='bbox 1854 1118 1954 1174; x_wconf 88' lang='lat' dir='ltr'><strong>Per</strong></span> <span class='ocrx_word' id='word_1_73' title='bbox 1989 1120 2257 1178; x_wconf 75' lang='lat' dir='ltr'><strong>Christum</strong></span> 
     </span>
    </p>
   </div>
   <div class='ocr_carea' id='block_1_12' title="bbox 679 1195 982 1254">
    <p class='ocr_par' dir='ltr' id='par_1_12' title="bbox 679 1195 982 1254">
     <span class='ocr_line' id='line_1_12' title="bbox 679 1195 982 1254; baseline 0.02 -5"><span class='ocrx_word' id='word_1_74' title='bbox 679 1195 982 1254; x_wconf 69' lang='lat' dir='ltr'><strong>Dominum.</strong></span> 
     </span>
    </p>
   </div>
   <div class='ocr_carea' id='block_1_13' title="bbox 750 1290 2255 1380">
    <p class='ocr_par' dir='ltr' id='par_1_13' title="bbox 750 1290 2255 1380">
     <span class='ocr_line' id='line_1_13' title="bbox 750 1290 2255 1380; baseline 0.016 -39"><span class='ocrx_word' id='word_1_75' title='bbox 750 1291 830 1342; x_wconf 83' lang='lat' dir='ltr'><strong>Ad</strong></span> <span class='ocrx_word' id='word_1_76' title='bbox 861 1290 1248 1361; x_wconf 74' lang='lat' dir='ltr'><strong>Complendum.</strong></span> <span class='ocrx_word' id='word_1_77' title='bbox 1269 1328 1339 1338; x_wconf 93' lang='lat'>—</span> <span class='ocrx_word' id='word_1_78' title='bbox 1368 1298 1705 1368; x_wconf 64' lang='lat' dir='ltr'><strong>Quaesumus,</strong></span> <span class='ocrx_word' id='word_1_79' title='bbox 1735 1307 2072 1375; x_wconf 87' lang='lat' dir='ltr'><strong>omnipotens</strong></span> <span class='ocrx_word' id='word_1_80' title='bbox 2096 1310 2255 1380; x_wconf 85' lang='lat' dir='ltr'><strong>Dens,</strong></span> 
     </span>
    </p>
   </div>
   <div class='ocr_carea' id='block_1_14' title="bbox 679 1380 2258 1468">
    <p class='ocr_par' dir='ltr' id='par_1_14' title="bbox 679 1380 2258 1468">
     <span class='ocr_line' id='line_1_14' title="bbox 679 1380 2258 1468; baseline 0.017 -39"><span class='ocrx_word' id='word_1_81' title='bbox 679 1388 734 1431; x_wconf 90' lang='lat' dir='ltr'><strong>nt</strong></span> <span class='ocrx_word' id='word_1_82' title='bbox 773 1380 910 1434; x_wconf 89' lang='lat' dir='ltr'><strong>illius</strong></span> <span class='ocrx_word' id='word_1_83' title='bbox 959 1384 1208 1439; x_wconf 76' lang='lat' dir='ltr'><strong>salutaris</strong></span> <span class='ocrx_word' id='word_1_84' title='bbox 1236 1390 1512 1456; x_wconf 89' lang='lat' dir='ltr'><strong>capiamus</strong></span> <span class='ocrx_word' id='word_1_85' title='bbox 1535 1393 1806 1458; x_wconf 73' lang='lat' dir='ltr'><strong>effectum,</strong></span> <span class='ocrx_word' id='word_1_86' title='bbox 1838 1397 1989 1466; x_wconf 89' lang='lat' dir='ltr'><strong>cujus</strong></span> <span class='ocrx_word' id='word_1_87' title='bbox 2023 1415 2116 1468; x_wconf 90' lang='lat' dir='ltr'><strong>per</strong></span> <span class='ocrx_word' id='word_1_88' title='bbox 2146 1404 2258 1457; x_wconf 68' lang='lat' dir='ltr'><strong>harc</strong></span> 
     </span>
    </p>
   </div>
   <div class='ocr_carea' id='block_1_15' title="bbox 677 1475 2254 1550">
    <p class='ocr_par' dir='ltr' id='par_1_15' title="bbox 677 1475 2254 1550">
     <span class='ocr_line' id='line_1_15' title="bbox 677 1475 2254 1550; baseline 0.016 -27"><span class='ocrx_word' id='word_1_89' title='bbox 677 1475 930 1542; x_wconf 79' lang='lat' dir='ltr'><strong>mysteria</strong></span> <span class='ocrx_word' id='word_1_90' title='bbox 960 1480 1151 1545; x_wconf 84' lang='lat' dir='ltr'><strong>pignus</strong></span> <span class='ocrx_word' id='word_1_91' title='bbox 1176 1482 1499 1549; x_wconf 82' lang='lat' dir='ltr'><strong>accepimus.</strong></span> <span class='ocrx_word' id='word_1_92' title='bbox 1537 1482 1636 1538; x_wconf 79' lang='lat' dir='ltr'><strong>Per</strong></span> <span class='ocrx_word' id='word_1_93' title='bbox 1681 1486 1962 1543; x_wconf 91' lang='lat' dir='ltr'><strong>Dominum</strong></span> <span class='ocrx_word' id='word_1_94' title='bbox 1993 1503 2254 1550; x_wconf 90' lang='lat' dir='ltr'><strong>nostrum.</strong></span> 
     </span>
    </p>
   </div>
   <div class='ocr_carea' id='block_1_16' title="bbox 678 1573 2257 1645">
    <p class='ocr_par' dir='ltr' id='par_1_16' title="bbox 678 1573 2257 1645">
     <span class='ocr_line' id='line_1_16' title="bbox 678 1573 2257 1645; baseline 0.016 -30"><span class='ocrx_word' id='word_1_95' title='bbox 678 1579 767 1617; x_wconf 84' lang='lat' dir='ltr'><strong>vnt</strong></span> <span class='ocrx_word' id='word_1_96' title='bbox 800 1581 1070 1622; x_wconf 73' lang='lat' dir='ltr'><strong>KALENDAS</strong></span> <span class='ocrx_word' id='word_1_97' title='bbox 1101 1585 1342 1626; x_wconf 67' lang='lat' dir='ltr'><strong>sucus&quot;.</strong></span> <span class='ocrx_word' id='word_1_98' title='bbox 1363 1573 1596 1645; x_wconf 75' lang='lat'><strong>—(4&#39;55)</strong></span> <span class='ocrx_word' id='word_1_99' title='bbox 1629 1592 1848 1634; x_wconf 65' lang='lat' dir='ltr'><strong>manus</strong></span> <span class='ocrx_word' id='word_1_100' title='bbox 1869 1596 2052 1636; x_wconf 74' lang='lat' dir='ltr'><strong>SANCTI</strong></span> <span class='ocrx_word' id='word_1_101' title='bbox 2080 1599 2257 1640; x_wconf 78' lang='lat' dir='ltr'><strong>JACCBI</strong></span> 
     </span>
    </p>
   </div>
   <div class='ocr_carea' id='block_1_17' title="bbox 1328 1659 1601 1698">
    <p class='ocr_par' dir='ltr' id='par_1_17' title="bbox 1328 1659 1601 1698">
     <span class='ocr_line' id='line_1_17' title="bbox 1328 1659 1601 1698; baseline 0.007 -2"><span class='ocrx_word' id='word_1_102' title='bbox 1328 1659 1601 1698; x_wconf 74' lang='lat' dir='ltr'><strong>APOSTOLI.</strong></span> 
     </span>
    </p>
   </div>
   <div class='ocr_carea' id='block_1_18' title="bbox 748 1727 2257 1808">
    <p class='ocr_par' dir='ltr' id='par_1_18' title="bbox 748 1727 2257 1808">
     <span class='ocr_line' id='line_1_18' title="bbox 748 1727 2257 1808; baseline 0.015 -27"><span class='ocrx_word' id='word_1_103' title='bbox 748 1727 914 1795; x_wconf 85' lang='lat' dir='ltr'><strong>Esto,</strong></span> <span class='ocrx_word' id='word_1_104' title='bbox 947 1729 1191 1798; x_wconf 86' lang='lat' dir='ltr'><strong>Domine,</strong></span> <span class='ocrx_word' id='word_1_105' title='bbox 1241 1734 1499 1803; x_wconf 65' lang='lat' dir='ltr'><strong>projiitius</strong></span> <span class='ocrx_word' id='word_1_106' title='bbox 1553 1739 1690 1806; x_wconf 80' lang='lat' dir='ltr'><strong>plebi</strong></span> <span class='ocrx_word' id='word_1_107' title='bbox 1725 1751 1850 1808; x_wconf 68' lang='lat' dir='ltr'><strong>tuae,</strong></span> <span class='ocrx_word' id='word_1_108' title='bbox 1896 1747 2257 1803; x_wconf 87' lang='lat' dir='ltr'><strong>sanctiﬁcator</strong></span> 
     </span>
    </p>
   </div>
   <div class='ocr_carea' id='block_1_19' title="bbox 2363 561 3950 631">
    <p class='ocr_par' dir='ltr' id='par_1_19' title="bbox 2363 561 3950 631">
     <span class='ocr_line' id='line_1_19' title="bbox 2363 561 3950 631; baseline 0.013 -21"><span class='ocrx_word' id='word_1_109' title='bbox 2363 568 2569 612; x_wconf 89' lang='lat' dir='ltr'><strong>clorum</strong></span> <span class='ocrx_word' id='word_1_110' title='bbox 2605 568 2813 613; x_wconf 92' lang='lat' dir='ltr'><strong>tuorum</strong></span> <span class='ocrx_word' id='word_1_111' title='bbox 2846 561 2981 616; x_wconf 85' lang='lat' dir='ltr'><strong>inter</strong></span> <span class='ocrx_word' id='word_1_112' title='bbox 3013 563 3294 621; x_wconf 85' lang='lat' dir='ltr'><strong>edentibus</strong></span> <span class='ocrx_word' id='word_1_113' title='bbox 3341 571 3549 626; x_wconf 89' lang='lat' dir='ltr'><strong>meritis</strong></span> <span class='ocrx_word' id='word_1_114' title='bbox 3575 573 3646 626; x_wconf 88' lang='lat' dir='ltr'><strong>ab</strong></span> <span class='ocrx_word' id='word_1_115' title='bbox 3691 576 3950 631; x_wconf 83' lang='lat' dir='ltr'><strong>omnibus</strong></span> 
     </span>
    </p>
   </div>
   <div class='ocr_carea' id='block_1_20' title="bbox 2367 650 3950 721">
    <p class='ocr_par' dir='ltr' id='par_1_20' title="bbox 2367 650 3950 721">
     <span class='ocr_line' id='line_1_20' title="bbox 2367 650 3950 721; baseline 0.011 -23"><span class='ocrx_word' id='word_1_116' title='bbox 2367 661 2670 702; x_wconf 88' lang='lat' dir='ltr'><strong>mereamur</strong></span> <span class='ocrx_word' id='word_1_117' title='bbox 2689 650 3096 708; x_wconf 82' lang='lat' dir='ltr'><strong>adversitatibus</strong></span> <span class='ocrx_word' id='word_1_118' title='bbox 3117 656 3355 714; x_wconf 89' lang='lat' dir='ltr'><strong>liberari.</strong></span> <span class='ocrx_word' id='word_1_119' title='bbox 3391 660 3492 715; x_wconf 81' lang='lat' dir='ltr'><strong>l’er</strong></span> <span class='ocrx_word' id='word_1_120' title='bbox 3524 661 3816 719; x_wconf 86' lang='lat' dir='ltr'><strong>Dominum</strong></span> <span class='ocrx_word' id='word_1_121' title='bbox 3851 685 3950 721; x_wconf 81' lang='lat' dir='ltr'><strong>ttu-</strong></span> 
     </span>
    </p>
   </div>
   <div class='ocr_carea' id='block_1_21' title="bbox 2365 746 2553 792">
    <p class='ocr_par' dir='ltr' id='par_1_21' title="bbox 2365 746 2553 792">
     <span class='ocr_line' id='line_1_21' title="bbox 2365 746 2553 792; baseline 0 0"><span class='ocrx_word' id='word_1_122' title='bbox 2365 746 2553 792; x_wconf 68' lang='lat' dir='ltr'><strong>atrum.</strong></span> 
     </span>
    </p>
   </div>
   <div class='ocr_carea' id='block_1_22' title="bbox 2435 829 3952 918">
    <p class='ocr_par' dir='ltr' id='par_1_22' title="bbox 2435 829 3952 918">
     <span class='ocr_line' id='line_1_22' title="bbox 2435 829 3952 918; baseline 0.016 -36"><span class='ocrx_word' id='word_1_123' title='bbox 2435 829 2606 901; x_wconf 87' lang='lat' dir='ltr'><strong>Super</strong></span> <span class='ocrx_word' id='word_1_124' title='bbox 2631 832 2820 887; x_wconf 85' lang='lat' dir='ltr'><strong>oblata.</strong></span> <span class='ocrx_word' id='word_1_125' title='bbox 2839 864 2909 875; x_wconf 93' lang='lat'><strong><em>—</em></strong></span> <span class='ocrx_word' id='word_1_126' title='bbox 2932 835 3144 892; x_wconf 80' lang='lat' dir='ltr'><strong>Munera</strong></span> <span class='ocrx_word' id='word_1_127' title='bbox 3176 840 3293 906; x_wconf 91' lang='lat' dir='ltr'><strong>tibi,</strong></span> <span class='ocrx_word' id='word_1_128' title='bbox 3321 843 3569 913; x_wconf 85' lang='lat' dir='ltr'><strong>Domine,</strong></span> <span class='ocrx_word' id='word_1_129' title='bbox 3618 865 3716 918; x_wconf 90' lang='lat' dir='ltr'><strong>pro</strong></span> <span class='ocrx_word' id='word_1_130' title='bbox 3740 865 3952 907; x_wconf 81' lang='lat' dir='ltr'><strong>sancto-</strong></span> 
     </span>
    </p>
   </div>
   <div class='ocr_carea' id='block_1_23' title="bbox 2363 929 3948 1012">
    <p class='ocr_par' dir='ltr' id='par_1_23' title="bbox 2363 929 3948 1012">
     <span class='ocr_line' id='line_1_23' title="bbox 2363 929 3948 1012; baseline 0.016 -37"><span class='ocrx_word' id='word_1_131' title='bbox 2363 935 2479 975; x_wconf 90' lang='lat' dir='ltr'><strong>rum</strong></span> <span class='ocrx_word' id='word_1_132' title='bbox 2504 934 2792 995; x_wconf 83' lang='lat' dir='ltr'><strong>martyrum</strong></span> <span class='ocrx_word' id='word_1_133' title='bbox 2824 929 3013 982; x_wconf 85' lang='lat' dir='ltr'><strong>Abdon</strong></span> <span class='ocrx_word' id='word_1_134' title='bbox 3037 939 3090 985; x_wconf 90' lang='lat' dir='ltr'><strong>et</strong></span> <span class='ocrx_word' id='word_1_135' title='bbox 3111 932 3322 989; x_wconf 89' lang='lat' dir='ltr'><strong>Seunen</strong></span> <span class='ocrx_word' id='word_1_136' title='bbox 3348 940 3594 1004; x_wconf 87' lang='lat' dir='ltr'><strong>passione</strong></span> <span class='ocrx_word' id='word_1_137' title='bbox 3623 943 3948 1012; x_wconf 77' lang='lat' dir='ltr'><strong>deferimus,</strong></span> 
     </span>
    </p>
   </div>
   <div class='ocr_carea' id='block_1_24' title="bbox 2362 1013 3951 1094">
    <p class='ocr_par' dir='ltr' id='par_1_24' title="bbox 2362 1013 3951 1094">
     <span class='ocr_line' id='line_1_24' title="bbox 2362 1013 3951 1094; baseline 0.018 -28"><span class='ocrx_word' id='word_1_138' title='bbox 2362 1013 2450 1081; x_wconf 88' lang='lat' dir='ltr'><strong>qui</strong></span> <span class='ocrx_word' id='word_1_139' title='bbox 2483 1014 2605 1069; x_wconf 91' lang='lat' dir='ltr'><strong>dum</strong></span> <span class='ocrx_word' id='word_1_140' title='bbox 2637 1018 2890 1072; x_wconf 91' lang='lat' dir='ltr'><strong>ﬁniuntur</strong></span> <span class='ocrx_word' id='word_1_141' title='bbox 2919 1021 2971 1073; x_wconf 93' lang='lat' dir='ltr'><strong>in</strong></span> <span class='ocrx_word' id='word_1_142' title='bbox 3003 1023 3191 1086; x_wconf 88' lang='lat' dir='ltr'><strong>terris,</strong></span> <span class='ocrx_word' id='word_1_143' title='bbox 3235 1026 3358 1080; x_wconf 82' lang='lat' dir='ltr'><strong>lacti</strong></span> <span class='ocrx_word' id='word_1_144' title='bbox 3404 1037 3529 1082; x_wconf 91' lang='lat' dir='ltr'><strong>sunt</strong></span> <span class='ocrx_word' id='word_1_145' title='bbox 3573 1033 3786 1089; x_wconf 65' lang='lat' dir='ltr'><strong>caelesti</strong></span> <span class='ocrx_word' id='word_1_146' title='bbox 3837 1036 3951 1094; x_wconf 79' lang='lat' dir='ltr'><strong>luco</strong></span> 
     </span>
    </p>
   </div>
   <div class='ocr_carea' id='block_1_25' title="bbox 2365 1108 3951 1196">
    <p class='ocr_par' dir='ltr' id='par_1_25' title="bbox 2365 1108 3951 1196">
     <span class='ocr_line' id='line_1_25' title="bbox 2365 1108 3951 1196; baseline 0.018 -41"><span class='ocrx_word' id='word_1_147' title='bbox 2365 1109 2625 1174; x_wconf 86' lang='lat' dir='ltr'><strong>perpetui,</strong></span> <span class='ocrx_word' id='word_1_148' title='bbox 2674 1108 2952 1165; x_wconf 85' lang='lat' dir='ltr'><strong>humiliter</strong></span> <span class='ocrx_word' id='word_1_149' title='bbox 2998 1115 3332 1180; x_wconf 84' lang='lat' dir='ltr'><strong>postulantes</strong></span> <span class='ocrx_word' id='word_1_150' title='bbox 3386 1131 3441 1173; x_wconf 91' lang='lat' dir='ltr'><strong>ut</strong></span> <span class='ocrx_word' id='word_1_151' title='bbox 3497 1136 3682 1178; x_wconf 89' lang='lat' dir='ltr'><strong>eorum</strong></span> <span class='ocrx_word' id='word_1_152' title='bbox 3741 1140 3951 1196; x_wconf 86' lang='lat' dir='ltr'><strong>semper</strong></span> 
     </span>
    </p>
   </div>
   <div class='ocr_carea' id='block_1_26' title="bbox 2362 1196 3074 1256">
    <p class='ocr_par' dir='ltr' id='par_1_26' title="bbox 2362 1196 3074 1256">
     <span class='ocr_line' id='line_1_26' title="bbox 2362 1196 3074 1256; baseline 0.014 -11"><span class='ocrx_word' id='word_1_153' title='bbox 2362 1196 2564 1249; x_wconf 81' lang='lat' dir='ltr'><strong>meritis</strong></span> <span class='ocrx_word' id='word_1_154' title='bbox 2595 1199 2919 1254; x_wconf 89' lang='lat' dir='ltr'><strong>muniamur.</strong></span> <span class='ocrx_word' id='word_1_155' title='bbox 2956 1201 3074 1256; x_wconf 82' lang='lat' dir='ltr'><strong>l’er.</strong></span> 
     </span>
    </p>
   </div>
   <div class='ocr_carea' id='block_1_27' title="bbox 2434 1284 3945 1378">
    <p class='ocr_par' dir='ltr' id='par_1_27' title="bbox 2434 1284 3945 1378">
     <span class='ocr_line' id='line_1_27' title="bbox 2434 1284 3945 1378; baseline 0.019 -42"><span class='ocrx_word' id='word_1_156' title='bbox 2434 1284 2702 1356; x_wconf 76' lang='lat' dir='ltr'><strong>Prwfatio.</strong></span> <span class='ocrx_word' id='word_1_157' title='bbox 2725 1319 2794 1331; x_wconf 89' lang='lat'><strong>-—</strong></span> <span class='ocrx_word' id='word_1_158' title='bbox 2826 1290 2960 1346; x_wconf 81' lang='lat' dir='ltr'><strong>Vere</strong></span> <span class='ocrx_word' id='word_1_159' title='bbox 2987 1293 3203 1363; x_wconf 85' lang='lat' dir='ltr'><strong>dignum</strong></span> <span class='ocrx_word' id='word_1_160' title='bbox 3250 1307 3305 1351; x_wconf 93' lang='lat' dir='ltr'><strong>et</strong></span> <span class='ocrx_word' id='word_1_161' title='bbox 3337 1300 3538 1368; x_wconf 91' lang='lat' dir='ltr'><strong>justum</strong></span> <span class='ocrx_word' id='word_1_162' title='bbox 3568 1313 3688 1371; x_wconf 89' lang='lat' dir='ltr'><strong>est,</strong></span> <span class='ocrx_word' id='word_1_163' title='bbox 3741 1322 3945 1378; x_wconf 64' lang='lat' dir='ltr'><strong>aequum</strong></span> 
     </span>
    </p>
   </div>
   <div class='ocr_carea' id='block_1_28' title="bbox 2359 1378 3942 1472">
    <p class='ocr_par' dir='ltr' id='par_1_28' title="bbox 2359 1378 3942 1472">
     <span class='ocr_line' id='line_1_28' title="bbox 2359 1378 3942 1472; baseline 0.018 -42"><span class='ocrx_word' id='word_1_164' title='bbox 2359 1385 2413 1430; x_wconf 87' lang='lat' dir='ltr'><strong>et</strong></span> <span class='ocrx_word' id='word_1_165' title='bbox 2433 1378 2684 1445; x_wconf 86' lang='lat' dir='ltr'><strong>salutare,</strong></span> <span class='ocrx_word' id='word_1_166' title='bbox 2717 1397 2815 1437; x_wconf 92' lang='lat' dir='ltr'><strong>nos</strong></span> <span class='ocrx_word' id='word_1_167' title='bbox 2844 1383 2936 1437; x_wconf 88' lang='lat' dir='ltr'><strong>tibi</strong></span> <span class='ocrx_word' id='word_1_168' title='bbox 2969 1401 3185 1456; x_wconf 82' lang='lat' dir='ltr'><strong>semper</strong></span> <span class='ocrx_word' id='word_1_169' title='bbox 3211 1400 3265 1444; x_wconf 88' lang='lat' dir='ltr'><strong>et</strong></span> <span class='ocrx_word' id='word_1_170' title='bbox 3314 1392 3507 1464; x_wconf 89' lang='lat' dir='ltr'><strong>ubique</strong></span> <span class='ocrx_word' id='word_1_171' title='bbox 3536 1399 3741 1466; x_wconf 78' lang='lat' dir='ltr'><strong>gratias</strong></span> <span class='ocrx_word' id='word_1_172' title='bbox 3767 1416 3942 1472; x_wconf 71' lang='lat' dir='ltr'><strong>agere,</strong></span> 
     </span>
    </p>
   </div>
   <div class='ocr_carea' id='block_1_29' title="bbox 2364 1466 3940 1550">
    <p class='ocr_par' dir='ltr' id='par_1_29' title="bbox 2364 1466 3940 1550">
     <span class='ocr_line' id='line_1_29' title="bbox 2364 1466 3940 1550; baseline 0.018 -31"><span class='ocrx_word' id='word_1_173' title='bbox 2364 1466 2585 1522; x_wconf 88' lang='lat' dir='ltr'><strong>Domine</strong></span> <span class='ocrx_word' id='word_1_174' title='bbox 2640 1482 2843 1538; x_wconf 83' lang='lat' dir='ltr'><strong>sancte,</strong></span> <span class='ocrx_word' id='word_1_175' title='bbox 2887 1475 3042 1531; x_wconf 84' lang='lat' dir='ltr'><strong>Pater</strong></span> <span class='ocrx_word' id='word_1_176' title='bbox 3088 1479 3467 1549; x_wconf 88' lang='lat' dir='ltr'><strong>omnipotens,</strong></span> <span class='ocrx_word' id='word_1_177' title='bbox 3515 1498 3720 1546; x_wconf 65' lang='grc' dir='ltr'><strong>αξιοι-ηε</strong></span> <span class='ocrx_word' id='word_1_178' title='bbox 3766 1466 3940 1550; x_wconf 46' lang='lat' dir='ltr'><strong>Deus;</strong></span> 
     </span>
    </p>
   </div>
   <div class='ocr_carea' id='block_1_30' title="bbox 2359 1561 3945 1642">
    <p class='ocr_par' dir='ltr' id='par_1_30' title="bbox 2359 1561 3945 1642">
     <span class='ocr_line' id='line_1_30' title="bbox 2359 1561 3945 1642; baseline 0.021 -32"><span class='ocrx_word' id='word_1_179' title='bbox 2359 1567 2413 1610; x_wconf 94' lang='lat' dir='ltr'><strong>et</strong></span> <span class='ocrx_word' id='word_1_180' title='bbox 2444 1561 2597 1630; x_wconf 78' lang='lat'><strong>117</strong></span> <span class='ocrx_word' id='word_1_181' title='bbox 2628 1571 2676 1616; x_wconf 92' lang='lat' dir='ltr'><strong>te</strong></span> <span class='ocrx_word' id='word_1_182' title='bbox 2722 1565 2943 1621; x_wconf 83' lang='lat' dir='ltr'><strong>laudare</strong></span> <span class='ocrx_word' id='word_1_183' title='bbox 2988 1568 3284 1625; x_wconf 89' lang='lat' dir='ltr'><strong>mirabilem</strong></span> <span class='ocrx_word' id='word_1_184' title='bbox 3316 1572 3599 1633; x_wconf 89' lang='lat' dir='ltr'><strong>Dominum</strong></span> <span class='ocrx_word' id='word_1_185' title='bbox 3649 1583 3702 1636; x_wconf 87' lang='lat' dir='ltr'><strong>in</strong></span> <span class='ocrx_word' id='word_1_186' title='bbox 3754 1587 3945 1642; x_wconf 85' lang='lat' dir='ltr'><strong>sanctis</strong></span> 
     </span>
    </p>
   </div>
   <div class='ocr_carea' id='block_1_31' title="bbox 2363 1650 3943 1732">
    <p class='ocr_par' dir='ltr' id='par_1_31' title="bbox 2363 1650 3943 1732">
     <span class='ocr_line' id='line_1_31' title="bbox 2363 1650 3943 1732; baseline 0.02 -31"><span class='ocrx_word' id='word_1_187' title='bbox 2363 1650 2485 1713; x_wconf 90' lang='lat' dir='ltr'><strong>tuis,</strong></span> <span class='ocrx_word' id='word_1_188' title='bbox 2507 1665 2639 1720; x_wconf 88' lang='lat' dir='ltr'><strong>quos</strong></span> <span class='ocrx_word' id='word_1_189' title='bbox 2654 1662 2774 1709; x_wconf 88' lang='lat' dir='ltr'><strong>ante</strong></span> <span class='ocrx_word' id='word_1_190' title='bbox 2804 1658 3242 1716; x_wconf 86' lang='lat' dir='ltr'><strong>constitutionem</strong></span> <span class='ocrx_word' id='word_1_191' title='bbox 3275 1667 3456 1720; x_wconf 91' lang='lat' dir='ltr'><strong>mundi</strong></span> <span class='ocrx_word' id='word_1_192' title='bbox 3488 1668 3539 1722; x_wconf 88' lang='lat' dir='ltr'><strong>in</strong></span> <span class='ocrx_word' id='word_1_193' title='bbox 3568 1680 3826 1728; x_wconf 63' lang='lat' dir='ltr'><strong>aternatn</strong></span> <span class='ocrx_word' id='word_1_194' title='bbox 3855 1678 3943 1732; x_wconf 91' lang='lat' dir='ltr'><strong>tibi</strong></span> 
     </span>
    </p>
   </div>
   <div class='ocr_carea' id='block_1_32' title="bbox 2357 1744 3941 1823">
    <p class='ocr_par' dir='ltr' id='par_1_32' title="bbox 2357 1744 3941 1823">
     <span class='ocr_line' id='line_1_32' title="bbox 2357 1744 3941 1823; baseline 0.019 -31"><span class='ocrx_word' id='word_1_195' title='bbox 2357 1744 2578 1811; x_wconf 77' lang='lat' dir='ltr'><strong>gloriam</strong></span> <span class='ocrx_word' id='word_1_196' title='bbox 2603 1751 2934 1815; x_wconf 61' lang='lat' dir='ltr'><strong>praeparasti,</strong></span> <span class='ocrx_word' id='word_1_197' title='bbox 2951 1761 3002 1805; x_wconf 94' lang='lat' dir='ltr'><strong>ut</strong></span> <span class='ocrx_word' id='word_1_198' title='bbox 3018 1767 3113 1820; x_wconf 91' lang='lat' dir='ltr'><strong>per</strong></span> <span class='ocrx_word' id='word_1_199' title='bbox 3124 1768 3216 1808; x_wconf 90' lang='lat' dir='ltr'><strong>eos</strong></span> <span class='ocrx_word' id='word_1_200' title='bbox 3233 1756 3357 1811; x_wconf 86' lang='lat' dir='ltr'><strong>huic</strong></span> <span class='ocrx_word' id='word_1_201' title='bbox 3371 1759 3568 1814; x_wconf 91' lang='lat' dir='ltr'><strong>mundo</strong></span> <span class='ocrx_word' id='word_1_202' title='bbox 3583 1767 3826 1820; x_wconf 79' lang='lat' dir='ltr'><strong>veritatis</strong></span> <span class='ocrx_word' id='word_1_203' title='bbox 3843 1777 3941 1823; x_wconf 76' lang='lat' dir='ltr'><strong>tua:</strong></span> 
     </span>
    </p>
   </div>
   <div class='ocr_carea' id='block_1_33' title="bbox 673 1823 3941 1923">
    <p class='ocr_par' dir='ltr' id='par_1_33' title="bbox 673 1823 3941 1923">
     <span class='ocr_line' id='line_1_33' title="bbox 673 1823 3941 1923; baseline 0.013 -53"><span class='ocrx_word' id='word_1_204' title='bbox 673 1827 945 1883; x_wconf 88' lang='lat' dir='ltr'><strong>ctcustos,</strong></span> <span class='ocrx_word' id='word_1_205' title='bbox 987 1830 1044 1874; x_wconf 92' lang='lat' dir='ltr'><strong>ut</strong></span> <span class='ocrx_word' id='word_1_206' title='bbox 1072 1823 1300 1889; x_wconf 88' lang='lat' dir='ltr'><strong>apostoli</strong></span> <span class='ocrx_word' id='word_1_207' title='bbox 1336 1827 1408 1877; x_wconf 93' lang='lat' dir='ltr'><strong>tui</strong></span> <span class='ocrx_word' id='word_1_208' title='bbox 1461 1825 1644 1881; x_wconf 88' lang='lat' dir='ltr'><strong>Jacobi</strong></span> <span class='ocrx_word' id='word_1_209' title='bbox 1698 1833 1906 1886; x_wconf 89' lang='lat' dir='ltr'><strong>munita</strong></span> <span class='ocrx_word' id='word_1_210' title='bbox 1957 1837 2214 1902; x_wconf 60' lang='lat' dir='ltr'><strong>prasidiis</strong></span> <span class='ocrx_word' id='word_1_211' title='bbox 2237 1879 2251 1902; x_wconf 88' lang='lat'><strong>,</strong></span> <span class='ocrx_word' id='word_1_212' title='bbox 2291 1858 2333 1915; x_wconf 73' lang='grc' dir='ltr'><strong>Β</strong></span> <span class='ocrx_word' id='word_1_213' title='bbox 2364 1835 2542 1890; x_wconf 89' lang='lat' dir='ltr'><strong>lumen</strong></span> <span class='ocrx_word' id='word_1_214' title='bbox 2577 1839 2910 1908; x_wconf 85' lang='lat' dir='ltr'><strong>ostenderes,</strong></span> <span class='ocrx_word' id='word_1_215' title='bbox 2943 1859 3079 1910; x_wconf 92' lang='lat' dir='ltr'><strong>quos</strong></span> <span class='ocrx_word' id='word_1_216' title='bbox 3109 1846 3180 1899; x_wconf 89' lang='lat' dir='ltr'><strong>ita</strong></span> <span class='ocrx_word' id='word_1_217' title='bbox 3210 1849 3398 1916; x_wconf 84' lang='lat' dir='ltr'><strong>spiritu</strong></span> <span class='ocrx_word' id='word_1_218' title='bbox 3434 1853 3676 1910; x_wconf 81' lang='lat' dir='ltr'><strong>veritatis</strong></span> <span class='ocrx_word' id='word_1_219' title='bbox 3703 1862 3941 1923; x_wconf 83' lang='lat' dir='ltr'><strong>armasti,</strong></span> 
     </span>
    </p>
   </div>
   <div class='ocr_carea' id='block_1_34' title="bbox 673 1911 2252 1984">
    <p class='ocr_par' dir='ltr' id='par_1_34' title="bbox 673 1911 2252 1984">
     <span class='ocr_line' id='line_1_34' title="bbox 673 1911 2252 1984; baseline 0.012 -24"><span class='ocrx_word' id='word_1_220' title='bbox 673 1919 724 1960; x_wconf 91' lang='lat' dir='ltr'><strong>et</strong></span> <span class='ocrx_word' id='word_1_221' title='bbox 755 1911 1164 1967; x_wconf 84' lang='lat' dir='ltr'><strong>conversatione</strong></span> <span class='ocrx_word' id='word_1_222' title='bbox 1218 1912 1310 1967; x_wconf 87' lang='lat' dir='ltr'><strong>tibi</strong></span> <span class='ocrx_word' id='word_1_223' title='bbox 1354 1915 1581 1984; x_wconf 86' lang='lat' dir='ltr'><strong>placeat,</strong></span> <span class='ocrx_word' id='word_1_224' title='bbox 1628 1927 1682 1973; x_wconf 92' lang='lat' dir='ltr'><strong>et</strong></span> <span class='ocrx_word' id='word_1_225' title='bbox 1729 1935 1919 1975; x_wconf 88' lang='lat' dir='ltr'><strong>secura</strong></span> <span class='ocrx_word' id='word_1_226' title='bbox 1968 1925 2252 1981; x_wconf 69' lang='lat' dir='ltr'><strong>deserviat.</strong></span> 
     </span>
    </p>
   </div>
   <div class='ocr_carea' id='block_1_35' title="bbox 677 1997 797 2052">
    <p class='ocr_par' dir='ltr' id='par_1_35' title="bbox 677 1997 797 2052">
     <span class='ocr_line' id='line_1_35' title="bbox 677 1997 797 2052; baseline 0.017 -4"><span class='ocrx_word' id='word_1_227' title='bbox 677 1997 797 2052; x_wconf 70' lang='lat' dir='ltr'><strong>l‘er.</strong></span> 
     </span>
    </p>
   </div>
   <div class='ocr_carea' id='block_1_36' title="bbox 747 2087 2255 2173">
    <p class='ocr_par' dir='ltr' id='par_1_36' title="bbox 747 2087 2255 2173">
     <span class='ocr_line' id='line_1_36' title="bbox 747 2087 2255 2173; baseline 0.011 -31"><span class='ocrx_word' id='word_1_228' title='bbox 747 2087 915 2157; x_wconf 77' lang='lat' dir='ltr'><strong>Super</strong></span> <span class='ocrx_word' id='word_1_229' title='bbox 948 2089 1137 2146; x_wconf 83' lang='lat' dir='ltr'><strong>oblata.</strong></span> <span class='ocrx_word' id='word_1_230' title='bbox 1166 2121 1235 2133; x_wconf 88' lang='lat'><strong><em>—</em></strong></span> <span class='ocrx_word' id='word_1_231' title='bbox 1259 2094 1570 2150; x_wconf 86' lang='lat' dir='ltr'><strong>Oblationes</strong></span> <span class='ocrx_word' id='word_1_232' title='bbox 1618 2097 1795 2165; x_wconf 90' lang='lat' dir='ltr'><strong>populi</strong></span> <span class='ocrx_word' id='word_1_233' title='bbox 1842 2102 1947 2168; x_wconf 92' lang='lat' dir='ltr'><strong>tui,</strong></span> <span class='ocrx_word' id='word_1_234' title='bbox 2003 2102 2255 2173; x_wconf 88' lang='lat' dir='ltr'><strong>Domine,</strong></span> 
     </span>
    </p>
   </div>
   <div class='ocr_carea' id='block_1_37' title="bbox 673 2179 2255 2260">
    <p class='ocr_par' dir='ltr' id='par_1_37' title="bbox 673 2179 2255 2260">
     <span class='ocr_line' id='line_1_37' title="bbox 673 2179 2255 2260; baseline 0.014 -32"><span class='ocrx_word' id='word_1_235' title='bbox 673 2192 1011 2247; x_wconf 70' lang='lat' dir='ltr'><strong>quaasumus,</strong></span> <span class='ocrx_word' id='word_1_236' title='bbox 1042 2179 1181 2235; x_wconf 86' lang='lat' dir='ltr'><strong>beati</strong></span> <span class='ocrx_word' id='word_1_237' title='bbox 1239 2185 1467 2252; x_wconf 90' lang='lat' dir='ltr'><strong>apostoli</strong></span> <span class='ocrx_word' id='word_1_238' title='bbox 1522 2187 1595 2241; x_wconf 91' lang='lat' dir='ltr'><strong>tui</strong></span> <span class='ocrx_word' id='word_1_239' title='bbox 1647 2189 1831 2243; x_wconf 85' lang='lat' dir='ltr'><strong>Jacobi</strong></span> <span class='ocrx_word' id='word_1_240' title='bbox 1881 2194 2055 2260; x_wconf 83' lang='lat' dir='ltr'><strong>passio</strong></span> <span class='ocrx_word' id='word_1_241' title='bbox 2105 2196 2255 2250; x_wconf 87' lang='lat' dir='ltr'><strong>beata</strong></span> 
     </span>
    </p>
   </div>
   <div class='ocr_carea' id='block_1_38' title="bbox 671 2268 2254 2358">
    <p class='ocr_par' dir='ltr' id='par_1_38' title="bbox 671 2268 2254 2358">
     <span class='ocr_line' id='line_1_38' title="bbox 671 2268 2254 2358; baseline 0.016 -38"><span class='ocrx_word' id='word_1_242' title='bbox 671 2268 954 2338; x_wconf 81' lang='lat' dir='ltr'><strong>Conciliet,</strong></span> <span class='ocrx_word' id='word_1_243' title='bbox 991 2279 1046 2324; x_wconf 89' lang='lat' dir='ltr'><strong>et</strong></span> <span class='ocrx_word' id='word_1_244' title='bbox 1097 2288 1213 2342; x_wconf 70' lang='lat' dir='ltr'><strong>qua:</strong></span> <span class='ocrx_word' id='word_1_245' title='bbox 1265 2277 1462 2331; x_wconf 86' lang='lat' dir='ltr'><strong>nostris</strong></span> <span class='ocrx_word' id='word_1_246' title='bbox 1517 2286 1638 2344; x_wconf 89' lang='lat' dir='ltr'><strong>apta</strong></span> <span class='ocrx_word' id='word_1_247' title='bbox 1687 2296 1791 2334; x_wconf 85' lang='lat' dir='ltr'><strong>non</strong></span> <span class='ocrx_word' id='word_1_248' title='bbox 1843 2293 1967 2337; x_wconf 89' lang='lat' dir='ltr'><strong>sunt</strong></span> <span class='ocrx_word' id='word_1_249' title='bbox 2008 2288 2254 2358; x_wconf 88' lang='lat' dir='ltr'><strong>meritis,</strong></span> 
     </span>
    </p>
   </div>
   <div class='ocr_carea' id='block_1_39' title="bbox 670 2363 1949 2438">
    <p class='ocr_par' dir='ltr' id='par_1_39' title="bbox 670 2363 1949 2438">
     <span class='ocr_line' id='line_1_39' title="bbox 670 2363 1949 2438; baseline 0.016 -28"><span class='ocrx_word' id='word_1_250' title='bbox 670 2363 800 2414; x_wconf 86' lang='lat' dir='ltr'><strong>ﬁant</strong></span> <span class='ocrx_word' id='word_1_251' title='bbox 842 2364 934 2419; x_wconf 89' lang='lat' dir='ltr'><strong>tibi</strong></span> <span class='ocrx_word' id='word_1_252' title='bbox 982 2367 1169 2434; x_wconf 79' lang='lat' dir='ltr'><strong>placita</strong></span> <span class='ocrx_word' id='word_1_253' title='bbox 1227 2367 1342 2436; x_wconf 89' lang='lat' dir='ltr'><strong>ejus</strong></span> <span class='ocrx_word' id='word_1_254' title='bbox 1388 2368 1780 2438; x_wconf 86' lang='lat' dir='ltr'><strong>deprecatione.</strong></span> <span class='ocrx_word' id='word_1_255' title='bbox 1821 2367 1949 2432; x_wconf 33' lang='lat' dir='ltr'><strong>Pcr.‘</strong></span> 
     </span>
    </p>
   </div>
   <div class='ocr_carea' id='block_1_40' title="bbox 748 2452 2252 2536">
    <p class='ocr_par' dir='ltr' id='par_1_40' title="bbox 748 2452 2252 2536">
     <span class='ocr_line' id='line_1_40' title="bbox 748 2452 2252 2536; baseline 0.015 -33"><span class='ocrx_word' id='word_1_256' title='bbox 748 2452 1105 2524; x_wconf 71' lang='lat' dir='ltr'><strong>Prwfotio.—</strong></span> <span class='ocrx_word' id='word_1_257' title='bbox 1132 2456 1270 2511; x_wconf 86' lang='lat' dir='ltr'><strong>Vere</strong></span> <span class='ocrx_word' id='word_1_258' title='bbox 1299 2457 1514 2526; x_wconf 83' lang='lat' dir='ltr'><strong>dignum</strong></span> <span class='ocrx_word' id='word_1_259' title='bbox 1543 2470 1645 2524; x_wconf 90' lang='lat' dir='ltr'><strong>est,</strong></span> <span class='ocrx_word' id='word_1_260' title='bbox 1679 2477 1725 2516; x_wconf 67' lang='lat' dir='ltr'><strong>ae</strong></span> <span class='ocrx_word' id='word_1_261' title='bbox 1746 2480 1889 2530; x_wconf 64' lang='lat' dir='ltr'><strong>iuum</strong></span> <span class='ocrx_word' id='word_1_262' title='bbox 1921 2474 1973 2519; x_wconf 89' lang='lat' dir='ltr'><strong>et</strong></span> <span class='ocrx_word' id='word_1_263' title='bbox 2000 2468 2252 2536; x_wconf 88' lang='lat' dir='ltr'><strong>salutare,</strong></span> 
     </span>
    </p>
   </div>
   <div class='ocr_carea' id='block_1_41' title="bbox 670 2547 2255 2625">
    <p class='ocr_par' dir='ltr' id='par_1_41' title="bbox 670 2547 2255 2625">
     <span class='ocr_line' id='line_1_41' title="bbox 670 2547 2255 2625; baseline 0.015 -32"><span class='ocrx_word' id='word_1_264' title='bbox 670 2558 768 2597; x_wconf 70' lang='lat' dir='ltr'><strong>nus</strong></span> <span class='ocrx_word' id='word_1_265' title='bbox 819 2547 914 2601; x_wconf 77' lang='lat' dir='ltr'><strong>tibi</strong></span> <span class='ocrx_word' id='word_1_266' title='bbox 974 2563 1186 2612; x_wconf 76' lang='lat' dir='ltr'><strong>semper</strong></span> <span class='ocrx_word' id='word_1_267' title='bbox 1230 2558 1286 2602; x_wconf 92' lang='lat' dir='ltr'><strong>et</strong></span> <span class='ocrx_word' id='word_1_268' title='bbox 1334 2549 1529 2618; x_wconf 91' lang='lat' dir='ltr'><strong>ubique</strong></span> <span class='ocrx_word' id='word_1_269' title='bbox 1574 2554 1770 2619; x_wconf 88' lang='lat' dir='ltr'><strong>gratias</strong></span> <span class='ocrx_word' id='word_1_270' title='bbox 1817 2570 1996 2625; x_wconf 86' lang='lat' dir='ltr'><strong>agere,</strong></span> <span class='ocrx_word' id='word_1_271' title='bbox 2033 2561 2255 2619; x_wconf 85' lang='lat' dir='ltr'><strong>Domine</strong></span> 
     </span>
    </p>
   </div>
   <div class='ocr_carea' id='block_1_42' title="bbox 670 2638 2256 2719">
    <p class='ocr_par' dir='ltr' id='par_1_42' title="bbox 670 2638 2256 2719">
     <span class='ocr_line' id='line_1_42' title="bbox 670 2638 2256 2719; baseline 0.015 -33"><span class='ocrx_word' id='word_1_272' title='bbox 670 2648 872 2702; x_wconf 81' lang='lat' dir='ltr'><strong>sancte,</strong></span> <span class='ocrx_word' id='word_1_273' title='bbox 907 2638 1065 2693; x_wconf 84' lang='lat' dir='ltr'><strong>Pater</strong></span> <span class='ocrx_word' id='word_1_274' title='bbox 1095 2642 1453 2709; x_wconf 83' lang='lat' dir='ltr'><strong>omnipotens,</strong></span> <span class='ocrx_word' id='word_1_275' title='bbox 1495 2656 1696 2700; x_wconf 69' lang='lat' dir='ltr'><strong>mtertte</strong></span> <span class='ocrx_word' id='word_1_276' title='bbox 1727 2646 1864 2702; x_wconf 88' lang='lat' dir='ltr'><strong>Deus</strong></span> <span class='ocrx_word' id='word_1_277' title='bbox 1900 2667 1912 2700; x_wconf 90' lang='lat'>:</span> <span class='ocrx_word' id='word_1_278' title='bbox 1964 2651 2084 2719; x_wconf 92' lang='lat' dir='ltr'><strong>quia</strong></span> <span class='ocrx_word' id='word_1_279' title='bbox 2131 2655 2256 2710; x_wconf 91' lang='lat' dir='ltr'><strong>licet</strong></span> 
     </span>
    </p>
   </div>
   <div class='ocr_carea' id='block_1_43' title="bbox 669 2733 2252 2808">
    <p class='ocr_par' dir='ltr' id='par_1_43' title="bbox 669 2733 2252 2808">
     <span class='ocr_line' id='line_1_43' title="bbox 669 2733 2252 2808; baseline 0.012 -22"><span class='ocrx_word' id='word_1_280' title='bbox 669 2733 824 2789; x_wconf 90' lang='lat' dir='ltr'><strong>nobis</strong></span> <span class='ocrx_word' id='word_1_281' title='bbox 853 2751 1066 2806; x_wconf 87' lang='lat' dir='ltr'><strong>semper</strong></span> <span class='ocrx_word' id='word_1_282' title='bbox 1093 2737 1320 2792; x_wconf 88' lang='lat' dir='ltr'><strong>salutem</strong></span> <span class='ocrx_word' id='word_1_283' title='bbox 1354 2748 1606 2808; x_wconf 83' lang='lat' dir='ltr'><strong>operetur</strong></span> <span class='ocrx_word' id='word_1_284' title='bbox 1643 2742 1807 2797; x_wconf 82' lang='lat' dir='ltr'><strong>divini</strong></span> <span class='ocrx_word' id='word_1_285' title='bbox 1842 2745 2134 2805; x_wconf 84' lang='lat' dir='ltr'><strong>celebratio</strong></span> <span class='ocrx_word' id='word_1_286' title='bbox 2161 2766 2252 2804; x_wconf 82' lang='lat' dir='ltr'><strong>sa-</strong></span> 
     </span>
    </p>
   </div>
   <div class='ocr_carea' id='block_1_44' title="bbox 668 2816 2242 2908">
    <p class='ocr_par' dir='ltr' id='par_1_44' title="bbox 668 2816 2242 2908">
     <span class='ocr_line' id='line_1_44' title="bbox 668 2816 2242 2908; baseline 0.012 -30"><span class='ocrx_word' id='word_1_287' title='bbox 668 2816 952 2894; x_wconf 76' lang='lat' dir='ltr'><strong>cramenti,</strong></span> <span class='ocrx_word' id='word_1_288' title='bbox 995 2833 1310 2897; x_wconf 82' lang='lat' dir='ltr'><strong>propensius</strong></span> <span class='ocrx_word' id='word_1_289' title='bbox 1359 2842 1536 2886; x_wconf 90' lang='lat' dir='ltr'><strong>tamen</strong></span> <span class='ocrx_word' id='word_1_290' title='bbox 1566 2834 1720 2889; x_wconf 90' lang='lat' dir='ltr'><strong>nobis</strong></span> <span class='ocrx_word' id='word_1_291' title='bbox 1747 2837 2065 2894; x_wconf 85' lang='lat' dir='ltr'><strong>conﬁdimus</strong></span> <span class='ocrx_word' id='word_1_292' title='bbox 2116 2857 2242 2908; x_wconf 82' lang='lat' dir='ltr'><strong>pro-</strong></span> 
     </span>
    </p>
   </div>
   <div class='ocr_carea' id='block_1_45' title="bbox 669 2917 2253 2990">
    <p class='ocr_par' dir='ltr' id='par_1_45' title="bbox 669 2917 2253 2990">
     <span class='ocr_line' id='line_1_45' title="bbox 669 2917 2253 2990; baseline 0.012 -21"><span class='ocrx_word' id='word_1_293' title='bbox 669 2917 921 2985; x_wconf 76' lang='lat' dir='ltr'><strong>futuram,</strong></span> <span class='ocrx_word' id='word_1_294' title='bbox 954 2919 997 2972; x_wconf 87' lang='lat' dir='ltr'><strong>si</strong></span> <span class='ocrx_word' id='word_1_295' title='bbox 1033 2919 1171 2975; x_wconf 84' lang='lat' dir='ltr'><strong>beati</strong></span> <span class='ocrx_word' id='word_1_296' title='bbox 1203 2922 1429 2990; x_wconf 87' lang='lat' dir='ltr'><strong>apostoli</strong></span> <span class='ocrx_word' id='word_1_297' title='bbox 1463 2924 1534 2977; x_wconf 94' lang='lat' dir='ltr'><strong>tui</strong></span> <span class='ocrx_word' id='word_1_298' title='bbox 1562 2923 1744 2979; x_wconf 85' lang='lat' dir='ltr'><strong>Jacobi</strong></span> <span class='ocrx_word' id='word_1_299' title='bbox 1777 2927 2253 2989; x_wconf 86' lang='lat' dir='ltr'><strong>intercessionibus</strong></span> 
     </span>
    </p>
   </div>
   <div class='ocr_carea' id='block_1_46' title="bbox 667 3007 1462 3077">
    <p class='ocr_par' dir='ltr' id='par_1_46' title="bbox 667 3007 1462 3077">
     <span class='ocr_line' id='line_1_46' title="bbox 667 3007 1462 3077; baseline 0.008 -17"><span class='ocrx_word' id='word_1_300' title='bbox 667 3007 1004 3077; x_wconf 89' lang='lat' dir='ltr'><strong>adjuvemur.</strong></span> <span class='ocrx_word' id='word_1_301' title='bbox 1043 3011 1143 3064; x_wconf 79' lang='lat' dir='ltr'><strong>Per</strong></span> <span class='ocrx_word' id='word_1_302' title='bbox 1171 3013 1462 3067; x_wconf 84' lang='lat' dir='ltr'><strong>Christum.</strong></span> 
     </span>
    </p>
   </div>
   <div class='ocr_carea' id='block_1_47' title="bbox 739 3099 2254 3182">
    <p class='ocr_par' dir='ltr' id='par_1_47' title="bbox 739 3099 2254 3182">
     <span class='ocr_line' id='line_1_47' title="bbox 739 3099 2254 3182; baseline 0.012 -31"><span class='ocrx_word' id='word_1_303' title='bbox 739 3101 820 3152; x_wconf 77' lang='lat' dir='ltr'><strong>Ad</strong></span> <span class='ocrx_word' id='word_1_304' title='bbox 848 3099 1326 3169; x_wconf 81' lang='lat' dir='ltr'><strong>Complendum.—</strong></span> <span class='ocrx_word' id='word_1_305' title='bbox 1360 3105 1506 3159; x_wconf 86' lang='lat' dir='ltr'><strong>Beati</strong></span> <span class='ocrx_word' id='word_1_306' title='bbox 1536 3108 1765 3176; x_wconf 90' lang='lat' dir='ltr'><strong>apostoli</strong></span> <span class='ocrx_word' id='word_1_307' title='bbox 1793 3110 1866 3165; x_wconf 88' lang='lat' dir='ltr'><strong>tui</strong></span> <span class='ocrx_word' id='word_1_308' title='bbox 1888 3110 2071 3169; x_wconf 91' lang='lat' dir='ltr'><strong>Jacobi</strong></span> <span class='ocrx_word' id='word_1_309' title='bbox 2100 3158 2115 3182; x_wconf 93' lang='lat'><strong>,</strong></span> <span class='ocrx_word' id='word_1_310' title='bbox 2149 3130 2254 3170; x_wconf 85' lang='lat' dir='ltr'><strong>cu-</strong></span> 
     </span>
    </p>
   </div>
   <div class='ocr_carea' id='block_1_48' title="bbox 2361 1924 3943 2003">
    <p class='ocr_par' dir='ltr' id='par_1_48' title="bbox 2361 1924 3943 2003">
     <span class='ocr_line' id='line_1_48' title="bbox 2361 1924 3943 2003; baseline 0.018 -28"><span class='ocrx_word' id='word_1_311' title='bbox 2361 1933 2421 1976; x_wconf 93' lang='lat' dir='ltr'><strong>ut</strong></span> <span class='ocrx_word' id='word_1_312' title='bbox 2444 1924 2780 1983; x_wconf 76' lang='lat' dir='ltr'><strong>formidinem</strong></span> <span class='ocrx_word' id='word_1_313' title='bbox 2813 1933 3002 1986; x_wconf 89' lang='lat' dir='ltr'><strong>mortis</strong></span> <span class='ocrx_word' id='word_1_314' title='bbox 3043 1949 3136 2002; x_wconf 92' lang='lat' dir='ltr'><strong>per</strong></span> <span class='ocrx_word' id='word_1_315' title='bbox 3177 1937 3539 1996; x_wconf 88' lang='lat' dir='ltr'><strong>inﬁrmitatem</strong></span> <span class='ocrx_word' id='word_1_316' title='bbox 3571 1947 3756 2000; x_wconf 90' lang='lat' dir='ltr'><strong>carnis</strong></span> <span class='ocrx_word' id='word_1_317' title='bbox 3802 1951 3943 2003; x_wconf 73' lang='lat' dir='ltr'><strong>erin~</strong></span> 
     </span>
    </p>
   </div>
   <div class='ocr_carea' id='block_1_49' title="bbox 2364 2017 3938 2109">
    <p class='ocr_par' dir='ltr' id='par_1_49' title="bbox 2364 2017 3938 2109">
     <span class='ocr_line' id='line_1_49' title="bbox 2364 2017 3938 2109; baseline 0.02 -43"><span class='ocrx_word' id='word_1_318' title='bbox 2364 2026 2570 2070; x_wconf 88' lang='lat' dir='ltr'><strong>cerent.</strong></span> <span class='ocrx_word' id='word_1_319' title='bbox 2600 2017 2676 2073; x_wconf 92' lang='lat' dir='ltr'><strong>De</strong></span> <span class='ocrx_word' id='word_1_320' title='bbox 2704 2035 2929 2089; x_wconf 87' lang='lat' dir='ltr'><strong>quorum</strong></span> <span class='ocrx_word' id='word_1_321' title='bbox 2951 2025 3178 2097; x_wconf 81' lang='lat' dir='ltr'><strong>collegio</strong></span> <span class='ocrx_word' id='word_1_322' title='bbox 3199 2041 3321 2083; x_wconf 91' lang='lat' dir='ltr'><strong>sunt</strong></span> <span class='ocrx_word' id='word_1_323' title='bbox 3349 2043 3612 2104; x_wconf 83' lang='lat' dir='ltr'><strong>martyres</strong></span> <span class='ocrx_word' id='word_1_324' title='bbox 3639 2041 3714 2091; x_wconf 89' lang='lat' dir='ltr'><strong>tui</strong></span> <span class='ocrx_word' id='word_1_325' title='bbox 3733 2040 3938 2109; x_wconf 74' lang='lat' dir='ltr'><strong>Abdon,</strong></span> 
     </span>
    </p>
   </div>
   <div class='ocr_carea' id='block_1_50' title="bbox 2359 2104 3943 2194">
    <p class='ocr_par' dir='ltr' id='par_1_50' title="bbox 2359 2104 3943 2194">
     <span class='ocr_line' id='line_1_50' title="bbox 2359 2104 3943 2194; baseline 0.02 -38"><span class='ocrx_word' id='word_1_326' title='bbox 2359 2104 2516 2176; x_wconf 69' lang='grc'>(436)</span> <span class='ocrx_word' id='word_1_327' title='bbox 2551 2119 2604 2164; x_wconf 90' lang='lat' dir='ltr'><strong>et</strong></span> <span class='ocrx_word' id='word_1_328' title='bbox 2650 2110 2876 2178; x_wconf 90' lang='lat' dir='ltr'><strong>Sennes,</strong></span> <span class='ocrx_word' id='word_1_329' title='bbox 2908 2117 2996 2183; x_wconf 87' lang='lat' dir='ltr'><strong>qui</strong></span> <span class='ocrx_word' id='word_1_330' title='bbox 3047 2117 3100 2170; x_wconf 89' lang='lat' dir='ltr'><strong>in</strong></span> <span class='ocrx_word' id='word_1_331' title='bbox 3159 2118 3413 2175; x_wconf 62' lang='lat' dir='ltr'><strong>Ecclesiae</strong></span> <span class='ocrx_word' id='word_1_332' title='bbox 3469 2136 3572 2179; x_wconf 71' lang='lat' dir='ltr'><strong>tua:</strong></span> <span class='ocrx_word' id='word_1_333' title='bbox 3613 2141 3767 2194; x_wconf 91' lang='lat' dir='ltr'><strong>prato</strong></span> <span class='ocrx_word' id='word_1_334' title='bbox 3813 2104 3943 2188; x_wconf 83' lang='lat' dir='ltr'><strong>sicut</strong></span> 
     </span>
    </p>
   </div>
   <div class='ocr_carea' id='block_1_51' title="bbox 2367 2204 3941 2292">
    <p class='ocr_par' dir='ltr' id='par_1_51' title="bbox 2367 2204 3941 2292">
     <span class='ocr_line' id='line_1_51' title="bbox 2367 2204 3941 2292; baseline 0.018 -39"><span class='ocrx_word' id='word_1_335' title='bbox 2367 2217 2506 2256; x_wconf 69' lang='lat' dir='ltr'><strong>rosa:</strong></span> <span class='ocrx_word' id='word_1_336' title='bbox 2533 2213 2587 2258; x_wconf 91' lang='lat' dir='ltr'><strong>et</strong></span> <span class='ocrx_word' id='word_1_337' title='bbox 2605 2204 2713 2259; x_wconf 89' lang='lat' dir='ltr'><strong>lilia</strong></span> <span class='ocrx_word' id='word_1_338' title='bbox 2745 2207 3055 2276; x_wconf 88' lang='lat' dir='ltr'><strong>lloruerunt,</strong></span> <span class='ocrx_word' id='word_1_339' title='bbox 3089 2227 3220 2280; x_wconf 79' lang='lat' dir='ltr'><strong>quos</strong></span> <span class='ocrx_word' id='word_1_340' title='bbox 3252 2214 3514 2287; x_wconf 83' lang='lat' dir='ltr'><strong>Unigeniti</strong></span> <span class='ocrx_word' id='word_1_341' title='bbox 3555 2222 3628 2275; x_wconf 87' lang='lat' dir='ltr'><strong>tui</strong></span> <span class='ocrx_word' id='word_1_342' title='bbox 3657 2224 3870 2292; x_wconf 77' lang='lat' dir='ltr'><strong>sanguis</strong></span> <span class='ocrx_word' id='word_1_343' title='bbox 3895 2226 3941 2281; x_wconf 90' lang='lat' dir='ltr'><strong>in</strong></span> 
     </span>
    </p>
   </div>
   <div class='ocr_carea' id='block_1_52' title="bbox 2361 2292 3942 2385">
    <p class='ocr_par' dir='ltr' id='par_1_52' title="bbox 2361 2292 3942 2385">
     <span class='ocr_line' id='line_1_52' title="bbox 2361 2292 3942 2385; baseline 0.02 -43"><span class='ocrx_word' id='word_1_344' title='bbox 2361 2292 2547 2359; x_wconf 72' lang='lat' dir='ltr'><strong>puelio</strong></span> <span class='ocrx_word' id='word_1_345' title='bbox 2576 2296 2956 2364; x_wconf 84' lang='lat' dir='ltr'><strong>confessionis,</strong></span> <span class='ocrx_word' id='word_1_346' title='bbox 2989 2316 3144 2357; x_wconf 90' lang='lat' dir='ltr'><strong>roseo</strong></span> <span class='ocrx_word' id='word_1_347' title='bbox 3172 2306 3353 2362; x_wconf 91' lang='lat' dir='ltr'><strong>colore</strong></span> <span class='ocrx_word' id='word_1_348' title='bbox 3377 2310 3610 2377; x_wconf 81' lang='lat' dir='ltr'><strong>perfudit</strong></span> <span class='ocrx_word' id='word_1_349' title='bbox 3637 2321 3692 2369; x_wconf 90' lang='lat' dir='ltr'><strong>et</strong></span> <span class='ocrx_word' id='word_1_350' title='bbox 3711 2317 3782 2370; x_wconf 92' lang='lat' dir='ltr'><strong>ob</strong></span> <span class='ocrx_word' id='word_1_351' title='bbox 3812 2332 3942 2385; x_wconf 82' lang='lat' dir='ltr'><strong>prae-</strong></span> 
     </span>
    </p>
   </div>
   <div class='ocr_carea' id='block_1_53' title="bbox 2357 2381 3938 2468">
    <p class='ocr_par' dir='ltr' id='par_1_53' title="bbox 2357 2381 3938 2468">
     <span class='ocr_line' id='line_1_53' title="bbox 2357 2381 3938 2468; baseline 0.017 -34"><span class='ocrx_word' id='word_1_352' title='bbox 2357 2381 2521 2438; x_wconf 88' lang='lat' dir='ltr'><strong>mium</strong></span> <span class='ocrx_word' id='word_1_353' title='bbox 2567 2387 2833 2454; x_wconf 86' lang='lat' dir='ltr'><strong>passionis</strong></span> <span class='ocrx_word' id='word_1_354' title='bbox 2884 2391 3039 2447; x_wconf 86' lang='lat' dir='ltr'><strong>niveo</strong></span> <span class='ocrx_word' id='word_1_355' title='bbox 3091 2393 3323 2452; x_wconf 86' lang='lat' dir='ltr'><strong>liliorum</strong></span> <span class='ocrx_word' id='word_1_356' title='bbox 3370 2399 3660 2468; x_wconf 85' lang='lat' dir='ltr'><strong>splendore</strong></span> <span class='ocrx_word' id='word_1_357' title='bbox 3707 2409 3938 2461; x_wconf 80' lang='lat' dir='ltr'><strong>vestivit.</strong></span> 
     </span>
    </p>
   </div>
   <div class='ocr_carea' id='block_1_54' title="bbox 2359 2472 3140 2547">
    <p class='ocr_par' dir='ltr' id='par_1_54' title="bbox 2359 2472 3140 2547">
     <span class='ocr_line' id='line_1_54' title="bbox 2359 2472 3140 2547; baseline 0.017 -21"><span class='ocrx_word' id='word_1_358' title='bbox 2359 2472 2461 2528; x_wconf 85' lang='lat' dir='ltr'><strong>Per</strong></span> <span class='ocrx_word' id='word_1_359' title='bbox 2477 2489 2636 2544; x_wconf 88' lang='lat' dir='ltr'><strong>quem</strong></span> <span class='ocrx_word' id='word_1_360' title='bbox 2662 2478 3016 2547; x_wconf 83' lang='lat' dir='ltr'><strong>Majestatem.</strong></span> <span class='ocrx_word' id='word_1_361' title='bbox 3138 2474 3140 2476; x_wconf 53' lang='grc'>’</span> 
     </span>
    </p>
   </div>
   <div class='ocr_carea' id='block_1_55' title="bbox 2429 2567 3934 2656">
    <p class='ocr_par' dir='ltr' id='par_1_55' title="bbox 2429 2567 3934 2656">
     <span class='ocr_line' id='line_1_55' title="bbox 2429 2567 3934 2656; baseline 0.017 -37"><span class='ocrx_word' id='word_1_362' title='bbox 2429 2568 2509 2620; x_wconf 80' lang='lat' dir='ltr'><strong>Ad</strong></span> <span class='ocrx_word' id='word_1_363' title='bbox 2535 2567 2924 2639; x_wconf 82' lang='lat' dir='ltr'><strong>Complendum.</strong></span> <span class='ocrx_word' id='word_1_364' title='bbox 2955 2603 3025 2615; x_wconf 93' lang='lat'><strong>—</strong></span> <span class='ocrx_word' id='word_1_365' title='bbox 3053 2576 3310 2646; x_wconf 87' lang='lat' dir='ltr'><strong>Populum</strong></span> <span class='ocrx_word' id='word_1_366' title='bbox 3344 2590 3511 2651; x_wconf 89' lang='lat' dir='ltr'><strong>tuum,</strong></span> <span class='ocrx_word' id='word_1_367' title='bbox 3545 2585 3791 2652; x_wconf 90' lang='lat' dir='ltr'><strong>Domine,</strong></span> <span class='ocrx_word' id='word_1_368' title='bbox 3817 2603 3934 2656; x_wconf 83' lang='lat' dir='ltr'><strong>per-</strong></span> 
     </span>
    </p>
   </div>
   <div class='ocr_carea' id='block_1_56' title="bbox 2360 2661 3938 2753">
    <p class='ocr_par' dir='ltr' id='par_1_56' title="bbox 2360 2661 3938 2753">
     <span class='ocr_line' id='line_1_56' title="bbox 2360 2661 3938 2753; baseline 0.02 -45"><span class='ocrx_word' id='word_1_369' title='bbox 2360 2666 2516 2724; x_wconf 83' lang='lat' dir='ltr'><strong>petua</strong></span> <span class='ocrx_word' id='word_1_370' title='bbox 2547 2661 2843 2718; x_wconf 88' lang='lat' dir='ltr'><strong>munitione</strong></span> <span class='ocrx_word' id='word_1_371' title='bbox 2871 2666 3122 2738; x_wconf 83' lang='lat' dir='ltr'><strong>defende,</strong></span> <span class='ocrx_word' id='word_1_372' title='bbox 3174 2689 3272 2728; x_wconf 90' lang='lat' dir='ltr'><strong>nec</strong></span> <span class='ocrx_word' id='word_1_373' title='bbox 3313 2674 3622 2749; x_wconf 71' lang='lat' dir='ltr'><strong>difﬁculter,</strong></span> <span class='ocrx_word' id='word_1_374' title='bbox 3671 2684 3816 2751; x_wconf 86' lang='lat' dir='ltr'><strong>quod</strong></span> <span class='ocrx_word' id='word_1_375' title='bbox 3859 2689 3938 2753; x_wconf 90' lang='lat' dir='ltr'><strong>pie</strong></span> 
     </span>
    </p>
   </div>
   <div class='ocr_carea' id='block_1_57' title="bbox 2358 2752 3938 2834">
    <p class='ocr_par' dir='ltr' id='par_1_57' title="bbox 2358 2752 3938 2834">
     <span class='ocr_line' id='line_1_57' title="bbox 2358 2752 3938 2834; baseline 0.017 -30"><span class='ocrx_word' id='word_1_376' title='bbox 2358 2759 2414 2805; x_wconf 91' lang='lat' dir='ltr'><strong>et</strong></span> <span class='ocrx_word' id='word_1_377' title='bbox 2438 2752 2579 2819; x_wconf 81' lang='lat' dir='ltr'><strong>juste</strong></span> <span class='ocrx_word' id='word_1_378' title='bbox 2612 2757 2841 2822; x_wconf 89' lang='lat' dir='ltr'><strong>postulat</strong></span> <span class='ocrx_word' id='word_1_379' title='bbox 2864 2773 3247 2834; x_wconf 80' lang='lat' dir='ltr'><strong>consequatzzr,</strong></span> <span class='ocrx_word' id='word_1_380' title='bbox 3282 2768 3366 2822; x_wconf 91' lang='lat' dir='ltr'><strong>cui</strong></span> <span class='ocrx_word' id='word_1_381' title='bbox 3395 2782 3700 2828; x_wconf 86' lang='lat' dir='ltr'><strong>sanctorum</strong></span> <span class='ocrx_word' id='word_1_382' title='bbox 3728 2752 3938 2831; x_wconf 85' lang='lat' dir='ltr'><strong>tuorum</strong></span> 
     </span>
    </p>
   </div>
   <div class='ocr_carea' id='block_1_58' title="bbox 2359 2844 3120 2918">
    <p class='ocr_par' dir='ltr' id='par_1_58' title="bbox 2359 2844 3120 2918">
     <span class='ocr_line' id='line_1_58' title="bbox 2359 2844 3120 2918; baseline 0.021 -25"><span class='ocrx_word' id='word_1_383' title='bbox 2359 2844 2545 2897; x_wconf 81' lang='lat' dir='ltr'><strong>merita</strong></span> <span class='ocrx_word' id='word_1_384' title='bbox 2578 2845 2959 2918; x_wconf 81' lang='lat' dir='ltr'><strong>snﬂ&#39;ragantur.</strong></span> <span class='ocrx_word' id='word_1_385' title='bbox 2996 2853 3120 2908; x_wconf 83' lang='lat' dir='ltr'><strong>Per.</strong></span> 
     </span>
    </p>
   </div>
   <div class='ocr_carea' id='block_1_59' title="bbox 2478 2950 3854 3013">
    <p class='ocr_par' dir='ltr' id='par_1_59' title="bbox 2478 2950 3854 3013">
     <span class='ocr_line' id='line_1_59' title="bbox 2478 2950 3854 3013; baseline 0.019 -25"><span class='ocrx_word' id='word_1_386' title='bbox 2478 2950 2737 2992; x_wconf 72' lang='lat' dir='ltr'><strong>lALENDlS</strong></span> <span class='ocrx_word' id='word_1_387' title='bbox 2761 2955 3008 2998; x_wconf 73' lang='lat' dir='ltr'><strong>AUGUSTI.</strong></span> <span class='ocrx_word' id='word_1_388' title='bbox 3039 2974 3109 2984; x_wconf 95' lang='lat'>—</span> <span class='ocrx_word' id='word_1_389' title='bbox 3139 2963 3206 3002; x_wconf 75' lang='lat' dir='ltr'><strong>AD</strong></span> <span class='ocrx_word' id='word_1_390' title='bbox 3237 2962 3478 3006; x_wconf 68' lang='lat' dir='ltr'><strong>sancrcu</strong></span> <span class='ocrx_word' id='word_1_391' title='bbox 3505 2969 3720 3012; x_wconf 71' lang='grc' dir='ltr'><strong>νετκυι</strong></span> <span class='ocrx_word' id='word_1_392' title='bbox 3751 2973 3819 3013; x_wconf 69' lang='lat' dir='ltr'><strong>an</strong></span> <span class='ocrx_word' id='word_1_393' title='bbox 3841 2967 3854 2972; x_wconf 76' lang='grc'><strong><em>’</em></strong></span> 
     </span>
    </p>
   </div>
   <div class='ocr_carea' id='block_1_60' title="bbox 3019 3031 3264 3074">
    <p class='ocr_par' dir='ltr' id='par_1_60' title="bbox 3019 3031 3264 3074">
     <span class='ocr_line' id='line_1_60' title="bbox 3019 3031 3264 3074; baseline 0.029 -7"><span class='ocrx_word' id='word_1_394' title='bbox 3019 3031 3264 3074; x_wconf 62' lang='grc' dir='ltr'><strong>ϊιδαυιΑ.</strong></span> 
     </span>
    </p>
   </div>
   <div class='ocr_carea' id='block_1_61' title="bbox 2433 3095 3938 3184">
    <p class='ocr_par' dir='ltr' id='par_1_61' title="bbox 2433 3095 3938 3184">
     <span class='ocr_line' id='line_1_61' title="bbox 2433 3095 3938 3184; baseline 0.02 -34"><span class='ocrx_word' id='word_1_395' title='bbox 2433 3095 2593 3164; x_wconf 90' lang='lat' dir='ltr'><strong>Deus,</strong></span> <span class='ocrx_word' id='word_1_396' title='bbox 2644 3101 2732 3170; x_wconf 89' lang='lat' dir='ltr'><strong>qui</strong></span> <span class='ocrx_word' id='word_1_397' title='bbox 2764 3101 2977 3159; x_wconf 88' lang='lat' dir='ltr'><strong>beatum</strong></span> <span class='ocrx_word' id='word_1_398' title='bbox 3034 3107 3248 3166; x_wconf 87' lang='lat' dir='ltr'><strong>Petrum</strong></span> <span class='ocrx_word' id='word_1_399' title='bbox 3298 3117 3597 3184; x_wconf 86' lang='lat' dir='ltr'><strong>apostolum</strong></span> <span class='ocrx_word' id='word_1_400' title='bbox 3640 3133 3673 3174; x_wconf 82' lang='lat' dir='ltr'><strong>a</strong></span> <span class='ocrx_word' id='word_1_401' title='bbox 3715 3122 3938 3180; x_wconf 87' lang='lat' dir='ltr'><strong>vinculis</strong></span> 
     </span>
    </p>
   </div>
   <div class='ocr_carea' id='block_1_62' title="bbox 668 3188 2250 3298">
    <p class='ocr_par' dir='ltr' id='par_1_62' title="bbox 668 3189 2250 3294">
     <span class='ocr_line' id='line_1_62' title="bbox 668 3189 2250 3294; baseline 0.014 -55"><span class='ocrx_word' id='word_1_402' title='bbox 668 3189 754 3258; x_wconf 80' lang='lat' dir='ltr'><strong>jus</strong></span> <span class='ocrx_word' id='word_1_403' title='bbox 787 3192 946 3246; x_wconf 91' lang='lat' dir='ltr'><strong>hodie</strong></span> <span class='ocrx_word' id='word_1_404' title='bbox 977 3194 1260 3249; x_wconf 78' lang='lat' dir='ltr'><strong>festivitate</strong></span> <span class='ocrx_word' id='word_1_405' title='bbox 1296 3197 1453 3294; x_wconf 35' lang='lat'><strong>11‘6</strong></span> <span class='ocrx_word' id='word_1_406' title='bbox 1489 3211 1714 3266; x_wconf 90' lang='lat' dir='ltr'><strong>corpore</strong></span> <span class='ocrx_word' id='word_1_407' title='bbox 1755 3212 1807 3254; x_wconf 89' lang='lat' dir='ltr'><strong>et</strong></span> <span class='ocrx_word' id='word_1_408' title='bbox 1846 3205 2103 3272; x_wconf 86' lang='lat' dir='ltr'><strong>sanguine</strong></span> <span class='ocrx_word' id='word_1_409' title='bbox 2133 3205 2250 3261; x_wconf 81' lang='lat' dir='ltr'><strong>Filii</strong></span> 
     </span>
    </p>
   </div>
   <div class='ocr_carea' id='block_1_63' title="bbox 2367 3188 3936 3298">
    <p class='ocr_par' dir='ltr' id='par_1_63' title="bbox 2367 3188 3936 3285">
     <span class='ocr_line' id='line_1_63' title="bbox 2367 3188 3936 3285; baseline 0.018 -44"><span class='ocrx_word' id='word_1_410' title='bbox 2367 3188 2663 3246; x_wconf 85' lang='lat' dir='ltr'><strong>absolutum</strong></span> <span class='ocrx_word' id='word_1_411' title='bbox 2695 3194 2920 3251; x_wconf 76' lang='lat' dir='ltr'><strong>illmsum</strong></span> <span class='ocrx_word' id='word_1_412' title='bbox 2952 3199 3098 3255; x_wconf 88' lang='lat' dir='ltr'><strong>abire</strong></span> <span class='ocrx_word' id='word_1_413' title='bbox 3129 3202 3323 3272; x_wconf 79' lang='lat' dir='ltr'><strong>fet-isti,</strong></span> <span class='ocrx_word' id='word_1_414' title='bbox 3359 3221 3698 3278; x_wconf 90' lang='lat' dir='ltr'><strong>nostrorum,</strong></span> <span class='ocrx_word' id='word_1_415' title='bbox 3729 3231 3936 3285; x_wconf 66' lang='lat' dir='ltr'><strong>quaso-</strong></span> 
     </span>
    </p>
   </div>
   <div class='ocr_carea' id='block_1_64' title="bbox 669 3273 2254 3356">
    <p class='ocr_par' dir='ltr' id='par_1_64' title="bbox 669 3273 2254 3356">
     <span class='ocr_line' id='line_1_64' title="bbox 669 3273 2254 3356; baseline 0.013 -24"><span class='ocrx_word' id='word_1_416' title='bbox 669 3282 744 3334; x_wconf 90' lang='lat' dir='ltr'><strong>tni</strong></span> <span class='ocrx_word' id='word_1_417' title='bbox 777 3297 873 3337; x_wconf 93' lang='lat' dir='ltr'><strong>nos</strong></span> <span class='ocrx_word' id='word_1_418' title='bbox 906 3283 1155 3350; x_wconf 78' lang='lat' dir='ltr'><strong>refecisti,</strong></span> <span class='ocrx_word' id='word_1_419' title='bbox 1186 3273 1512 3356; x_wconf 66' lang='lat' dir='ltr'><strong>quazsmiius,</strong></span> <span class='ocrx_word' id='word_1_420' title='bbox 1559 3289 1781 3346; x_wconf 91' lang='lat' dir='ltr'><strong>Domine</strong></span> <span class='ocrx_word' id='word_1_421' title='bbox 1807 3331 1824 3355; x_wconf 93' lang='lat'><strong>,</strong></span> <span class='ocrx_word' id='word_1_422' title='bbox 1870 3293 2254 3352; x_wconf 82' lang='lat' dir='ltr'><strong>intercessione</strong></span> 
     </span>
    </p>
   </div>
   <div class='ocr_carea' id='block_1_65' title="bbox 668 3374 2251 3459">
    <p class='ocr_par' dir='ltr' id='par_1_65' title="bbox 668 3374 2251 3459">
     <span class='ocr_line' id='line_1_65' title="bbox 668 3374 2251 3459; baseline 0.013 -35"><span class='ocrx_word' id='word_1_423' title='bbox 668 3374 856 3441; x_wconf 76' lang='lat' dir='ltr'><strong>ailjnva</strong></span> <span class='ocrx_word' id='word_1_424' title='bbox 875 3415 889 3439; x_wconf 95' lang='lat'><strong>,</strong></span> <span class='ocrx_word' id='word_1_425' title='bbox 917 3391 1010 3444; x_wconf 89' lang='lat' dir='ltr'><strong>pro</strong></span> <span class='ocrx_word' id='word_1_426' title='bbox 1036 3378 1187 3444; x_wconf 76' lang='lat' dir='ltr'><strong>cujus</strong></span> <span class='ocrx_word' id='word_1_427' title='bbox 1227 3380 1564 3438; x_wconf 90' lang='lat' dir='ltr'><strong>solemnitate</strong></span> <span class='ocrx_word' id='word_1_428' title='bbox 1610 3386 1947 3456; x_wconf 87' lang='lat' dir='ltr'><strong>percepimus</strong></span> <span class='ocrx_word' id='word_1_429' title='bbox 1977 3397 2062 3442; x_wconf 92' lang='lat' dir='ltr'><strong>tua</strong></span> <span class='ocrx_word' id='word_1_430' title='bbox 2089 3390 2251 3459; x_wconf 84' lang='lat' dir='ltr'><strong>dona,</strong></span> 
     </span>
    </p>
   </div>
   <div class='ocr_carea' id='block_1_66' title="bbox 671 3464 1357 3524">
    <p class='ocr_par' dir='ltr' id='par_1_66' title="bbox 671 3464 1357 3524">
     <span class='ocr_line' id='line_1_66' title="bbox 671 3464 1357 3524; baseline 0.012 -8"><span class='ocrx_word' id='word_1_431' title='bbox 671 3464 934 3519; x_wconf 64' lang='lat' dir='ltr'><strong>lit-tantes.</strong></span> <span class='ocrx_word' id='word_1_432' title='bbox 967 3465 1066 3520; x_wconf 87' lang='lat' dir='ltr'><strong>Per</strong></span> <span class='ocrx_word' id='word_1_433' title='bbox 1086 3468 1357 3524; x_wconf 89' lang='lat' dir='ltr'><strong>eumdem.</strong></span> 
     </span>
    </p>
   </div>
   <div class='ocr_carea' id='block_1_67' title="bbox 741 3554 2251 3634">
    <p class='ocr_par' dir='ltr' id='par_1_67' title="bbox 741 3554 2251 3634">
     <span class='ocr_line' id='line_1_67' title="bbox 741 3554 2251 3634; baseline 0.013 -25"><span class='ocrx_word' id='word_1_434' title='bbox 741 3554 914 3621; x_wconf 86' lang='lat' dir='ltr'><strong>Super</strong></span> <span class='ocrx_word' id='word_1_435' title='bbox 952 3558 1310 3627; x_wconf 83' lang='lat' dir='ltr'><strong>populum.—</strong></span> <span class='ocrx_word' id='word_1_436' title='bbox 1347 3561 1709 3618; x_wconf 87' lang='lat' dir='ltr'><strong>Solemnitatis</strong></span> <span class='ocrx_word' id='word_1_437' title='bbox 1738 3569 2042 3634; x_wconf 71' lang='lat' dir='ltr'><strong>apostolicae</strong></span> <span class='ocrx_word' id='word_1_438' title='bbox 2069 3576 2251 3628; x_wconf 82' lang='lat' dir='ltr'><strong>multi-</strong></span> 
     </span>
    </p>
   </div>
   <div class='ocr_carea' id='block_1_68' title="bbox 667 3649 2249 3734">
    <p class='ocr_par' dir='ltr' id='par_1_68' title="bbox 667 3649 2249 3734">
     <span class='ocr_line' id='line_1_68' title="bbox 667 3649 2249 3734; baseline 0.011 -33"><span class='ocrx_word' id='word_1_439' title='bbox 667 3649 949 3718; x_wconf 90' lang='lat' dir='ltr'><strong>plicalione</strong></span> <span class='ocrx_word' id='word_1_440' title='bbox 978 3653 1272 3721; x_wconf 84' lang='lat' dir='ltr'><strong>gaudentes</strong></span> <span class='ocrx_word' id='word_1_441' title='bbox 1320 3655 1657 3711; x_wconf 74' lang='lat' dir='ltr'><strong>clementiam</strong></span> <span class='ocrx_word' id='word_1_442' title='bbox 1689 3667 1834 3713; x_wconf 93' lang='lat' dir='ltr'><strong>tuam</strong></span> <span class='ocrx_word' id='word_1_443' title='bbox 1879 3661 2249 3734; x_wconf 85' lang='lat' dir='ltr'><strong>deprecamur,</strong></span> 
     </span>
    </p>
   </div>
   <div class='ocr_carea' id='block_1_69' title="bbox 671 3739 2253 3817">
    <p class='ocr_par' dir='ltr' id='par_1_69' title="bbox 671 3739 2253 3817">
     <span class='ocr_line' id='line_1_69' title="bbox 671 3739 2253 3817; baseline 0.013 -27"><span class='ocrx_word' id='word_1_444' title='bbox 671 3739 1011 3808; x_wconf 74' lang='lat' dir='ltr'><strong>omnipotens</strong></span> <span class='ocrx_word' id='word_1_445' title='bbox 1055 3743 1214 3811; x_wconf 89' lang='lat' dir='ltr'><strong>Deus,</strong></span> <span class='ocrx_word' id='word_1_446' title='bbox 1251 3756 1304 3798; x_wconf 88' lang='lat' dir='ltr'><strong>ut</strong></span> <span class='ocrx_word' id='word_1_447' title='bbox 1354 3747 1553 3801; x_wconf 91' lang='lat' dir='ltr'><strong>tribuas</strong></span> <span class='ocrx_word' id='word_1_448' title='bbox 1603 3749 1800 3817; x_wconf 81' lang='lat' dir='ltr'><strong>jngiter</strong></span> <span class='ocrx_word' id='word_1_449' title='bbox 1845 3767 1940 3805; x_wconf 89' lang='lat' dir='ltr'><strong>nos</strong></span> <span class='ocrx_word' id='word_1_450' title='bbox 1985 3769 2169 3809; x_wconf 91' lang='lat' dir='ltr'><strong>eorum</strong></span> <span class='ocrx_word' id='word_1_451' title='bbox 2198 3771 2253 3811; x_wconf 88' lang='lat' dir='ltr'><strong>et</strong></span> 
     </span>
    </p>
   </div>
   <div class='ocr_carea' id='block_1_70' title="bbox 670 3834 2253 3912">
    <p class='ocr_par' dir='ltr' id='par_1_70' title="bbox 670 3834 2253 3912">
     <span class='ocr_line' id='line_1_70' title="bbox 670 3834 2253 3912; baseline 0.014 -25"><span class='ocrx_word' id='word_1_452' title='bbox 670 3834 1007 3891; x_wconf 78' lang='lat' dir='ltr'><strong>confessione</strong></span> <span class='ocrx_word' id='word_1_453' title='bbox 1051 3838 1321 3907; x_wconf 88' lang='lat' dir='ltr'><strong>benedici,</strong></span> <span class='ocrx_word' id='word_1_454' title='bbox 1355 3849 1410 3895; x_wconf 92' lang='lat' dir='ltr'><strong>et</strong></span> <span class='ocrx_word' id='word_1_455' title='bbox 1460 3845 1766 3912; x_wconf 86' lang='lat' dir='ltr'><strong>patrociniis</strong></span> <span class='ocrx_word' id='word_1_456' title='bbox 1808 3848 2100 3906; x_wconf 84' lang='lat' dir='ltr'><strong>confoveri.</strong></span> <span class='ocrx_word' id='word_1_457' title='bbox 2152 3853 2253 3909; x_wconf 81' lang='lat' dir='ltr'><strong>Per</strong></span> 
     </span>
    </p>
   </div>
   <div class='ocr_carea' id='block_1_71' title="bbox 682 3923 990 3980">
    <p class='ocr_par' dir='ltr' id='par_1_71' title="bbox 682 3923 990 3980">
     <span class='ocr_line' id='line_1_71' title="bbox 682 3923 990 3980; baseline 0.01 -3"><span class='ocrx_word' id='word_1_458' title='bbox 682 3923 990 3980; x_wconf 74' lang='lat' dir='ltr'><strong>Dominum.</strong></span> 
     </span>
    </p>
   </div>
   <div class='ocr_carea' id='block_1_72' title="bbox 705 4025 2216 4101">
    <p class='ocr_par' dir='ltr' id='par_1_72' title="bbox 705 4025 2216 4101">
     <span class='ocr_line' id='line_1_72' title="bbox 705 4025 2216 4101; baseline 0.015 -33"><span class='ocrx_word' id='word_1_459' title='bbox 705 4030 756 4069; x_wconf 87' lang='lat' dir='ltr'><strong>tv</strong></span> <span class='ocrx_word' id='word_1_460' title='bbox 794 4025 819 4051; x_wconf 73' lang='grc' dir='ltr'><strong>τι</strong></span> <span class='ocrx_word' id='word_1_461' title='bbox 850 4035 1122 4075; x_wconf 63' lang='lat' dir='ltr'><strong>ausurus</strong></span> <span class='ocrx_word' id='word_1_462' title='bbox 1175 4037 1415 4079; x_wconf 73' lang='lat' dir='ltr'><strong>AUGUSTI.</strong></span> <span class='ocrx_word' id='word_1_463' title='bbox 1451 4053 1517 4068; x_wconf 91' lang='lat'><strong>-</strong></span> <span class='ocrx_word' id='word_1_464' title='bbox 1549 4043 1772 4084; x_wconf 66' lang='lat' dir='ltr'><strong>unus</strong></span> <span class='ocrx_word' id='word_1_465' title='bbox 1818 4030 1996 4101; x_wconf 73' lang='grc'>(454)</span> <span class='ocrx_word' id='word_1_466' title='bbox 2036 4049 2216 4092; x_wconf 74' lang='lat' dir='ltr'><strong>SANCTI</strong></span> 
     </span>
    </p>
   </div>
   <div class='ocr_carea' id='block_1_73' title="bbox 1343 4111 1572 4152">
    <p class='ocr_par' dir='ltr' id='par_1_73' title="bbox 1343 4111 1572 4152">
     <span class='ocr_line' id='line_1_73' title="bbox 1343 4111 1572 4152; baseline 0.017 -4"><span class='ocrx_word' id='word_1_467' title='bbox 1343 4111 1572 4152; x_wconf 73' lang='lat' dir='ltr'><strong>FELICIS.</strong></span> 
     </span>
    </p>
   </div>
   <div class='ocr_carea' id='block_1_74' title="bbox 739 4179 2249 4264">
    <p class='ocr_par' dir='ltr' id='par_1_74' title="bbox 739 4179 2249 4264">
     <span class='ocr_line' id='line_1_74' title="bbox 739 4179 2249 4264; baseline 0.014 -31"><span class='ocrx_word' id='word_1_468' title='bbox 739 4179 1102 4238; x_wconf 82' lang='lat' dir='ltr'><strong>inﬁrmitatem</strong></span> <span class='ocrx_word' id='word_1_469' title='bbox 1134 4196 1370 4241; x_wconf 91' lang='lat' dir='ltr'><strong>nostram</strong></span> <span class='ocrx_word' id='word_1_470' title='bbox 1429 4191 1655 4260; x_wconf 87' lang='lat' dir='ltr'><strong>respice,</strong></span> <span class='ocrx_word' id='word_1_471' title='bbox 1707 4193 2046 4264; x_wconf 70' lang='lat' dir='ltr'><strong>omnipotens</strong></span> <span class='ocrx_word' id='word_1_472' title='bbox 2089 4199 2249 4263; x_wconf 90' lang='lat' dir='ltr'><strong>Deus,</strong></span> 
     </span>
    </p>
   </div>
   <div class='ocr_carea' id='block_1_75' title="bbox 667 4269 2250 4355">
    <p class='ocr_par' dir='ltr' id='par_1_75' title="bbox 667 4269 2250 4355">
     <span class='ocr_line' id='line_1_75' title="bbox 667 4269 2250 4355; baseline 0.014 -32"><span class='ocrx_word' id='word_1_473' title='bbox 667 4281 721 4323; x_wconf 91' lang='lat' dir='ltr'><strong>et</strong></span> <span class='ocrx_word' id='word_1_474' title='bbox 750 4269 904 4341; x_wconf 76' lang='grc'><strong>(455)</strong></span> <span class='ocrx_word' id='word_1_475' title='bbox 935 4290 1067 4342; x_wconf 90' lang='lat' dir='ltr'><strong>quos</strong></span> <span class='ocrx_word' id='word_1_476' title='bbox 1100 4278 1304 4344; x_wconf 91' lang='lat' dir='ltr'><strong>pondus</strong></span> <span class='ocrx_word' id='word_1_477' title='bbox 1349 4283 1576 4349; x_wconf 70' lang='lat' dir='ltr'><strong>propria:</strong></span> <span class='ocrx_word' id='word_1_478' title='bbox 1607 4284 1831 4340; x_wconf 90' lang='lat' dir='ltr'><strong>actionis</strong></span> <span class='ocrx_word' id='word_1_479' title='bbox 1857 4299 2061 4355; x_wconf 83' lang='lat' dir='ltr'><strong>gravat,</strong></span> <span class='ocrx_word' id='word_1_480' title='bbox 2113 4289 2250 4345; x_wconf 76' lang='lat' dir='ltr'><strong>beati</strong></span> 
     </span>
    </p>
   </div>
   <div class='ocr_carea' id='block_1_76' title="bbox 667 4360 2253 4450">
    <p class='ocr_par' dir='ltr' id='par_1_76' title="bbox 667 4360 2253 4450">
     <span class='ocr_line' id='line_1_76' title="bbox 667 4360 2253 4450; baseline 0.014 -36"><span class='ocrx_word' id='word_1_481' title='bbox 667 4360 839 4415; x_wconf 82' lang='lat' dir='ltr'><strong>felicis</strong></span> <span class='ocrx_word' id='word_1_482' title='bbox 869 4368 1122 4436; x_wconf 89' lang='lat' dir='ltr'><strong>martyris</strong></span> <span class='ocrx_word' id='word_1_483' title='bbox 1178 4368 1250 4421; x_wconf 88' lang='lat' dir='ltr'><strong>tni</strong></span> <span class='ocrx_word' id='word_1_484' title='bbox 1283 4381 1440 4438; x_wconf 90' lang='lat' dir='ltr'><strong>atque</strong></span> <span class='ocrx_word' id='word_1_485' title='bbox 1472 4374 1732 4439; x_wconf 87' lang='lat' dir='ltr'><strong>pontiﬁcis</strong></span> <span class='ocrx_word' id='word_1_486' title='bbox 1778 4377 2087 4434; x_wconf 88' lang='lat' dir='ltr'><strong>intercessio</strong></span> <span class='ocrx_word' id='word_1_487' title='bbox 2137 4382 2253 4450; x_wconf 80' lang='lat' dir='ltr'><strong>glo-</strong></span> 
     </span>
    </p>
   </div>
   <div class='ocr_carea' id='block_1_77' title="bbox 667 4452 1951 4525">
    <p class='ocr_par' dir='ltr' id='par_1_77' title="bbox 667 4452 1951 4525">
     <span class='ocr_line' id='line_1_77' title="bbox 667 4452 1951 4525; baseline 0.012 -20"><span class='ocrx_word' id='word_1_488' title='bbox 667 4452 806 4505; x_wconf 88' lang='lat' dir='ltr'><strong>riosa</strong></span> <span class='ocrx_word' id='word_1_489' title='bbox 836 4468 933 4506; x_wconf 91' lang='lat' dir='ltr'><strong>nos</strong></span> <span class='ocrx_word' id='word_1_490' title='bbox 964 4465 1224 4525; x_wconf 88' lang='lat' dir='ltr'><strong>protegat.</strong></span> <span class='ocrx_word' id='word_1_491' title='bbox 1252 4457 1356 4512; x_wconf 89' lang='lat' dir='ltr'><strong>Per</strong></span> <span class='ocrx_word' id='word_1_492' title='bbox 1383 4460 1658 4517; x_wconf 89' lang='lat' dir='ltr'><strong>Dominutn</strong></span> <span class='ocrx_word' id='word_1_493' title='bbox 1691 4474 1951 4521; x_wconf 80' lang='lat' dir='ltr'><strong>nostrum.</strong></span> 
     </span>
    </p>
   </div>
   <div class='ocr_carea' id='block_1_78' title="bbox 740 4542 2250 4625">
    <p class='ocr_par' dir='ltr' id='par_1_78' title="bbox 740 4542 2250 4625">
     <span class='ocr_line' id='line_1_78' title="bbox 740 4542 2250 4625; baseline 0.015 -30"><span class='ocrx_word' id='word_1_494' title='bbox 740 4542 909 4612; x_wconf 82' lang='lat' dir='ltr'><strong>Super</strong></span> <span class='ocrx_word' id='word_1_495' title='bbox 936 4545 1127 4598; x_wconf 83' lang='lat' dir='ltr'><strong>oblata.</strong></span> <span class='ocrx_word' id='word_1_496' title='bbox 1149 4548 1443 4605; x_wconf 74' lang='lat' dir='ltr'><strong>-llostias</strong></span> <span class='ocrx_word' id='word_1_497' title='bbox 1472 4552 1586 4619; x_wconf 90' lang='lat' dir='ltr'><strong>tibi,</strong></span> <span class='ocrx_word' id='word_1_498' title='bbox 1606 4554 1842 4622; x_wconf 92' lang='lat' dir='ltr'><strong>Domine,</strong></span> <span class='ocrx_word' id='word_1_499' title='bbox 1877 4573 1970 4625; x_wconf 94' lang='lat' dir='ltr'><strong>pro</strong></span> <span class='ocrx_word' id='word_1_500' title='bbox 2017 4575 2250 4619; x_wconf 83' lang='lat' dir='ltr'><strong>comme-</strong></span> 
     </span>
    </p>
   </div>
   <div class='ocr_carea' id='block_1_79' title="bbox 669 4637 2246 4718">
    <p class='ocr_par' dir='ltr' id='par_1_79' title="bbox 669 4637 2246 4718">
     <span class='ocr_line' id='line_1_79' title="bbox 669 4637 2246 4718; baseline 0.016 -32"><span class='ocrx_word' id='word_1_501' title='bbox 669 4637 966 4689; x_wconf 87' lang='lat' dir='ltr'><strong>moratione</strong></span> <span class='ocrx_word' id='word_1_502' title='bbox 997 4639 1166 4693; x_wconf 90' lang='lat' dir='ltr'><strong>sancti</strong></span> <span class='ocrx_word' id='word_1_503' title='bbox 1199 4640 1391 4697; x_wconf 89' lang='lat' dir='ltr'><strong>Felicis</strong></span> <span class='ocrx_word' id='word_1_504' title='bbox 1413 4643 1687 4701; x_wconf 79' lang='lat' dir='ltr'><strong>oﬁ&#39;erimus</strong></span> <span class='ocrx_word' id='word_1_505' title='bbox 1708 4687 1724 4711; x_wconf 94' lang='lat'><strong>,</strong></span> <span class='ocrx_word' id='word_1_506' title='bbox 1758 4665 1918 4718; x_wconf 88' lang='lat' dir='ltr'><strong>quem</strong></span> <span class='ocrx_word' id='word_1_507' title='bbox 1960 4667 1991 4707; x_wconf 93' lang='lat' dir='ltr'><strong>a</strong></span> <span class='ocrx_word' id='word_1_508' title='bbox 2021 4655 2092 4708; x_wconf 92' lang='lat' dir='ltr'><strong>tui</strong></span> <span class='ocrx_word' id='word_1_509' title='bbox 2123 4671 2246 4711; x_wconf 81' lang='lat' dir='ltr'><strong>cor-</strong></span> 
     </span>
    </p>
   </div>
   <div class='ocr_carea' id='block_1_80' title="bbox 669 4725 1907 4805">
    <p class='ocr_par' dir='ltr' id='par_1_80' title="bbox 669 4725 1907 4805">
     <span class='ocr_line' id='line_1_80' title="bbox 669 4725 1907 4805; baseline 0.016 -31"><span class='ocrx_word' id='word_1_510' title='bbox 669 4725 814 4792; x_wconf 88' lang='lat' dir='ltr'><strong>poris</strong></span> <span class='ocrx_word' id='word_1_511' title='bbox 835 4727 1035 4781; x_wconf 89' lang='lat' dir='ltr'><strong>unitate</strong></span> <span class='ocrx_word' id='word_1_512' title='bbox 1060 4730 1202 4783; x_wconf 91' lang='lat' dir='ltr'><strong>nulla</strong></span> <span class='ocrx_word' id='word_1_513' title='bbox 1237 4735 1457 4787; x_wconf 89' lang='lat' dir='ltr'><strong>tentatio</strong></span> <span class='ocrx_word' id='word_1_514' title='bbox 1478 4738 1762 4805; x_wconf 81' lang='lat' dir='ltr'><strong>separavit.</strong></span> <span class='ocrx_word' id='word_1_515' title='bbox 1789 4739 1907 4795; x_wconf 89' lang='lat' dir='ltr'><strong>Per.</strong></span> 
     </span>
    </p>
   </div>
   <div class='ocr_carea' id='block_1_81' title="bbox 739 4816 2248 4901">
    <p class='ocr_par' dir='ltr' id='par_1_81' title="bbox 739 4816 2248 4901">
     <span class='ocr_line' id='line_1_81' title="bbox 739 4816 2248 4901; baseline 0.017 -34"><span class='ocrx_word' id='word_1_516' title='bbox 739 4816 820 4867; x_wconf 79' lang='lat' dir='ltr'><strong>Ad</strong></span> <span class='ocrx_word' id='word_1_517' title='bbox 847 4816 1233 4888; x_wconf 80' lang='lat' dir='ltr'><strong>Camplcndum.</strong></span> <span class='ocrx_word' id='word_1_518' title='bbox 1258 4853 1328 4863; x_wconf 94' lang='lat'><strong><em>—</em></strong></span> <span class='ocrx_word' id='word_1_519' title='bbox 1353 4826 1608 4892; x_wconf 88' lang='lat' dir='ltr'><strong>Spiritum</strong></span> <span class='ocrx_word' id='word_1_520' title='bbox 1642 4830 1815 4899; x_wconf 88' lang='lat' dir='ltr'><strong>nobis,</strong></span> <span class='ocrx_word' id='word_1_521' title='bbox 1868 4833 2110 4901; x_wconf 88' lang='lat' dir='ltr'><strong>Domine,</strong></span> <span class='ocrx_word' id='word_1_522' title='bbox 2144 4845 2248 4894; x_wconf 78' lang='lat' dir='ltr'><strong>tuze</strong></span> 
     </span>
    </p>
   </div>
   <div class='ocr_carea' id='block_1_82' title="bbox 665 4909 2244 4998">
    <p class='ocr_par' dir='ltr' id='par_1_82' title="bbox 665 4909 2244 4998">
     <span class='ocr_line' id='line_1_82' title="bbox 665 4909 2244 4998; baseline 0.015 -37"><span class='ocrx_word' id='word_1_523' title='bbox 665 4909 940 4963; x_wconf 85' lang='lat' dir='ltr'><strong>charilatis</strong></span> <span class='ocrx_word' id='word_1_524' title='bbox 971 4910 1208 4978; x_wconf 80' lang='lat' dir='ltr'><strong>infunde,</strong></span> <span class='ocrx_word' id='word_1_525' title='bbox 1240 4926 1293 4968; x_wconf 93' lang='lat' dir='ltr'><strong>ut</strong></span> <span class='ocrx_word' id='word_1_526' title='bbox 1322 4932 1456 4985; x_wconf 88' lang='lat' dir='ltr'><strong>quos</strong></span> <span class='ocrx_word' id='word_1_527' title='bbox 1484 4935 1588 4973; x_wconf 89' lang='lat' dir='ltr'><strong>uno</strong></span> <span class='ocrx_word' id='word_1_528' title='bbox 1623 4937 1757 4988; x_wconf 88' lang='lat' dir='ltr'><strong>pane</strong></span> <span class='ocrx_word' id='word_1_529' title='bbox 1786 4925 1987 4978; x_wconf 67' lang='lat' dir='ltr'><strong>caelesti</strong></span> <span class='ocrx_word' id='word_1_530' title='bbox 2018 4931 2244 4998; x_wconf 71' lang='lat' dir='ltr'><strong>satia~ti,</strong></span> 
     </span>
    </p>
   </div>
   <div class='ocr_carea' id='block_1_83' title="bbox 668 4995 2248 5084">
    <p class='ocr_par' dir='ltr' id='par_1_83' title="bbox 668 4995 2248 5084">
     <span class='ocr_line' id='line_1_83' title="bbox 668 4995 2248 5084; baseline 0.017 -39"><span class='ocrx_word' id='word_1_531' title='bbox 668 4995 1034 5050; x_wconf 86' lang='lat' dir='ltr'><strong>intercedente</strong></span> <span class='ocrx_word' id='word_1_532' title='bbox 1062 4998 1216 5052; x_wconf 89' lang='lat' dir='ltr'><strong>beato</strong></span> <span class='ocrx_word' id='word_1_533' title='bbox 1234 5000 1412 5057; x_wconf 86' lang='lat' dir='ltr'><strong>Felice</strong></span> <span class='ocrx_word' id='word_1_534' title='bbox 1439 5016 1676 5075; x_wconf 85' lang='lat' dir='ltr'><strong>martyre</strong></span> <span class='ocrx_word' id='word_1_535' title='bbox 1706 5017 1813 5075; x_wconf 91' lang='lat' dir='ltr'><strong>tuo,</strong></span> <span class='ocrx_word' id='word_1_536' title='bbox 1836 5017 1920 5064; x_wconf 88' lang='lat' dir='ltr'><strong>tua</strong></span> <span class='ocrx_word' id='word_1_537' title='bbox 1946 5011 2105 5068; x_wconf 78' lang='lat' dir='ltr'><strong>facias</strong></span> <span class='ocrx_word' id='word_1_538' title='bbox 2135 4995 2248 5084; x_wconf 47' lang='lat' dir='ltr'><strong>pie;</strong></span> 
     </span>
    </p>
   </div>
   <div class='ocr_carea' id='block_1_84' title="bbox 668 5087 1264 5144">
    <p class='ocr_par' dir='ltr' id='par_1_84' title="bbox 668 5087 1264 5144">
     <span class='ocr_line' id='line_1_84' title="bbox 668 5087 1264 5144; baseline 0.018 -10"><span class='ocrx_word' id='word_1_539' title='bbox 668 5093 774 5137; x_wconf 86' lang='lat' dir='ltr'><strong>tate</strong></span> <span class='ocrx_word' id='word_1_540' title='bbox 802 5087 1116 5142; x_wconf 86' lang='lat' dir='ltr'><strong>concordes.</strong></span> <span class='ocrx_word' id='word_1_541' title='bbox 1145 5087 1264 5144; x_wconf 82' lang='lat' dir='ltr'><strong>Per.</strong></span> 
     </span>
    </p>
   </div>
   <div class='ocr_carea' id='block_1_85' title="bbox 665 5212 2247 5274">
    <p class='ocr_par' dir='ltr' id='par_1_85' title="bbox 665 5212 2247 5274">
     <span class='ocr_line' id='line_1_85' title="bbox 665 5212 2247 5274; baseline 0.014 -22"><span class='ocrx_word' id='word_1_542' title='bbox 665 5212 718 5252; x_wconf 88' lang='lat' dir='ltr'><strong>Ill</strong></span> <span class='ocrx_word' id='word_1_543' title='bbox 750 5213 1020 5253; x_wconf 62' lang='grc' dir='ltr'><strong>κκιεηυλς</strong></span> <span class='ocrx_word' id='word_1_544' title='bbox 1055 5218 1379 5259; x_wconf 76' lang='lat' dir='ltr'><strong>AUGUSTl.-—</strong></span> <span class='ocrx_word' id='word_1_545' title='bbox 1408 5221 1627 5263; x_wconf 66' lang='lat' dir='ltr'><strong>NATALIS</strong></span> <span class='ocrx_word' id='word_1_546' title='bbox 1647 5225 1956 5268; x_wconf 69' lang='grc' dir='ltr'><strong>εΑΝετυκυιι</strong></span> <span class='ocrx_word' id='word_1_547' title='bbox 1987 5232 2153 5271; x_wconf 77' lang='lat' dir='ltr'><strong>ABDON</strong></span> <span class='ocrx_word' id='word_1_548' title='bbox 2183 5235 2247 5274; x_wconf 79' lang='grc' dir='ltr'><strong>Εἰ·</strong></span> 
     </span>
    </p>
   </div>
   <div class='ocr_carea' id='block_1_86' title="bbox 1347 5293 1570 5332">
    <p class='ocr_par' dir='ltr' id='par_1_86' title="bbox 1347 5293 1570 5332">
     <span class='ocr_line' id='line_1_86' title="bbox 1347 5293 1570 5332; baseline 0.009 -2"><span class='ocrx_word' id='word_1_549' title='bbox 1347 5293 1570 5332; x_wconf 59' lang='grc' dir='ltr'><strong>εεηλεα.</strong></span> 
     </span>
    </p>
   </div>
   <div class='ocr_carea' id='block_1_87' title="bbox 737 5361 2247 5433">
    <p class='ocr_par' dir='ltr' id='par_1_87' title="bbox 737 5361 2247 5433">
     <span class='ocr_line' id='line_1_87' title="bbox 737 5361 2247 5433; baseline 0.011 -17"><span class='ocrx_word' id='word_1_550' title='bbox 737 5361 910 5425; x_wconf 84' lang='lat' dir='ltr'><strong>Deus,</strong></span> <span class='ocrx_word' id='word_1_551' title='bbox 949 5364 1037 5431; x_wconf 82' lang='lat' dir='ltr'><strong>qui</strong></span> <span class='ocrx_word' id='word_1_552' title='bbox 1065 5365 1264 5420; x_wconf 89' lang='lat' dir='ltr'><strong>sanctis</strong></span> <span class='ocrx_word' id='word_1_553' title='bbox 1294 5369 1396 5420; x_wconf 91' lang='lat' dir='ltr'><strong>tuis</strong></span> <span class='ocrx_word' id='word_1_554' title='bbox 1424 5369 1611 5423; x_wconf 85' lang='lat' dir='ltr'><strong>Abdon</strong></span> <span class='ocrx_word' id='word_1_555' title='bbox 1642 5380 1694 5424; x_wconf 89' lang='lat' dir='ltr'><strong>et</strong></span> <span class='ocrx_word' id='word_1_556' title='bbox 1726 5372 1938 5428; x_wconf 77' lang='lat' dir='ltr'><strong>Sennen</strong></span> <span class='ocrx_word' id='word_1_557' title='bbox 1987 5377 2054 5429; x_wconf 88' lang='lat' dir='ltr'><strong>ad</strong></span> <span class='ocrx_word' id='word_1_558' title='bbox 2112 5378 2247 5433; x_wconf 87' lang='lat' dir='ltr'><strong>hanc</strong></span> 
     </span>
    </p>
   </div>
   <div class='ocr_carea' id='block_1_88' title="bbox 663 5452 2242 5534">
    <p class='ocr_par' dir='ltr' id='par_1_88' title="bbox 663 5452 2242 5534">
     <span class='ocr_line' id='line_1_88' title="bbox 663 5452 2242 5534; baseline 0.013 -32"><span class='ocrx_word' id='word_1_559' title='bbox 663 5452 886 5519; x_wconf 85' lang='lat' dir='ltr'><strong>gloriam</strong></span> <span class='ocrx_word' id='word_1_560' title='bbox 916 5453 1162 5508; x_wconf 79' lang='lat' dir='ltr'><strong>veniendi</strong></span> <span class='ocrx_word' id='word_1_561' title='bbox 1191 5458 1466 5526; x_wconf 87' lang='lat' dir='ltr'><strong>copiosum</strong></span> <span class='ocrx_word' id='word_1_562' title='bbox 1495 5476 1687 5516; x_wconf 88' lang='lat' dir='ltr'><strong>munus</strong></span> <span class='ocrx_word' id='word_1_563' title='bbox 1717 5467 1898 5532; x_wconf 76' lang='lat' dir='ltr'><strong>gratia:</strong></span> <span class='ocrx_word' id='word_1_564' title='bbox 1929 5469 2198 5523; x_wconf 74' lang='lat' dir='ltr'><strong>contulisti</strong></span> <span class='ocrx_word' id='word_1_565' title='bbox 2225 5508 2242 5534; x_wconf 93' lang='lat'><strong>,</strong></span> 
     </span>
    </p>
   </div>
   <div class='ocr_carea' id='block_1_89' title="bbox 739 5605 2235 5675">
    <p class='ocr_par' dir='ltr' id='par_1_89' title="bbox 739 5605 2235 5675">
     <span class='ocr_line' id='line_1_89' title="bbox 739 5605 2235 5675; baseline 0.012 -18"><span class='ocrx_word' id='word_1_566' title='bbox 739 5611 762 5637; x_wconf 71' lang='grc'><strong>³</strong></span> <span class='ocrx_word' id='word_1_567' title='bbox 806 5608 944 5660; x_wconf 82' lang='lat' dir='ltr'><strong>Ante</strong></span> <span class='ocrx_word' id='word_1_568' title='bbox 991 5605 1093 5661; x_wconf 87' lang='lat' dir='ltr'><strong>hoc</strong></span> <span class='ocrx_word' id='word_1_569' title='bbox 1124 5605 1312 5662; x_wconf 78' lang='lat' dir='ltr'><strong>festum</strong></span> <span class='ocrx_word' id='word_1_570' title='bbox 1345 5610 1396 5664; x_wconf 91' lang='lat' dir='ltr'><strong>in</strong></span> <span class='ocrx_word' id='word_1_571' title='bbox 1428 5611 1596 5667; x_wconf 85' lang='lat' dir='ltr'><strong>Codd.</strong></span> <span class='ocrx_word' id='word_1_572' title='bbox 1629 5615 1896 5671; x_wconf 85' lang='lat' dir='ltr'><strong>Theoder.</strong></span> <span class='ocrx_word' id='word_1_573' title='bbox 1929 5627 1982 5672; x_wconf 91' lang='lat' dir='ltr'><strong>et</strong></span> <span class='ocrx_word' id='word_1_574' title='bbox 2027 5618 2235 5675; x_wconf 87' lang='lat' dir='ltr'><strong>Gemet.</strong></span> 
     </span>
    </p>
   </div>
   <div class='ocr_carea' id='block_1_90' title="bbox 667 5677 2240 5757">
    <p class='ocr_par' dir='ltr' id='par_1_90' title="bbox 667 5677 2240 5757">
     <span class='ocr_line' id='line_1_90' title="bbox 667 5677 2240 5757; baseline 0.014 -35"><span class='ocrx_word' id='word_1_575' title='bbox 667 5685 955 5753; x_wconf 70' lang='lat' dir='ltr'><strong>nrcnrrunt</strong></span> <span class='ocrx_word' id='word_1_576' title='bbox 986 5677 1118 5730; x_wconf 64' lang='lat' dir='ltr'><strong>festa</strong></span> <span class='ocrx_word' id='word_1_577' title='bbox 1147 5691 1346 5733; x_wconf 72' lang='lat' dir='ltr'><strong>sanctze</strong></span> <span class='ocrx_word' id='word_1_578' title='bbox 1369 5681 1650 5757; x_wconf 24' lang='lat' dir='ltr'><strong>“Drax‘edis</strong></span> <span class='ocrx_word' id='word_1_579' title='bbox 1673 5695 1772 5757; x_wconf 27' lang='lat' dir='ltr'><strong>,Let</strong></span> <span class='ocrx_word' id='word_1_580' title='bbox 1817 5690 1985 5742; x_wconf 87' lang='lat' dir='ltr'><strong>sancti</strong></span> <span class='ocrx_word' id='word_1_581' title='bbox 2042 5692 2240 5757; x_wconf 84' lang='lat' dir='ltr'><strong>Apolli-</strong></span> 
     </span>
    </p>
   </div>
   <div class='ocr_carea' id='block_1_91' title="bbox 667 5744 2237 5818">
    <p class='ocr_par' dir='ltr' id='par_1_91' title="bbox 667 5744 2237 5818">
     <span class='ocr_line' id='line_1_91' title="bbox 667 5744 2237 5818; baseline 0.012 -20"><span class='ocrx_word' id='word_1_582' title='bbox 667 5744 834 5815; x_wconf 85' lang='lat' dir='ltr'><strong>naris,</strong></span> <span class='ocrx_word' id='word_1_583' title='bbox 867 5758 1173 5804; x_wconf 78' lang='lat' dir='ltr'><strong>sancmtum</strong></span> <span class='ocrx_word' id='word_1_584' title='bbox 1207 5764 1335 5806; x_wconf 91' lang='lat' dir='ltr'><strong>vero</strong></span> <span class='ocrx_word' id='word_1_585' title='bbox 1367 5751 1556 5808; x_wconf 78' lang='lat' dir='ltr'><strong>Nicasii</strong></span> <span class='ocrx_word' id='word_1_586' title='bbox 1598 5762 1652 5809; x_wconf 90' lang='lat' dir='ltr'><strong>ct</strong></span> <span class='ocrx_word' id='word_1_587' title='bbox 1676 5744 1952 5814; x_wconf 87' lang='lat' dir='ltr'><strong>Sociorum</strong></span> <span class='ocrx_word' id='word_1_588' title='bbox 1984 5744 2146 5815; x_wconf 57' lang='lat' dir='ltr'><strong>mar&#39;t.</strong></span> <span class='ocrx_word' id='word_1_589' title='bbox 2185 5766 2237 5818; x_wconf 90' lang='lat' dir='ltr'><strong>in</strong></span> 
     </span>
    </p>
   </div>
   <div class='ocr_carea' id='block_1_92' title="bbox 2362 3285 3936 3366">
    <p class='ocr_par' dir='ltr' id='par_1_92' title="bbox 2362 3285 3936 3366">
     <span class='ocr_line' id='line_1_92' title="bbox 2362 3285 3936 3366; baseline 0.022 -34"><span class='ocrx_word' id='word_1_590' title='bbox 2362 3295 2498 3342; x_wconf 87' lang='lat' dir='ltr'><strong>mus.</strong></span> <span class='ocrx_word' id='word_1_591' title='bbox 2533 3285 2749 3340; x_wconf 89' lang='lat' dir='ltr'><strong>absolve</strong></span> <span class='ocrx_word' id='word_1_592' title='bbox 2779 3289 2985 3345; x_wconf 91' lang='lat' dir='ltr'><strong>vincula</strong></span> <span class='ocrx_word' id='word_1_593' title='bbox 3030 3308 3395 3366; x_wconf 85' lang='lat' dir='ltr'><strong>peccatorum,</strong></span> <span class='ocrx_word' id='word_1_594' title='bbox 3428 3313 3480 3357; x_wconf 89' lang='lat' dir='ltr'><strong>et</strong></span> <span class='ocrx_word' id='word_1_595' title='bbox 3502 3307 3682 3361; x_wconf 89' lang='lat' dir='ltr'><strong>omnia</strong></span> <span class='ocrx_word' id='word_1_596' title='bbox 3729 3312 3866 3363; x_wconf 86' lang='lat' dir='ltr'><strong>mala</strong></span> <span class='ocrx_word' id='word_1_597' title='bbox 3908 3326 3936 3364; x_wconf 83' lang='lat' dir='ltr'><strong>a</strong></span> 
     </span>
    </p>
   </div>
   <div class='ocr_carea' id='block_1_93' title="bbox 2356 3374 3272 3446">
    <p class='ocr_par' dir='ltr' id='par_1_93' title="bbox 2356 3374 3272 3446">
     <span class='ocr_line' id='line_1_93' title="bbox 2356 3374 3272 3446; baseline 0.021 -21"><span class='ocrx_word' id='word_1_598' title='bbox 2356 3374 2513 3429; x_wconf 90' lang='lat' dir='ltr'><strong>nobis</strong></span> <span class='ocrx_word' id='word_1_599' title='bbox 2544 3380 2858 3446; x_wconf 88' lang='lat' dir='ltr'><strong>propitiatus</strong></span> <span class='ocrx_word' id='word_1_600' title='bbox 2881 3384 3124 3441; x_wconf 80' lang='lat' dir='ltr'><strong>exclude.</strong></span> <span class='ocrx_word' id='word_1_601' title='bbox 3153 3389 3272 3444; x_wconf 86' lang='lat' dir='ltr'><strong>Per.</strong></span> 
     </span>
    </p>
   </div>
   <div class='ocr_carea' id='block_1_94' title="bbox 2427 3466 3935 3552">
    <p class='ocr_par' dir='ltr' id='par_1_94' title="bbox 2427 3466 3935 3552">
     <span class='ocr_line' id='line_1_94' title="bbox 2427 3466 3935 3552; baseline 0.017 -30"><span class='ocrx_word' id='word_1_602' title='bbox 2427 3466 2598 3537; x_wconf 80' lang='lat' dir='ltr'><strong>Super</strong></span> <span class='ocrx_word' id='word_1_603' title='bbox 2642 3471 2833 3527; x_wconf 79' lang='lat' dir='ltr'><strong>oblata.</strong></span> <span class='ocrx_word' id='word_1_604' title='bbox 2866 3503 2936 3515; x_wconf 89' lang='lat'><strong><em>—</em></strong></span> <span class='ocrx_word' id='word_1_605' title='bbox 2963 3478 3216 3548; x_wconf 86' lang='lat' dir='ltr'><strong>Suscipe,</strong></span> <span class='ocrx_word' id='word_1_606' title='bbox 3271 3482 3527 3552; x_wconf 89' lang='lat' dir='ltr'><strong>Domine,</strong></span> <span class='ocrx_word' id='word_1_607' title='bbox 3576 3488 3817 3545; x_wconf 86' lang='lat' dir='ltr'><strong>llostiam</strong></span> <span class='ocrx_word' id='word_1_608' title='bbox 3849 3507 3935 3547; x_wconf 86' lang='lat' dir='ltr'><strong>re-</strong></span> 
     </span>
    </p>
   </div>
   <div class='ocr_carea' id='block_1_95' title="bbox 2355 3555 3934 3652">
    <p class='ocr_par' dir='ltr' id='par_1_95' title="bbox 2355 3555 3934 3652">
     <span class='ocr_line' id='line_1_95' title="bbox 2355 3555 3934 3652; baseline 0.018 -43"><span class='ocrx_word' id='word_1_609' title='bbox 2355 3555 2679 3628; x_wconf 89' lang='lat' dir='ltr'><strong>demptionis</strong></span> <span class='ocrx_word' id='word_1_610' title='bbox 2706 3564 2972 3630; x_wconf 70' lang='lat' dir='ltr'><strong>humanae,</strong></span> <span class='ocrx_word' id='word_1_611' title='bbox 3005 3568 3397 3632; x_wconf 86' lang='lat' dir='ltr'><strong>interveniente</strong></span> <span class='ocrx_word' id='word_1_612' title='bbox 3426 3578 3585 3634; x_wconf 89' lang='lat' dir='ltr'><strong>beato</strong></span> <span class='ocrx_word' id='word_1_613' title='bbox 3614 3579 3779 3636; x_wconf 78' lang='lat' dir='ltr'><strong>Petro</strong></span> <span class='ocrx_word' id='word_1_614' title='bbox 3805 3599 3934 3652; x_wconf 78' lang='lat' dir='ltr'><strong>apo-</strong></span> 
     </span>
    </p>
   </div>
   <div class='ocr_carea' id='block_1_96' title="bbox 2355 3650 3939 3742">
    <p class='ocr_par' dir='ltr' id='par_1_96' title="bbox 2355 3650 3939 3742">
     <span class='ocr_line' id='line_1_96' title="bbox 2355 3650 3939 3742; baseline 0.017 -39"><span class='ocrx_word' id='word_1_615' title='bbox 2355 3650 2518 3716; x_wconf 92' lang='lat' dir='ltr'><strong>stolo,</strong></span> <span class='ocrx_word' id='word_1_616' title='bbox 2558 3662 2612 3708; x_wconf 90' lang='lat' dir='ltr'><strong>et</strong></span> <span class='ocrx_word' id='word_1_617' title='bbox 2663 3656 2889 3711; x_wconf 87' lang='lat' dir='ltr'><strong>salutem</strong></span> <span class='ocrx_word' id='word_1_618' title='bbox 2923 3661 3074 3716; x_wconf 85' lang='lat' dir='ltr'><strong>nobis</strong></span> <span class='ocrx_word' id='word_1_619' title='bbox 3104 3665 3298 3719; x_wconf 87' lang='lat' dir='ltr'><strong>mentis</strong></span> <span class='ocrx_word' id='word_1_620' title='bbox 3337 3676 3390 3720; x_wconf 93' lang='lat' dir='ltr'><strong>et</strong></span> <span class='ocrx_word' id='word_1_621' title='bbox 3430 3671 3673 3737; x_wconf 91' lang='lat' dir='ltr'><strong>corporis</strong></span> <span class='ocrx_word' id='word_1_622' title='bbox 3716 3687 3939 3742; x_wconf 82' lang='lat' dir='ltr'><strong>operare</strong></span> 
     </span>
    </p>
   </div>
   <div class='ocr_carea' id='block_1_97' title="bbox 2357 3744 2760 3812">
    <p class='ocr_par' dir='ltr' id='par_1_97' title="bbox 2357 3744 2760 3812">
     <span class='ocr_line' id='line_1_97' title="bbox 2357 3744 2760 3812; baseline 0.022 -17"><span class='ocrx_word' id='word_1_623' title='bbox 2357 3744 2612 3812; x_wconf 86' lang='lat' dir='ltr'><strong>placatus.</strong></span> <span class='ocrx_word' id='word_1_624' title='bbox 2641 3747 2760 3803; x_wconf 87' lang='lat' dir='ltr'><strong>Per.</strong></span> 
     </span>
    </p>
   </div>
   <div class='ocr_carea' id='block_1_98' title="bbox 2449 3836 3938 3922">
    <p class='ocr_par' dir='ltr' id='par_1_98' title="bbox 2449 3836 3938 3922">
     <span class='ocr_line' id='line_1_98' title="bbox 2449 3836 3938 3922; baseline 0.013 -33"><span class='ocrx_word' id='word_1_625' title='bbox 2449 3836 2532 3889; x_wconf 80' lang='lat' dir='ltr'><strong>Ad</strong></span> <span class='ocrx_word' id='word_1_626' title='bbox 2583 3836 2973 3908; x_wconf 82' lang='lat' dir='ltr'><strong>Contplendum.</strong></span> <span class='ocrx_word' id='word_1_627' title='bbox 3026 3872 3097 3884; x_wconf 94' lang='lat'><strong>—</strong></span> <span class='ocrx_word' id='word_1_628' title='bbox 3125 3847 3378 3916; x_wconf 83' lang='lat' dir='ltr'><strong>Corporis</strong></span> <span class='ocrx_word' id='word_1_629' title='bbox 3427 3849 3565 3904; x_wconf 82' lang='lat' dir='ltr'><strong>sacri</strong></span> <span class='ocrx_word' id='word_1_630' title='bbox 3615 3860 3668 3906; x_wconf 89' lang='lat' dir='ltr'><strong>et</strong></span> <span class='ocrx_word' id='word_1_631' title='bbox 3717 3855 3938 3922; x_wconf 84' lang='lat' dir='ltr'><strong>pretiosi</strong></span> 
     </span>
    </p>
   </div>
   <div class='ocr_carea' id='block_1_99' title="bbox 2354 3929 3939 4009">
    <p class='ocr_par' dir='ltr' id='par_1_99' title="bbox 2354 3929 3939 4009">
     <span class='ocr_line' id='line_1_99' title="bbox 2354 3929 3939 4009; baseline 0.013 -28"><span class='ocrx_word' id='word_1_632' title='bbox 2354 3929 2624 3998; x_wconf 89' lang='lat' dir='ltr'><strong>sanguinis</strong></span> <span class='ocrx_word' id='word_1_633' title='bbox 2655 3932 2839 4000; x_wconf 91' lang='lat' dir='ltr'><strong>repleti</strong></span> <span class='ocrx_word' id='word_1_634' title='bbox 2870 3935 3140 4004; x_wconf 87' lang='lat' dir='ltr'><strong>libamine,</strong></span> <span class='ocrx_word' id='word_1_635' title='bbox 3172 3955 3502 4009; x_wconf 72' lang='lat' dir='ltr'><strong>qumsumus,</strong></span> <span class='ocrx_word' id='word_1_636' title='bbox 3535 3943 3759 4000; x_wconf 86' lang='lat' dir='ltr'><strong>Domine</strong></span> <span class='ocrx_word' id='word_1_637' title='bbox 3798 3946 3939 4001; x_wconf 91' lang='lat' dir='ltr'><strong>Deus</strong></span> 
     </span>
    </p>
   </div>
   <div class='ocr_carea' id='block_1_100' title="bbox 2355 4023 3939 4104">
    <p class='ocr_par' dir='ltr' id='par_1_100' title="bbox 2355 4023 3939 4104">
     <span class='ocr_line' id='line_1_100' title="bbox 2355 4023 3939 4104; baseline 0.013 -33"><span class='ocrx_word' id='word_1_638' title='bbox 2355 4028 2556 4088; x_wconf 90' lang='lat' dir='ltr'><strong>noster,</strong></span> <span class='ocrx_word' id='word_1_639' title='bbox 2605 4029 2663 4075; x_wconf 88' lang='lat' dir='ltr'><strong>ttt</strong></span> <span class='ocrx_word' id='word_1_640' title='bbox 2702 4023 2841 4092; x_wconf 88' lang='lat' dir='ltr'><strong>quod</strong></span> <span class='ocrx_word' id='word_1_641' title='bbox 2895 4027 2976 4096; x_wconf 88' lang='lat' dir='ltr'><strong>pia</strong></span> <span class='ocrx_word' id='word_1_642' title='bbox 3026 4027 3312 4086; x_wconf 79' lang='lat' dir='ltr'><strong>devotione</strong></span> <span class='ocrx_word' id='word_1_643' title='bbox 3348 4030 3375 4070; x_wconf 66' lang='grc' dir='ltr'><strong>ι’</strong></span> <span class='ocrx_word' id='word_1_644' title='bbox 3407 4034 3666 4104; x_wconf 82' lang='lat' dir='ltr'><strong>gerimus,</strong></span> <span class='ocrx_word' id='word_1_645' title='bbox 3711 4037 3939 4091; x_wconf 88' lang='lat' dir='ltr'><strong>interce-</strong></span> 
     </span>
    </p>
   </div>
   <div class='ocr_carea' id='block_1_101' title="bbox 2353 4108 3940 4198">
    <p class='ocr_par' dir='ltr' id='par_1_101' title="bbox 2353 4108 3940 4198">
     <span class='ocr_line' id='line_1_101' title="bbox 2353 4108 3940 4198; baseline 0.015 -37"><span class='ocrx_word' id='word_1_646' title='bbox 2353 4108 2514 4165; x_wconf 70' lang='lat' dir='ltr'><strong>dente</strong></span> <span class='ocrx_word' id='word_1_647' title='bbox 2543 4111 2698 4167; x_wconf 80' lang='lat' dir='ltr'><strong>beato</strong></span> <span class='ocrx_word' id='word_1_648' title='bbox 2726 4113 2884 4168; x_wconf 87' lang='lat' dir='ltr'><strong>Petro</strong></span> <span class='ocrx_word' id='word_1_649' title='bbox 2930 4120 3171 4186; x_wconf 83' lang='lat' dir='ltr'><strong>apostolo</strong></span> <span class='ocrx_word' id='word_1_650' title='bbox 3205 4129 3327 4188; x_wconf 89' lang='lat' dir='ltr'><strong>tuo,</strong></span> <span class='ocrx_word' id='word_1_651' title='bbox 3375 4134 3519 4178; x_wconf 89' lang='lat' dir='ltr'><strong>certa</strong></span> <span class='ocrx_word' id='word_1_652' title='bbox 3561 4127 3940 4198; x_wconf 78' lang='lat' dir='ltr'><strong>redemptione</strong></span> 
     </span>
    </p>
   </div>
   <div class='ocr_carea' id='block_1_102' title="bbox 2356 4204 2650 4271">
    <p class='ocr_par' dir='ltr' id='par_1_102' title="bbox 2356 4204 2650 4271">
     <span class='ocr_line' id='line_1_102' title="bbox 2356 4204 2650 4271; baseline 0.02 -17"><span class='ocrx_word' id='word_1_653' title='bbox 2356 4204 2650 4271; x_wconf 84' lang='lat' dir='ltr'><strong>capiamus.</strong></span> 
     </span>
    </p>
   </div>
   <div class='ocr_carea' id='block_1_103' title="bbox 2355 4309 3938 4370">
    <p class='ocr_par' dir='ltr' id='par_1_103' title="bbox 2355 4309 3938 4370">
     <span class='ocr_line' id='line_1_103' title="bbox 2355 4309 3938 4370; baseline 0.014 -22"><span class='ocrx_word' id='word_1_654' title='bbox 2355 4309 2404 4348; x_wconf 74' lang='grc' dir='ltr'><strong>ιν</strong></span> <span class='ocrx_word' id='word_1_655' title='bbox 2476 4312 2643 4352; x_wconf 69' lang='grc' dir='ltr'><strong>ΝοΜε</strong></span> <span class='ocrx_word' id='word_1_656' title='bbox 2706 4314 2950 4358; x_wconf 74' lang='lat' dir='ltr'><strong>AUGUSTI.</strong></span> <span class='ocrx_word' id='word_1_657' title='bbox 3005 4333 3076 4346; x_wconf 86' lang='lat'><strong><em>—</em></strong></span> <span class='ocrx_word' id='word_1_658' title='bbox 3150 4322 3373 4363; x_wconf 70' lang='lat' dir='ltr'><strong>NATALIS</strong></span> <span class='ocrx_word' id='word_1_659' title='bbox 3427 4326 3614 4366; x_wconf 68' lang='lat' dir='ltr'><strong>SANCTI</strong></span> <span class='ocrx_word' id='word_1_660' title='bbox 3677 4329 3938 4370; x_wconf 66' lang='lat' dir='ltr'><strong>STEPHANI</strong></span> 
     </span>
    </p>
   </div>
   <div class='ocr_carea' id='block_1_104' title="bbox 2806 4388 3463 4434">
    <p class='ocr_par' dir='ltr' id='par_1_104' title="bbox 2806 4388 3463 4434">
     <span class='ocr_line' id='line_1_104' title="bbox 2806 4388 3463 4434; baseline 0.009 -8"><span class='ocrx_word' id='word_1_661' title='bbox 2806 4388 3037 4429; x_wconf 71' lang='lat' dir='ltr'><strong>EPISC‘lPl</strong></span> <span class='ocrx_word' id='word_1_662' title='bbox 3085 4393 3153 4430; x_wconf 78' lang='grc' dir='ltr'><strong>ΕΤ</strong></span> <span class='ocrx_word' id='word_1_663' title='bbox 3177 4394 3463 4434; x_wconf 68' lang='lat' dir='ltr'><strong>MARTYRIS.</strong></span> 
     </span>
    </p>
   </div>
   <div class='ocr_carea' id='block_1_105' title="bbox 2431 4457 3941 4547">
    <p class='ocr_par' dir='ltr' id='par_1_105' title="bbox 2431 4457 3941 4547">
     <span class='ocr_line' id='line_1_105' title="bbox 2431 4457 3941 4547; baseline 0.015 -36"><span class='ocrx_word' id='word_1_664' title='bbox 2431 4457 2591 4525; x_wconf 86' lang='lat' dir='ltr'><strong>Deus,</strong></span> <span class='ocrx_word' id='word_1_665' title='bbox 2648 4463 2738 4531; x_wconf 90' lang='lat' dir='ltr'><strong>qui</strong></span> <span class='ocrx_word' id='word_1_666' title='bbox 2770 4480 2869 4520; x_wconf 90' lang='lat' dir='ltr'><strong>nos</strong></span> <span class='ocrx_word' id='word_1_667' title='bbox 2902 4465 3043 4522; x_wconf 86' lang='lat' dir='ltr'><strong>beati</strong></span> <span class='ocrx_word' id='word_1_668' title='bbox 3085 4469 3340 4539; x_wconf 86' lang='lat' dir='ltr'><strong>Stephani</strong></span> <span class='ocrx_word' id='word_1_669' title='bbox 3375 4475 3629 4546; x_wconf 86' lang='lat' dir='ltr'><strong>martyris</strong></span> <span class='ocrx_word' id='word_1_670' title='bbox 3661 4478 3736 4530; x_wconf 91' lang='lat' dir='ltr'><strong>tni</strong></span> <span class='ocrx_word' id='word_1_671' title='bbox 3781 4487 3941 4547; x_wconf 83' lang='lat' dir='ltr'><strong>atque</strong></span> 
     </span>
    </p>
   </div>
   <div class='ocr_carea' id='block_1_106' title="bbox 2357 4552 3941 4635">
    <p class='ocr_par' dir='ltr' id='par_1_106' title="bbox 2357 4552 3941 4635">
     <span class='ocr_line' id='line_1_106' title="bbox 2357 4552 3941 4635; baseline 0.011 -33"><span class='ocrx_word' id='word_1_672' title='bbox 2357 4552 2622 4619; x_wconf 88' lang='lat' dir='ltr'><strong>pontiﬁcis</strong></span> <span class='ocrx_word' id='word_1_673' title='bbox 2649 4567 2822 4610; x_wconf 87' lang='lat' dir='ltr'><strong>annua</strong></span> <span class='ocrx_word' id='word_1_674' title='bbox 2864 4558 3204 4616; x_wconf 89' lang='lat' dir='ltr'><strong>solemnitate</strong></span> <span class='ocrx_word' id='word_1_675' title='bbox 3248 4564 3508 4632; x_wconf 68' lang='lat' dir='ltr'><strong>laetiﬁcas,</strong></span> <span class='ocrx_word' id='word_1_676' title='bbox 3542 4569 3779 4622; x_wconf 84' lang='lat' dir='ltr'><strong>concede</strong></span> <span class='ocrx_word' id='word_1_677' title='bbox 3811 4587 3941 4635; x_wconf 78' lang='lat' dir='ltr'><strong>prn-</strong></span> 
     </span>
    </p>
   </div>
   <div class='ocr_carea' id='block_1_107' title="bbox 2356 4643 3941 4725">
    <p class='ocr_par' dir='ltr' id='par_1_107' title="bbox 2356 4643 3941 4725">
     <span class='ocr_line' id='line_1_107' title="bbox 2356 4643 3941 4725; baseline 0.015 -32"><span class='ocrx_word' id='word_1_678' title='bbox 2356 4643 2515 4706; x_wconf 84' lang='lat' dir='ltr'><strong>pitius</strong></span> <span class='ocrx_word' id='word_1_679' title='bbox 2546 4653 2602 4699; x_wconf 91' lang='lat' dir='ltr'><strong>ut</strong></span> <span class='ocrx_word' id='word_1_680' title='bbox 2629 4645 2781 4716; x_wconf 84' lang='lat' dir='ltr'><strong>cujus</strong></span> <span class='ocrx_word' id='word_1_681' title='bbox 2813 4650 3048 4706; x_wconf 70' lang='lat' dir='ltr'><strong>nataliiia</strong></span> <span class='ocrx_word' id='word_1_682' title='bbox 3095 4653 3344 4722; x_wconf 85' lang='lat' dir='ltr'><strong>colimus,</strong></span> <span class='ocrx_word' id='word_1_683' title='bbox 3384 4657 3452 4712; x_wconf 87' lang='lat' dir='ltr'><strong>de</strong></span> <span class='ocrx_word' id='word_1_684' title='bbox 3490 4657 3732 4725; x_wconf 88' lang='lat' dir='ltr'><strong>ejusdem</strong></span> <span class='ocrx_word' id='word_1_685' title='bbox 3779 4662 3941 4716; x_wconf 78' lang='lat' dir='ltr'><strong>etiam</strong></span> 
     </span>
    </p>
   </div>
   <div class='ocr_carea' id='block_1_108' title="bbox 2352 4735 3807 4807">
    <p class='ocr_par' dir='ltr' id='par_1_108' title="bbox 2352 4735 3807 4807">
     <span class='ocr_line' id='line_1_108' title="bbox 2352 4735 3807 4807; baseline 0.013 -21"><span class='ocrx_word' id='word_1_686' title='bbox 2352 4735 2682 4801; x_wconf 88' lang='lat' dir='ltr'><strong>protectione</strong></span> <span class='ocrx_word' id='word_1_687' title='bbox 2707 4740 3056 4807; x_wconf 82' lang='lat' dir='ltr'><strong>gaudeamus.</strong></span> <span class='ocrx_word' id='word_1_688' title='bbox 3093 4743 3194 4800; x_wconf 90' lang='lat' dir='ltr'><strong>Per</strong></span> <span class='ocrx_word' id='word_1_689' title='bbox 3221 4747 3502 4802; x_wconf 87' lang='lat' dir='ltr'><strong>Dominum</strong></span> <span class='ocrx_word' id='word_1_690' title='bbox 3535 4758 3807 4805; x_wconf 87' lang='lat' dir='ltr'><strong>nostrum.</strong></span> 
     </span>
    </p>
   </div>
   <div class='ocr_carea' id='block_1_109' title="bbox 2422 4826 3937 4907">
    <p class='ocr_par' dir='ltr' id='par_1_109' title="bbox 2422 4826 3937 4907">
     <span class='ocr_line' id='line_1_109' title="bbox 2422 4826 3937 4907; baseline 0.011 -27"><span class='ocrx_word' id='word_1_691' title='bbox 2422 4826 2594 4896; x_wconf 82' lang='lat' dir='ltr'><strong>Super</strong></span> <span class='ocrx_word' id='word_1_692' title='bbox 2641 4831 2831 4887; x_wconf 83' lang='lat' dir='ltr'><strong>oblata.</strong></span> <span class='ocrx_word' id='word_1_693' title='bbox 2880 4864 2950 4876; x_wconf 94' lang='lat'><strong><em>—</em></strong></span> <span class='ocrx_word' id='word_1_694' title='bbox 3004 4837 3217 4891; x_wconf 81' lang='lat' dir='ltr'><strong>Munera</strong></span> <span class='ocrx_word' id='word_1_695' title='bbox 3279 4839 3393 4904; x_wconf 90' lang='lat' dir='ltr'><strong>tibi,</strong></span> <span class='ocrx_word' id='word_1_696' title='bbox 3457 4841 3702 4907; x_wconf 89' lang='lat' dir='ltr'><strong>Domine,</strong></span> <span class='ocrx_word' id='word_1_697' title='bbox 3756 4844 3937 4897; x_wconf 84' lang='lat' dir='ltr'><strong>dicata</strong></span> 
     </span>
    </p>
   </div>
   <div class='ocr_carea' id='block_1_110' title="bbox 2351 4917 3942 5005">
    <p class='ocr_par' dir='ltr' id='par_1_110' title="bbox 2351 4917 3942 5005">
     <span class='ocr_line' id='line_1_110' title="bbox 2351 4917 3942 5005; baseline 0.013 -36"><span class='ocrx_word' id='word_1_698' title='bbox 2351 4917 2658 4986; x_wconf 80' lang='lat' dir='ltr'><strong>snnctiﬁca;</strong></span> <span class='ocrx_word' id='word_1_699' title='bbox 2697 4931 2751 4976; x_wconf 89' lang='lat' dir='ltr'><strong>et</strong></span> <span class='ocrx_word' id='word_1_700' title='bbox 2795 4924 3162 4981; x_wconf 87' lang='lat' dir='ltr'><strong>intercedente</strong></span> <span class='ocrx_word' id='word_1_701' title='bbox 3195 4930 3351 4982; x_wconf 87' lang='lat' dir='ltr'><strong>beato</strong></span> <span class='ocrx_word' id='word_1_702' title='bbox 3381 4929 3656 4999; x_wconf 89' lang='lat' dir='ltr'><strong>Stephano</strong></span> <span class='ocrx_word' id='word_1_703' title='bbox 3699 4946 3942 5005; x_wconf 81' lang='lat' dir='ltr'><strong>martyre</strong></span> 
     </span>
    </p>
   </div>
   <div class='ocr_carea' id='block_1_111' title="bbox 2353 5013 3938 5092">
    <p class='ocr_par' dir='ltr' id='par_1_111' title="bbox 2353 5013 3938 5092">
     <span class='ocr_line' id='line_1_111' title="bbox 2353 5013 3938 5092; baseline 0.013 -33"><span class='ocrx_word' id='word_1_704' title='bbox 2353 5015 2443 5059; x_wconf 93' lang='lat' dir='ltr'><strong>tuo</strong></span> <span class='ocrx_word' id='word_1_705' title='bbox 2494 5019 2655 5078; x_wconf 87' lang='lat' dir='ltr'><strong>atque</strong></span> <span class='ocrx_word' id='word_1_706' title='bbox 2699 5013 2978 5080; x_wconf 86' lang='lat' dir='ltr'><strong>pontiﬁce,</strong></span> <span class='ocrx_word' id='word_1_707' title='bbox 3030 5031 3124 5084; x_wconf 89' lang='lat' dir='ltr'><strong>per</strong></span> <span class='ocrx_word' id='word_1_708' title='bbox 3175 5019 3364 5074; x_wconf 85' lang='lat' dir='ltr'><strong>eadem</strong></span> <span class='ocrx_word' id='word_1_709' title='bbox 3419 5036 3516 5074; x_wconf 90' lang='lat' dir='ltr'><strong>nos</strong></span> <span class='ocrx_word' id='word_1_710' title='bbox 3559 5023 3805 5092; x_wconf 85' lang='lat' dir='ltr'><strong>placatus</strong></span> <span class='ocrx_word' id='word_1_711' title='bbox 3853 5028 3938 5079; x_wconf 81' lang='lat' dir='ltr'><strong>in-</strong></span> 
     </span>
    </p>
   </div>
   <div class='ocr_carea' id='block_1_112' title="bbox 2360 5098 3008 5159">
    <p class='ocr_par' dir='ltr' id='par_1_112' title="bbox 2360 5098 3008 5159">
     <span class='ocr_line' id='line_1_112' title="bbox 2360 5098 3008 5159; baseline 0.015 -10"><span class='ocrx_word' id='word_1_712' title='bbox 2360 5098 2538 5152; x_wconf 90' lang='lat' dir='ltr'><strong>tende.</strong></span> <span class='ocrx_word' id='word_1_713' title='bbox 2570 5100 2673 5155; x_wconf 90' lang='lat' dir='ltr'><strong>Per</strong></span> <span class='ocrx_word' id='word_1_714' title='bbox 2704 5102 3008 5159; x_wconf 90' lang='lat' dir='ltr'><strong>Dominum.</strong></span> 
     </span>
    </p>
   </div>
   <div class='ocr_carea' id='block_1_113' title="bbox 2422 5189 3939 5272">
    <p class='ocr_par' dir='ltr' id='par_1_113' title="bbox 2422 5189 3939 5272">
     <span class='ocr_line' id='line_1_113' title="bbox 2422 5189 3939 5272; baseline 0.012 -31"><span class='ocrx_word' id='word_1_715' title='bbox 2422 5189 2503 5242; x_wconf 80' lang='lat' dir='ltr'><strong>Ad</strong></span> <span class='ocrx_word' id='word_1_716' title='bbox 2534 5189 2922 5263; x_wconf 81' lang='lat' dir='ltr'><strong>Complendum.</strong></span> <span class='ocrx_word' id='word_1_717' title='bbox 2947 5227 3017 5239; x_wconf 93' lang='lat'><strong><em>—</em></strong></span> <span class='ocrx_word' id='word_1_718' title='bbox 3041 5199 3164 5255; x_wconf 69' lang='lat' dir='ltr'><strong>llaec</strong></span> <span class='ocrx_word' id='word_1_719' title='bbox 3190 5215 3286 5254; x_wconf 88' lang='lat' dir='ltr'><strong>nos</strong></span> <span class='ocrx_word' id='word_1_720' title='bbox 3309 5201 3639 5268; x_wconf 86' lang='lat' dir='ltr'><strong>communio,</strong></span> <span class='ocrx_word' id='word_1_721' title='bbox 3669 5203 3901 5260; x_wconf 90' lang='lat' dir='ltr'><strong>Domine</strong></span> <span class='ocrx_word' id='word_1_722' title='bbox 3922 5248 3939 5272; x_wconf 85' lang='lat'><strong>,</strong></span> 
     </span>
    </p>
   </div>
   <div class='ocr_carea' id='block_1_114' title="bbox 2351 5288 3940 5362">
    <p class='ocr_par' dir='ltr' id='par_1_114' title="bbox 2351 5288 3940 5362">
     <span class='ocr_line' id='line_1_114' title="bbox 2351 5288 3940 5362; baseline 0.014 -34"><span class='ocrx_word' id='word_1_723' title='bbox 2351 5290 2537 5349; x_wconf 80' lang='lat' dir='ltr'><strong>purget</strong></span> <span class='ocrx_word' id='word_1_724' title='bbox 2575 5296 2604 5335; x_wconf 89' lang='lat' dir='ltr'><strong>a</strong></span> <span class='ocrx_word' id='word_1_725' title='bbox 2651 5288 2911 5352; x_wconf 89' lang='lat' dir='ltr'><strong>crimine;</strong></span> <span class='ocrx_word' id='word_1_726' title='bbox 2955 5299 3007 5343; x_wconf 87' lang='lat' dir='ltr'><strong>et</strong></span> <span class='ocrx_word' id='word_1_727' title='bbox 3055 5290 3416 5347; x_wconf 88' lang='lat' dir='ltr'><strong>intercedente</strong></span> <span class='ocrx_word' id='word_1_728' title='bbox 3458 5292 3615 5347; x_wconf 90' lang='lat' dir='ltr'><strong>beato</strong></span> <span class='ocrx_word' id='word_1_729' title='bbox 3658 5297 3940 5362; x_wconf 77' lang='lat' dir='ltr'><strong>Stephano</strong></span> 
     </span>
    </p>
   </div>
   <div class='ocr_carea' id='block_1_115' title="bbox 2349 5380 3946 5449">
    <p class='ocr_par' dir='ltr' id='par_1_115' title="bbox 2349 5380 3946 5449">
     <span class='ocr_line' id='line_1_115' title="bbox 2349 5380 3946 5449; baseline 0.008 -22"><span class='ocrx_word' id='word_1_730' title='bbox 2349 5383 2583 5446; x_wconf 88' lang='lat' dir='ltr'><strong>martyre</strong></span> <span class='ocrx_word' id='word_1_731' title='bbox 2614 5386 2703 5431; x_wconf 92' lang='lat' dir='ltr'><strong>tuo</strong></span> <span class='ocrx_word' id='word_1_732' title='bbox 2732 5387 2891 5446; x_wconf 83' lang='lat' dir='ltr'><strong>atque</strong></span> <span class='ocrx_word' id='word_1_733' title='bbox 2932 5381 3183 5449; x_wconf 84' lang='lat' dir='ltr'><strong>pontiﬁce</strong></span> <span class='ocrx_word' id='word_1_734' title='bbox 3216 5380 3455 5438; x_wconf 65' lang='lat' dir='ltr'><strong>caelestis</strong></span> <span class='ocrx_word' id='word_1_735' title='bbox 3501 5384 3728 5442; x_wconf 77' lang='lat' dir='ltr'><strong>remedii</strong></span> <span class='ocrx_word' id='word_1_736' title='bbox 3777 5386 3946 5440; x_wconf 72' lang='lat' dir='ltr'><strong>faciat</strong></span> 
     </span>
    </p>
   </div>
   <div class='ocr_carea' id='block_1_116' title="bbox 2347 5471 2942 5528">
    <p class='ocr_par' dir='ltr' id='par_1_116' title="bbox 2347 5471 2942 5528">
     <span class='ocr_line' id='line_1_116' title="bbox 2347 5471 2942 5528; baseline 0.005 -3"><span class='ocrx_word' id='word_1_737' title='bbox 2347 5483 2469 5525; x_wconf 80' lang='lat' dir='ltr'><strong>esse</strong></span> <span class='ocrx_word' id='word_1_738' title='bbox 2497 5480 2793 5526; x_wconf 86' lang='lat' dir='ltr'><strong>consortes.</strong></span> <span class='ocrx_word' id='word_1_739' title='bbox 2819 5471 2942 5528; x_wconf 83' lang='lat' dir='ltr'><strong>Per.</strong></span> 
     </span>
    </p>
   </div>
   <div class='ocr_carea' id='block_1_117' title="bbox 2345 5625 3841 5716">
    <p class='ocr_par' dir='ltr' id='par_1_117' title="bbox 2345 5625 3841 5716">
     <span class='ocr_line' id='line_1_117' title="bbox 2345 5625 3841 5716; baseline 0.006 -36"><span class='ocrx_word' id='word_1_740' title='bbox 2345 5625 2867 5716; x_wconf 43' lang='lat' dir='ltr'><strong>uttoqne‘Tlieoder.</strong></span> <span class='ocrx_word' id='word_1_741' title='bbox 2893 5638 2947 5716; x_wconf 57' lang='lat' dir='ltr'><strong>et</strong></span> <span class='ocrx_word' id='word_1_742' title='bbox 2977 5631 3148 5686; x_wconf 88' lang='lat' dir='ltr'><strong>sancti</strong></span> <span class='ocrx_word' id='word_1_743' title='bbox 3174 5630 3515 5716; x_wconf 75' lang='lat' dir='ltr'><strong>Pantaleonis</strong></span> <span class='ocrx_word' id='word_1_744' title='bbox 3533 5631 3585 5687; x_wconf 93' lang='lat' dir='ltr'><strong>in</strong></span> <span class='ocrx_word' id='word_1_745' title='bbox 3612 5629 3841 5716; x_wconf 64' lang='lat' dir='ltr'><strong>Gemet.</strong></span> 
     </span>
    </p>
   </div>
   <div class='ocr_carea' id='block_1_118' title="bbox 2343 5695 3943 5836">
    <p class='ocr_par' dir='ltr' id='par_1_118' title="bbox 2343 5695 3943 5836">
     <span class='ocr_line' id='line_1_118' title="bbox 2413 5695 3943 5772; baseline 0.008 -25"><span class='ocrx_word' id='word_1_746' title='bbox 2413 5695 2439 5731; x_wconf 75' lang='grc' dir='ltr'>δ</span> <span class='ocrx_word' id='word_1_747' title='bbox 2475 5698 2527 5748; x_wconf 93' lang='lat' dir='ltr'><strong>ln</strong></span> <span class='ocrx_word' id='word_1_748' title='bbox 2559 5696 2693 5750; x_wconf 83' lang='lat' dir='ltr'><strong>Cod.</strong></span> <span class='ocrx_word' id='word_1_749' title='bbox 2729 5699 2858 5768; x_wconf 79' lang='lat' dir='ltr'><strong>Reg.</strong></span> <span class='ocrx_word' id='word_1_750' title='bbox 2897 5699 3079 5762; x_wconf 81' lang='lat' dir='ltr'><strong>Suec.,</strong></span> <span class='ocrx_word' id='word_1_751' title='bbox 3108 5702 3330 5772; x_wconf 70' lang='lat' dir='ltr'><strong>gerimus</strong></span> <span class='ocrx_word' id='word_1_752' title='bbox 3353 5745 3368 5764; x_wconf 94' lang='lat'><strong>,</strong></span> <span class='ocrx_word' id='word_1_753' title='bbox 3409 5712 3548 5756; x_wconf 75' lang='lat' dir='ltr'><strong>certe</strong></span> <span class='ocrx_word' id='word_1_754' title='bbox 3583 5704 3943 5770; x_wconf 66' lang='lat' dir='ltr'><strong>redemptione</strong></span> 
     </span>
     <span class='ocr_line' id='line_1_119' title="bbox 2343 5768 3848 5836; baseline 0.009 -19"><span class='ocrx_word' id='word_1_755' title='bbox 2343 5768 2623 5836; x_wconf 73' lang='lat' dir='ltr'><strong>rapfamus.</strong></span> <span class='ocrx_word' id='word_1_756' title='bbox 2668 5768 2787 5834; x_wconf 67' lang='grc' dir='ltr'><em>ρετ,</em></span> <span class='ocrx_word' id='word_1_757' title='bbox 2814 5783 2918 5823; x_wconf 80' lang='lat' dir='ltr'><strong>etc.</strong></span> <span class='ocrx_word' id='word_1_758' title='bbox 2949 5770 3003 5824; x_wconf 84' lang='grc' dir='ltr'><strong>ιιι</strong></span> <span class='ocrx_word' id='word_1_759' title='bbox 3040 5773 3136 5827; x_wconf 77' lang='lat' dir='ltr'><strong>Ed.</strong></span> <span class='ocrx_word' id='word_1_760' title='bbox 3173 5773 3374 5829; x_wconf 81' lang='lat' dir='ltr'><strong>Pamcl.</strong></span> <span class='ocrx_word' id='word_1_761' title='bbox 3401 5772 3504 5830; x_wconf 81' lang='lat' dir='ltr'><strong>alia</strong></span> <span class='ocrx_word' id='word_1_762' title='bbox 3528 5785 3611 5830; x_wconf 87' lang='lat' dir='ltr'><strong>est</strong></span> <span class='ocrx_word' id='word_1_763' title='bbox 3643 5778 3848 5835; x_wconf 78' lang='lat' dir='ltr'><strong>oratio.</strong></span> 
     </span>
    </p>
   </div>
  </div>
