4026 6334
699 288 789 344 131

1873 271 2118 330 SANCTI
2157 267 2485 326 GRECORII
2525 269 2741 327 MAGNI
3880 273 3966 326 l3?

691 401 829 454 tibus
873 398 1076 453 meritis
1117 395 1181 450 ad
1211 400 1406 448 nostrre
1457 387 1644 444 salutis
1671 385 1927 441 auxilium
1979 384 2261 455 provenire
2291 389 2338 443 Λ
2435 399 2605 439 IDIBUS
2633 397 2883 440 AUGUSTI.
2924 410 2994 422 —
3033 379 3186 452 (451)
3217 396 3438 436 unus
3461 395 3654 438 sancti
3683 396 3964 440 ιινροιιῖι

687 493 941 546 concede.
974 490 1092 541 Per.

785 539 1052 646 Iv’iievfatio.
1081 603 1153 618 -—
1179 573 1316 626 Vere
1343 569 1560 640 dignum
1602 576 1657 622 et
1682 567 1881 635 justum
1915 573 2020 630 est,
2051 578 2262 632 aequum
2294 539 2298 542 ~

693 681 742 722 et
771 671 1020 730 salutare,
1056 680 1151 717 nos
1192 662 1284 715 tibi
1317 674 1530 728 semper
1552 667 1604 711 et
1634 657 1829 725 ubique
1855 656 2055 724 gratias
2081 667 2262 721 agere,

694 761 912 814 Doméne
943 767 1147 817 sancte,
1181 754 1334 806 Pater
1362 752 1728 818 omnipotens,
1755 758 1955 802 aeterne
1991 747 2132 801 Deus
2161 761 2177 800 :
2211 754 2265 799 et

695 849 958 916 pra-cipue
1004 845 1156 915 (444)
1210 845 1260 898 in
1307 842 1393 896 die
1421 840 1776 896 solemnitatis
1823 838 2116 899 hodiernze,
2161 850 2266 906 qua

687 940 872 992 beatus
925 936 1242 990 Laurentius
1291 933 1461 986 hosﬁa
1510 942 1693 984 sancta
1741 929 1861 982 viva
1923 928 2014 981 tibi
2049 926 2266 995 placens

687 1031 838 1099 (445)
889 1028 1099 1082 oblatus
1148 1035 1266 1092 est;
1315 1025 1430 1093 qui,
1473 1023 1595 1093 igne
1637 1034 1893 1076 accensus
1947 1018 2018 1074 tui
2043 1020 2265 1083 amoris,

683 1128 992 1172 constanter
1020 1118 1198 1188 ignem
1246 1113 1498 1169 sustinuit
1540 1111 1828 1181 passionis,
1861 1119 1916 1164 et
1959 1124 2052 1177 per
2078 1109 2269 1161 imma-

685 1207 904 1261 nitatem
933 1215 1320 1260 tormentorum
1353 1201 1592 1268 pervenit
1622 1201 1686 1253 ad
1722 1199 2030 1254 societatem
2070 1196 2266 1251 civium

687 1313 1065 1366 suprrnornm.
1101 1296 1202 1349 Per
1230 1294 1499 1349 Christum
1535 1291 1838 1346 Dominum.

761 1389 840 1442 Ad
871 1386 1259 1456 Complendum.
1297 1412 1369 1426 —-
1397 1383 1676 1453 Supplices
1704 1392 1755 1438 te
1801 1393 2073 1450 rogamus,
2095 1379 2269 1434 omni-

693 1494 881 1551 potens
916 1483 1076 1548 Deus,
1128 1490 1184 1535 ut
1210 1496 1344 1551 quos
1396 1480 1551 1535 donis
1577 1479 1886 1534 caelestibus
1914 1473 2140 1538 satiasti,
2183 1473 2267 1529 in-

693 1575 998 1630 tercedente
1046 1574 1201 1628 beato
1245 1571 1538 1627 Laurentio
1581 1579 1818 1640 martyre
1866 1575 1979 1633 tuo,
2013 1575 2266 1638 perpetua

691 1668 1021 1738 proiectione
1048 1667 1334 1722 custodias.
1365 1665 1519 1721 Per.'

763 1761 932 1831 Super
962 1760 1228 1828 populum.
1283 1787 1354 1799 --
1385 1757 1547 1822 Deus,
1578 1755 1730 1824 cujus
1757 1753 2035 1809 charitatis

694 1852 882 1906 beatus
933 1851 1251 1906 Laurentius
1293 1849 1487 1904 edaces
1532 1847 1764 1903 incendii
1812 1845 2081 1910 flammas,
2133 1859 2265 1898 cou-

690 1952 890 2011 tempto
921 1949 1283 2011 persecutore,
1318 1939 1533 2003 devicit,
1565 1937 1801 1993 concede
1843 1945 1899 1990 ut
1942 1948 2130 1989 omnes
2175 1932 2266 2002 qui

691 2031 930 2100 martyrii
978 2029 1097 2098 ejus
1152 2029 1340 2082 merita
1389 2042 1709 2082 veneramur
1760 2024 2108 2094 protectionis
2160 2032 2265 2078 tum

689 2121 890 2176 auxilio
922 2122 1243 2173 muniamur.
1279 2117 1401 2171 Per.

761 2212 901 2265 Alia.
936 2237 1010 2250 —
1051 2208 1229 2264 Sancti
1283 2206 1556 2263 Laurentii
1605 2219 1727 2272 nos,
1780 2204 2029 2271 Domine,
2081 2211 2264 2260 sancta

687 2301 924 2372 precatio
977 2307 1220 2362 tueatur,
1268 2306 1324 2354 et
1373 2297 1513 2365 quod
1552 2306 1733 2352 nostra
1782 2293 2108 2351 conscientia
2158 2309 2265 2349 non

691 2399 948 2458 meretur,
974 2389 1088 2459 ejus
1118 2388 1271 2444 nobis
1295 2387 1384 2458 qui
1408 2386 1500 2442 tibi
1533 2386 1728 2456 placuit
1755 2386 1996 2440 oratione
2017 2385 2264 2439 donetur.

687 2480 808 2534 l’er.

765 2571 907 2626 Alia.
935 2599 1008 2610 —
1037 2570 1192 2626 Adsit
1232 2570 1407 2635 nobis,
1435 2568 1679 2639 Domine,
1726 2582 2051 2639 quaesumus,
2095 2569 2266 2624 sancti

693 2665 961 2720 Laurentii
1012 2663 1264 2734 martyris
1295 2664 1369 2717 tui
1409 2661 1462 2717 in
1511 2671 1600 2716 tua
1628 2660 2018 2732 gloriﬁcatione
2043 2660 2266 2715 benedi-

689 2759 819 2822 ctio,
861 2759 1014 2822 cujus
1059 2755 1214 2811 nobis
1241 2764 1323 2810 est
1355 2753 1513 2809 hodie
1543 2753 1682 2810 facta
1728 2752 2040 2825 suffragium
2079 2753 2134 2809 in
2177 2762 2265 2809 tua

692 2851 888 2904 virtute
912 2847 1202 2902 confessio.
1230 2847 1333 2902 Per
1365 2846 1647 2901 Dominum
1678 2854 1944 2901 nostrum.

765 2938 905 2991 Alia.
937 2961 1009 2978 --
1035 2937 1254 3000 Prmsta,
1287 2949 1616 3005 quaesumus,
1670 2934 1915 2999 Domine,
1963 2943 2019 2988 ut
2056 2947 2269 3005 semper

696 3040 795 3081 nos
822 3029 973 3097 121
996 3025 1132 3079 beati
1155 3023 1426 3078 Laurentii
1455 3024 1725 3078 lauilicent
1744 3021 1894 3096 (446)
1924 3023 2097 3077 votiva
2119 3038 2265 3079 mar-

697 3083 998 3190 tyriaTq-uic
1019 3131 1231 3186 semper
1252 3130 1370 3170 esse
1395 3131 1503 3170 non
1521 3083 1770 3170 desinunt
1790 3083 2120 3172 admiranda.
2145 3116 2268 3172 Per.
2297 3107 2344 3173 C
2374 3083 2580 3190 “"1"?

761 3225 822 3264 ιιι
863 3223 978 3264 inus
1018 3222 1263 3264 sucus“.
1295 3235 1368 3249 -—-
1404 3207 1555 3276 (447)
1593 3223 1817 3264 unus
1848 3222 2038 3264 sucu
2079 3223 2267 3264 neua-

1245 3293 1318 3332 'l'll
1359 3287 1385 3315 ⁸
1418 3292 1696 3332 ιιιιιτιιιιε.

763 3369 907 3425 Beati
959 3368 1183 3424 Tiburtii
1239 3383 1358 3436 nos,
1416 3368 1659 3434 Domine,
1705 3367 1917 3424 foveant
1962 3370 2268 3426 continuata

688 3461 959 3530 praesidia,
987 3461 1108 3530 quia
1158 3474 1265 3514 non
1320 3458 1522 3514 desinis
1581 3459 1840 3528 propitius
1893 3459 2087 3515 intueri
2135 3473 2268 3531 quos

688 3553 876 3606 tatibus
905 3552 1116 3606 auxiliis
1143 3550 1477 3606 concesseris
1501 3549 1761 3620 adjuvari.
1813 3550 1940 3606 Per.

755 3642 933 3708 Super
969 3643 1162 3697 oblata.
1206 3669 1278 3683 —
1305 3641 1527 3710 Adesto,
1578 3641 1821 3709 Domine,
1873 3641 2122 3711 precibus
2170 3656 2268 3713 po-

690 3731 797 3798 puli
827 3735 921 3796 tul,
953 3730 1137 3785 adesto
1165 3730 1495 3799 muneribus,
1530 3739 1586 3786 ut
1611 3747 1729 3801 qua:
1751 3732 1917 3787 sacris
1943 3745 2069 3788 sunt
2089 3735 2264 3790 oblata

689 3824 982 3893 mysteriis,
1013 3833 1223 3878 tuorum
1277 3823 1369 3878 tibi
1426 3824 1672 3893 placeant
1720 3825 2101 3884 intercessione
2138 3843 2264 3884 san-

686 3925 914 3970 ctorum.
946 3914 1047 3969 Per
1080 3914 1357 3970 DOntinum
1391 3926 1650 3971 nostrum.

759 4007 1029 4076 Prafatio.
1055 4038 1124 4048 —
1156 4007 1293 4062 Vere
1330 4008 1547 4078 dignum
1575 4017 1627 4065 et
1663 4009 1866 4078 justum
1895 4020 1999 4079 est,
2050 4028 2261 4081 a-quum

681 4107 738 4153 et
766 4097 1022 4164 salutare,
1048 4113 1145 4153 nos
1174 4098 1269 4152 tibi
1297 4113 1511 4167 semper
1549 4109 1604 4156 et
1632 4101 1828 4172 ubique
1853 4104 2054 4172 gratias
2081 4119 2260 4175 agere,

688 4187 913 4242 Domine
966 4197 1170 4253 sancte,
1224 4187 1383 4243 Pater
1428 4191 1793 4261 omnipotens,
1842 4204 2041 4249 aeterne
2087 4195 2260 4249 Deus:

681 4279 773 4349 qni
804 4279 930 4333 dum
974 4279 1112 4335 beati
1158 4279 1385 4336 Tiburtii
1431 4284 1616 4337 merita
1644 4283 1876 4354 gloriosa
1916 4300 2258 4352 veneramur,

683 4369 836 4438 (448)
882 4369 1138 4423 auxilium
1165 4371 1318 4425 nobis
1339 4381 1441 4426 tuae
1480 4375 1828 4441 protectionis
1856 4375 2040 4432 adfore
2065 4375 2260 4445 depre-

619 4451 622 4454 ’
680 4473 886 4522 camur,
914 4457 1064 4526 (449)
1113 4461 1362 4526 quoniam
1400 4463 1669 4518 credimus
1699 4479 1798 4518 nos
1824 4479 1916 4533 per
1943 4481 2126 4522 eorum
2173 4468 2255 4523 in-
2290 4473 2339 4534 ιι

683 4549 1062 4602 tercessionem
1083 4547 1171 4618 qui
1194 4549 1284 4603 tibi
1309 4551 1556 4619 placuere
1578 4561 1917 4621 peccatorum
1946 4565 2252 4614 nostrorum

681 4641 887 4692 veniam
917 4639 1221 4706 impetrare.
1253 4639 1354 4694 Per
1387 4640 1679 4697 Christum.

753 4729 833 4781 Ad
871 4726 1255 4796 Complendum.
1285 4758 1355 4772 —
1395 4731 1752 4802 Sumpsimus,
1786 4735 2032 4804 Domine,
2064 4737 2256 4809 pignus

680 4821 1059 4889 redemptionis
1085 4830 1338 4877 internae:
1380 4823 1450 4878 sit
1493 4823 1667 4889 nobis,
1712 4841 2038 4896 quaesumus,
2091 4831 2256 4886 inter-

680 4915 924 4969 veniente
968 4913 1125 4968 beato
1172 4914 1413 4971 Tiburtio
1464 4926 1698 4989 martyre
1763 4928 1877 4988 tuo,
1923 4921 2075 4992 (450)
2129 4924 2251 4979 vita:

682 5007 955 5076 praesentis
983 5005 1235 5061 auxilium
1262 5008 1461 5076 pariter
1480 5019 1534 5064 et
1559 5012 1768 5066 futurae.
1803 5012 1926 5069 Per.

753 5192 779 5219 λ
820 5180 876 5235 In
901 5181 1123 5265 Kalend.
1143 5184 1327 5265 _Ron_t.
1379 5188 1638 5265 additur:
1695 5188 1785 5244 Die
1830 5190 1961 5265 SS..
2010 5190 2113 5247 hoc
2140 5200 2243 5259 est,

678 5267 837 5334 supra
867 5256 1058 5317 scripta
1084 5272 1098 5308 :
1134 5256 1310 5312 Natal.
1342 5271 1528 5314 sanctae
1550 5259 1820 5315 Susanmc.
1853 5262 1944 5316 Die
1971 5278 2098 5315 vero
2127 5256 2246 5333 seq.

679 5325 870 5385 legitur
899 5338 914 5378 :
950 5323 1043 5377 Die
1069 5325 1136 5379 η
1165 5326 1333 5382 Mens.
1364 5331 1500 5385 Aua.
1536 5327 1717 5384 Natal.
1749 5332 1907 5384 sancti
1937 5331 2116 5385 Eunli.

730 5339 870 5430 gitur
899 5339 914 5378 :
950 5339 1043 5377 me
1069 5339 1136 5407 1.2
1165 5339 1333 5382 Mens.
1364 5339 1500 5412 Aug.
1536 5339 1717 5384 Natal.
1749 5339 1907 5412 sancti
1937 5339 2143 5418 Eupli.‘
2187 5402 2198 5413 θ

821 5393 1132 5479 Ιξιῐὶιιιιξξιει,
1156 5401 1454 5479 ριἰςοιιειιεηἱ
1481 5400 1788 5479 Itaquoque
1811 5404 2072 5479 legiturin
2107 5401 2246 5479 seu.

677 5463 908 5587 gagatem
954 5463 1049 5517 sed
1109 5463 1385 5538 presbyt'eri
1423 5463 1754 5526 desideratur
1811 5463 1886 5524 inv
1915 5472 2048 5526 Cod.
2109 5471 2242 5541 Reg.

723 5553 748 5581 ¹Ι
821 5571 837 5588 ο

751 5611 773 5638 ο
815 5603 1008 5681 Censet
1038 5602 1301 5681 famelius
1332 5608 1433 5681 hoc
1486 5609 1716 5681 officium
1762 5619 1817 5665 et
1862 5625 2093 5681 sequens
2139 5626 2243 5666 non

676 5685 798 5728 esse
822 5675 988 5727 sancti
1029 5673 1294 5745 Gregorii.
1344 5679 1466 5736 licet
1495 5677 1755 5748 Gregorio
1779 5695 1899 5736 esse
1932 5673 2241 5748 vetustiora,

3035 467 3321 506 IARTYRIM

2436 542 2622 598 Sancti
2671 542 2926 612 martyris
2976 543 3049 596 tui
3107 542 3403 613 Hippolyti,
3451 541 3697 610 Domine,
3745 560 3963 614 quasu-

2366 649 2503 698 mus,
2533 635 2835 689 veneranda
2863 633 3128 688 festivitas
3151 634 3404 689 salutaris
3430 635 3613 690 auxilii
3643 636 3808 692 nobis
3832 653 3961 706 pra:-

2364 732 2469 778 stet
2497 735 2864 795 augmentum.
2902 725 3028 780 Per.

2437 815 2606 886 Super
2630 815 2823 870 oblata.
2869 846 2942 856 —
2988 816 3236 885 Respice,
3292 817 3539 884 Domine,
3598 834 3831 876 munera
3881 837 3962 889 po-

2367 907 2478 976 puli
2509 908 2606 972 tui,
2644 915 2948 962 sanctorum
2980 906 3270 962 festivitate
3299 909 3495 972 votiva,
3536 920 3591 964 et
3637 919 3742 964 tum
3779 912 3962 966 testiﬁ-

2366 999 2509 1053 catio
2537 997 2779 1054 veritatis
2826 997 2981 1053 nobis
3013 997 3260 1067 proficiat
3301 998 3368 1052 ad
3417 1000 3666 1054 salutem.
3717 1000 3829 1056 Per
3867 1001 3960 1058 Do-

2366 1091 2593 1147 minum.

2445 1181 2717 1252 Prwfatio.
2750 1209 2822 1223 —
2846 1181 2987 1236 Vere
3017 1181 3232 1250 dignum
3265 1189 3320 1236 et
3361 1182 3564 1252 justum
3595 1192 3699 1250 est,
3745 1200 3956 1256 equum

2377 1285 2430 1328 et
2458 1273 2713 1338 salutare,
2743 1287 2840 1326 nos
2871 1272 2967 1327 tibi
2997 1287 3210 1342 semper
3235 1283 3291 1328 et
3323 1274 3517 1344 ubique
3551 1277 3751 1346 gratias
3779 1292 3955 1347 agere,

2374 1362 2594 1417 Domine
2635 1372 2839 1429 sancte,
2895 1363 3054 1417 Pater
3097 1365 3454 1433 omnipotens,
3521 1376 3727 1423 aeterne
3778 1368 3952 1423 Deus:

2369 1462 2423 1508 et
2450 1453 2598 1525 (452)
2630 1463 2772 1508 tuam
2799 1453 3139 1509 clementiam
3189 1457 3327 1510 votis
3374 1457 3706 1526 supplicibus
3764 1459 3953 1529 implo-

2380 1559 2526 1615 rare,
2557 1555 2614 1599 ut
2642 1545 2784 1600 beati
2835 1544 3106 1616 llippolyti
3138 1544 3452 1600 intercessio
3496 1557 3846 1616 peccatorum
3876 1565 3959 1603 no-

2371 1644 2607 1690 strorum
2649 1633 2806 1689 nobis
2849 1633 3090 1689 obtineat
3129 1635 3364 1700 veniam,
3418 1635 3507 1703 qui
3564 1652 3656 1705 per
3707 1646 3956 1695 tormenta

2074 1749 2266 1805 ardore
2299 1743 2343 1804 Β
2373 1726 2632 1798 passionis
2659 1734 2914 1781 aeternam
2947 1726 3196 1796 pervenit
3221 1726 3288 1780 ad
3341 1727 3588 1795 gloriam.
3653 1729 3761 1785 Per
3814 1730 3955 1786 Chri-

2368 1829 2532 1876 stum.

2440 1913 2522 1966 Ad
2552 1910 2947 1984 Complendum.
2971 1939 3041 1953 -
3079 1909 3549 1966 Sacramentornm
3580 1918 3816 1976 tuorum,
3861 1911 3955 1969 Do-

2371 2004 2534 2071 mine,
2566 2002 2873 2058 communio
2898 2010 3109 2071 sumpta
3139 2015 3237 2055 nos
3262 2001 3452 2068 salvet,
3481 2010 3554 2068 et,
3579 2001 3945 2058 intercedente

2372 2097 2525 2151 beato
2565 2095 2852 2166 Hippolyto
2900 2102 3136 2166 martyre
3190 2104 3300 2161 tuo,
3335 2094 3387 2150 in
3436 2103 3541 2149 tua:
3568 2097 3810 2152 veritatis
3839 2098 3949 2154 luce

2367 2190 2672 2244 confirmet.
2722 2188 2845 2243 Per.

2441 2297 2530 2336 ιιι
2568 2295 2842 2334 ιιλιειςιηιε
2881 2293 3226 2334 δερτειωιιιθ.
3264 2308 3335 2320 --
3365 2294 3582 2334 ιιλτΑιις
3627 2295 3816 2336 εωετι

2863 2365 2998 2405 seen
3029 2349 3055 2388 ι’
3090 2364 3466 2406 conressoms.

2441 2441 2600 2505 Deus,
2635 2440 2729 2510 qui
2753 2454 2850 2495 nos
2890 2440 3034 2496 beati
3068 2440 3286 2494 Eusebii
3327 2439 3649 2494 confessoris
3676 2439 3753 2494 tui
3785 2455 3951 2496 annua

2368 2533 2706 2589 solemnitate
2743 2535 2900 2604 122
2926 2531 3184 2598 laetificas,
3216 2530 3452 2587 concede
3485 2530 3747 2601 propitius
3787 2539 3842 2584 ut
3871 2546 3951 2584 cu~

2363 2625 2452 2694 jus
2476 2624 2714 2678 natalitia
2740 2623 2986 2693 colimus,
3022 2637 3116 2693 per
3152 2625 3269 2691 ejus
3298 2622 3363 2677 ad
3392 2633 3444 2678 te
3482 2622 3729 2692 exempla
3758 2621 3957 2692 gradia-

2370 2730 2508 2770 ntur.
2541 2715 2665 2769 l’er.

2442 2806 2608 2877 Super
2651 2805 2839 2860 oblata.
2871 2834 2942 2846 —
2980 2802 3177 2860 Laudis
3232 2812 3360 2870 tum,
3413 2803 3659 2871 Domine,
3711 2803 3950 2860 immola-

2372 2914 2490 2954 mus
2521 2897 2735 2953 Hostias
2765 2899 2820 2953 in
2866 2907 3076 2952 tuorum
3103 2897 3613 2953 commemoratione
3646 2907 3948 2952 sanctorum

2368 2991 2563 3061 quibus
2585 3005 2681 3045 nos
2705 2997 2760 3046 et
2787 2987 3144 3060 praesentibus
3173 2987 3297 3044 exui
3328 2990 3483 3045 malis
3531 2989 3858 3046 confidimus
3901 2995 3948 3043 et

2615 3083 2718 3138 Per
2762 3081 3069 3137 Dominum.

2444 3172 2716 3244 Prwfatio.
2746 3201 2818 3213 —
2844 3171 2985 3228 Vere
3006 3172 3224 3243 dignum
3255 3181 3311 3229 et
3351 3172 3553 3243 justum
3597 3180 3704 3240 est,
3746 3188 3947 3244 equum

2368 3274 2423 3322 et
2447 3265 2702 3334 salutare,
2733 3277 2831 3319 nos
2857 3263 2951 3318 tibi
2981 3278 3198 3330 semper
3226 3272 3282 3318 et
3309 3263 3505 3334 ubique
3543 3265 3746 3335 gratias
3773 3279 3945 3335 agere,

2373 3357 2591 3412 Domine
2612 3364 2820 3423 sancte,
2849 3356 3007 3413 Pater
3036 3356 3397 3425 omnipotens,
3428 3366 3629 3411 aeterne
3663 3356 3802 3412 Dens
3833 3375 3848 3411 :
3897 3365 3946 3411 et

2367 3449 2704 3505 clementiam
2731 3458 2877 3503 tuam
2906 3447 3090 3517 pronis
3132 3450 3401 3504 mentibus
3429 3446 3739 3517 implorare,
3775 3457 3827 3502 ut
3865 3463 3946 3516 per

2368 3540 2512 3596 beati
2547 3540 2768 3596 Eusebii
2796 3539 3128 3596 confessoris
3175 3541 3249 3595 tui
3281 3540 3746 3604 intercessionem,
3778 3543 3946 3596 saluti-

2371 3630 2536 3688 feram
2578 3631 2632 3685 in
2664 3631 2865 3686 nostris
2906 3631 3174 3686 mentibus
3204 3631 3383 3687 firmes
3413 3630 3777 3686 devotionem.
3805 3630 3946 3686 Con-

2369 3723 2633 3794 cedasque
2661 3731 2719 3778 ut
2762 3723 2900 3777 sicut
2929 3735 2981 3777 te
3018 3723 3186 3778 solum
3236 3723 3507 3778 credimus
3551 3721 3867 3785 Auctorem,
3895 3729 3947 3776 et

2365 3829 2680 3869 veneramur
2705 3814 3060 3879 Salvatorem,
3099 3816 3176 3868 sic
3206 3814 3258 3868 in
3299 3822 3606 3882 perpetuum
3635 3813 3752 3882 ejus
3781 3813 3945 3866 inter-

2365 3915 2522 3960 ventu
2565 3905 2855 3960 habeamus
2882 3904 3199 3974 adjutorem.
3230 3903 3330 3958 Per
3354 3903 3646 3957 Christum.

2437 3997 2516 4050 Ad
2544 3995 2936 4064 Compleudum.
2964 4023 3036 4036 —-
3062 3994 3243 4052 Sancti
3268 3993 3485 4049 Eusebii
3535 3993 3770 4048 natalitia
3811 3991 3944 4048 cele-

2364 4088 2608 4153 brantes,
2637 4086 2907 4156 supplices
2944 4094 3020 4153 te,
3073 4085 3322 4151 Domine,
3352 4085 3726 4153 deprecamur,
3757 4090 3814 4137 ut
3855 4082 3947 4136 hoc

2365 4176 2507 4232 idem
2536 4178 2689 4233 nobis
2717 4191 2930 4247 semper
2960 4175 3304 4247 indulgentia:
3349 4189 3510 4232 causa
3538 4175 3609 4230 sit
3657 4183 3713 4230 et
3743 4173 3946 4230 salutis.

2365 4268 2490 4324 Per.

2434 4395 2610 4437 EODBII
2663 4395 2773 4436 me.
2819 4379 2972 4452 (454)
3019 4390 3042 4419 ο
3079 4394 3270 4434 νιαιιιλ
3318 4391 3690 4434 Αεευιιιιτιοτιιε
3731 4388 3946 4431 stncrs

3053 4466 3253 4505 IABIE.

2430 4562 2594 4630 Dens,
2616 4561 2706 4632 qui
2735 4561 3046 4632 virginalem
3087 4561 3264 4616 aulam
3305 4559 3474 4615 beatae
3522 4557 3724 4620 Mariae,
3759 4557 3813 4611 in
3839 4570 3937 4624 qua

2358 4653 2646 4719 habitares,
2677 4654 2871 4724 eligere
2891 4652 3140 4722 dignatus
3166 4666 3248 4720 es,
3271 4651 3359 4716 da,
3381 4665 3713 4720 quassamus,
3746 4659 3808 4703 ut
3835 4662 3931 4703 sua

2357 4759 2458 4798 nos
2487 4743 2800 4799 defensione
2844 4744 3076 4799 munitos
3117 4741 3380 4812 iucundos
3410 4741 3565 4812 (455)
3617 4736 3783 4794 faciat
3829 4753 3940 4794 Suae

2363 4837 2634 4890 interesse
2655 4834 2954 4890 festivitati.
2983 4835 3084 4901 Qui
3113 4834 3248 4890 vivis
3275 4845 3328 4886 et
3349 4846 3560 4901 regnas.

2429 4926 2600 4992 Super
2617 4927 2810 4981 oblata.
2838 4956 2909 4967 —
2929 4927 3120 4996 Magna
3141 4936 3246 4991 est,
3275 4925 3518 4990 Domine,
3547 4922 3686 4993 apud
3711 4922 3943 4978 clemen-

2355 5017 2483 5073 tiam
2527 5029 2667 5072 tuam
2697 5018 2790 5074 Dei
2840 5018 3127 5074 Genitricis
3169 5016 3363 5084 oratio,
3411 5030 3568 5086 quam
3619 5016 3824 5071 idcirco
3873 5016 3942 5070 de

2359 5198 2650 5268 verisimile
2679 5199 2779 5268 ipsi
2818 5197 3083 5256 videatur.
3129 5200 3273 5258 Sane
3314 5206 3524 5254 exstant
3544 5197 3598 5252 in
3625 5195 3762 5253 Cod.
3796 5195 3933 5263 Reg.

2358 5266 2543 5331 Suec.,
2593 5269 2645 5323 in
2677 5266 2904 5338 utroque
2947 5270 3175 5336 Theod.,
3227 5269 3280 5324 in
3328 5269 3560 5334 Gemet.,
3591 5277 3726 5336 etc.,
3776 5269 3939 5338 etigm

2360 5340 2462 5408 sub
2511 5335 2885 5408 Assumptiouis
2916 5340 3090 5394 titulo.
3128 5335 3351 5395 Notatur
3401 5340 3499 5394 hoc
3547 5335 3719 5393 modo
3738 5335 3943 5408 inAKs-

2357 5407 2499 5462 lend.
2533 5404 2739 5464 Βοηιά
2774 5408 2868 5479 Die
2902 5410 2968 5464 15
3017 5426 3174 5463 mens.
3204 5411 3336 5479 Aug.
3388 5408 3673 5464 Sollemnia
3701 5409 3766 5479 de
3797 5404 3940 5460 Pau-

2354 5479 2550 5532 satione
2578 5489 2767 5548 sanctis
2788 5478 2989 5533 Mariae.
3026 5479 3123 5534 Ubi
3153 5477 3364 5547 quoque
3390 5481 3696 5548 assignatur
3727 5477 3932 5548 Evang.

2355 5550 2559 5602 intrauit
2596 5547 2750 5603 Iesus
2780 5551 2832 5603 in
2868 5551 3126 5617 quoddam
3174 5545 3382 5603 Vcastell.
3439 5545 3676 5603 Co'nsule
3734 5545 3937 5603 doctis-

2351 5619 2469 5673 simi
2499 5619 2654 5675 Joan.
2693 5620 2978 5677 Fronton:s
2998 5631 3153 5677 notas
3173 5621 3240 5676 ad
3263 5621 3414 5680 hunc
3445 5619 3644 5677 locum.
