4026 6310
208 234 313 291 153

1399 226 1603 284 LIBER
1646 227 2278 287 SACRAMENTORUM.

3394 243 3496 299 154

207 349 461 425 prazseuti
491 349 695 404 nec-do
723 341 1063 405 transtulisti,
1093 347 1150 394 ut
1179 354 1278 408 pro
1318 344 1564 409 peccatis
1613 345 1812 399 nostris
1841 349 1890 406 Α
1989 345 2068 398 Ad
2115 343 2508 415 Comptendum.
2556 373 2624 385 —
2677 344 2876 401 Mensa:
2926 347 3164 404 caelestis
3211 354 3501 426 participes

208 445 347 510 aptid
393 453 444 498 te
475 441 800 496 ﬁducialiter
829 434 1144 493 intercedat.
1197 431 1299 487 Per
1326 434 1576 488 eumdem
1607 434 1796 490 Domi-

209 548 362 590 Illi").

282 627 364 680 Ad
417 621 810 693 Comptendum.
867 649 938 662 —
992 619 1208 674 Caelesti
1265 630 1488 673 munere
1550 614 1804 682 satiatos,

209 719 560 784 omnipotens
599 713 763 776 Deus,
801 719 887 764 tua
941 724 1039 764 nos
1081 709 1414 780 protectioue
1466 706 1697 766 custodi,
1753 714 1810 762 et

208 806 547 862 castimonia:
577 816 764 873 parem
814 800 1082 856 mentibus
1125 800 1322 854 nostris
1364 807 1525 868 atque
1571 797 1811 867 corpori-

214 897 346 960 bus,
377 893 741 950 intercedente
775 895 930 948 beata
969 891 1154 956 Maria,
1205 889 1526 958 propitiatus
1570 888 1806 956 indulge,

210 997 268 1036 ut
316 984 561 1038 veniente
614 994 814 1050 sponso
868 978 1006 1034 Filio
1056 989 1153 1034 tuo
1197 977 1506 1048 Unigenito,
1563 976 1809 1032 accensis

216 1074 578 1144 lampadibus,
609 1073 726 1141 ejus
755 1072 914 1141 digne
960 1071 1332 1142 prazstnlemur
1373 1084 1680 1126 occursum.
1709 1071 1812 1136 Qui

209 1168 344 1221 vivit
372 1179 426 1220 et
452 1176 640 1234 regnat
663 1164 806 1220 Deus
827 1165 881 1217 in
913 1164 1120 1218 unitate
1141 1161 1375 1230 Spiritus
1403 1161 1596 1216 sancti.

287 1256 431 1310 Alia.
459 1285 528 1294 —
550 1255 818 1319 Concede,
850 1256 1159 1309 misericors
1191 1253 1353 1319 Deus,
1394 1249 1673 1320 fragilitati
1716 1265 1814 1304 no-

212 1356 346 1400 stne
393 1345 725 1413 praesidium,
757 1353 814 1398 ut
859 1343 950 1412 qui
999 1351 1198 1398 sancta:
1254 1341 1348 1396 Dei
1402 1341 1686 1397 Ceuitricis
1729 1355 1813 1395 re-

207 1452 394 1508 quiem
418 1436 772 1499 celebramus,
816 1433 1224 1489 intercessionis
1251 1431 1366 1501 ejus
1389 1430 1592 1484 auxilio
1623 1445 1651 1483 a
1700 1443 1799 1483 no-

210 1529 344 1584 stris
373 1527 745 1596 iniquitatibus
774 1539 1138 1596 resurgamus.
1189 1526 1289 1580 l‘er
1317 1525 1589 1579 eumdem.

281 1620 427 1672 Alia.
457 1646 526 1658 —
554 1617 820 1683 Concede,
868 1631 1198 1687 quaesumus,
1244 1616 1586 1686 omnipotens
1645 1615 1809 1680 Deus,

1910 435 2112 501 ellccti,
2146 436 2493 504 imploramus
2520 437 2860 492 clementiam
2895 447 3059 506 tuam,
3103 440 3327 498 Domine
3361 447 3503 502 Dens

1911 536 2113 591 noster,
2146 527 2320 595 utqui
2355 528 2488 582 festa
2540 528 2634 582 Dei
2664 527 2952 583 Genitricis
2997 530 3225 585 colimus
3274 547 3302 586 a
3351 537 3506 591 malis

1910 615 2313 671 imminentibus
2341 617 2459 688 ejus
2511 618 2988 674 intercessionibus
3038 620 3348 678 liberemur.
3401 625 3508 680 Per

1921 709 2190 764 eumdem.

1990 804 2128 856 Alia.
2159 831 2234 845 -
2263 801 2481 871 Porrige
2531 803 2706 867 nobis,
2752 804 2992 871 Domine,
3024 805 3300 861 dexteram
3333 817 3503 878 tuam,

1916 903 1965 946 et
1997 908 2091 960 per
2120 893 2558 946 intercessionem
2609 895 2777 949 beata:
2806 905 2860 949 et
2903 897 3150 965 gloriosae
3188 913 3508 970 semperque

1913 985 2131 1052 virginis
2155 983 2442 1037 Genitricis
2468 984 2646 1039 Maria:
2670 986 2926 1040 auxilium
2951 989 3102 1043 nobis
3123 994 3368 1060 superna:
3399 994 3502 1048 vir-

1915 1073 2044 1126 tutis
2075 1071 2348 1140 impende.
2396 1070 2496 1125 Pcr
2526 1071 2794 1125 eumdem.

2023 1172 2089 1211 ιν
2120 1171 2394 1210 ιλιι-πωλεῖ
2438 1171 2793 1211 δερτειιιιιιιε.
2840 1187 2912 1198 -
2955 1174 3180 1215 Μτλιιε
3210 1179 3398 1221 ειικοτι

2406 1241 2617 1281 ΔῧΑΡΙΤΙ
2659 1225 2686 1264 δ
2739 1242 3020 1285 ιιηιτῖιιις.

1984 1315 2136 1387 (460)
2170 1316 2348 1372 Sancti
2380 1317 2629 1387 martyris
2657 1316 2731 1371 tui
2753 1315 2967 1388 Agapiti
2998 1330 3188 1374 merita
3234 1338 3355 1389 nos,
3400 1325 3505 1378 Do-

1913 1409 2078 1476 mine,
2117 1408 2274 1480 124
2297 1411 2525 1477 pretiosa
2558 1420 2824 1476 tueantur,
2878 1410 2932 1466 in
2976 1413 3192 1480 quibu.~',
3250 1425 3353 1470 tua:
3405 1417 3508 1471 Ma-

1909 1499 2121 1570 jestatis
2141 1516 2304 1569 Opera
2347 1501 2698 1568 prmdicantcs
2717 1543 2732 1567 ,
2758 1510 2813 1557 et
2842 1517 3078 1572 prmsens
3103 1505 3379 1575 capiamus
3409 1510 3506 1564 ad-

1910 1588 2169 1658 jutorium
2203 1599 2256 1644 et
2281 1586 2542 1644 futurum.
2585 1590 2707 1647 Per.

209 1709 275 1763 ad
305 1708 475 1763 beata:
508 1707 688 1762 Mariae
719 1679 934 1776 semper
963 1679 1191 1778 virginis
1212 1679 1413 1775 gaudia.
1446 1715 1648 1760 aeterna
1679 1679 1803 1774 per-7

1987 1679 2157 1749 Super
2181 1679 2371 1732 oblata.
2411 1710 2480 1720 ——
2511 1680 2756 1750 Suscipe,
2814 1683 3060 1748 Domine,
3112 1702 3352 1756 munera,
3387 1705 3508 1759 qua:

211 1797 444 1868 tingere,
476 1798 543 1852 de
570 1796 726 1866 cujus
750 1811 848 1851 nos
876 1796 1178 1851 veneranda
1202 1795 1587 1865 Assumptione
1613 1795 1808 1852 tribuis

217 1905 396 1944 annua
429 1889 770 1944 solemnitate
799 1886 1055 1956 gaudere.
1089 1885 1212 1941 Per.

333 1981 489 2053 123
537 1996 668 2035 xvm
709 1993 982 2035 KALENDAS
1029 1993 1374 2033 ssrrsunnls.
1406 2006 1475 2019 —
1534 1977 1684 2049 (456)

481 2085 770 2124 Αεειιιιιιτιο
812 2084 1030 2125 ΞΑΝῦΤΒ
1067 2084 1245 2124 ΙΙΔΒΙΒ
1289 2084 1531 2125 νιιισιιηιε.

284 2162 442 2231 (457)
472 2161 786 2216 Veneranda
816 2162 990 2226 nobis,
1036 2160 1278 2224 Domine,
1311 2161 1469 2230 hujus
1500 2168 1583 2216 est
1609 2158 1714 2216 diei
1741 2158 1814 2214 fc-

211 2252 451 2316 stivitas,
481 2254 534 2307 in
579 2267 682 2323 qua
717 2264 905 2308 sancta
935 2251 1029 2306 Dei
1070 2251 1317 2307 Genitrix
1371 2260 1599 2308 mortem
1646 2251 1814 2307 subiit

214 2345 596 2416 temporalem,
633 2361 732 2400 nec
761 2355 938 2400 tamen
968 2345 1154 2399 mortis
1178 2344 1410 2400 nexibus
1457 2344 1686 2412 deprimi
1719 2357 1810 2412 po-

211 2440 339 2501 tuit,
371 2453 488 2503 quae
513 2436 705 2491 Filium
753 2445 902 2491 tuum
933 2435 1218 2490 Dominum
1247 2445 1490 2506 nostrum
1522 2435 1591 2490 de
1614 2450 1674 2490 se
1715 2449 1812 2505 ge-

213 2527 332 2585 nuit
355 2529 716 2582 incarnatum.
747 2527 846 2594 Qui
877 2536 1053 2581 tecum
1079 2527 1208 2582 vivit
1236 2534 1291 2582 et
1320 2535 1511 2598 regnat
1541 2527 1707 2582 Deus.

285 2621 368 2674 Ad
399 2619 636 2675 Missam.
669 2649 738 2661 —
768 2618 1112 2675 Famulorum
1159 2629 1396 2684 tuorum,
1440 2617 1682 2686 Domine,
1715 2621 1814 2676 de-

214 2712 358 2769 lictis
401 2713 642 2782 ignosce,
669 2719 726 2766 et
770 2711 860 2780 qui
891 2710 1102 2780 placere
1147 2711 1215 2767 de
1243 2711 1449 2767 actibus
1478 2712 1676 2767 nostris
1707 2728 1812 2768 nou

212 2805 474 2872 valemus,
508 2803 798 2860 Genitricts
829 2803 948 2859 Filii
982 2803 1057 2858 tui
1087 2803 1294 2860 Domini
1331 2804 1502 2860 nostri
1541 2805 1817 2862 interces-

212 2897 374 2954 sione
401 2899 692 2952 satvemur.
723 2895 822 2964 Qui
855 2904 1032 2951 tecum
1055 2896 1203 2952 vivit.

289 2988 470 3058 Super
515 2987 709 3043 oblata.
741 3017 812 3028 —
839 2987 1156 3054 Subveniat,
1209 2986 1456 3055 Domine,
1507 2988 1647 3058 plebi
1686 2999 1812 3057 tute,

213 3083 309 3138 Dci
340 3081 633 3137 Genitricis
678 3083 874 3146 oratio,
904 3095 1063 3151 quam
1089 3079 1193 3135 etsi
1234 3095 1330 3148 pro
1357 3081 1664 3137 conditione
1691 3097 1814 3138 car-
1844 3073 1889 3137 C

214 3176 301 3231 nis
330 3174 594 3245 migrasse
622 3175 1024 3246 cognoscimus,
1055 3173 1109 3229 in
1139 3174 1347 3230 calesti
1391 3175 1562 3245 gloria
1591 3177 1732 3245 apud
1761 3184 1815 3233 te

213 3279 317 3336 pro
346 3266 499 3320 nobis
525 3280 688 3322 orare
727 3266 1044 3322 sentiamus.
1088 3264 1190 3322 Per
1231 3265 1477 3322 eumdem
1520 3267 1804 3323 Dominum

215 3364 490 3412 nostrum.

293 3469 564 3538 Prafatio.
603 3496 677 3510 —-
707 3466 843 3524 Vere
871 3467 1088 3538 dignum
1115 3475 1170 3523 et
1209 3467 1412 3537 justum
1462 3475 1569 3533 est,
1607 3482 1816 3535 aequum

213 3569 272 3618 et
297 3562 556 3626 salutare,
589 3575 686 3615 nos
709 3560 807 3615 tibi
853 3575 1067 3628 semper
1091 3567 1147 3614 et
1172 3558 1366 3628 ubique
1395 3557 1600 3628 gratias
1627 3573 1814 3627 agr-re,

217 3652 449 3708 Domine
500 3661 708 3715 sancte,
756 3649 914 3704 Pater
976 3651 1336 3718 omnipotens,
1390 3659 1590 3703 aeterne
1636 3649 1812 3708 Dcus:

214 3753 271 3797 ct
301 3752 354 3798 te
380 3744 432 3797 in
465 3743 809 3797 veneratione
831 3755 1104 3796 sacrarum
1132 3739 1395 3810 virginum
1426 3739 1820 3794 exsultantibus

214 3834 420 3889 animis
471 3833 712 3897 laudare,
745 3833 1068 3887 benedicere
1093 3840 1148 3887 et
1175 3829 1465 3899 praedicare
1495 3847 1508 3883 :

290 3927 452 3997 ($58)
487 3925 629 3980 inter
671 3940 806 3994 quas
853 3925 1171 3981 intemerata
1224 3921 1319 3978 Dei
1377 3921 1620 3978 Genitrix
1671 3922 1820 3992 virgo

217 4016 411 4079 Ilaria,
471 4017 627 4082 cujus
681 4014 1076 4083 Assumptionis
1127 4013 1268 4068 diem
1308 4012 1663 4076 celebramus,
1707 4014 1823 4084 glo-

213 4112 366 4166 riosa
397 4107 604 4163 effulsit
634 4125 651 4160 :
701 4106 832 4175 Quae
866 4117 920 4162 et
949 4106 1292 4176 Unigenitum
1325 4113 1473 4160 tuum
1501 4107 1669 4161 sancti
1699 4107 1823 4176 Spi-

219 4200 362 4254 ritus
408 4198 822 4253 obumbratione
863 4198 1131 4267 concepit,
1183 4204 1240 4251 et
1286 4195 1603 4266 virginitatis
1650 4196 1821 4266 gloria

217 4297 597 4359 permanente,
631 4287 756 4342 huic
783 4287 982 4344 mundo
1011 4290 1188 4344 lumen
1213 4297 1472 4343 aeternum
1499 4286 1706 4353 ell'udit,
1732 4287 1822 4344 Je-

219 4400 346 4439 sum
377 4382 652 4439 Christum
706 4382 988 4437 Dominum
1017 4390 1283 4437 nostrum.
1318 4381 1422 4436 Per
1460 4395 1641 4449 quem.

299 4484 327 4510 ι
369 4474 683 4528 Benedictio.
722 4503 796 4514 —-
821 4472 970 4546 (459)
1001 4473 1164 4538 Deus,
1195 4472 1282 4542 qui
1311 4487 1404 4541 per
1435 4472 1601 4526 beatae
1637 4471 1819 4527 Maria:

223 4569 459 4638 virginis
487 4575 696 4636 partum
727 4582 894 4635 genus
945 4567 1236 4621 humanum
1276 4564 1524 4634 dignatus
1550 4573 1634 4620 est
1676 4564 1823 4620 redi-

226 4674 402 4724 mere,
434 4672 534 4710 sua
590 4673 684 4711 vos
726 4657 976 4726 dignetur
1036 4654 1415 4712 benedictione
1469 4653 1819 4723 locupletare.

227 4749 428 4802 Amen.
465 4747 701 4817 Ejusque
743 4760 960 4815 semper
987 4754 1044 4802 et
1071 4745 1272 4813 ubique
1300 4743 1595 4814 patrocinia
1621 4741 1824 4799 sentia-

229 4841 324 4904 tis,
358 4854 422 4892 ex
451 4838 604 4906 cujus
634 4837 953 4892 intemerato
980 4844 1134 4891 utero
1163 4842 1439 4891 auctorem
1488 4835 1612 4889 vitae
1639 4834 1826 4889 susci-

229 4945 370 5000 pere
411 4930 702 4984 meruistis.
734 4931 924 4984 Amen.
960 4927 1025 4983 Et
1051 4927 1143 4998 qui
1167 4926 1235 4981 ad
1282 4926 1401 4995 ejus
1448 4925 1822 4981 celebrandam

231 5022 591 5077 festivitatem
619 5020 876 5077 hodierna
905 5021 991 5076 die
1020 5020 1234 5075 devotis
1269 5018 1540 5076 mentibus
1580 5018 1835 5073 conveni-

229 5116 362 5178 stis,
384 5113 705 5183 spiritalium
728 5113 1039 5184 gaudiorum
1057 5122 1112 5169 et
1139 5122 1461 5168 aeternorum
1489 5111 1834 5181 pmmiorum

231 5206 518 5260 vobiscum
554 5220 777 5262 munera
801 5206 1111 5276 reponetis.
1135 5206 1329 5261 Amen.
1362 5203 1514 5272 Quod
1544 5203 1658 5273 ipse
1698 5218 1836 5273 prte-

228 5309 390 5355 stare
431 5301 702 5369 dignetur.

318 5425 344 5450 ⁸·
391 5416 704 5471 Benedictio
733 5414 847 5469 haec
876 5415 928 5468 in
958 5414 1376 5470 Brnedictionali
1398 5416 1724 5470 continetur.

317 5483 347 5522 δ
389 5486 554 5540 Deest
583 5489 847 5554 martyris,
877 5488 928 5540 in
973 5487 1109 5543 Cod.
1146 5487 1278 5556 Reg.
1337 5486 1564 5542 Suecizn.
1619 5485 1722 5543 Sed
1779 5485 1831 5542 in

239 5557 422 5626 prima
455 5558 707 5611 Oratione
742 5557 954 5625 Ιθεῖιιιιι.

320 5635 349 5664 ε
393 5628 505 5681 Iloc
547 5626 737 5680 festum
767 5623 1030 5683 ιιῐιιὶιιὶιιιι⁸
1055 5627 1108 5682 in
1155 5626 1378 5682 Kalend.
1412 5625 1593 5690 Rom.,
1635 5627 1687 5681 in
1728 5623 1832 5680 Ca-

243 5693 389 5750 lcnsi
407 5709 462 5751 et
487 5696 539 5751 in
566 5696 695 5752 Cod.
730 5698 859 5760 Reg.
905 5698 1061 5753 Suec.
1111 5697 1300 5753 Exstat
1348 5700 1401 5753 in
1454 5697 1687 5764 Cernet.,
1741 5697 1831 5752 ubi

1910 1769 1962 1823 in
1991 1769 2110 1838 ejus
2133 1770 2225 1824 tibi
2265 1770 2608 1826 solemnitate
2647 1773 2959 1842 deferunus,
2996 1777 3148 1844 cujus
3180 1795 3278 1834 nos
3323 1783 3495 1836 conli-

1911 1861 2091 1916 ditnus
2121 1863 2422 1928 patrocinio
2450 1863 2689 1918 liberari.
2723 1865 2824 1920 Per
2852 1866 3157 1924 Dominum.

1987 1953 2068 2006 Ad
2096 1951 2489 2022 Complendum.
2513 1955 2868 2026 —Protegat,
2901 1975 3226 2029 quaesumus,
3261 1964 3505 2035 Domine,

1912 2043 2164 2112 populum
2189 2053 2361 2107 tuum,
2393 2053 2446 2099 et
2495 2045 2835 2115 participatio
2861 2051 3096 2107 caelestis
3141 2054 3341 2110 indulta
3372 2074 3506 2112 con-

1913 2133 2055 2195 vivii,
2091 2142 2145 2188 et
2171 2134 2478 2205 deprecatio
2502 2136 2700 2191 collata
2724 2148 3055 2195 sanctorum.
3083 2144 3182 2198 Per
3214 2146 3501 2204 Dominum

1912 2232 2174 2279 nostrum.

1983 2331 2039 2371 ιι
2070 2331 2345 2372 κιςιειωλε
2374 2331 2720 2374 SEPTEIBBIS.
2753 2350 2824 2362 —
2871 2338 3098 2379 NATALIS
3136 2341 3323 2384 SANCTI
3352 2346 3506 2386 τιιιο-

2479 2405 2606 2444 THE!
2646 2406 2931 2446 IARTYRIS.

1995 2479 2263 2534 Auxilium
2311 2488 2458 2534 tuum
2489 2482 2666 2547 nobis,
2697 2482 2942 2554 Domine,
2973 2503 3300 2557 quaesumus,
3334 2495 3508 2561 placa-

1929 2577 2014 2626 tus
2057 2570 2328 2640 impende,
2358 2580 2429 2637 et,
2469 2571 2836 2630 intercedente
2865 2575 3023 2631 beato
3053 2578 3336 2638 Timotheo
3368 2599 3510 2639 mar-

1920 2666 2037 2730 tyre
2068 2669 2178 2725 tuo,
2210 2660 2485 2716 dexteram
2530 2676 2696 2734 super
2737 2681 2836 2722 nos
2867 2677 2973 2722 tute
2997 2671 3390 2741 pmpitiationis
3416 2690 3512 2732 ex-

1918 2751 2100 2808 tende.
2133 2753 2256 2808 Per.

1989 2842 2161 2915 Super
2183 2845 2378 2901 oblata.
2425 2878 2494 2888 —
2521 2849 2755 2920 Accepta
2785 2851 2880 2906 tibi
2910 2853 3003 2919 sit,
3041 2854 3288 2920 Domine,
3329 2871 3511 2914 sacra-

1920 2943 1988 2992 ta:
2019 2935 2192 3006 plebis
2234 2937 2437 2994 oblatio
2486 2954 2583 3009 pro
2644 2949 2859 2997 tuorum
2918 2945 3125 3000 honore
3175 2956 3507 3019 sanctorum,

1919 3042 2147 3095 quorum
2172 3044 2232 3086 se
2261 3030 2468 3087 meritis
2495 3034 2805 3102 percepisse
2834 3035 2902 3091 dc
2930 3036 3276 3094 tribulatione
3307 3055 3509 3112 cogno-

1919 3120 2020 3175 scit
2045 3123 2318 3177 auxilium.
2351 3123 2451 3178 Per
2477 3124 2779 3180 Dominum.

1997 3213 2076 3266 Ad
2126 3212 2519 3282 Complendum.
2551 3246 2622 3255 —
2651 3215 2824 3271 Dii-ini
2869 3219 3103 3274 muneris
3143 3221 3390 3291 largitate
3427 3237 3513 3278 sa-

1923 3302 2058 3370 tiati,
2091 3318 2418 3372 quaesumus,
2472 3305 2696 3362 Domine
2749 3307 2887 3364 Deus
2942 3321 3159 3380 noster,
3194 3322 3252 3368 ut
3280 3314 3512 3373 interce-

1923 3393 2081 3448 dente
2111 3395 2266 3450 beato
2298 3394 2578 3474 Timotheo
2601 3407 2838 3468 martyre
2863 3408 2978 3469 tuo,
3004 3401 3121 3472 ejus
3151 3419 3362 3477 semper
3392 3424 3513 3478 par-

1927 3485 2240 3553 tioipatione
2269 3486 2532 3542 vivamus.
2577 3489 2696 3544 l’er.

1991 3590 2044 3629 ιι
2083 3591 2353 3631 ιΑιεΝυΑε
2389 3591 2834 3633 serruuants..——
2866 3581 3017 3652 (46:2)
3067 3600 3287 3641 sanus
3324 3603 3509 3644 sucu

2345 3659 2367 3687 θ
2395 3665 2604 3703 BARTHU
2613 3666 2782 3704 LOIEI
2825 3668 3101 3708 APOSTOIJ.

1992 3737 2342 3806 Omnipotens
2389 3742 2714 3809 sempiterne
2791 3742 2950 3808 Deus,
3004 3746 3093 3814 qui
3159 3745 3318 3816 hujus
3403 3750 3510 3806 diei

1922 3828 2306 3896 venerandam,
2341 3840 2692 3901 sanctamque
2730 3832 2969 3888 laetitiam
3005 3835 3141 3888 beati
3172 3839 3396 3905 apostoli
3441 3843 3514 3898 tul

1924 3919 2295 3975 Bartholomzci
2341 3923 2629 3977 festivitate
2679 3923 2932 3992 tribuisti,
2978 3925 3045 3978 da
3091 3923 3345 3982 Ecclesia:
3389 3939 3515 3997 tute,

1923 4021 2332 4078 qmesumns,et
2380 4027 2563 4068 amare
2617 4016 2757 4083 quod
2813 4015 3065 4082 credidit,
3118 4027 3171 4072 et
3221 4020 3515 4088 prmdicare

1925 4101 2064 4170 quod
2096 4102 2298 4156 docuit.
2330 4102 2432 4158 Per
2459 4103 2744 4158 Dominum
2785 4118 3050 4160 nosnum.

1999 4190 2168 4260 Super
2199 4190 2388 4245 oblata.
2420 4221 2490 4231 —
2539 4193 2684 4247 Beati
2734 4193 2962 4264 apostoli
2997 4194 3067 4248 tui
3120 4196 3513 4268 Bartholoma-i,

1925 4285 2076 4352 cujus
2105 4284 2364 4339 solemnia
2392 4298 3113 4357 recensemus,'qu:nsumus,
3132 4287 3388 4356 Domine,
3420 4307 3516 4345 au.

1931 4374 2060 4429 xilio
2107 4384 2194 4428 tua
2225 4375 2484 4431 beneﬁcia
2511 4377 2804 4446 capiamus,
2857 4392 2954 4448 pro
2995 4394 3102 4450 quo
3152 4380 3247 4436 tibi
3301 4381 3516 4442 Hostias

1926 4463 2098 4519 laudis
2123 4465 2417 4521 offerimus.

1999 4557 2269 4628 Prwfatio.
2305 4589 2376 4600 -—
2409 4559 2545 4616 Vere
2565 4562 2786 4632 dignum
2837 4573 2889 4619 et
2926 4566 3129 4632 justum
3173 4577 3276 4634 est,
3307 4582 3516 4639 equum

1929 4661 1982 4706 et
2013 4652 2270 4719 salutare,
2308 4668 2404 4708 nos
2429 4653 2521 4708 tibi
2547 4670 2762 4726 semper
2798 4664 2852 4711 et
2881 4657 3076 4728 ubique
3104 4661 3308 4728 gratias
3334 4676 3514 4731 agere.

1933 4743 2157 4800 Domine
2181 4756 2390 4815 sancte,
2446 4747 2603 4803 Pater
2659 4749 3019 4818 omnipotens,
3072 4761 3276 4808 aeterne
3334 4754 3516 4811 Deus:

1928 4834 2020 4906 qui
2050 4836 2341 4891 Ecclesiam
2366 4846 2508 4893 tuam
2526 4840 2856 4909 sempiterna
2879 4844 3076 4910 pietate
3109 4841 3263 4912 (465)
3294 4859 3399 4900 non
3427 4846 3517 4902 der

1931 4927 2087 4989 seris,
2119 4927 2215 4982 sed
2247 4942 2342 4996 per
2384 4930 2574 4984 beatos
2603 4931 2875 4999 apostolos
2904 4941 3027 4986 tuos
3067 4931 3268 5001 jugiter
3313 4937 3511 5005 crudis,

1931 5028 1983 5073 et
2011 5019 2130 5074 sine
2157 5020 2261 5076 line
2297 5021 2560 5076 custodis.
2612 5020 2714 5078 Per
2764 5021 3037 5077 Christum
3097 5023 3377 5079 Dominum
3427 5042 3513 5081 no-

1931 5121 2125 5167 strum.

2001 5204 2085 5258 Ad
2111 5203 2507 5273 Comptcndum.
2537 5233 2606 5247 -—
2632 5202 2972 5275 Sumpsimus
2991 5246 3006 5270 ,
3041 5205 3265 5262 Domine
3284 5249 3299 5274 ,
3331 5210 3522 5278 pignus

1933 5296 2125 5352 salutis
2153 5308 2394 5365 aeternae,
2424 5297 2760 5352 celebrantes
2803 5297 2946 5353 beati
2987 5298 3361 5358 Bartbolomaai
3391 5315 3524 5371 apu-

1936 5415 2124 5493 eodem
2146 5414 2232 5493 die
2255 5416 2401 5485 prius
2430 5416 2654 5493 legitur:
2682 5413 2810 5493 Qut.
2832 5417 2996 5493 sancti
3019 5417 3249 5493 A_udoeni
3269 5421 3499 5493 episcopi

1935 5500 2012 5540 sc.
2070 5486 2539 5558 Rotlmmagensis,
2599 5486 2975 5558 tit-Kalendas
3046 5486 3400 5558 Septembris.
3445 5486 3517 5544 Ἰιι

1937 5567 2162 5630 utroque
2193 5556 2407 5630 Theod.
2426 5565 2478 5611 et
2509 5559 2560 5612 in
2589 5556 2798 5615 Gemet.
2830 5556 3132 5630 assignatur
3154 5578 3174 5618 :
3217 5564 3348 5622 Nat.
3389 5577 3507 5618 δαη-

1932 5628 2001 5682 ui
2027 5627 2151 5698 Ruﬁ
2193 5628 2453 5698 martyris.
