4026 6330
499 265 601 318 1⁸55

1691 239 1934 296 ΞΛΝΟΤΙ
1974 235 2302 296 CREGOllII
2345 234 2554 290 MAGNI

3655 228 3763 283 $56

492 372 614 428 stuli
642 371 713 424 tui
759 367 939 421 Votiva
965 360 1240 425 solemnia,
1285 366 1338 413 et
1371 363 1616 425 perpetua
1669 351 1854 405 merita
1899 365 2060 405 vene-
2089 350 2139 408 Α
2240 350 2316 402 Ad
2346 347 2734 418 Complendum.
2754 371 2823 384 —
2853 340 3241 405 Puriﬁcetnos,
3274 340 3496 395 Domine
3521 341 3683 403 Deus,
3707 351 3767 394 et

491 470 695 516 rantes.
730 458 829 513 Per
859 455 1139 511 Dominum
1168 455 1428 502 nostrum.

570 552 724 623 125
743 548 908 613 Super
927 544 1265 614 populum.—-
1292 536 1532 602 l‘rotegc,
1559 532 1800 595 Domine,
1824 531 2070 600 populum

496 621 668 704 tuoin
689 650 742 692 et
767 632 1123 704 apostolorum
1151 635 1362 679 tuorum
1395 622 1688 692 patrocinio
1712 621 2073 676 conﬁdentem

507 744 750 808 lvrpeuta
779 723 1085 781 defensioue
1110 732 1386 774 conserva.
1417 716 1568 770 Per..

506 841 532 879 ν
564 836 830 877 ιΑιεΝυΑε
868 827 1207 870 εεντειιῐιιιις.
1253 837 1308 847 -
1361 821 1588 861 ΝΑτΑιις
1642 818 1828 859 SANCTI
1878 816 2074 857 Αυσυε-

1063 896 1170 935 τιΝι
1206 889 1231 916 ⁸
1265 893 1515 933 EPlSCOPl.

578 981 776 1036 Adesto
799 974 1274 1045 supplicationibus
1305 971 1522 1033 nostris,
1551 969 1891 1035 omnipotens
1914 962 2077 1026 Deus,

501 1085 553 1129 tt
578 1073 768 1143 quibus
797 1065 1044 1122 ﬁduciam
1064 1062 1342 1132 speranda
1376 1058 1586 1128 pietatis
1616 1056 1880 1123 indulges,
1916 1053 2084 1106 inter-

502 1166 726 1219 cedente
752 1161 910 1215 beato
941 1154 1246 1226 Augustino
1284 1154 1591 1206 con'es‘ore
1638 1158 1728 1201 tuo
1763 1155 1923 1215 alque
1954 1157 2086 1211 pon-

505 1257 647 1312 tiﬁce
675 1293 691 1320 ,
721 1260 989 1307 consuetae
1020 1243 1402 1299 misericordia:
1437 1241 1609 1294 tribue
1635 1238 1897 1308 benignus
1927 1234 2088 1289 effec-

506 1359 643 1402 tum.
670 1347 770 1400 Per
801 1343 1085 1397 Dominum
1115 1348 1376 1393 nostrum.

583 1443 750 1512 Super
778 1438 965 1493 oblata.
997 1464 1068 1477 -—
1105 1432 1288 1488 Sancti
1332 1427 1660 1484 confessoris
1692 1425 1764 1479 tui
1813 1418 2088 1488 Augustini

507 1533 682 1598 nobis,
716 1527 959 1591 Domine,
985 1525 1069 1594 pia
1094 1538 1197 1577 non
1229 1520 1367 1575 desit
1395 1519 1592 1582 oratio,
1623 1530 1739 1583 qua!
1770 1524 1821 1567 et
1853 1524 2071 1566 munera

509 1632 689 1678 nostra
716 1618 981 1681 conciliet,
1013 1623 1067 1669 et
1097 1623 1238 1667 tuam
1271 1609 1424 1663 nobis
1454 1603 1833 1675 indulgentiam
1865 1613 2084 1668 semper

510 1713 770 1768 obtineat.
799 1709 918 1762 Per.

591 1799 948 1868 Praefatio.-——
979 1794 1114 1847 Vere
1134 1792 1349 1858 dignum
1380 1797 1432 1843 et
1455 1788 1655 1856 justum
1687 1792 1786 1847 est,
1817 1795 2023 1847 aequum
2039 1785 2094 1832 et

515 1897 768 1954 salutare,
786 1905 882 1943 nos
915 1887 1008 1940 tibi
1038 1897 1249 1952 semper
1277 1888 1331 1934 et
1359 1880 1552 1947 ubique
1565 1874 1762 1945 gratias
1788 1887 1965 1941 agere,
1993 1869 2095 1922 Do-

513 1989 664 2039 .ntine
693 1990 876 2036 sancte
899 2018 915 2042 ,
946 1977 1103 2032 Pater
1142 1975 1498 2041 omnipotens,
1542 1979 1743 2024 teterne
1789 1965 1928 2018 Deus
1960 1977 1975 2015 :
2006 1960 2094 2030 qui

519 2074 729 2127 beatum
781 2065 931 2139 (464)
985 2063 1332 2132 Augustinum
1395 2058 1754 2113 confessorem
1809 2062 1992 2112 tuum,
2043 2058 2098 2104 et

520 2163 759 2219 scientiae
790 2156 1124 2213 documentis
1154 2151 1388 2220 replesti,
1414 2159 1467 2204 et
1489 2148 1744 2200 virtutum
1768 2141 2097 2197 ornamentis

521 2254 739 2317 (litasti;
771 2263 928 2320 quem
954 2251 1024 2300 ita
1058 2241 1370 2298 multimodo
1399 2253 1594 2308 genere
1611 2229 2097 2305 pietatisimbuisti,

524 2355 582 2399 ut
609 2344 723 2414 ipse
747 2341 859 2403 tibi,
893 2347 946 2393 et
976 2353 1085 2399 ara,
1118 2343 1174 2389 et
1199 2331 1548 2394 sacriﬁcium,
1573 2336 1627 2382 et
1653 2324 1908 2380 sacerdos
1930 2329 2098 2385 es:et,

519 2447 574 2492 et
600 2433 874 2503 templum.
907 2432 1009 2485 Per
1045 2427 1322 2482 Christum
1350 2421 1634 2475 Dominum
1661 2428 1920 2472 nostrum.

597 2526 675 2579 Ad
707 2501 1096 2591 Comptendum.
1121 2544 1190 2556 ——
1225 2513 1292 2569 Ut
1320 2511 1493 2576 nobis,
1539 2509 1785 2574 Domine,
1816 2517 1902 2560 tua
1933 2501 2101 2558 sacri-

525 2618 639 2671 licia
687 2615 814 2668 dent
857 2610 1104 2671 salutem,
1145 2606 1333 2660 beatus
1372 2599 1652 2656 confessor
1697 2605 1818 2650 tuus
1856 2591 2107 2662 Angusti-

538 2723 662 2773 nus,
698 2713 753 2760 et
778 2701 1039 2774 pontifex,
1084 2708 1409 2768 qum-sumus,
1446 2700 1693 2763 precator
1739 2687 1976 2745 accedat.
2004 2685 2106 2742 Per

530 2798 808 2852 Dominum
837 2803 1099 2848 nostrum.

577 2903 751 2943 EODE!
775 2902 885 2940 DIE.
914 2915 982 2924 -
1010 2896 1228 2937 FATALJS
1255 2893 1438 2934 SANCTI
1468 2887 1736 2929 EI'IBIETIS
1759 2885 2047 2926 MARTYIIS.

599 2977 934 3037 lutei-cessio,
957 2974 1195 3036 Domine,
1212 2967 1362 3040 (465)
1396 2964 1657 3021 llermetis
1674 2961 1925 3033 martyris
1945 2963 2105 3025 tui,et

2177 441 2338 496 divini
2367 439 2636 508 perceptio
2679 434 3018 499 sacramenti,
3064 444 3120 489 et
3159 432 3389 502 gloriosa
3437 431 3759 502 deprecatio

2179 540 2376 586 sauctzc
2398 529 2629 584 Sabinae.
2663 526 2782 580 Per.

2181 637 2356 676 εουειι
2388 636 2494 673 ωε.
2520 647 2590 658 —
2611 616 2639 654 δ
2671 627 3002 670 θεεοιιλτιο
3025 627 3208 666 ελκοτι
3232 624 3445 666 JOANNJS
3467 625 3766 666 BAPTIS‘I’E.

2256 711 2434 767 Sancti
2473 707 2690 763 Joannis
2718 705 2966 774 Baptistae
3016 715 3068 758 et
3095 703 3346 772 martyris
3376 702 3472 768 tui,
3510 703 3762 766 Domine,

2182 817 2506 872 quasumus,
2559 799 2862 854 veneranda
2925 796 3217 861 festivitas,
3276 794 3525 851 salutaris
3579 796 3769 850 auxilii

2183 896 2338 951 nobis
2369 902 2584 964 prarstet
2610 890 2880 946 eﬁ‘ectum.
2921 888 3044 943 Per.

2259 987 2430 1055 Super
2457 984 2648 1038 oblata.
2677 1013 2746 1023 —
2771 983 2990 1036 Munera
3022 981 3137 1047 tibi,
3174 979 3419 1045 Domine,
3453 994 3551 1049 pro
3600 979 3776 1033 sancti

2186 1078 2433 1149 martyris
2473 1077 2546 1130 tui
2576 1075 2795 1130 Joannis
2846 1072 3098 1140 Baptista:
3148 1073 3401 1141 passione
3447 1069 3773 1133 deferimus,

2188 1171 2278 1239 qui
2319 1171 2446 1224 dum
2495 1169 2676 1222 ﬁnitur
2721 1169 2770 1221 in
2818 1166 3014 1229 terris,
3056 1163 3226 1217 factus
3271 1172 3354 1217 est
3377 1163 3586 1217 ctelesti
3643 1164 3776 1217 sede

2189 1271 2516 1333 perpetuus,
2539 1271 2863 1327 quaesumus,
2890 1254 3099 1325 utejus
3145 1253 3364 1310 obtentu
3403 1253 3562 1308 nobis
3605 1252 3774 1322 protl-

2190 1354 2335 1407 ciant
2361 1351 2427 1404 ad
2455 1350 2705 1404 salutem.
2734 1347 2856 1402 Per.

2263 1443 2535 1514 Prwfatio.
2563 1471 2633 1482 —
2675 1440 2814 1494 Vere
2838 1438 3054 1507 dignum
3084 1446 3136 1493 et
3159 1436 3361 1507 justum
3403 1446 3523 1500 est,
3557 1450 3775 1505 mquum

2195 1549 2246 1592 et
2276 1537 2528 1598 salutare,
2561 1547 2660 1587 nos
2691 1531 2783 1586 tibi
2817 1545 3031 1598 semper
3051 1538 3102 1585 et
3131 1529 3324 1598 ubique
3361 1527 3559 1599 gratias
3589 1542 3777 1597 agerc,

2201 1628 2421 1682 Domine
2446 1635 2652 1690 sancte,
2680 1625 2836 1679 Pater
2863 1624 3222 1692 omnipotens,
3247 1631 3446 1676 aeterne
3471 1618 3615 1675 Deus
3644 1637 3656 1672 :
3684 1619 3778 1686 qui

2121 1719 2172 1780 Β
2199 1731 2580 1789 praecursorem
2607 1716 2724 1771 Filii
2771 1717 2843 1769 tui
2877 1722 3021 1768 tanto
3071 1727 3291 1767 munere
3337 1711 3539 1778 ditasti,
3573 1721 3630 1764 ut
3678 1725 3783 1778 pro

2201 1811 2444 1866 veritatis
2459 1809 2728 1878 praeconio
2756 1806 2930 1876 capite
2953 1807 3289 1873 plecteretur,
3317 1812 3370 1858 et
3399 1803 3486 1871 qui
3504 1802 3779 1856 Christum

2199 1917 2336 1972 aqua
2358 1901 2737 1970 baptizaverat,
2761 1899 2828 1952 ab
2851 1896 2940 1969 (4'3
2948 1897 3003 1966 8)
3033 1898 3147 1965 ipso
3172 1897 3225 1950 in
3246 1895 3432 1964 spiritu
3453 1896 3776 1963 baptizatus,

2203 2008 2300 2064 pro
2353 1993 2544 2048 eodem
2604 1990 2818 2061 proprio
2881 1989 3138 2057 sanguine
3214 1988 3524 2057 ﬁngeretur.
3596 1986 3782 2042 Prmeu

2204 2084 2402 2154 quippe
2431 2083 2692 2147 veritatis,
2730 2093 2848 2150 qua:
2879 2077 3121 2132 Christus
3166 2085 3269 2142 est,
3320 2075 3581 2131 Herodem
3610 2091 3639 2128 a
3679 2077 3785 2129 fra-

2202 2176 2377 2231 ternis
2408 2175 2654 2229 thalamis
2678 2171 3034 2242 prohibeudo,
3068 2169 3296 2225 carceris
3324 2167 3648 2245 ob~curitate
3679 2168 3780 2222 de-

2204 2265 2455 2331 truditur,
2516 2264 2604 2317 ubi
2654 2264 2818 2317 solius
2867 2261 3165 2317 divinitatis
3222 2268 3325 2315 tuae
3386 2261 3586 2316 lumine
3632 2259 3792 2328 (£69)

2207 2355 2490 2409 frueretur.
2527 2353 2726 2408 Deinde
2755 2353 2907 2422 (470)
2932 2352 3213 2420 capitalem
3243 2350 3562 2406 sententiam
3592 2350 3777 2413 subiit,

2207 2456 2260 2502 et
2285 2447 2350 2499 ad
2383 2443 2586 2502 inferna
2633 2445 2912 2498 Dominum
2957 2455 3324 2512 praecursnrus
3368 2440 3667 2495 descendit.
3720 2440 3790 2494 Et

2208 2555 2364 2612 quem
2394 2539 2448 2593 in
2475 2537 2673 2592 mundo
2699 2535 2871 2605 digito
2898 2531 3305 2595 demonstravit,
3333 2531 3398 2586 ad
3433 2531 3634 2586 inferos
3665 2545 3792 2600 pre-

2211 2631 2342 2686 tiosa
2369 2637 2542 2683 morte
2570 2627 2864 2697 praecessit.
2889 2626 2955 2680 Et
2981 2625 3101 2679 ideo
3121 2638 3242 2679 cunt
3272 2623 3496 2693 angelis.

2285 2731 2309 2761 ο
2344 2720 2664 2775 Benedictio.
2694 2747 2766 2762 ——
2794 2718 2952 2780 Deus,
2981 2716 3068 2786 qui
3096 2730 3194 2771 nos
3233 2714 3370 2769 beati
3409 2713 3630 2769 Joannis
3658 2713 3794 2782 Bap-

2211 2815 2352 2871 tista:
2374 2813 2619 2870 concedit
2642 2811 2898 2869 solemnia
2929 2806 3291 2878 frequentare,
3319 2807 3518 2862 tribuat
3547 2806 3699 2863 vobis
3739 2816 3796 2861 et

2211 2908 2399 2962 eadem
2427 2905 2634 2960 devotis
2681 2902 2948 2958 mentibus
2991 2900 3287 2966 celebrare,
3321 2905 3376 2955 et
3397 2912 3510 2953 suae
3543 2896 3801 2953 benedic-

2216 2997 2375 3052 tionis
2421 2995 2562 3051 dona
2591 2994 2889 3063 percipere.
2926 2994 3118 3048 Amen.
3168 2989 3236 3044 Et
3259 2991 3348 3060 qui
3381 3004 3478 3059 pro
3519 2990 3646 3058 legis
3679 2988 3804 3058 ejus

531 3076 674 3122 tuam
704 3065 857 3119 nobis
879 3078 984 3116 non
1015 3061 1224 3116 desinat
1247 3060 1458 3128 placare
1484 3053 1838 3125 justitiain,et
1867 3063 2103 3106 nos1rutn
2134 3077 2180 3138 C
2219 3086 2484 3157 praeconio
2512 3053 2870 3140 cal:ceml'ibus
2893 3091 2975 3137 est
2997 3090 3238 3136 renus”
3268 3053 3319 3134 i‘n
3349 3053 3604 3144 ténebris"
3634 3053 3798 3134 inter.

538 3160 629 3215 tibi
661 3158 909 3212 devotum
950 3154 1146 3223 jugiter
1175 3150 1283 3206 efiit
1298 3164 1390 3206 ere
1417 3147 1748 3202 famulatum.
1779 3145 1879 3199 Per
1927 3144 2108 3198 Domi-

533 3265 658 3306 nutu
684 3257 946 3302 nostrum.

602 3340 773 3409 Super
802 3337 990 3392 oblata.
1031 3364 1102 3374 —
1127 3332 1366 3399 Munera,
1398 3330 1644 3394 Domine,
1674 3337 1875 3389 nostra,
1906 3341 2117 3395 quaiso-

533 3448 671 3501 mus,
696 3431 1011 3502 prepitiatns
1034 3443 1265 3494 assume,
1289 3434 1363 3489 et,
1393 3435 1452 3480 ut
1479 3425 1636 3494 digne
1666 3424 1770 3478 tuis
1788 3422 2108 3476 famulemur

534 3522 808 3587 altaribus,
837 3521 1007 3575 sancti
1036 3519 1109 3574 tui
1140 3534 1235 3573 nos
1266 3517 1532 3573 l‘lermetis
1563 3513 1946 3570 intercessione
1987 3525 2114 3566 cus-

539 3615 672 3672 todi.
704 3615 805 3670 Per
837 3615 1117 3669 Dominum
1146 3625 1407 3669 nostrum.
1664 3677 1666 3680 ν

611 3707 880 3777 PrwIatio.
910 3736 979 3747 —
1010 3704 1145 3759 Vere
1173 3687 1388 3775 dignum
1434 3713 1485 3756 et
1508 3701 1708 3771 justum
1759 3708 1860 3763 est,
1907 3712 2116 3768 aequum

541 3805 600 3853 et
623 3798 875 3861 salutare,
903 3809 1002 3849 nos
1033 3795 1126 3851 tibi
1155 3809 1367 3864 semper
1396 3802 1449 3849 et
1483 3793 1678 3859 ubique
1709 3791 1903 3860 gratias
1936 3805 2116 3860 agere,

540 3889 768 3944 Douzine
813 3898 1017 3952 sancte,
1062 3887 1220 3941 Pater
1272 3885 1629 3954 omnipotens,
1680 3891 1881 3938 trlernc
1931 3885 2117 3941 Deus;

539 3978 1138 4051 quoniameﬁducialiter
1179 3977 1348 4031 laudis
1375 3976 1465 4031 tibi
1521 3975 1860 4030 immolamus
1885 3972 2118 4037 llostias,

541 4071 690 4143 (466)
715 4085 847 4138 quas
875 4068 1045 4124 sancti
1070 4067 1333 4122 llernietis
1366 4066 1612 4136 martyris
1643 4063 1716 4118 tui
1750 4062 1995 4132 precibus
2029 4063 2121 4117 tibi

535 4179 656 4219 esse
685 4163 913 4232 petimus
943 4170 1207 4230 acceptas.
1241 4159 1340 4212 Per
1369 4157 1657 4212 Christum.

612 4255 692 4308 Ad
721 4251 1112 4320 Complendum.
1134 4281 1207 4294 —
1232 4249 1465 4319 Repleti,
1484 4246 1729 4310 Domine,
1751 4243 2122 4300 benedictione

537 4344 759 4409 caelesti,
781 4357 1085 4413 quzesumus
1101 4340 1437 4396 clementiam
1458 4348 1620 4404 tuam,
1651 4345 1728 4397 ut,
1752 4335 2117 4389 intercedente

542 4437 697 4492 beato
724 4436 972 4489 llermete
998 4442 1233 4500 martyre
1262 4440 1372 4497 tuo,
1402 4445 1519 4498 quae
1550 4428 1822 4483 humiliter
1858 4426 2113 4496 gerimus,
2144 4441 2197 4502 ι)

543 4525 832 4580 salubriter
861 4524 1175 4577 sentiamus.
1209 4521 1331 4574 Per.

549 4615 776 4685 126w
829 4625 1102 4667 ntemnas
1147 4623 1486 4664 SEPTEMBRIS.
1533 4639 1602 4648 —
1647 4620 1867 4661 uanus
1907 4620 2119 4661 sane”:

1227 4696 1446 4734 SABINE.

615 4772 770 4843 (l6?)
802 4772 1008 4827 Exaudi
1041 4786 1157 4835 nos,
1189 4770 1352 4832 Deus,
1385 4767 1633 4822 salutaris
1665 4775 1869 4831 noster,
1907 4767 2124 4822 utsicut

543 4873 743 4922 sancta:
773 4863 988 4919 Sabinae
1010 4861 1294 4916 festivitate
1315 4861 1631 4930 gaudemus,
1656 4860 1726 4912 ita
1756 4859 1857 4927 pi:e
1883 4857 2123 4912 devotio-

548 4956 631 5010 nis
661 4953 967 5010 erudiamnr
995 4951 1208 5006 effectu.
1244 4951 1365 5005 Per.

619 5045 788 5113 Suprr
816 5044 1002 5097 oblata.
1031 5073 1104 5083 —
1132 5042 1435 5106 Gratanter,
1488 5039 1733 5105 Domine,
1785 5039 1855 5093 ad
1903 5053 2125 5095 munera

547 5138 769 5192 dicanda
799 5138 1168 5191 concurrimus
1194 5177 1209 5201 ,
1235 5151 1353 5204 quae
1384 5133 1583 5190 nomini
1616 5143 1707 5187 tuo
1737 5148 1832 5199 pro
1857 5132 2122 5188 solemni-

548 5239 656 5285 tate
681 5239 878 5284 sancite
899 5229 1148 5300 martyris
1179 5239 1280 5282 tua:
1301 5227 1514 5282 Sabinae
1544 5224 1855 5295 suppliciter
1881 5225 2126 5280 immola-

548 5335 686 5376 tnus.
721 5319 821 5375 Per
851 5319 1131 5374 Dominum
1156 5328 1415 5374 nostrum.

622 5465 650 5494 ³·
680 5452 817 5509 Nihil
866 5469 1076 5523 quoque
1130 5451 1430 5523 Iegitnr‘de
1463 5459 1662 5523 sancto
1720 5447 2015 5523 Augustino
2067 5464 2119 5502 tn

553 5526 818 5593 pra‘dzmis
843 5519 1122 5579 codicibus
1148 5519 1356 5577 Calensi
1381 5532 1430 5576 et
1463 5520 1591 5593 Reg.
1626 5520 1811 5593 Suec.,
1829 5520 2126 5593 sedlexstat

551 5589 668 5665 ejus
720 5594 893 5648 natale
949 5601 1000 5646 tu
1040 5595 1162 5649 Mss.
1211 5595 1364 5649 Cctu.
1419 5602 1471 5646 et
1514 5589 1717 5646 'l‘heod.
1762 5599 1880 5658 post
1930 5589 2122 5645 festum

554 5667 722 5721 saneti
750 5667 1032 5722 llcrtnctis.

2217 3178 2461 3232 cessione
2476 3189 2576 3230 sua
2589 3190 2618 3231 a
2636 3174 3039 3229 tenebrosorum
3055 3186 3275 3240 operum
3295 3187 3389 3226 vos
3407 3171 3598 3227 liberet
3617 3172 3803 3226 inven-

2219 3271 2360 3325 tivis.
2381 3271 2573 3324 Amen.
2599 3268 2664 3322 Et
2691 3267 2781 3336 qui
2805 3280 2902 3335 pro
2931 3267 3177 3331 veritate,
3199 3279 3319 3335 qua
3339 3263 3477 3318 Deus
3504 3273 3608 3329 est,
3642 3273 3806 3332 caput

2221 3377 2326 3417 non
2353 3369 2436 3415 est
2461 3366 2740 3414 cunctatus
2790 3358 3056 3419 amittere,
3085 3369 3183 3409 suo
3222 3355 3521 3408 interventu
3547 3353 3612 3407 ad
3641 3364 3810 3423 caput

2221 3462 2485 3519 nostrum,
2526 3449 2666 3520 quod
2714 3447 2959 3504 Christus
3010 3454 3116 3511 est,
3162 3446 3456 3501 vosfaciat
3496 3446 3808 3515 pervenire.

2221 3545 2413 3600 Anien.
2443 3540 2595 3608 Quod
2625 3540 2738 3609 ipse
2763 3548 3015 3607 praestare
3045 3536 3308 3606 dignetur.

2293 3633 2373 3686 Ad
2421 3629 2821 3700 Complendum.
2878 3657 2950 3670 -—
2996 3627 3250 3682 Conferat
3307 3627 3501 3690 nobis,
3545 3625 3809 3692 Domine,

2223 3723 2392 3778 sancti
2440 3720 2660 3777 Joannis
2712 3730 2996 3789 utrumque
3048 3719 3202 3790 127
3255 3718 3586 3784 solemnitas,
3639 3726 3696 3771 ut
3759 3729 3814 3774 ct

2229 3816 2503 3886 magniﬁca
2551 3826 2908 3878 sacramenta,
2953 3825 3074 3881 qua),
3104 3812 3433 3880 sumpsimus
3458 3810 3616 3879 digne
3643 3825 3815 3866 vene.

2226 3921 2424 3971 remur,
2453 3914 2507 3960 et
2544 3904 2700 3961 nobis
2748 3903 2998 3959 salutaria
3038 3901 3350 3957 sentiamus.
3387 3901 3489 3956 Pe:
3522 3900 3814 3956 Dominum

2226 4009 2486 4053 nostrum.

2297 4100 2436 4154 A!ia.
2485 4129 2557 4139 —
2586 4096 2866 4168 Perpetuis
2906 4109 3022 4160 nos,
3053 4093 3295 4161 Domine,
3357 4096 3527 4150 sancti
3579 4093 3812 4150 Joannis

2227 4190 2480 4259 Baptistae
2503 4199 2652 4246 tuere
2670 4189 2934 4259 praesidiis
2954 4203 2970 4254 ;
2993 4195 3048 4243 et
3066 4197 3266 4257 quanto
3288 4186 3584 4255 fragiliores
3595 4200 3814 4254 sumus,

2229 4288 2375 4335 tanto
2400 4280 2569 4350 magis
2593 4283 2907 4337 necessariis
2925 4280 3112 4336 attolle
3139 4278 3426 4350 sulfragiis.
3463 4279 3587 4334 Per.

2298 4410 2356 4449 Ill
2385 4409 2658 4450 ιιιιειευλε
2686 4409 3025 4450 SEPTEDIBMS.
3055 4426 3122 4436 —
3153 4408 3385 4451 NATALI8
3422 4407 3738 4449 SANCTORUI

2716 4481 2917 4520 FIUCIS
2973 4482 3038 4520 ΕΤ
3069 4482 3320 4521 ΔυΛυῦτΙ.

2297 4578 2625 4660 Maiestatem
2670 4585 2837 4639 tuam,
2863 4576 3105 4641 Domine,
3133 4576 3400 4644 supplices
3424 4574 3807 4660 deprecamur,

2231 4681 2288 4725 ut
2317 4653 2462 4724 sicut!
2479 4671 2678 4740 jngiter
2706 4678 3013 4724 sanctorum
3045 4677 3254 4723 tuorum
3296 4653 3820 4724 commemoratione

2225 4761 2486 4826 laetiﬁcas,
2520 4761 2589 4814 ita
2616 4773 2830 4829 semper
2849 4758 3232 4829 supplicatione
3254 4759 3532 4814 defendas.
3576 4758 3698 4812 Per.

2302 4855 2472 4924 Super
2501 4853 2689 4907 oblata.
2733 4883 2794 4893 -—-
2821 4852 3033 4907 llostias
3059 4892 3075 4919 ,
3106 4852 3356 4914 Domine,
3391 4860 3494 4905 tuze
3525 4850 3696 4919 plebis
3724 4851 3815 4903 in-

2230 4944 2412 5012 tende,
2443 4952 2495 4998 et
2523 4957 2656 5013 quas
2684 4943 2738 4996 in
2766 4944 2965 4998 honore
3019 4952 3324 4995 sanctorum
3372 4949 3587 4994 tuorum
3617 4940 3823 4994 devota

2234 5048 2414 5093 mente
2440 5037 2697 5099 celebrat,
2716 5033 2975 5103 proficere
2995 5031 3097 5088 sibi
3128 5033 3323 5087 sentiat
3350 5030 3415 5086 ad
3438 5031 3688 5086 salutem.
3716 5029 3827 5084 Per

2236 5127 2515 5183 Dominum
2551 5134 2812 5181 nostrum.

2305 5221 2385 5275 Ad
2409 5218 2803 5288 Complendum.
2835 5247 2906 5258 ——
2935 5216 3142 5284 Repleti
3165 5255 3180 5281 ,
3205 5213 3430 5269 Domine
3455 5255 3470 5281 ,
3503 5210 3829 5266 muneribus

2232 5314 2421 5383 sacris,
2455 5326 2782 5382 qumsuntus,
2814 5321 2892 5375 ut,
2950 5307 3399 5363 intercedentibus
3455 5306 3660 5360 sanctis
3686 5303 3823 5368 tuis,

2301 5448 2328 5488 ιι
2359 5449 2432 5502 De
2459 5449 2559 5504 hoc
2592 5449 2728 5504 festo
2760 5447 2815 5503 fit
2841 5449 2928 5504 die
2957 5462 3072 5515 seq.
3108 5449 3159 5502 in
3192 5446 3416 5501 Kalend.
3451 5446 3606 5502 Rom.

2232 5530 2326 5644 Mc
2361 5521 2549 5601 Exstat
2597 5522 2649 5575 in
2699 5520 2968 5577 BenediCI.
3005 5519 3058 5572 in
3095 5519 3223 5590 [usto
3260 5527 3419 5573 sancti
3477 5517 3698 5573 Joannis
3758 5520 3826 5572 de

2292 5603 2505 5644 arturto.

2292 5603 2505 5661 urlyrto.
