4026 6340
555 298 657 349 153)

1736 282 1979 340 SANCTI
2016 279 2342 337 GREGORII
2380 282 2591 337 MAGNI

3692 294 3791 347 HO

554 419 842 481 martyrum
876 417 1083 461 tuorum
1110 400 1337 458 Cornelii
1380 406 1431 451 et
1469 395 1719 466 Cypriani
1772 394 2120 451 solemnitatio
2147 393 2195 453 Α
2228 410 2295 448 xu
2338 408 2608 448 KALl-INDAS
2637 408 2909 448 ouronms.
2940 423 3006 433 --
3038 394 3064 433 ιι
3097 411 3290 452 νιοιωΑ
3321 412 3506 453 SANCTI
3548 416 3803 458 unum

555 509 652 554 bus
685 509 808 553 sunt
833 500 1024 551 dicata.
1060 496 1177 547 Per.

626 590 900 657 Pi-afatio.
923 616 991 625 —
1020 585 1155 636 Vere
1193 581 1409 648 dignum
1442 587 1492 631 et
1528 576 1726 645 jusmm
1773 585 1875 639 est,
1908 589 2115 644 aequum

556 693 607 735 et
630 682 882 740 salutare,
918 690 1013 727 nos
1047 674 1136 726 tibi
1162 685 1375 736 semper
1405 678 1457 721 ct
1480 668 1674 734 ubique
1712 669 1904 736 gratias
1934 680 2114 734 agere,

557 771 774 823 Domine
823 776 1026 831 sancte,
1075 765 1233 818 Pater
1277 763 1635 830 omnipotens,
1688 771 1887 814 azterne
1927 759 2115 813 Deus:

555 859 702 930 (480)
733 868 979 925 tuamque
1017 857 1068 909 in
1108 861 1410 908 sanctorum
1441 861 1652 906 tuorum
1683 850 1917 905 Cornelii
1957 851 2116 903 simul

551 957 603 1000 et
628 945 875 1014 Cypriani
904 944 1186 998 festivitate
1229 940 1523 1011 prtedicare
1562 940 1835 1003 virtutem,
1866 952 2000 1008 quos
2040 937 2117 990 di-

548 1032 721 1087 versis
748 1042 1010 1086 terrarum
1042 1029 1303 1098 partibus,
1345 1042 1533 1098 greges
1566 1041 1748 1081 sacros
1773 1025 1955 1080 divino
1985 1040 2119 1092 pane

549 1131 848 1191 pascentes,
880 1137 983 1176 una
1016 1122 1140 1185 ﬁde,
1182 1119 1475 1189 eademque
1520 1117 1606 1172 die
1645 1117 1757 1187 pari
1788 1117 2015 1171 nominis
2043 1118 2115 1170 tui

548 1213 881 1268 confessione
907 1213 1192 1267 coronasti.
1219 1212 1318 1264 Per
1339 1208 1627 1264 Christum.

624 1308 702 1360 Ad
731 1305 1119 1375 Complcndum.
1138 1332 1208 1343 —
1230 1303 1562 1366 Quaesumus,
1598 1300 1842 1364 Domine,
1868 1298 2116 1351 salutari-

552 1398 649 1451 bus
690 1397 875 1463 repleti
907 1394 1198 1464 mysteriis,
1227 1402 1283 1444 ut
1311 1406 1532 1460 quorum
1564 1388 1824 1443 solemnia
1868 1388 2112 1443 celebra-

551 1501 668 1541 mus
694 1484 1020 1540 orationibus
1049 1481 1384 1550 adiuventur.
1414 1480 1535 1534 Per.

550 1616 653 1654 XVII
682 1611 951 1653 KALENDAS
980 1607 1249 1648 οετοιῑιιιε.
1309 1622 1343 1631 --
1379 1607 1601 1647 NATALIS
1628 1605 1813 1647 SANCTI
1845 1604 2119 1646 NICOMEDIS

1184 1678 1215 1715 ιι
1224 1676 1409 1715 ARTYRI
1418 1676 1461 1715 Β.

618 1778 840 1842 Adesto,
872 1775 1120 1840 Domine,
1149 1773 1346 1843 populo
1390 1782 1500 1838 tuo,
1550 1780 1607 1827 ut
1633 1772 1769 1827 beati
1814 1771 2117 1826 Nicomedis

548 1870 794 1940 martyris
825 1867 898 1922 tui
930 1868 1119 1921 merita
1146 1864 1398 1935 praeclara
1423 1864 1575 1936 (481)
1611 1864 1929 1933 suscipiens.
1965 1864 2121 1934 130

552 1963 615 2013 ad
666 1957 1050 2028 impetrandam
1090 1954 1505 2010 misericordiam
1558 1964 1700 2010 tuam
1745 1968 1956 2022 semper
2005 1954 2121 2023 ejus

549 2050 861 2121 patrociniis
882 2049 1210 2117 adjuvemur.
1234 2046 1357 2100 Per.

622 2143 790 2210 Super
828 2139 1019 2193 oblata.
1043 2167 1114 2179 ——
1144 2135 1388 2205 Suscipe,
1435 2134 1689 2200 Domine,
1724 2146 1941 2189 munera
1994 2146 2118 2201 pro-

549 2232 708 2300 pitius
759 2230 956 2293 oblata,
1003 2241 1120 2295 quae
1174 2223 1437 2293 Majestati
1477 2234 1580 2278 tuas
1626 2223 1768 2279 beati
1820 2220 2119 2277 Nicomedis

547 2322 795 2393 martyris
817 2316 1151 2375 commendet
1172 2314 1363 2369 oratio.
1394 2314 1515 2368 Per.

617 2415 695 2467 Ad
735 2409 1123 2479 Complendum.
1155 2434 1224 2446 —
1260 2406 1545 2459 l‘uriﬁcent
1582 2417 1698 2469 nos,
1742 2401 1985 2466 Domine,
2034 2415 2119 2455 sa-

552 2512 821 2561 cramenta
876 2515 993 2569 quin
1041 2497 1386 2565 sumpsimus,
1443 2504 1496 2549 et
1551 2493 1915 2548 intercedente
1963 2492 2118 2547 beato

550 2594 833 2650 Nicomede
856 2604 1085 2660 martyre
1114 2599 1228 2656 tuo,
1258 2604 1287 2641 a
1318 2586 1522 2642 cunctis
1541 2585 1774 2641 efﬁciant
1798 2584 1939 2639 vitiis
1963 2584 2119 2639 abso-

549 2690 708 2742 lntos.
744 2686 860 2740 Per.

549 2815 631 2853 κνι
670 2810 938 2853 κλιειιιωε
968 2807 1317 2849 OCTOBRIS.—
1352 2805 1574 2844 ΝΑτΑιις
1604 2801 1817 2841 ΒΑΝΟΤΑΞ
1841 2798 2119 2839 ΕυῐδηΕΙΙΙΒ

1190 2876 1470 2916 ιιιΛιιτγΡιις.

626 2980 973 3047 Omnipotens
1000 2977 1323 3044 scmpiterne
1352 2973 1525 3037 Deus,
1579 2971 1665 3036 qui
1698 2971 1907 3023 inﬁrma
1936 2967 2116 3021 mundi

547 3070 720 3140 eligis,
757 3078 814 3123 ut
864 3067 1019 3121 fortia
1066 3074 1289 3134 qumque
1320 3061 1648 3137 confundas,
1676 3059 1910 3114 concede
1938 3056 2117 3127 propi-

554 3165 660 3215 tius
689 3170 747 3215 ut
772 3158 864 3229 qui
892 3160 1063 3214 beatae
1110 3157 1419 3225 Eupliemia:
1452 3153 1698 3224 martyris
1732 3162 1835 3206 tua:
1862 3151 2117 3206 solemnia

547 3254 773 3308 colimus
801 3250 917 3321 ejus
938 3249 1075 3318 apud
1109 3258 1159 3302 te
1182 3245 1471 3316 patrocinia
1506 3243 1821 3300 sentiamus.
1855 3242 1974 3297 Per.

628 3342 795 3411 Super
821 3340 1093 3395 oblata..—
1114 3339 1312 3393 Prtesta
1332 3378 1346 3402 ,
1369 3350 1693 3406 quaesumus,
1729 3334 1948 3388 Domine
1983 3334 2118 3385 Di-us

545 3440 745 3498 noster,
778 3433 989 3486 utsicut
1016 3430 1068 3483 in
1114 3438 1205 3482 tuo
1253 3435 1540 3500 conspectu
1585 3438 1729 3478 mors
1758 3432 1838 3477 est
1885 3422 2116 3490 pretiosa

552 3534 881 3589 sanctorum,
913 3523 983 3578 ita
1022 3535 1205 3577 eorum
1260 3521 1445 3575 merita
1492 3517 1853 3573 venernitium
1902 3520 2117 3581 accepta

550 3617 644 3671 tibi
669 3616 916 3670 reddatur
944 3614 1162 3668 oblatio.
1189 3612 1309 3667 Per.

615 3706 694 3757 Ad
726 3700 1518 3774 Compleudum.—Sanctiﬁcet
1550 3713 1667 3762 nos,
1698 3697 1941 3759 Domine,
1965 3708 2115 3763 quaa-

545 3808 769 3856 sumus,
818 3793 891 3845 tui
946 3792 1223 3860 perceptio
1289 3790 1643 3856 sacramenti,
1693 3798 1747 3845 et
1808 3787 2119 3841 intercessio

551 3886 718 3938 beatae
740 3883 993 3953 martyris
1024 3892 1128 3936 tuae
1159 3881 1458 3950 Euphemiae
1501 3880 1591 3934 tibi
1634 3878 1821 3933 reddat
1850 3885 2114 3945 acceptos.

553 3978 672 4033 I’er.

547 4081 718 4120 EODEM
750 4081 855 4120 ιιικ.
892 4093 961 4104 --
989 4077 1212 4119 NATALIS
1241 4076 1547 4117 SANCTORUI

1240 4147 1403 4186 NIANI.

618 4228 838 4294 Praesta,
869 4226 1110 4290 Domine,
1133 4224 1383 4293 precibus
1407 4224 1602 4280 nostris
1621 4238 1741 4278 cum
1768 4222 2121 4279 exsultatione

1599 4075 1766 4116 ωριτε
1802 4069 1828 4099 ⁸
1860 4076 1926 4115 ΕΤ
1963 4073 2121 4115 GEMI-

551 4326 886 4383 proventum,
931 4326 987 4369 ut
1016 4329 1237 4384 quorum
1282 4314 1421 4369 diem
1456 4315 1718 4383 passionis
1756 4329 1931 4368 annua
1958 4313 2123 4368 devo-

553 4409 696 4461 tione
725 4406 1040 4471 recoiimus,
1074 4404 1237 4458 etiam
1283 4403 1405 4457 ﬁdei
1434 4404 1783 4457 constantiam
1830 4404 2122 4473 subsequa-

549 4511 685 4549 mur.
715 4494 835 4549 Per.

619 4588 790 4654 Super
817 4583 1009 4638 oblata.
1030 4614 1100 4624 —
1121 4584 1253 4638 Vota
1280 4583 1453 4652 populi
1485 4585 1578 4647 tui,
1630 4583 1853 4637 Domine
1872 4624 1888 4648 ,
1937 4584 2115 4652 propi-

557 4675 974 4739 tiatusintende,
1023 4682 1080 4728 ut
1107 4688 1328 4743 quorum
1376 4688 1471 4727 nos
1514 4674 1696 4729 tribuis
1726 4674 1982 4729 solemnia
2031 4688 2119 4731 ce-

551 4769 777 4831 lebrare,
810 4764 972 4819 facias
999 4763 1228 4835 gaudere
1246 4762 1530 4833 suffragiis.
1570 4763 1689 4818 Per.

618 4858 697 4911 Ad
734 4855 1124 4924 Complendum.
1145 4882 1212 4895 —
1235 4852 1438 4907 Exaudi
1463 4897 1477 4919 ,
1510 4854 1761 4918 Domine,
1810 4867 1998 4923 preces
2024 4868 2119 4908 no-

547 4957 707 5013 stras,
740 4956 796 5001 ut
824 4954 1130 5001 sanctorum
1166 4954 1405 5011 tuorum,
1440 4958 1664 5012 quorum
1697 4944 1829 4997 festa
1858 4944 2117 4999 solemni-

549 5048 631 5094 ter
650 5038 1000 5103 celebramus,
1027 5035 1293 5093 continuis
1322 5034 1597 5091 foveamur
1623 5034 1851 5090 auxiliis.
1887 5034 2011 5091 Per.

510 5218 515 5221 ι
617 5180 642 5207 ιι
677 5170 792 5227 Non
845 5171 1084 5226 meminit
1129 5170 1297 5227 sancti
1345 5169 1645 5225 Geminiani
1688 5170 1912 5227 Kalend.
1955 5171 2111 5231 Rom.

548 5244 673 5311 Ejus
701 5252 877 5297 autem
908 5256 1101 5296 nomen
1150 5241 1490 5309 consignatur
1512 5240 1762 5311 in_Codd.
1799 5241 1923 5296 Mss.
1953 5245 2112 5299 etiam

546 5309 951 5401 antiquissimis,
990 5312 1180 5401 quales.
1225 5322 1349 5392 sunt
1391 5311 1525 5366 Cod.
1578 5309 1710 5380 Reg.
1742 5310 1900 5367 Suec.
1952 5326 2005 5368 et
2061 5316 2113 5371 bi

547 5397 679 5451 «pios
709 5383 970 5436 Parneiius
998 5382 1282 5435 consuluit.

616 5449 642 5485 ι)
682 5452 754 5504 De
798 5450 896 5503 hac
943 5451 1122 5518 Vigilia
1153 5452 1339 5505 siletur
1385 5450 1435 5505 in
1483 5450 1621 5503 Edit.
1656 5448 1875 5504 Pamelii
1912 5462 1965 5507 et
2010 5453 2114 5507 Ka-

552 5519 692 5592 lt-nd.
750 5520 1296 5592 Roin.,__antiquisque
1334 5520 1501 5592 Codd.
1556 5521 1664 5592 lino
1712 5522 1761 5573 in
1811 5522 1943 5575 Cod.
1982 5524 2109 5592 Reg.

534 5590 701 5642 ‘Suec.
729 5598 779 5642 et
828 5588 878 5640 in
917 5588 1012 5643 Ms.
1058 5590 1269 5644 Calcnsi
1313 5590 1510 5643 nullum
1546 5590 1611 5644 de
1640 5597 1824 5643 sancto
1868 5588 2115 5647 Mattbaio

548 5666 723 5712 exstat
743 5656 993 5715 officium.
1020 5659 1075 5715 In
1107 5660 1244 5715 Edit.
1276 5658 1493 5714 f‘ainelii
1524 5658 1806 5727 reperitur,
1846 5660 1939 5715 sed
1971 5663 2108 5718 intra

2146 4457 2199 4515 D

2814 479 3211 521 ινλκριειλςτιι.

2296 557 2366 633 Da
2408 556 2580 621 nobis,
2641 556 2975 625 omnipotens
3023 558 3201 624 Deus,
3262 573 3309 613 ut
3372 562 3510 615 beati
3565 563 3801 619 Matthxi

2224 650 2453 715 apostoli
2488 649 2557 702 tui
2587 658 2640 701 et
2669 649 3032 716 evangeliste,
3067 666 3220 719 quam
3253 654 3608 719 prtevenimus
3640 669 3801 709 vene-

2223 739 2385 791 randa
2412 739 2744 801 soletnnitas,
2774 747 2827 792 ct
2863 741 3197 795 devotionem
3224 743 3308 794 nol
3331 743 3375 796 is
3417 754 3607 813 augeat
3635 751 3691 799 ct
3716 760 3805 799 sa-

2223 828 2407 880 lutem.
2442 826 2542 881 Per
2575 828 2851 881 Dominum
2885 838 3148 885 nostrum.

2294 915 2462 984 Super
2487 916 2676 969 oblata.
2700 946 2769 955 —
2798 916 2957 985 (482)
2990 918 3282 986 Apostolici
3332 922 3634 975 reverentia
3684 924 3800 976 cul-

2224 1006 2380 1061 minis
2407 1007 2690 1061 olTerentcs
2721 1008 2813 1061 tibi
2845 1009 2995 1079 131
3030 1025 3179 1063 saera
3234 1015 3507 1081 mysteria,
3544 1014 3798 1077 Domine,

2220 1113 2526 1167 quaesumus
2568 1108 2619 1149 ιιι
2664 1099 2802 1153 beati
2838 1099 3069 1151 Matthmi
3119 1101 3458 1169 evangelista:
3510 1102 3799 1172 suffragiis,

2224 1189 2377 1257 cujus
2400 1189 2637 1243 natalitia
2671 1190 2940 1257 przeimus,
2977 1188 3130 1259 (485)
3165 1192 3248 1244 hic
3287 1193 3437 1259 plebs
3471 1201 3556 1245 tua
3588 1208 3804 1259 semper

2220 1290 2273 1336 et
2302 1298 2395 1335 sua
2432 1288 2551 1335 vota
2608 1282 2905 1349 depromar,
2939 1290 2993 1335 ct
3043 1284 3339 1337 desiderata
3395 1283 3669 1352 recipiat.
3701 1284 3802 1339 Per

2226 1373 2502 1424 Dominum
2538 1380 2801 1425 nostrum.

2291 1462 2370 1514 Αιι
2393 1461 2801 1530 -Complendum.
2832 1491 2903 1502 —
2940 1460 3084 1515 Beati
3138 1462 3365 1517 Mattluei
3410 1466 3750 1532 evangelista
3780 1505 3800 1531 ,

2220 1564 2523 1617 quaesumus
2548 1589 2561 1612 ,
2610 1548 2854 1615 Domine,
2909 1551 3296 1619 supplicatione
3339 1554 3591 1618 placatus,
3623 1562 3676 1609 et
3708 1570 3798 1610 ve-

2222 1640 2363 1692 niam
2396 1638 2545 1693 nobis
2582 1640 2774 1702 tribue,
2805 1650 2858 1693 et
2889 1640 3123 1694 remedia
3168 1643 3492 1710 sempiterna
3527 1646 3796 1700 concede.

2148 1742 2194 1801 Β
2223 1729 2321 1785 Per
2344 1731 2622 1786 Dominum
2648 1743 2907 1786 nostrum.

2294 1822 2429 1875 Alia.
2461 1852 2528 1862 —-
2566 1822 2668 1886 Sit,
2704 1821 2959 1889 Domine,
3004 1823 3190 1877 beatus
3242 1822 3522 1878 Mattbmus
3568 1840 3799 1896 cvange-

2223 1913 2339 1967 lis'ta
2380 1923 2575 1968 nostrm
2624 1912 2929 1982 fragilitatis
2976 1914 3228 1981 adjutor,
3281 1925 3343 1969 ut
3385 1930 3477 1984 pro
3524 1916 3676 1970 nobis
3706 1916 3799 1970 tibi

2219 2002 2523 2070 supplicans
2551 2001 2823 2071 copiosius
2842 2004 3105 2057 audiatur.
3141 2003 3262 2058 Per.

2247 2107 2300 2146 XI
2331 2106 2601 2147 KALENDAS
2640 2107 2997 2148 OCTOBRIS.—
3026 2110 3250 2150 NATALIS
3291 2103 3475 2150 ελιηατι
3512 2111 3763 2151 IIATTIIEI

2615 2198 2887 2250 APOSTOLI,
2919 2202 2985 2239 ΕΤ
3019 2201 3411 2241 ενλδοειιετᾱῑ.

2316 2274 2459 2329 Beati
2516 2274 2749 2329 Mattbazi
2797 2277 3187 2345 evangelistm,
3239 2277 3501 2343 Ι)οηιὶι-ο,
3557 2276 3799 2343 precibus

2227 2368 2558 2436 adjuvemur,
2595 2377 2648 2420 ut
2674 2366 2813 2436 quod
2862 2368 3184 2437 possibilitas
3215 2378 3393 2422 nostra
3428 2384 3532 2423 non
3564 2369 3793 2433 obtinet,

2221 2458 2340 2527 ejus
2400 2458 2552 2512 nobis
2613 2456 3000 2512 intercessione
3060 2456 3308 2512 donetur.
3365 2457 3467 2512 Per
3516 2458 3796 2512 Dominmu

2222 2557 2485 2605 nostrum.

2294 2642 2464 2710 Super
2502 2642 2689 2695 oblata.
2723 2672 2791 2682 -—
2816 2642 3298 2710 Supplicatiombus
3327 2640 3634 2707 apostolicis
3659 2638 3799 2692 beati

2239 2732 2468 2785 Mattlizei
2501 2731 2863 2801 evangelistm,
2894 2746 3219 2802 qumsumus,
3250 2730 3503 2796 Domine,
3543 2729 3799 2785 Ecclo'size

2225 2832 2326 2876 tute
2357 2823 2761 2878 commendetur
2786 2823 3006 2887 oblatio,
3027 2821 3183 2892 cujus
3217 2822 3508 2891 magnificis
3539 2822 3721 2891 praedic
3742 2838 3794 2875 a-

2224 2914 2457 2969 tionibus
2473 2914 2735 2968 eruditur.
2763 2913 2881 2968 Per.

2298 3002 2562 3072 Praefatio.
2595 3030 2667 3043 -—-
2694 3001 2833 3057 Vere
2861 3001 3076 3071 dignum
3117 3010 3172 3055 et
3197 3001 3397 3071 justum
3438 3012 3555 3067 est,
3586 3016 3798 3071 :equum

2146 3091 2192 3152 C
2225 3102 2279 3147 ct
2308 3093 2561 3157 salutare,
2597 3106 2694 3148 nos
2722 3093 2816 3148 tibi
2858 3107 3070 3161 semper
3098 3103 3151 3147 et
3179 3092 3371 3163 ubique
3396 3092 3596 3162 gratias
3617 3106 3798 3161 agere,

2227 3184 2451 3238 Domine
2502 3191 2709 3249 sancte,
2740 3182 2899 3237 Pater
2946 3184 3304 3252 omnipOtens,
3351 3193 3551 3237 αξιοι-ηε
3611 3182 3798 3237 Deus:

2222 3276 2310 3343 qui
2345 3274 2640 3327 Ecclesiam
2671 3280 2815 3327 tuam
2846 3272 2898 3326 in
2940 3274 3043 3327 tuis
3072 3273 3317 3328 ﬁdelibus
3353 3272 3545 3341 ubique
3594 3271 3802 3340 pollen-

2223 3375 2329 3421 tem
2380 3364 2692 3432 apostolicis
2746 3363 2877 3418 faeis
2924 3373 3169 3418 constare
3223 3363 3503 3429 doctrinis;
3562 3372 3801 3430 prmsta,

2221 3467 2549 3524 quaesumus,
2583 3464 2639 3507 ut
2682 3467 2776 3522 per
2803 3467 2936 3522 quos
2988 3454 3197 3508 initium
3243 3452 3437 3508 divina:
3481 3452 3805 3522 cognitionis

2221 3546 2446 3616 accepit,
2473 3560 2567 3613 per
2593 3558 2687 3601 eos
2726 3559 2893 3614 usque
2924 3546 2979 3600 in
3027 3545 3187 3599 finem
3211 3527 3415 3600 'saeculi
3446 3545 3620 3614 capiat
3650 3545 3803 3615 (484)

2222 3639 2367 3708 regni
2391 3637 2625 3693 ecelestis
2655 3645 3019 3707 augmentum.
3046 3636 3147 3692 Per
3168 3638 3465 3693 Christum.

2292 3734 2371 3787 Ad
2397 3732 2788 3803 Compteudum.
2812 3761 2879 3772 —
2898 3730 3190 3800 Perceptis,
3219 3732 3462 3797 Domine,
3493 3745 3800 3787 sacramen-

2220 3824 2314 3887 tis,
2356 3823 2516 3878 beato
2563 3822 2814 3877 Mattlimo
2842 3823 3087 3892 apostolo
3116 3832 3205 3876 tuo
3250 3831 3306 3877 et
3343 3822 3671 3891 evangelista
3725 3822 3804 3877 in-

2224 3913 2571 3977 terveniente,
2607 3912 2956 3981 deprecamur
2985 3918 3041 3966 ut
3068 3926 3185 3982 quae
3231 3925 3330 3981 pro
3362 3912 3477 3979 ejus
3520 3912 3801 3967 celebrata

2222 4014 2348 4060 sunt
2375 4006 2547 4075 gloria
2578 4004 2730 4060 nobis
2758 4006 3037 4073 proficiant
3056 4006 3122 4059 ad
3150 4005 3432 4059 medelam.
3462 4004 3586 4059 Per.

2295 4099 2505 4151 Alia.—-
2522 4097 2675 4169 (485)
2700 4098 2920 4166 Praesta,
2942 4112 3268 4166 quaesumus,
3284 4096 3620 4163 omnipotens
3636 4094 3800 4160 Deus,

2225 4190 2397 4260 utqui
2449 4191 2649 4260 jugiter
2678 4190 2968 4258 apostolica
3018 4189 3330 4244 defensione
3381 4187 3670 4252 tnunimur,
3704 4200 3803 4242 nec

2222 4282 2635 4336 succumbamus
2658 4281 2822 4346 vitiis,
2850 4294 2949 4335 nec
2985 4280 3351 4348 opprimamur
3391 4278 3657 4335 adversis.
3701 4277 3802 4331 Per

2225 4372 2502 4428 Dominum
2536 4382 2791 4426 nostrum.

2669 4499 2839 4539 IENSE
2868 4500 2962 4540 νιι.
3008 4500 3163 4541 FERIA
3205 4495 3227 4524 θ
3265 4500 3336 4540 ιν.

2299 4596 2672 4653 Misericordiae
2717 4605 2821 4650 tua:
2870 4595 3156 4661 remediis,
3195 4606 3519 4665 quaesumus,
3552 4591 3801 4655 Domine,

2224 4687 2484 4758 fragilitas
2530 4694 2713 4740 nostra
2775 4685 3048 4748 subsistat,
3099 4694 3158 4739 ut
3210 4698 3329 4753 qua:
3357 4697 3451 4753 sua
3495 4683 3803 4737 conditione

2226 4777 2495 4843 atteritur,
2529 4785 2615 4830 tua
2638 4775 2919 4831 clementia
2949 4783 3241 4844 reparetur.
3273 4773 3393 4828 Per.

2296 4866 2435 4923 Alia.
2461 4895 2532 4907 —-
2555 4865 2773 4933 Praesta,
2796 4878 3120 4935 qutesumus,
3158 4864 3401 4928 Domine,
3426 4861 3642 4917 familia:
3673 4876 3803 4930 sup-

2222 4957 2463 5027 plicanti,
2486 4968 2542 5012 ut
2570 4958 2694 5012 dum
2723 4972 2751 5010 a
2780 4957 2915 5012 cibis
2941 4954 3312 5026 corporalibus
3350 4968 3411 5011 se
3447 4954 3741 5022 abstinent,
3772 4966 3801 5006 a

2222 5047 2366 5103 vitiis
2388 5057 2567 5104 mente
2590 5047 2855 5117 jejunent.
2888 5046 3009 5101 Per.

2218 5180 2445 5307 Encint‘is
2466 5179 2801 5235 coneluSum.
2834 5179 3071 5236 [labetur
3100 5182 3151 5234 in
3173 5189 3404 5250 utroque
3431 5177 3640 5234 Theod.
3672 5186 3728 5232 ct
3748 5178 3801 5235 in

2267 5266 2385 5305 eme
2415 5289 2428 5303 .
3246 5266 3251 5267 ί

2267 5266 2404 5305 emet
2415 5289 2428 5303 .
3246 5266 3251 5267 ⁷

2205 5360 2217 5375 .
2291 5330 2314 5359 ο
2364 5319 2514 5387 Apud
2547 5319 2847 5383 Pamel.’,in
2879 5318 2977 5373 Ms.
3003 5317 3214 5374 Calensi
3265 5326 3319 5373 et
3369 5320 3419 5372 in
3450 5317 3567 5371 Kal.
3611 5317 3798 5380 Rom.,

2216 5391 2374 5443 statio
2403 5392 2702 5457 assignatur
2729 5391 2797 5441 ad
2836 5398 3069 5442 sanctam
3098 5388 3361 5453 Mariam;
3394 5389 3558 5442 addit.
3588 5387 3797 5457 Pamel.

2219 5459 2492 5530 Majorem.
2534 5459 2690 5526 Apud
2743 5459 2987 5530 eumdem
3014 5498 3029 5523 ,
3055 5460 3441 5530 consentiente
3486 5456 3620 5530 Cod.
3656 5458 3791 5530 Reg.

2217 5526 2398 5590 Suéc..
2432 5530 2577 5593 prius
2597 5538 2884 5582 annotatur
2918 5528 3188 5583 Dominica
3216 5569 3231 5595 ,
3281 5527 3432 5597 cujus
3462 5526 3623 5582 statio
3654 5526 3794 5578 iudi-

2221 5600 2359 5654 citur
2387 5599 2454 5650 ad
2474 5608 2703 5652 sanctum
2736 5597 2968 5652 Petrum.
