4026 6308
223 331 307 385 ιιι

1398 333 1603 390 LIBER
1639 330 2274 388 SACRAMENTORUM.

3371 345 3474 399 Ni

292 443 447 515 132
507 440 685 509 Super
717 444 907 497 oblata.
936 474 1000 484 ——
1030 442 1170 497 Deus
1220 443 1424 510 ﬁdelis,
1478 443 1578 514 qui
1627 443 1801 498 ﬁdelia
1829 448 1877 504 Α
1908 446 2147 498 nantium
2176 452 2552 514 deprecatione
2594 446 2865 516 placatus,
2909 458 2962 505 et
3000 450 3283 518 prtesentia
3321 455 3479 512 nobis

219 538 471 605 promissa
529 536 846 601 conﬁrmas,
897 536 1023 591 dum
1074 544 1291 591 vocatas
1339 546 1529 606 gentes
1579 551 1642 589 ex
1700 534 1805 590 ﬁde

221 629 504 696 pistiﬁeas,
554 634 610 680 tu
660 628 1022 696 cognitionem
1089 627 1244 682 nobis
1292 626 1580 682 individua
1629 626 1802 681 tribue

221 720 495 774 Trinitatis
519 762 533 784 ,
581 732 638 773 ut
691 719 900 788 paciﬁci
942 734 1324 774 converscmur
1348 719 1486 774 inter
1525 718 1660 772 ﬁlios
1688 719 1806 772 uni-

221 811 367 873 tatis,
399 825 520 878 quo,
546 807 702 863 istius
731 816 931 863 sanctae
957 807 1311 881 confessionis
1334 805 1596 863 sacriﬁcio
1622 814 1803 874 poten-

220 912 302 955 ter
325 902 523 965 oblato,
555 899 912 955 visitationem
947 908 1088 956 tuam
1129 899 1334 970 jugiter
1389 913 1694 955 mereamur
1738 913 1801 952 ex

217 995 344 1044 alto.
382 991 510 1045 Per.

286 1084 562 1150 Ρτανίαιὶο.
590 1112 655 1123 —
685 1080 826 1136 Vere
852 1081 1069 1151 dignum
1101 1088 1156 1135 et
1176 1080 1375 1148 justum
1397 1087 1499 1145 est,
1525 1092 1735 1145 aequum
1752 1084 1808 1132 et

215 1176 474 1238 salutare,
509 1188 608 1227 nos
640 1172 729 1226 tibi
779 1186 991 1241 semper
1042 1181 1101 1226 et
1144 1171 1340 1240 ubique
1377 1170 1575 1239 gratias
1624 1183 1802 1239 agere,

217 1263 443 1317 Domine
466 1271 671 1327 sancte,
700 1261 857 1315 Pater
876 1262 1217 1329 omnipotens
1236 1302 1250 1326 ,
1284 1270 1485 1315 tctcrnc
1511 1261 1649 1315 Deus
1674 1276 1690 1315 :
1714 1260 1806 1331 qui

217 1368 315 1404 nos
341 1352 491 1415 ideo,
527 1351 773 1405 collectis
820 1358 973 1404 terrm
1002 1349 1282 1413 fructibus,
1310 1365 1407 1419 per
1432 1348 1797 1404 abstinentiam

214 1442 305 1498 tibi
333 1444 537 1509 gratias
570 1455 728 1510 agere
756 1440 993 1504 voluiSti,
1038 1447 1095 1494 ut
1118 1453 1181 1493 ex
1215 1439 1331 1508 ipso
1360 1438 1660 1493 devotionis
1702 1452 1803 1507 ge-

216 1550 343 1593 nere
373 1547 755 1596 uosceremus,
802 1546 906 1585 non
951 1529 1065 1585 haec
1095 1531 1160 1584 ad
1187 1530 1584 1585 exuberantiam
1614 1544 1808 1599 corpo-

218 1624 408 1689 ralem,
444 1623 541 1676 sed
572 1620 639 1675 ad
677 1620 978 1692 fragilitatis
1022 1622 1464 1675 sustentationem
1498 1635 1595 1672 nos
1624 1634 1808 1688 pcrcco

223 1718 387 1782 pisse,
438 1722 499 1766 ut
528 1711 666 1779 quod
699 1727 761 1765 ex
793 1712 877 1767 his
908 1712 1117 1781 parcius
1152 1724 1488 1766 sumeremus
1535 1710 1804 1778 egentium

1907 536 2141 590 subsidia
2183 536 2422 604 praebeas
2448 546 2502 591 et
2528 536 2721 593 futura.
2755 538 2874 597 Per.

1978 628 2115 682 Alia.
2146 656 2219 668 -
2248 627 2322 683 Da
2353 629 2536 695 nobis,
2569 645 2911 703 quaesumus,
2942 635 3280 703 omnipotens
3308 637 3471 706 Deus,

1907 727 1963 771 ut
1985 716 2280 785 jejunando
2310 726 2395 774 tua
2418 719 2586 789 gratia
2617 722 2893 790 satiemur,
2918 734 2972 779 et
2996 724 3312 783 abstinendo
3340 743 3472 784 cun-

1906 807 2006 861 ctis
2035 805 2333 862 efficiamur
2362 806 2605 863 hostibus
2637 808 2905 866 fortiores.
2948 813 3052 868 l’er
3076 813 3357 873 Dominum
3384 834 3481 875 no-

1905 905 2092 949 strum.

1984 984 2123 1039 Alia.
2166 1013 2237 1025 —
2274 986 2477 1050 Tttere,
2529 1002 2870 1055 qutnsumus,
2919 990 3173 1064 Domine,
3223 996 3483 1053 familiam

1912 1082 2089 1138 tuam,
2123 1083 2183 1128 ut
2209 1074 2399 1130 salutis
2440 1085 2656 1131 auertite
2697 1080 2930 1136 remedia
2968 1098 3088 1152 qua:
3127 1095 3179 1141 te
3217 1089 3487 1157 aspirante

1907 1166 2272 1237 requirimus,
2307 1176 2359 1223 te
2406 1168 2663 1239 largiente
2702 1185 3118 1244 consequamur.
3162 1177 3265 1235 Per
3305 1184 3486 1239 Domi-

1912 1274 2038 1313 num
2076 1269 2336 1313 nostrum.

1980 1351 2119 1405 Alia.
2150 1381 2221 1391 —
2250 1350 2476 1417 Tribue,
2528 1366 2835 1421 quaesumus
2860 1394 2877 1421 ,
2932 1355 3154 1412 Domine
3174 1398 3191 1424 ,
3245 1362 3485 1417 ﬁdelibus

1908 1442 2011 1494 tuis
2040 1450 2097 1494 ut
2132 1453 2186 1495 et
2209 1434 2413 1512 jejunio
2441 1446 2820 1499 convenienter
2847 1454 3117 1514 aptentur,
3147 1457 3201 1502 et
3237 1461 3483 1519 suscepta

1904 1529 2223 1585 Solemniter
2250 1532 2528 1601 castigatio
2566 1533 2858 1602 corporalis
2894 1535 2959 1589 ad
3006 1535 3233 1593 fructum
3275 1551 3484 1596 nostra-

1906 1634 2022 1675 rum
2054 1628 2288 1675 transeat
2317 1622 2631 1677 animarum.
2666 1623 2765 1678 Per
2798 1624 3075 1680 Dominum
3118 1637 3379 1685 nostrum.

1982 1709 2115 1763 Alia.
2145 1737 2216 1749 —-
2245 1710 2315 1766 Ut
2345 1726 2442 1765 nos
2462 1750 2477 1775 ,
2513 1711 2763 1779 Domine,
2794 1714 2983 1770 tribuis
3010 1717 3251 1773 solemne
3273 1719 3364 1774 tibi
3392 1720 3485 1776 de-

221 1807 503 1875 proﬁceret
524 1804 1145 1870 alimentis,etsalutaris
1161 1803 1440 1873 castigatio
1464 1798 1803 1859 mortalitatis
1837 1797 1879 1859 Β
1910 1796 2054 1853 ferre
2088 1798 2346 1868 jejunium
2368 1839 2384 1864 ,
2422 1801 2500 1855 sic
2539 1802 2691 1856 nobis
2712 1840 2730 1869 ,
2763 1818 3068 1873 qumsumus
3093 1847 3109 1871 ,
3143 1806 3486 1878 indulgentia:

223 1898 562 1952 insolentiam
596 1896 887 1965 mitigaret,
933 1904 985 1950 et
1038 1895 1206 1964 pietas
1247 1892 1515 1962 largitoris
1551 1907 1648 1947 nos
1700 1902 1805 1957 tum

222 1986 539 2056 benignitati
568 1986 972 2041 commendatos
1004 1985 1261 2051 efﬁceret,
1284 1984 1466 2053 sicque
1498 1982 1653 2038 donis
1688 1993 1797 2037 ute-

225 2091 407 2129 remur
438 2074 787 2143 transitoriis,
820 2082 878 2129 ut
914 2074 1242 2129 disceremus
1270 2074 1477 2129 inhiare
1506 2072 1804 2144 perpetuis.

225 2166 324 2222 Per
346 2166 622 2221 Christum
661 2166 941 2220 Dominum
971 2174 1235 2221 nostrum.

293 2256 373 2309 Ad
394 2253 1203 2325 Contplcndttm.—Sumentes,
1240 2252 1486 2321 Domine,
1519 2253 1656 2308 dona
1696 2267 1808 2310 cm-

224 2345 377 2402 lestia
428 2345 745 2415 suppliciter
790 2345 1144 2415 deprecamur
1184 2354 1244 2399 ut
1272 2359 1389 2414 quae
1417 2343 1601 2399 sedula
1630 2342 1801 2399 servi-

232 2447 361 2500 tute,
402 2435 640 2491 donante
669 2443 740 2497 te,
769 2434 1024 2506 gerimus,
1057 2436 1232 2505 dignis
1263 2435 1509 2490 sensibus
1555 2445 1647 2491 tuo
1692 2448 1810 2489 mu-

225 2541 353 2582 nere
378 2528 675 2595 capiamus.
710 2525 815 2581 Per
845 2525 1127 2580 Dominum
1169 2535 1411 2580 nostrum

286 2616 427 2669 Alia.
456 2645 528 2656 —
553 2616 891 2684 Quaesumus,
926 2620 1266 2685 omnipotens
1302 2614 1463 2679 Deus,
1503 2629 1685 2683 preces
1712 2630 1803 2671 no-

221 2719 354 2764 stras
384 2707 620 2777 respice,
664 2716 719 2763 et
748 2717 852 2762 tuae
885 2722 1047 2776 super
1068 2722 1166 2763 nos
1192 2708 1397 2761 viscera
1440 2708 1653 2775 pietatis
1703 2706 1806 2762 im-

221 2801 418 2868 pende,
448 2808 507 2855 ut
535 2800 623 2869 qui
652 2814 717 2855 ex
754 2809 932 2853 nostra
956 2800 1109 2869 culpa
1141 2798 1452 2868 affligimur,
1480 2812 1545 2852 ex
1580 2810 1665 2852 tua
1699 2799 1810 2868 pie-

222 2898 324 2946 fate
360 2890 783 2945 misericorditer
815 2890 1121 2944 liberemur.
1156 2890 1281 2943 Per.

850 3010 875 3038 ⁸
919 3016 1073 3055 mila
1115 3016 1188 3053 vt.

291 3091 518 3160 Prmsm,
544 3107 877 3161 quaesumus,
911 3094 1249 3160 omnipotens
1278 3092 1436 3159 Deus,
1491 3101 1576 3157 ttt,
1610 3093 1804 3147 observ

223 3184 465 3237 rationes
491 3197 681 3238 sacras
710 3198 883 3237 annua
922 3182 1205 3237 devotione
1243 3184 1558 3247 recolentes,
1592 3192 1644 3238 et
1682 3198 1804 3237 cor-
1831 3158 1879 3223 θ
1910 3162 2120 3247 nam”?

223 3289 349 3341 pore
370 3274 461 3326 tibi
491 3274 796 3341 placeamus
836 3283 889 3329 et
918 3285 1115 3329 mente.
1147 3275 1268 3329 Per.

294 3364 468 3433 Super
518 3363 799 3417 oblata.—
823 3366 1048 3431 Accepta
1089 3365 1177 3417 tibi
1210 3365 1333 3429 sint,
1370 3364 1611 3433 Domine,
1659 3381 1808 3435 quee-

224 3470 431 3520 sutnus,
460 3455 632 3509 nostri
681 3455 818 3509 dona
868 3456 1079 3525 jcjunii,
1125 3471 1241 3525 qua:
1285 3456 1551 3523 expiando
1596 3474 1692 3513 nos
1723 3468 1808 3511 tua

224 3546 387 3612 gratia
420 3544 615 3613 dignos
658 3545 912 3615 efficiant,
957 3557 1010 3601 et
1064 3546 1128 3600 ad
1180 3547 1501 3615 sempiterna
1551 3550 1807 3617 promissa

225 3637 542 3704 perducant.
573 3634 695 3691 Per.

292 3726 828 3796 Prcefatio.—Vere
859 3726 1076 3796 dignum
1121 3736 1175 3783 et
1213 3730 1415 3799 justum
1464 3737 1569 3795 est,
1600 3744 1808 3797 {equum

222 3828 273 3873 et
300 3819 566 3884 salutare,
601 3833 698 3874 nos
739 3819 832 3874 tibi
862 3834 1078 3886 semper
1101 3830 1155 3876 et
1184 3823 1378 3893 ubique
1405 3823 1602 3894 gratias
1631 3836 1810 3891 agere,

224 3909 454 3964 Domine
497 3920 716 3974 sancte,
767 3908 923 3965 Pater
954 3912 1326 3980 omnipotens,
1375 3923 1577 3969 aeterne
1632 3913 1811 3967 Deus:

224 4000 311 4065 qui
338 3999 495 4067 justo
550 3999 741 4067 pioque
775 4000 1141 4056 moderamine
1164 4041 1180 4067 ,
1229 4012 1285 4059 et
1328 4018 1425 4074 pro
1462 4004 1691 4074 peccatis
1720 4003 1816 4057 ﬁa-

223 4091 361 4159 gella
392 4090 627 4159 irrogas,
646 4098 699 4143 et
720 4101 838 4160 post
862 4091 1067 4162 flagella
1092 4093 1298 4149 veniam
1332 4094 1652 4164 pr0pitiatus
1684 4109 1817 4149 con-

225 4180 440 4246 donas,
491 4190 548 4235 et
598 4192 934 4250 peccatorum
989 4183 1153 4237 vitam
1207 4185 1380 4252 potius
1416 4185 1603 4239 volens
1654 4200 1811 4253 quam

227 4279 458 4325 mortem
486 4314 501 4337 ,
553 4285 660 4325 non
695 4284 787 4325 eos
817 4271 881 4325 ad
931 4271 1201 4325 interitum
1258 4273 1603 4338 condemnas,
1637 4275 1728 4327 sed
1761 4283 1818 4327 ut

226 4360 569 4431 corrigantur
598 4360 880 4415 miseratus
904 4370 1206 4431 exspectas.
1247 4360 1349 4417 Per
1391 4361 1662 4417 ΟΙιΓίδιιιιιι
1718 4363 1818 4417 Do-

231 4452 435 4505 minum
476 4462 744 4505 nostrum.

1911 1898 2108 1958 prmsta
2134 1887 2451 1944 subsidium.
2486 1891 2605 1946 Per.

1976 1979 2114 2033 Alia.
2143 2007 2216 2020 —
2245 1977 2394 2050 (486)
2428 1978 2568 2035 Deus
2590 2019 2605 2043 ,
2664 1980 2753 2049 qui
2798 1980 2966 2038 tribus
3034 1984 3214 2052 pueris
3237 1986 3487 2054 tnttigasti

1911 2068 2157 2123 flammas
2188 2067 2390 2139 ignium
2412 2107 2426 2131 ,
2457 2070 2692 2125 concede
2733 2071 2991 2140 propitius
3028 2082 3087 2129 ut
3123 2087 3221 2129 nos
3260 2076 3486 2130 famulos

1912 2167 2033 2215 tuos
2082 2174 2189 2216 non
2237 2168 2430 2215 exurat
2477 2159 2689 2215 flamma
2739 2162 3010 2218 vitiorum.
3059 2164 3163 2220 Per
3202 2164 3487 2222 Dominum

1908 2257 2174 2304 nostrum.

1982 2337 2154 2407 Super
2176 2337 2368 2393 oblata.
2389 2369 2461 2381 —-
2486 2338 2611 2393 Haec
2639 2338 2844 2405 llostia,
2875 2341 3128 2411 Domine,
3154 2359 3484 2427 qumsumus,

1911 2436 1968 2483 et
1994 2427 2205 2483 vincula
2236 2438 2432 2484 nostra:
2463 2429 2755 2498 iniquitatis
2784 2430 3059 2498 absolvat,
3103 2443 3156 2488 et
3196 2444 3300 2489 tua:
3326 2437 3484 2492 nobis

1913 2517 2305 2573 misericordiae
2333 2518 2471 2572 dona
2496 2517 2761 2573 conciliet.
2790 2520 2890 2574 Per
2912 2519 3188 2575 Dominum
3218 2533 3480 2579 nostrum.

1988 2611 2255 2682 Prwfatio.
2286 2640 2358 2652 ~—
2389 2610 2524 2665 Vere
2549 2610 2763 2680 dignum
2790 2620 2845 2665 et
2868 2612 3068 2680 justum
3110 2623 3194 2667 est
3214 2650 3234 2679 ,
3276 2631 3485 2684 acquum

1911 2712 1967 2758 et
1997 2703 2254 2770 salutare,
2286 2717 2383 2757 nos
2410 2704 2501 2758 tibi
2530 2717 2743 2771 semper
2771 2711 2827 2758 et
2850 2705 3046 2775 ubique
3073 2708 3272 2776 gratias
3305 2722 3484 2776 agere,

1912 2793 2137 2848 Domine
2167 2802 2372 2859 sancte,
2406 2794 2565 2849 Pater
2592 2793 2929 2862 omnipotens
2948 2835 2965 2861 ,
2996 2805 3195 2849 a-terne
3226 2798 3364 2853 Deus
3384 2838 3399 2863 ,
3430 2810 3485 2853 et

1912 2884 2004 2939 tibi
2027 2882 2360 2939 sanctiﬁcare
2381 2882 2668 2954 jejunium,
2688 2885 2827 2953 quod
2859 2900 2955 2939 nos
2978 2886 3047 2940 ob
3074 2888 3481 2943 aediﬁcationem

1909 2973 2209 3027 animarum
2259 2982 2314 3027 et
2353 2973 2755 3041 castigationem
2800 2988 3084 3040 corporum
3128 2991 3344 3031 servare
3387 2979 3485 3033 do-

1911 3064 2064 3118 cuisti
2086 3105 2101 3129 ,
2135 3062 2423 3133 quia(487)
2444 3063 2703 3118 restrictis
2736 3065 3048 3131 corporibus
3068 3104 3084 3131 ,
3115 3068 3309 3123 animm
3338 3071 3484 3140 sagi-

2156 3155 2205 3206 in
2245 3168 2353 3221 quo
2382 3151 2543 3206 homo
2578 3163 2761 3208 noster
2788 3153 3037 3224 affligitur
3064 3157 3317 3223 exterior,
3351 3159 3456 3213 dila

1916 3253 2059 3297 tatur
2091 3242 2329 3296 inferior.
2364 3243 2629 3297 Memento
2649 3284 2663 3305 ,
2694 3258 3001 3312 quaesumus
3022 3285 3036 3309 ,
3075 3245 3317 3312 Domine,
3345 3248 3488 3316 jeth-

1916 3336 2124 3389 niorum
2156 3344 2460 3389 n0strorum
2491 3343 2545 3388 et
2580 3334 3068 3389 misericordiarum
3101 3345 3332 3401 tuarum,
3357 3354 3490 3406 quas

1920 3425 2290 3497 peccatoribus
2333 3426 2418 3495 pie
2456 3439 2669 3494 semper
2705 3425 3064 3492 jt-jnnantibus
3102 3427 3402 3494 contulisti,
3434 3437 3488 3482 et

1917 3525 2107 3580 praesta
2140 3525 2224 3578 ut,
2257 3530 2361 3568 non
2413 3519 2582 3567 soiutn
2615 3528 2644 3565 a
2672 3514 2834 3580 cibis,
2862 3515 2954 3569 sed
2987 3530 3017 3568 a
3048 3516 3277 3582 peccatis
3318 3518 3490 3571 omni-

1914 3607 2014 3661 bus
2039 3608 2398 3668 abstinentes,
2436 3604 2734 3660 devotionis
2784 3605 2876 3660 tibi
2917 3605 3121 3676 jejunio
3162 3608 3470 3677 placeamus

1916 3699 2015 3753 Per
2042 3698 2310 3753 Christum
2338 3697 2641 3751 Dominum.

1992 3801 2014 3827 ο
2060 3788 2372 3842 Benedictio.
2403 3815 2474 3828 —
2507 3788 2644 3841 licus
2693 3783 2813 3841 fons
2862 3786 3205 3855 indulgentia:
3245 3788 3492 3857 suscipiat

1916 3877 2179 3947 propitius
2215 3877 2514 3931 litationem
2545 3875 2887 3930 absﬁnentite
2917 3886 3128 3930 vestrm.
3159 3877 3351 3932 Amen.
3388 3876 3492 3931 lin-

1917 3970 2058 4038 pleat
2078 3970 2236 4025 corda
2262 3979 2434 4024 vestra
2459 3985 2673 4024 suarum
2700 3970 3142 4026 delectationibus
3166 3971 3493 4037 llo~tiarum,

1915 4070 1971 4116 et
1999 4060 2090 4115 det
2134 4059 2289 4115 vobis
2334 4074 2490 4127 posse
2518 4060 2630 4114 suis
2660 4074 2848 4127 parere
2877 4059 3172 4129 praeceptis.
3205 4062 3395 4115 Amen.
3429 4059 3493 4117 Ut

1917 4151 2062 4220 quod
2106 4168 2212 4205 non
2257 4151 2480 4219 potestis
2518 4150 2718 4205 carnali
2760 4167 2827 4205 ex
2857 4150 3165 4205 infirmitate
3194 4151 3494 4221 perﬁcere,

1916 4246 2086 4314 ipsius
2125 4246 2310 4315 gratite
2350 4248 2592 4300 ubertate
2636 4245 2793 4317 134
2821 4245 3129 4299 mereamini
3175 4247 3489 4316 adimplere.

1917 4339 2112 4391 Amen.
2147 4338 2297 4403 Quod
2331 4338 2443 4405 ipse
2471 4344 2729 4405 praestare
2758 4336 3023 4407 dignetur.

1994 4430 2070 4483 Ad
2101 4428 2487 4496 Complcndum.
2508 4427 2623 4468 -·¹
2649 4429 2925 4484 Perficiant
2959 4428 3011 4482 in
3042 4429 3215 4495 nobis,
3247 4430 3492 4494 Domine,

300 4544 383 4595 Ad
407 4541 802 4609 Camplcndum.
830 4571 900 4582 —-
922 4541 1261 4609 Qumsumus,
1293 4542 1627 4613 omnipotens
1654 4544 1810 4611 Deus,
1846 4512 1895 4573 Β
1925 4536 2261 4613 qumsumus!
2292 4530 2381 4573 “'3
2402 4530 2752 4613 sacramenta
2785 4519 2925 4613 qm?"
2956 4518 3261 4613 ⁰⁰¹¹¹ί¹ξθ¹¹ίν
3294 4527 3494 4613 “vim”

231 4642 289 4687 nt
312 4634 381 4689 de
419 4634 689 4703 perceptis
719 4634 1028 4690 muneribus
1057 4638 1254 4704 gratias
1274 4637 1584 4692 exhibentes
1604 4680 1620 4704 ,
1655 4639 1805 4693 bene-

232 4723 349 4777 ficia
387 4724 600 4791 poliam
640 4739 931 4779 sumamus.
965 4724 1067 4780 Per
1115 4726 1399 4782 Dominum
1443 4742 1680 4783 noStrum
1728 4730 1804 4785 Je-

230 4828 347 4869 sum
382 4812 681 4869 Christum.

535 4924 693 4994 133
731 4925 761 4961 ιι
800 4939 1034 4980 εΑΒΒΑτο
1073 4941 1125 4979 IN
1163 4942 1234 4981 xu
1275 4942 1523 4982 Lecrtos.

306 5036 663 5105 Omnipotens
700 5038 1029 5106 setnpiterne
1069 5038 1209 5095 Deus
1233 5079 1250 5106 ,
1289 5040 1375 5110 qui
1415 5055 1509 5109 per
1539 5041 1817 5099 continen-

230 5130 360 5180 tiam
392 5128 695 5183 salutarem
716 5172 731 5197 ,
764 5139 817 5183 et
847 5131 1161 5199 corporibus
1192 5132 1426 5187 mederis
1452 5142 1505 5187 et
1536 5133 1820 5202 mentibus,

232 5217 567 5286 Maiestatem
612 5227 756 5271 tuam
802 5218 1069 5287 supplices
1105 5234 1418 5286 exoramus,
1469 5229 1527 5275 ut
1565 5220 1648 5289 pia
1683 5222 1826 5292 jeju-

304 5336 331 5363 α
362 5326 535 5404 Feria;
557 5326 717 5404 hujus
736 5331 896 5404 statio
917 5340 997 5404 e_st
1020 5332 1095 5404 ad
1116 5332 1389 5404 Apostolus
1415 5334 1563 5404 juxta
1591 5335 1817 5392 Kalend.

232 5398 419 5461 llom.,
450 5398 584 5451 edit.
610 5399 809 5454 Pamel.
844 5411 896 5454 et
918 5402 1087 5455 Codd.
1122 5398 1246 5457 Mss.

304 5464 333 5503 δ
375 5467 453 5519 Ex
495 5466 685 5521 iisdem
727 5468 877 5524 libris
903 5473 1066 5525 statio
1094 5482 1177 5525 est
1206 5474 1273 5525 ad
1316 5483 1552 5526 sanctum
1585 5474 1816 5530 Petrum.

310 5548 333 5575 ε
378 5536 537 5610 lianc
574 5537 1019 5610 Benedictionem
1057 5541 1252 5596 nullibi
1300 5543 1598 5610 reperimus
1644 5559 1817 5598 excu-

234 5622 394 5669 sam,
428 5621 497 5658 ne
528 5608 580 5660 in
614 5608 734 5673 ipso
763 5609 973 5674 quidem
1006 5608 1441 5665 Benedictionali.

310 5674 336 5709 ιί
381 5676 506 5728 llmc
539 5676 825 5744 laudantur
852 5692 881 5730 a
911 5679 1196 5744 Gratiano,
1238 5681 1305 5735 de
1334 5690 1658 5744 consecrat"
1688 5682 1816 5739 dist.

238 5743 274 5796 2
306 5790 319 5811 ,
369 5758 490 5811 cap.
537 5742 643 5810 3i,
688 5746 939 5816 Species;
983 5742 1191 5803 necnon
1233 5764 1263 5803 a
1304 5742 1817 5829 Lattfrattco,'(ittit-

1924 4628 2064 4665 nunc
2093 4612 2272 4681 specie
2299 4612 2540 4682 gerimus
2570 4627 2746 4665 rerum
2777 4610 2999 4665 veritate
3025 4610 3317 4680 capiamus.
3351 4612 3472 4666 Per.

1992 4704 2161 4773 Super
2191 4705 2464 4774 populum.
2497 4733 2567 4743 —
2593 4701 2871 4767 Gaudeat,
2901 4702 3143 4769 Domine,
3171 4716 3494 4772 quaesumus,

1924 4799 2080 4865 plebs
2113 4806 2199 4852 tua
2234 4798 2509 4852 beneﬁciis
2540 4797 2869 4866 impetratis,
2902 4805 2958 4850 et
2984 4795 3067 4851 cui
3101 4795 3345 4849 fiduciam
3375 4809 3493 4863 spe-

1921 4889 2100 4943 randae
2134 4890 2342 4957 pietatis
2372 4889 2636 4957 indulges,
2670 4895 2865 4956 optata:
2896 4886 3272 4940 mist'ricordia:
3302 4894 3493 4955 prtesta

1921 4978 2180 5047 benignus
2208 4978 2480 5034 effectum.
2514 4977 2614 5031 Per
2650 4977 2930 5031 Dominum
2968 4984 3230 5029 nostrum.

1995 5082 2026 5118 ν
2066 5081 2341 5127 KALENDAS
2377 5081 2651 5122 OCTOBRIS.
2691 5094 2761 5105 --
2798 5077 3018 5117 NATALlS
3061 5072 3083 5098 ⁸
3118 5077 3429 5118 εωετοιυιι

2432 5151 2615 5190 008Ηῶ
2657 5152 2721 5187 ET
2759 5148 2993 5187 DAIIANI.

2000 5229 2232 5294 Adesto,
2267 5226 2523 5290 Domine,
2557 5235 2847 5293 martyrum
2877 5222 3257 5289 deprecatione
3286 5233 3493 5277 sancto-

1927 5343 2127 5395 mundo
2177 5351 2231 5396 et
2284 5340 2405 5393 aliis
2450 5340 2538 5407 qtti
2590 5337 2844 5391 adversus
2896 5336 3275 5404 Bercngarium
3316 5337 3491 5394 decer-

1926 5418 2198 5535 “Titine
2229 5479 2331 5531 hoc
2361 5477 2552 5532 fesutm
2598 5478 2649 5531 in
2690 5475 2916 5531 Kalend.
2958 5476 3000 5530 R
3025 5491 3111 5530 tm.
3136 5476 3369 5546 legitur:
3408 5477 3491 5532 οἱ(

1926 5549 1985 5603 Η
2022 5567 2093 5603 ut.
2136 5550 2488 5617 Septembris,
2540 5548 2701 5601 sancti
2745 5546 3039 5610 Eustachii,
3083 5546 3175 5599 Sed
3222 5549 3493 5617 legendum

1927 5619 2188 5742 Eustu'rli‘ii
2216 5626 2401 5673 censet
2426 5618 2577 5673 Joan.
2612 5618 2828 5674 Fronto.
2863 5617 2916 5672 ltt
2946 5617 3102 5673 nullis
3129 5617 3255 5673 Mss.
3291 5628 3490 5675 uestro-

1927 5705 2041 5742 rttttt
2096 5708 2141 5743 ta
2164 5701 2325 5743 )clur.

2096 5707 2325 5745 ιςιυριυπ.
