4026 6324
570 352 670 406 liii

1757 346 1994 400 SANCTI
2036 344 2355 401 GREGORII
2397 344 2604 399 MAGNI

3708 357 3814 411 1H

567 480 711 523 ι-ηιη,
746 474 798 516 (ει
831 477 961 530 quos
993 471 1096 528 pazt
1131 474 1224 525 pro
1259 466 1345 509 tuo
1375 454 1587 509 nomine
1621 454 1831 508 voluisti
1863 496 1875 520 ,
1911 455 1991 507 fac
2024 455 2127 509 tuis
2158 458 2205 515 Α
2307 456 2473 521 Super
2512 456 2675 508 oblata
2738 484 2805 493 -—
2848 455 3147 511 Benedictio
3190 466 3272 512 tua
3297 505 3309 526 ,
3357 462 3581 516 Domine.
3605 506 3617 528 ,
3662 468 3811 533 1³ης»

568 555 807 609 li'delibus
836 551 943 607 suﬁ‘
967 550 1132 617 agari.
1170 548 1291 599 Per.

640 646 805 706 super
854 640 1043 693 oblata.
1085 666 1151 675 -—
1191 635 1434 703 Antieipa
1490 649 1586 687 nos
1635 634 1992 688 misericordia
2046 644 2131 688 tua

564 734 868 800 priusquam
900 728 1044 780 zelus
1075 727 1165 777 ira:
1195 723 1448 777 desaeviat
1475 765 1488 787 ,
1532 724 1835 778 misericors
1882 724 2051 791 Deus,
2083 732 2136 777 et

569 810 679 874 lucc
708 821 844 871 dona
868 815 1168 877 sanetiﬁca,
1196 821 1285 879 ut,
1312 813 1473 881 adjuti
1499 813 1804 881 patrociniis
1829 814 2132 877 beatorum,

564 924 785 971 quorum
813 916 1026 973 prepler
1051 914 1100 957 te
1122 904 1337 971 sanguis
1360 904 1558 956 effusus
1581 912 1681 967 est,
1704 904 2133 972 propitiationcm

565 1009 703 1049 tuam
735 1011 851 1048 cum
886 1000 1227 1061 peccatorum
1259 992 1414 1045 venia
1443 1007 1853 1061 consequamur.
1887 995 2006 1048 Per.

633 1089 711 1140 Ad
738 1084 1130 1154 Complendum.
1154 1115 1224 1124 —
1244 1085 1324 1138 Sit
1350 1085 1520 1148 nobis,
1550 1085 1792 1149 Domine,
1818 1086 2133 1139 sacramenti

565 1177 636 1229 tui
668 1184 811 1228 certa
846 1173 1091 1239 salvatio,
1117 1187 1235 1239 qum
1258 1188 1377 1226 cum
1408 1173 1676 1225 beatorum
1705 1183 1993 1243 martyrum
2021 1184 2137 1228 tuo-

563 1280 678 1317 rum
711 1265 921 1317 Cosmae
949 1270 1004 1316 et
1033 1261 1271 1315 Damiani
1302 1262 1503 1317 meritis
1536 1263 1871 1330 imploratur.
1906 1265 2025 1318 Per.

630 1371 687 1411 III
725 1367 995 1407 KALENDLS
1032 1368 1300 1409 OCTOBRIS.
1334 1383 1401 1395 ’-
1426 1368 1707 1406 ΒΕΜΕΑΤΙΟ
1748 1361 1772 1387 ⁸
1812 1369 2061 1409 ΒΑειιιαΑῑ

1093 1458 1275 1496 εΑΝετι
1303 1458 1601 1497 ΜΙΩΙῘΛΙΞΙΛΞ.

636 1535 773 1590 Deus
795 1576 808 1600 ,
839 1535 927 1603 qui
957 1535 1091 1588 miro
1118 1535 1305 1588 ordine
1336 1535 1649 1604 angelorum
1684 1537 1975 1590 ministeria
1995 1574 2010 1599 ,
2041 1535 2135 1588 bo-

566 1627 875 1694 minumque
913 1624 1234 1693 dispensas,
1281 1626 1518 1679 concede
1558 1625 1815 1693 pr0pitius
1856 1633 1915 1679 ut
1943 1625 2133 1693 quibus

564 1715 655 1769 tibi
687 1713 1108 1769 ministrantibus
1138 1712 1189 1767 in
1221 1713 1359 1768 cmlo
1389 1728 1601 1783 semper
1632 1714 1919 1779 assistitur,
1952 1713 2018 1768 ab
2053 1713 2133 1768 bis

564 1807 615 1858 in
649 1813 789 1859 terra
819 1813 999 1858 nostra
1036 1802 1140 1857 vita
1172 1803 1460 1859 muniatur.

636 1897 805 1965 Super
832 1895 1022 1949 oblata.
1053 1924 1124 1939 ι·-
1155 1894 1363 1948 Hostias
1396 1894 1487 1947 tibi
1512 1934 1525 1956 ,
1561 1894 1813 1957 Domine,
1848 1892 2019 1946 laudis
2058 1892 2136 1945 of-

566 1987 786 2041 ferimus
808 2027 821 2049 ,
851 1985 1165 2055 suppliciter
1194 1986 1546 2053 deprecantes
1577 1994 1632 2037 ut
1673 1985 1891 2038 easdem
1911 2023 1927 2049 ,
1974 1998 2135 2052 ange-

567 2078 667 2130 lico
710 2090 803 2145 pro
841 2075 1005 2141 nobis.
1036 2075 1423 2128 interveniente
1462 2074 1751 2143 suffragio,
1798 2086 1848 2126 et
1894 2075 2135 2142 placatus

566 2168 815 2234 accipias,
847 2175 901 2219 et
923 2166 987 2218 ad
1017 2164 1237 2219 salutem
1272 2174 1504 2217 nostram
1538 2165 1818 2231 provenire
1847 2163 2132 2218 concedas.

571 2260 669 2310 Per
700 2257 995 2311 Dominum.

636 2346 909 2416 Pra’falt'o.
941 2376 1010 2386 —
1042 2346 1176 2400 Vere
1205 2346 1420 2415 dignum
1452 2355 1503 2397 ct
1527 2344 1725 2411 justum
1768 2353 1883 2407 est,
1925 2358 2129 2412 aequum

567 2446 618 2489 ct
647 2436 903 2499 salutare,
937 2450 1032 2487 nos
1065 2435 1157 2487 tibi
1187 2448 1400 2501 semper
1429 2444 1479 2486 et
1509 2434 1699 2502 ubique
1729 2435 1924 2501 grat'as
1953 2449 2130 2502 agete,

571 2525 790 2578 Domine
841 2532 1058 2587 sancte,
1099 2524 1255 2577 Pater
1299 2525 1661 2592 utunEpotens,
1707 2536 1907 2576 aeterne
1954 2524 2132 2576 Deus:

564 2615 733 2667 sancti
804 2613 1075 2667 Michaelis
1128 2613 1429 2681 archangeli
1488 2612 1673 2665 merita
1734 2612 2132 2679 praadicantes;

566 2704 807 2771 quamvis
852 2703 993 2756 enim
1041 2701 1193 2755 nobis
1234 2703 1303 2754 sit
1344 2702 1515 2755 omnis
1558 2702 1791 2770 angelica
1836 2700 2131 2755 veneranda

568 2795 898 2858 sublimitas,
931 2810 1048 2863 qum
1080 2795 1130 2847 in
1164 2793 1452 2861 Majestatis
1484 2803 1583 2848 tua:
1613 2793 1861 2848 consistit
1902 2808 2130 2862 conspe-

564 2894 685 2952 ctu,
732 2886 817 2941 illa
868 2897 1043 2940 tamen
1084 2893 1168 2939 est
1212 2899 1409 2952 prOpeu
1444 2884 1526 2936 ius
1568 2884 1873 2937 liotioranda
1914 2899 2030 2951 qua:
2077 2884 2128 2935 in

562 2977 682 3043 ejus
710 2976 919 3030 ordinis
949 2976 1200 3043 dignitate
1241 2975 1473 3028 caelestis
1516 2974 1716 3027 militia:
1755 2974 1945 3026 meruit
1985 2974 2129 3042 prin—

569 3067 825 3134 cipatum.
858 3065 959 3118 Per
987 3062 1257 3117 Christum
1289 3061 1571 3115 Dominum
1604 3071 1861 3115 nostrum.

2238 545 2562 607 descendat,
2596 560 2712 612 qnze
2746 561 2965 599 munera
3009 557 3219 615 nostra,
3261 552 3581 620 deprecante
3620 571 3813 611 saneto

2237 638 2411 690 Marco
2442 639 2748 690 confessore
2779 648 2864 691 tuo
2892 647 3047 707 atque
3077 643 3353 709 pontiﬁce,
3389 645 3480 699 tibi
3514 648 3697 701 reddat
3725 666 3794 703 ac

2237 734 2423 792 cepta,
2459 736 2508 779 et
2544 727 2694 779 nobis
2736 741 2809 780 sat.
2829 740 3122 783 ramentum
3168 732 3548 799 retlemptimis
3590 735 3791 790 efﬁciat

2238 815 2337 868 Per
2369 815 2649 867 Dominum
2682 824 2942 878 nostrum.

2309 905 2389 956 Ad
2420 904 2803 970 Compleudum.
2836 934 2909 946 —
2936 906 3006 959 Da
3026 948 3041 971 ,
3075 923 3380 974 quaesumus
3402 955 3416 978 ,
3455 912 3676 967 Domine
3701 956 3714 977 ,
3749 918 3809 968 fi-

2238 995 2446 1048 delibus
2482 996 2688 1061 populis
2726 1007 3026 1050 sanctorum
3076 1006 3283 1050 tuorum
3327 1016 3541 1069 semper
3584 1022 3808 1059 venera-

2237 1086 2377 1138 tione
2409 1085 2604 1148 lactari,
2636 1097 2689 1139 et
2727 1101 2908 1139 eorum
2955 1099 3203 1155 perpetua
3244 1092 3633 1159 supplicatione
3678 1114 3797 1151 mu-

2239 1179 2357 1232 niri.
2387 1177 2488 1231 Per
2518 1180 2791 1232 Dominum

2236 1283 2408 1322 PRIDIE
2437 1284 2551 1322 IDUS
2572 1285 2840 1325 (lCTI-BRIS.
2861 1300 2929 1309 -
2950 1287 3172 1326 NATALIS
3196 1288 3380 1328 SANC'I'I
3405 1291 3611 1331 CALISTI
3642 1295 3811 1333 PAPJ-I.

2312 1359 2450 1412 Deus
2473 1399 2488 1424 ,
2521 1360 2607 1427 qui
2642 1376 2736 1412 nos
2766 1364 3030 1426 conspicis
3071 1381 3133 1417 ex
3168 1378 3344 1421 nostra
3378 1372 3684 1425 inﬁrmitate
3719 1373 3811 1425 de-

2246 1449 2409 1503 ﬁcere
2428 1492 2441 1515 ,
2476 1454 2538 1504 ad
2570 1466 2804 1505 amorem
2838 1463 2983 1507 tuum
3011 1469 3105 1508 nos
3137 1457 3550 1515 misericorditer
3578 1477 3671 1529 per
3692 1477 3809 1515 sau-

2245 1550 2450 1593 ctorum
2513 1551 2720 1595 tuorum
2777 1545 3020 1613 exempla
3072 1554 3333 1601 restaura.
3378 1549 3479 1604 Per
3532 1552 3813 1606 Dominum

2239 1638 2497 1685 nostrum.

2312 1720 2477 1790 Super
2523 1722 2711 1776 oblata.
2742 1752 2809 1762 —-
2841 1724 3055 1795 Mystica
3106 1728 3289 1794 nobis,
3333 1731 3589 1797 Domine,
3645 1736 3811 1803 prosit

2164 1804 2211 1863 Β
2240 1816 2435 1871 oblatio
2456 1856 2469 1881 ,
2500 1831 2619 1885 qua:
2650 1831 2746 1871 nos
2776 1827 2829 1871 et
2857 1834 2885 1871 a
2931 1820 3167 1874 reatibus
3211 1824 3405 1878 nostris
3445 1827 3727 1895 expediat,
3758 1839 3811 1883 et

2240 1916 2497 1975 perpetua
2529 1908 2822 1961 salvatione
2850 1910 3150 1965 conﬁrmet.
3184 1912 3298 1966 Per.

2309 2018 2390 2070 Ad
2421 2016 2809 2084 Compleudum.
2834 2050 2901 2059 —
2928 2020 3266 2086 Qua‘sumus,
3291 2024 3627 2092 omnipotens
3651 2026 3810 2091 Deus,

2246 2116 2303 2158 ut
2356 2115 2560 2159 reatum
2612 2115 2850 2161 nostrum
2898 2123 3115 2161 munera
3159 2121 3363 2163 sacrata
3412 2113 3719 2180 puriﬁcent,
3759 2126 3811 2170 et

2240 2207 2388 2251 recte
2416 2198 2624 2251 vivendi
2657 2199 2809 2253 nobis
2846 2209 3133 2268 operentur
3171 2200 3437 2257 eﬂ’eetum.
3485 2206 3584 2260 Per
3627 2206 3807 2261 Domi-

2240 2303 2363 2341 num
2394 2298 2653 2342 nostrum.

2374 2415 2437 2451 ιγ
2471 2414 2740 2454 KALENDAS
2769 2416 3078 2455 NOVEIBBIS.
3102 2433 3170 2443 -—
3196 2413 3218 2441 θ
3243 2420 3465 2461 NATALIS
3493 2422 3679 2462 SANCTI

2742 2486 2889 2524 ιυοιιε
2919 2488 3315 2527 ενΑΝοειιετκε.

2308 2577 2623 2633 Interveniat
2652 2596 2747 2649 pro
2776 2583 2925 2637 nobis
2944 2625 2959 2649 ,
2996 2585 3216 2639 Domine
3238 2627 3252 2649 ,
3283 2602 3618 2656 quaesumus,
3656 2591 3811 2662 136

2236 2681 2451 2721 sanctus
2484 2682 2602 2725 tuus
2634 2672 2801 2726 Lucas
2833 2675 3185 2745 evangelista,
3230 2678 3319 2746 qui
3362 2679 3536 2732 crucis
3579 2682 3808 2734 mortiﬁ-

2235 2759 2495 2812 cationem
2545 2759 2742 2828 jugiter
2790 2763 2840 2815 in
2891 2780 2988 2817 suo
3035 2779 3259 2833 corpore
3310 2783 3409 2836 pro
3458 2771 3531 2823 tui
3580 2771 3810 2827 nominis

2238 2850 2440 2904 honore
2471 2852 2720 2918 portavit.
2748 2852 2846 2907 Per
2868 2853 3146 2910 Dominum
3177 2868 3443 2913 nostrum.

2303 2959 2472 3028 Super
2508 2961 2697 3014 oblata.
2726 2992 2777 3003 -—
2825 2963 2986 3018 Dnnis
3018 2981 3113 3019 nos
3143 2968 3481 3037 cmlestibus,
3514 2971 3582 3025 da
3604 3013 3620 3037 ,
3662 2988 3811 3042 qum-

2233 3066 2446 3120 sumus,
2481 3054 2741 3120 Domine,
2777 3057 2943 3111 libera
2986 3071 3163 3114 mente
3208 3064 3442 3129 servire,
3485 3074 3541 3118 ut
3583 3083 3810 3121 munera

642 3153 668 3191 δ
704 3153 1017 3207 Benedictio.
1048 3181 1115 3192 —
1148 3153 1283 3207 Deus
1309 3191 1324 3217 ,
1370 3152 1460 3221 qui
1508 3152 1572 3206 ad
1621 3153 1844 3205 salutem
1893 3161 2127 3204 nostram

2235 3154 2351 3209 qua:
2406 3144 2723 3209 deferimus,
2756 3145 3143 3204 interveniente
3174 3151 3328 3206 beato
3357 3157 3687 3224 evangelista
3722 3169 3811 3212 tuo

567 3248 878 3316 angelorum
933 3259 1148 3299 suorum
1203 3245 1368 3297 utitur
1418 3242 1750 3305 ministerio,
1784 3234 1986 3296 ~eorum
2038 3257 2133 3296 vos

566 3338 860 3391 munimine
898 3337 1165 3391 communi
1201 3335 1354 3404 135
1384 3333 1539 3403 (4258)
1568 3333 1831 3388 custodiat
1870 3335 2129 3389 custodia.

562 3434 754 3485 Amen.
786 3430 882 3485 Det
911 3428 1062 3484 vobis
1093 3428 1349 3482 mentium
1378 3427 1658 3495 puritatem
1684 3468 1698 3491 ,
1730 3437 1782 3481 et
1808 3427 1984 3495 jugem
2013 3440 2132 3479 cor-

560 3536 744 3590 porum
773 3519 1103 3585 castitatem,
1133 3517 1219 3586 qui
1250 3531 1434 3571 eorum
1463 3516 1645 3571 electis
1674 3516 1918 3570 omnibus
1947 3529 2131 3582 repro-

560 3613 702 3666 misit
727 3611 1109 3679 aequalitatem.
1148 3609 1337 3661 Amen.
1379 3605 1586 3675 Quique
1629 3605 1732 3659 illis
1772 3603 2124 3658 certissimam

556 3716 667 3755 sua:
699 3699 1090 3769 permansionis
1132 3695 1319 3750 tribuit
1360 3695 1644 3757 ﬁduciam,
1686 3695 1799 3762 ipse
1837 3709 1930 3748 vos
1973 3695 2127 3761 fidei,

563 3788 706 3857 spei,
741 3785 1121 3853 charitatisque
1151 3783 1526 3852 perseverabili
1569 3784 1779 3836 virtute,
1802 3782 2082 3837 confirmet
2110 3825 2125 3849 ,

556 3886 715 3945 atque
770 3877 834 3928 ad
889 3888 1071 3929 eorum
1127 3872 1471 3929 beatitudinis
1502 3872 1812 3927 societatem
1847 3873 2126 3941 perducat.

556 3973 748 4022 Amen.
779 3966 930 4032 Quod
959 3966 1073 4033 ipse
1100 3974 1353 4034 prmstare
1381 3964 1647 4033 dignetur.

626 4060 708 4112 Ad
738 4059 1127 4127 Complendum.
1156 4087 1227 4097 —
1252 4057 1396 4112 Beati
1422 4056 1722 4126 archangeli
1752 4056 1823 4109 tui
1858 4056 2121 4111 Michaelis

559 4152 939 4206 intercessione
967 4149 1169 4204 suﬁulti
1192 4190 1206 4215 ,
1240 4148 1525 4218 supplices,
1564 4159 1613 4203 te
1647 4150 1866 4203 Domine
1889 4192 1903 4211 ,
1934 4150 2121 4218 depre-

554 4258 760 4307 caumr,
787 4252 841 4297 ut
865 4254 997 4310 quos
1026 4239 1228 4295 honore
1258 4241 1647 4310 prosequimur,
1675 4243 2041 4311 contingamus
2072 4252 2128 4298 et

554 4348 754 4392 mente.
790 4336 890 4390 Per
919 4333 1219 4388 Dominum.

630 4428 800 4495 Super
829 4426 1096 4494 papulum.
1142 4448 1207 4461 -—-
1242 4421 1392 4491 (l8‘d)
1434 4422 1630 4476 Adesto
1673 4425 1809 4491 plebi
1855 4435 1992 4490 tum,
2030 4424 2129 4477 tui-

2240 3232 2379 3286 Luca
2400 3272 2414 3296 ,
2448 3246 2503 3288 et
2532 3235 2791 3290 medelam
2822 3239 2976 3292 nobis
3008 3250 3299 3309 operentur
3326 3252 3380 3299 et
3405 3246 3654 3314 gloriam.
3683 3247 3807 3302 Per.

2310 3323 2579 3395 Pra'fatio.
2615 3357 2681 3365 —
2712 3326 2848 3383 Vere
2875 3329 3090 3399 dignum
3124 3342 3175 3386 et
3200 3333 3399 3402 justum
3438 3346 3552 3400 est,
3594 3352 3809 3406 :equum

2238 3423 2291 3466 et
2319 3414 2584 3479 salutare,
2616 3432 2712 3471 uos
2738 3417 2829 3471 tibi
2858 3433 3067 3489 semper
3097 3430 3152 3475 et
3180 3423 3371 3492 ubique
3398 3425 3596 3492 gratias
3627 3442 3808 3494 agere,

2237 3500 2459 3556 Domine
2485 3516 2689 3571 sancte,
2722 3505 2875 3560 Pater
2902 3509 3260 3576 omnipotens,
3291 3521 3490 3567 atterue
3521 3512 3701 3579 Deus;
3754 3527 3810 3570 et

2239 3596 2288 3642 te
2319 3589 2370 3644 in
2404 3599 2615 3647 tuorum
2642 3605 2945 3649 sanctorum
2977 3598 3181 3652 meritis
3205 3600 3449 3671 gloriosis
3475 3603 3808 3671 collaudare,

2246 3680 2563 3737 benedicere
2601 3693 2656 3737 et
2686 3685 2995 3752 prtedieare,
3045 3689 3132 3756 qui
3162 3703 3254 3743 eos
3282 3690 3594 3746 dimicantes
3623 3702 3808 3748 contra

2235 3771 2436 3839 antiqui
2470 3773 2737 3839 serpentis
2769 3774 3220 3845 machinamenta,
3254 3788 3306 3833 et
3336 3782 3533 3849 preprii
3565 3786 3810 3850 corporis

2235 3860 2592 3917 blandimenta
2616 3905 2630 3927 ,
2677 3864 3065 3937 inexpugnabili
3094 3868 3309 3935 virtute,
3338 3870 3445 3925 Rex
3479 3873 3685 3941 glorim,
3720 3891 3811 3929 ro-

2234 3952 2451 4007 borasti.
2472 3954 2546 4007 Ex
2562 3955 2750 4023 quibus
2766 3957 2948 4012 beatus
2962 3958 3133 4014 Lucas
3153 3962 3474 4030 evangelista
3498 3973 3640 4032 tuus,
3658 3966 3810 4035 (491)

2233 4050 2504 4111 assumpto
2533 4055 2682 4097 scuto
2711 4045 2867 4110 ﬁdei,
2899 4056 2951 4099 et
2980 4048 3128 4117 galea
3156 4049 3367 4117 salutis,
3401 4062 3454 4106 et
3482 4054 3661 4122 gladio
3689 4056 3809 4121 Spi-

2234 4139 2366 4190 ritus
2407 4138 2616 4203 sancti,
2663 4148 2716 4192 et
2757 4139 2980 4194 viriliter
3018 4150 3204 4195 contra
3246 4143 3489 4197 vitiorum
3539 4146 3808 4201 incentiva

2236 4231 2530 4297 pugnavit,
2580 4238 2634 4283 et
2687 4231 3005 4300 evangelicae
3064 4233 3217 4311 nobis
3267 4234 3561 4289 dulcedinis
3611 4236 3805 4292 ﬂuenta

2233 4316 2385 4387 (49⁸2)
2418 4317 2671 4371 manavit.
2707 4317 2856 4372 Unde
2891 4320 3117 4387 petimus
3161 4321 3472 4375 immensam
3496 4367 3511 4391 ,
3548 4323 3805 4390 Domine,

2236 4408 2486 4474 pietatem
2520 4415 2660 4461 tuam
2685 4446 2700 4473 ,
2746 4418 2802 4460 ut
2841 4410 2926 4477 qui
2968 4425 3086 4462 eum
3131 4419 3203 4465 tot
3243 4414 3548 4466 meritorum
3592 4414 3805 4468 donasti

553 4516 783 4569 sericors
828 4514 999 4575 Deus,
1030 4523 1113 4576 et,
1149 4521 1204 4564 ut
1243 4512 1426 4580 gratia:
1472 4524 1574 4593 tua:
1616 4514 1870 4568 beneﬁcia
1918 4517 2119 4582 patiora

2235 4498 2640 4567 prmrogativis,
2697 4512 2794 4551 nos
2850 4499 2963 4568 ejus
3006 4510 3056 4553 et
3110 4501 3362 4556 informes
3410 4504 3705 4571 exemplis,
3753 4515 3808 4559 et

555 4607 830 4675 percipiat,
874 4606 1009 4658 beati
1058 4604 1334 4658 Michaelis
1363 4602 1666 4673 archangeli
1708 4604 1787 4658 fac
1829 4607 2119 4675 supplicem

558 4696 1019 4766 deprccationibus
1046 4697 1333 4749 sublevari.
1368 4695 1471 4750 Per
1505 4696 1785 4750 Dominum
1820 4709 2081 4755 nostrum.

554 4802 701 4841 NONIS
726 4800 1003 4840 ocroams.
1029 4816 1097 4841 τ-
1122 4801 1349 4841 Μτλωε
1374 4800 1555 4841 εικετι
1581 4786 1731 4858 (490)
1758 4805 1918 4845 una
1949 4808 2120 4847 eam.

630 4877 870 4941 Exaudi,
904 4876 1146 4937 Domine,
1179 4890 1505 4943 qua‘sumus,
1539 4892 1726 4945 preces
1754 4888 1964 4936 nostras
1987 4922 2001 4945 ,
2036 4894 2118 4950 et,

559 4968 944 5021 interveniente
977 4967 1131 5019 beato
1159 4966 1334 5020 Marco
1365 4968 1674 5024 confessore
1700 4978 1788 5024 tuo
1815 4980 1974 5040 atque
2002 4990 2124 5042 pou-

554 5058 734 5123 tiﬁce,
768 5056 1183 5126 supplicationes
1224 5068 1433 5112 nostras
1475 5059 1713 5127 placatus
1760 5061 1992 5119 intende.
2025 5064 2125 5120 Per

553 5151 830 5203 Dominum
860 5157 1117 5203 nostrum.

623 5314 646 5339 υ
688 5307 740 5357 lu
769 5303 990 5359 Kalend.
1022 5301 1176 5355 Rom.
1206 5321 1217 5355 :
1262 5300 1524 5373 Dedicutjo
1552 5302 1775 5357 ecclesia:
1803 5307 2114 5373 archangeli.

564 5375 617 5428 In
648 5375 741 5427 Ms.
780 5374 1019 5428 Calens..
1050 5375 1210 5426 sancti
1239 5375 1425 5442 angeli.
1462 5371 1517 5424 lu
1552 5371 2120 5442 vetaSaeramentario

554 5443 737 5496 Gallic.
763 5453 934 5495 exstat
957 5442 1115 5494 Missa
1143 5444 1193 5494 iu
1223 5440 1410 5497 honore
1437 5444 1601 5495 sancti
1634 5440 1895 5507 Miclrael.,
1931 5446 1996 5496 ab
2023 5446 2121 5497 hac

555 5514 709 5581 longe
736 5512 1075 5577 discrepans,
1117 5513 1176 5581 iu
1208 5514 1360 5580 cujus
1407 5512 1724 5566 l’razfatioue
1763 5528 1856 5567 seu
1900 5515 2120 5568 Contes-

556 5578 750 5635 talione
778 5581 1121 5634 dedicationis
1153 5578 1209 5633 ﬁt
1239 5578 1461 5635 uientio.

627 5650 650 5687 ι’
696 5652 1120 5706 Benedictionem
1152 5652 1283 5704 hanc
1312 5653 1557 5705 nesciunt
1586 5652 1673 5705 alii
1705 5650 1822 5706 libri
1855 5651 2042 5707 posui.

2229 4586 2447 4655 adjuves
2478 4587 2701 4641 meritis.
2735 4588 2834 4643 Per
2862 4590 3148 4643 Christum.

2300 4698 2708 4752 Beuedictr’onem
2738 4700 2965 4767 require,
2995 4700 3046 4752 in
3077 4701 3237 4753 natali
3265 4699 3422 4769 (Vide
3447 4712 3619 4753 uofam
3648 4700 3805 4770 508).

2296 4793 2373 4844 Ad
2416 4790 2801 4861 Complendum.
2834 4821 2903 4831 —
2933 4792 3160 4859 Pra’sta,
3208 4807 3507 4861 quzesumus
3552 4793 3807 4863 omnipo-

2230 4892 2345 4937 tens
2375 4894 2576 4937 aeterne
2608 4883 2779 4946 Deus,
2813 4892 2869 4936 ut
2913 4881 2961 4934 id
3003 4884 3142 4950 quod
3193 4882 3259 4935 de
3290 4892 3475 4935 sancto
3517 4883 3671 4937 altari
3714 4893 3805 4937 tuo

2230 4975 2541 5042 accepimus
2573 4974 2819 5043 precibus
2849 4973 2985 5025 beati
3018 4972 3358 5041 evangelistrc
3391 4975 3459 5024 tui
3497 4973 3651 5025 Iura:
3682 4989 3809 5027 sau-

2226 5068 2429 5123 ctiﬁcet
2456 5066 2664 5119 animas
2702 5073 2927 5129 nostras,
2950 5079 3041 5130 per
3068 5064 3205 5133 quod
3237 5065 3332 5117 tuti
3362 5078 3479 5117 esse
3511 5063 3785 5131 possimus

2230 5157 2346 5211 Per.

2299 5317 2319 5343 ο
2365 5304 2417 5357 In
2449 5304 2577 5360 Cod.
2609 5304 2739 5373 Reg.
2772 5304 2930 5359 Suec.
2962 5311 3080 5371 post
3108 5302 3338 5373 ofﬁcium
3371 5304 3436 5357 de
3467 5315 3656 5359 sancto
3684 5305 3803 5359 (ζει.

2230 5374 2367 5427 lixto
2396 5378 2572 5427 omnia
2604 5372 2921 5428 omittuntur
2951 5387 3118 5440 usque
3147 5374 3210 5425 ad
3257 5372 3522 5428 Kalendas
3566 5374 3803 5429 Noveru-

2227 5444 2369 5509 bris,
2419 5445 2468 5497 in
2500 5445 2691 5513 quibus
2732 5458 2835 5497 non
2880 5443 3113 5513 omnium
3156 5456 3461 5496 sanctorum
3507 5443 3802 5513 festivitas,

2224 5514 2315 5575 scd
2363 5516 2531 5567 solum
2572 5514 2741 5568 sancti
2782 5512 2999 5566 Cabsarii
3047 5512 3221 5565 natale
3261 5514 3582 5566 celebratur.
3617 5512 3801 5569 Codex

2225 5584 2464 5635 Calensis
2495 5585 2664 5638 nescit
2694 5583 2825 5638 festa
2856 5581 3022 5635 sancti
3070 5579 3258 5648 Luca,
3288 5594 3595 5638 sanctorum
3629 5584 3800 5639 Simu-

2228 5653 2307 5707 uis
2335 5663 2387 5707 et
2416 5653 2564 5708 Judzc
2591 5694 2608 5721 ,
2637 5664 2689 5708 et
2716 5653 2885 5708 sancti
2917 5650 3157 5706 Thomm.
