4026 6304
246 381 339 434 145

310 506 357 543 τι
401 503 679 543 κΑιΕΝῡιιδ
720 500 1008 541 ΝΟνΕὶΙΗΙΠΒ
1036 513 1101 523 ··-
1134 498 1325 536 \‘lGlLIA
1369 494 1743 534 Ανυετοωιιυιί

788 570 993 609 δηιοκιδ
1028 570 1093 607 ΕΤ
1129 568 1292 606 ,ΙυιιιΕο

313 666 586 730 Concede,
621 678 967 731 quzesumus,
995 662 1334 730 omnipotens
1376 660 1542 719 Dens,
1589 667 1644 711 ιιι
1680 659 1818 711 sicut

248 758 610 824 apostolorum
645 764 857 806 tuorum
888 751 1123 807 Simonis
1151 762 1203 805 et
1231 750 1382 804 Judae
1410 750 1578 817 glorio
1610 764 1636 799 a
1669 758 1817 798 nata-

247 847 355 900 litia
404 845 789 913 prmvcuimns,
843 843 919 895 sic
959 841 1023 894 ad
1054 850 1140 894 tua
1183 840 1436 894 beneﬁcia
1468 838 1815 906 promerenda

244 932 585 999 majestatem
615 942 758 983 tuam
792 943 888 996 pro
918 929 1073 981 nobis
1101 928 1198 996 ipsi
1230 927 1575 996 prteveniant.

310 1020 483 1084 Super
515 1020 701 1072 oblata.
725 1031 796 1057 —'
822 1017 1126 1071 Muneribus
1157 1016 1381 1081 nostris,
1416 1014 1657 1077 Domine,
1692 1027 1818 1081 apo-

238 1108 497 1160 stolorum
529 1104 766 1159 Simonis
795 1115 848 1158 et
877 1104 1031 1158 Judte
1062 1105 1195 1157 festa
1232 1104 1579 1171 praecedimus
1600 1141 1614 1166 ,
1648 1102 1819 1155 humi—

238 1202 357 1254 liter
393 1201 729 1268 postulantes
761 1207 815 1251 ut
843 1214 961 1266 qua:
992 1196 1332 1251 conscientiae
1378 1204 1575 1249 nostra:
1617 1210 1820 1263 prtepe-

237 1293 458 1345 dinnlur
504 1290 796 1344 obstaculis
845 1289 1053 1343 illorum
1092 1287 1299 1341 meritis
1330 1298 1475 1357 grata
1506 1287 1813 1341 reddantur.

240 1379 359 1434 Per.

314 1494 586 1561 Pra’futio.
620 1523 691 1536 -
720 1494 858 1548 Vere
896 1494 1108 1562 dignum
1140 1502 1193 1547 et
1217 1493 1416 1561 justum
1448 1500 1566 1560 est,
1603 1508 1816 1563 mquum

245 1594 299 1637 et
326 1585 587 1649 Salutarc,
620 1599 718 1639 nos
744 1586 833 1638 tibi
867 1599 1080 1652 semper
1109 1593 1162 1637 et
1189 1583 1381 1650 ubique
1411 1582 1607 1651 gratias
1636 1597 1815 1652 agere,

249 1674 475 1729 Domine
516 1684 735 1739 sancte,
783 1675 938 1727 Pater
980 1673 1348 1741 omnipotens,
1390 1682 1588 1726 aeterne
1628 1673 1768 1726 Dens
1799 1714 1813 1739 ,

242 1765 358 1832 quia
392 1774 447 1816 tu
480 1779 540 1818 es
570 1764 829 1817 mirabilis
869 1764 919 1817 in
967 1764 1212 1817 omnibus
1251 1765 1452 1817 sanctis
1496 1762 1631 1831 tuis,
1676 1779 1811 1832 quos

1450 370 1648 425 LIBER
1689 365 2311 422 SACILUIENTUHUM.
3397 377 3483 425 “ﬁ

1848 482 1889 535 Α
1924 476 2257 540 tisapostolts
2282 477 2405 539 tuis,
2432 492 2549 545 quae
2579 494 2670 546 pro
2696 480 2903 532 illorum
2930 481 3225 533 veneranda
3252 497 3489 547 gertmus

1924 568 2189 635 passione,
2214 568 2368 623 nobis
2398 571 2672 635 prolicmnt
2697 571 2759 623 ad
2795 572 3070 626 medelam.
3112 570 3227 625 l'er.

1993 655 2128 709 Alia.
2169 687 2228 696 —
2254 658 2454 712 Exaudi
2485 675 2602 726 nos,
2631 662 2765 714 Deus
2791 661 3035 715 salutaris
3066 671 3264 726 noster,
3293 669 3345 714 et
3366 674 3489 727 apo.

1921 746 2177 799 stolornm
2210 756 2420 801 tuorum
2452 764 2549 803 nos
2582 758 2727 804 tuere
2760 750 3043 819 praesidiis,
3074 766 3294 819 quorum
3326 750 3491 802 dona-

1920 834 1984 886 s*i
2018 836 2201 889 ﬁtleles
2229 851 2348 891 esse
2376 839 2655 893 doctrinis.
2701 842 2820 894 Per.

2026 960 2197 999 PRII‘IE
2228 962 2497 1001 KALENDAS
2520 965 2829 1004 NI)VE.\1llRlS.
2862 984 2932 993 —
2960 967 3151 1005 VIGEIJA
3178 967 3376 1005 οδιΝιυιι

2536 1034 2869 1073 ελμιοτυῐιυιι.

1995 1121 2210 1175 Domine
2256 1122 2394 1176 Dens
2439 1135 2642 1187 noster,
2698 1126 2988 1191 multiplica
3034 1143 3193 1195 super
3242 1143 3336 1181 nos
3367 1142 3485 1194 gra—

1922 1210 2045 1263 tiam
2096 1220 2261 1277 tuam,
2312 1224 2365 1265 et
2416 1229 2646 1281 quorum
2709 1215 3062 1280 praevenimus
3119 1218 3346 1284 gloriosa
3398 1231 3487 1270 so-

3521 946 3533 1008 ἒ

1920 1300 2133 1366 lemnia,
2180 1302 2355 1356 tribue
2402 1305 2658 1373 subsequi
2692 1306 2744 1359 in
2775 1313 2954 1358 sancta
2988 1304 3314 1373 professione
3354 1308 3486 1360 laeti-
3528 1318 3531 1325 '

1920 1393 2067 1446 tiam.
2106 1392 2228 1448 Prr.

1991 1483 2160 1551 Super
2200 1484 2388 1538 oblata.
2416 1514 2484 1525 --
2506 1486 2687 1539 Altare
2719 1495 2889 1551 tuum,
2936 1485 3157 1539 Domine
3189 1485 3343 1550 Deus,
3376 1501 3490 1538 mu-

1920 1576 2137 1631 neribus
2178 1579 2514 1632 cumulamus
2559 1577 2793 1631 oblatis:
2826 1578 2914 1641 da,
2963 1592 3286 1645 qumsumns,
3332 1587 3388 1629 ut
3424 1578 3488 1629 ad

1919 1665 2143 1718 salutem
2193 1676 2429 1721 nostram
2475 1669 2712 1720 omnium
2765 1678 3069 1721 sanctorum
3112 1678 3321 1719 tuorum
3369 1680 3488 1733 pre-

1917 1755 2125 1809 catione
2156 1756 2451 1823 proﬁciant,
2507 1771 2736 1825 quorum
2789 1757 3047 1811 solemnia
3091 1766 3310 1810 ventura
3350 1764 3489 1823 pra:-

241 1866 293 1908 et
336 1854 573 1908 nominis
619 1855 692 1908 tui
731 1855 1071 1909 conlessrone
1113 1854 1433 1922 praeclaros,
1476 1864 1531 1909 et
1571 1863 1818 1922 suscepta
1848 1866 1893 1925 Β
1920 1846 2206 1900 currimus.
2244 1847 2361 1902 Per-

248 1959 343 2011 pro
376 1956 424 1998 te
455 1945 626 1999 fecisti
660 1945 904 2013 passione
934 1944 1218 2015 gloriosos.
1252 1943 1406 2000 Unde
1444 1946 1580 1999 sicut
1620 1945 1694 1998 illi
1731 1944 1812 2013 je-

243 2032 485 2099 junando
532 2034 841 2101 orandoque
887 2042 1265 2100 certaverunt,
1316 2043 1373 2088 ut
1419 2034 1555 2088 hanc
1603 2044 1818 2102 posswt

242 2124 489 2179 obtinere
533 2126 845 2191 victoriam,
888 2126 958 2179 ita
1002 2141 1098 2181 nos
1143 2125 1294 2196 (495)
1334 2139 1517 2179 eorum
1561 2125 1815 2193 exemplis

240 2213 590 2269 informemur
625 2226 680 2270 ut
708 2217 774 2271 ad
806 2216 1125 2271 celebranda
1171 2216 1451 2284 praesentia
1479 2215 1613 2270 festa
1641 2214 1815 2272 idonei

243 2304 603 2369 inveniamur,
629 2313 685 2359 et
725 2306 788 2358 ad
829 2317 1029 2360 aztcrna
1074 2306 1413 2373 percipienda
1438 2320 1622 2361 eorum
1654 2307 1843 2360 inter-.

240 2403 394 2447 ventu
421 2393 564 2461 digni
592 2394 918 2463 judicemur.
951 2396 1053 2451 Per
1084 2396 1374 2451 Christum.

308 2506 390 2557 Ad
432 2507 827 2575 Complendum.
857 2500 928 2548 -—'-
956 2508 1199 2576 Sumpto,
1233 2508 1478 2576 Domine,
1512 2522 1815 2564 sacramen-

240 2602 310 2660 to,
334 2596 648 2664 suppliciter
674 2598 1026 2667 deprecamur
1057 2601 1207 2671 137
1238 2606 1295 2654 ut
1318 2642 1332 2665 ,
1360 2600 1815 2655 intercedentibus

244 2685 417 2737 beatis
444 2685 711 2753 apostolis
732 2727 746 2751 ,
774 2688 914 2756 quod
951 2689 1311 2758 temporaliter
1336 2692 1573 2760 gerimus
1595 2732 1611 2758 ,
1643 2690 1710 2746 ad
1737 2691 1815 2745 vi-

244 2783 349 2827 tam
379 2776 653 2843 capiamus
681 2786 958 2833 :eternam.
996 2777 1119 2833 Per.

311 2886 389 2936 Ad
458 2884 724 2949 l'esperos.
769 2916 838 2926 —
881 2886 1228 2957 Omnipotens
1270 2890 1590 2957 sempiterne
1640 2889 1810 2957 Deus,

238 2972 419 3026 mundi
446 2972 581 3027 Crea
592 2983 674 3028 tor
696 2987 751 3029 et
776 2984 975 3041 rector,
1003 2977 1091 3046 qui
1121 2977 1309 3033 beatos
1337 2979 1607 3046 apostolos
1632 2982 1808 3033 nomi-

238 3064 315 3116 nis
363 3064 437 3117 tui
488 3064 661 3133 gloria
705 3064 1031 3134 sublimasti,
1077 3068 1291 3134 exaudi,
1337 3082 1660 3138 quaesumus,
1704 3069 1810 3123 Do-

236 3154 397 3217 mine,
445 3155 699 3223 populum
749 3165 898 3212 tuum
943 3172 1064 3211 cum
1112 3165 1414 3213 sanctorum
1462 3168 1671 3214 tuorum
1715 3160 1809 3215 tibi

1998 1935 2074 1987 Ad
2108 1934 2493 2007 Complendum.
2519 1939 2985 2001 ——Sacranten:is,
3018 1938 3255 2002 Domine,
3288 1948 3341 1992 et
3365 1954 3488 2007 gau-

1918 2022 2020 2076 atis
2049 2035 2224 2093 optata
2270 2029 2578 2083 celebritate
2626 2029 2782 2099 138
2828 2029 3073 2098 expletis,
3104 2043 3407 2096 quaesumus
3437 2038 3487 2081 ut

1921 2129 2104 2168 eorum
2157 2118 2403 2183 precibus
2448 2119 2778 2187 adjuvemur,
2829 2135 3054 2188 quorum
3104 2119 3484 2173 recordationi-

1918 2203 2014 2258 bus
2042 2206 2376 2262 exhibentur.
2412 2209 2530 2263 Per.

1988 2296 2158 2365 Super
2202 2301 2465 2367 papulum.
2506 2329 2572 2341 —
2613 2302 2796 2367 Erudi,
2851 2315 3181 2369 qumsumus,
3241 2299 3483 2363 Domine,

1918 2389 2168 2456 populum
2209 2398 2360 2442 tuutn
2410 2392 2736 2457 spiritalibus
2775 2391 3160 2457 instrumentis,
3186 2399 3239 2444 et
3264 2404 3484 2458 quorum

1918 2488 2139 2546 praestas
2185 2481 2442 2536 solemnia
2490 2484 2800 2550 prmvenire,
2841 2483 2921 2537 l‘ac
2951 2499 3132 2538 eorum
3161 2494 3213 2539 et
3241 2483 3484 2538 conside~

1916 2571 2120 2627 ratione
2148 2572 2392 2628 devotum
2426 2582 2481 2629 et
2505 2574 2815 2630 defensione
2844 2590 3113 2631 securum.
3146 2576 3264 2629 Per.

1916 2682 2067 2755 (493$)
2099 2700 2352 2740 lALENDlS
2377 2700 2994 2741 NOVEMBBIS.-—NATALIS
3011 2694 3035 2722 ⁸
3058 2701 3242 2740 διιιιετι
3266 2700 3484 2739 casum

2561 2772 2844 2813 MARTYRIS.

1986 2865 2139 2935 (496)
2194 2867 2357 2931 Deus,
2416 2870 2503 2936 qui
2552 2883 2648 2921 nos
2676 2869 2814 2921 beati
2860 2866 3105 2937 martyris
3151 2866 3221 2919 tui
3268 2866 3481 2918 (Ia-sarii

1921 2969 2095 3010 annua
2143 2956 2482 3011 Solemnitate
2518 2958 2756 3011 Letilicas
2783 3000 2795 3023 ,
2853 2960 3085 3012 Concede
3133 2958 3388 3025 ιιι-ονὶιίυδ
3433 2966 3485 3010 ut

1926 3049 2077 3120 cujus
2122 3050 2361 3104 natalitia
2413 3051 2659 3116 colimus,
2706 3052 2865 3103 etiam
2924 3052 3158 3103 actiones
3199 3050 3483 3103 imitemur.

1913 3142 2033 3199 Per.

237 3244 542 3310 patrociniis
583 3246 998 3315 supplicantem,
1040 3257 1101 3301 υι
1149 3247 1305 3303 nobis
1347 3257 1402 3303 ει
1430 3252 1577 3318 pacis
1612 3250 1808 3305 domm
1840 3233 1885 3295 C
1990 3232 2154 3302 Super
2182 3231 2371 3287 oblata.
2403 3261 2467 3272 -
2498 3233 2707 3288 Hostias
2747 3233 2862 3296 tibi,
2897 3233 3138 3295 Domine,
3185 3232 3322 3285 beati
3363 3232 3480 3285 (Ia:-

240 3334 457 3398 tribuas,
488 3346 543 3389 et
571 3336 937 3390 continuatum
970 3336 1211 3405 proﬁciat
1238 3337 1303 3391 ad
1337 3338 1458 3394 ﬁdei
1485 3347 1539 3394 et
1574 3341 1809 3395 charito-

240 3422 305 3476 tis
324 3435 693 3492 augmentum.
718 3425 822 3480 Per
852 3426 1130 3480 Dominum
1153 3438 1390 3482 nostrum

236 3547 281 3597 νγ
304 3550 582 3589 κλιεεωιιε
626 3550 941 3591 Νονειιιιιιιε.
964 3566 1031 3575 -
1061 3552 1284 3591 NATALIS
1324 3553 1637 3594 SANCTOBUI
1680 3556 1806 3595 APO-

623 3621 901 3661 δτοιοιιυιί
931 3622 1134 3661 εικοιιιε
1165 3624 1233 3661 ΕΤ
1261 3624 1421 3662 ΙυυιΕο

300 3712 465 3776 Deus,
502 3713 595 3782 qui
628 3729 727 3770 nos
764 3730 859 3784 per
890 3715 1077 3791 beatos
1116 3719 1388 3785 apostolos
1419 3726 1538 3773 tuos
1566 3719 1632 3773 ad
1664 3721 1811 3788 agni-

231 3804 428 3857 tionem
461 3805 538 3858 tui
568 3807 798 3860 nominis
822 3809 1005 3862 venire
1027 3807 1282 3871 tribuisti,
1312 3810 1375 3861 da
1405 3809 1558 3863 nobis
1590 3811 1810 3877 gloriam

230 3895 618 3961 sempiternam
662 3897 991 3966 proﬁciendo
1039 3898 1345 3961 celebrare,
1390 3910 1446 3955 et
1491 3900 1810 3956 celebrando

229 3988 508 4053 prolicere.
546 3988 664 4041 Per.

298 4077 471 4145 Super
523 4079 712 4132 oblata.
743 4108 815 4120 —
847 4079 1082 4135 Gloriam
1106 4122 1121 4148 ,
1177 4082 1397 4137 Domine
1417 4122 1432 4148 ,
1485 4091 1789 4138 sanctorum

231 4168 602 4232 apostolorum
656 4178 966 4238 perpetuam
1010 4181 1358 4238 venerantes,
1403 4187 1709 4241 quaesumus
1754 4181 1812 4228 ut

230 4269 365 4321 eam,
407 4259 579 4311 sacris
622 4257 891 4327 mysteriis
934 4261 1157 4329 expiati,
1206 4262 1415 4332 dignius
1455 4262 1808 4319 celebremus.

230 4344 347 4402 Per.

299 4432 575 4501 Prtefatto.
606 4465 675 4474 —
703 4436 843 4490 Vere
874 4438 1088 4507 dignum
1126 4447 1180 4492 et
1205 4442 1404 4507 justum
1451 4448 1556 4507 est,
1598 4455 1808 4510 aequum

228 4535 282 4577 et
306 4526 566 4591 salutare,
608 4543 703 4581 nos
737 4528 831 4582 tibi
862 4543 1076 4598 semper
1104 4538 1160 4585 et
1184 4530 1381 4600 ubique
1406 4531 1601 4600 gratias
1628 4546 1804 4600 agere,

1915 3324 2042 3378 Surii
2072 3325 2328 3395 martyris
2374 3325 2446 3378 tui
2488 3323 2688 3378 dicatas
2719 3323 2922 3377 turritis
2950 3322 3207 3390 benignus
3238 3337 3471 3386 assume,

1918 3425 1966 3469 et
1995 3416 2059 3468 ad
2094 3424 2402 3483 perpetuum
2443 3414 2595 3469 nobis
2639 3415 2813 3468 tribue
2862 3413 3140 3481 provenire
3170 3413 3479 3466 subsidium.

1913 3504 2034 3561 Per.

1987 3596 2066 3650 Ad
2091 3595 2480 3662 Complendum.
2506 3625 2573 3634 -—
2601 3596 2932 3662 Quaesumus,
2958 3596 3297 3660 omnipotens
3324 3591 3481 3653 Deus,

1915 3697 1995 3754 ut,
2037 3688 2126 3758 qui
2168 3672 2408 3743 cmlestia
2451 3688 2702 3741 alimema
2738 3686 3087 3754 percepimus,
3125 3683 3483 3737 intercedente

1914 3780 2071 3834 beato
2112 3776 2345 3834 Ca'sario
2389 3788 2623 3847 martyre
2668 3787 2777 3840 tuo,
2828 3792 2918 3844 per
2960 3781 3070 3827 lucc
3097 3784 3278 3828 contra
3307 3788 3481 3825 omma

1913 3870 2135 3924 adversa
2167 3869 2487 3923 muniamur.
2523 3870 2620 3922 l’er
2656 3867 2951 3921 Dominum.

1915 3976 2088 4016 EODEM
2117 3978 2222 4015 DIE.
2261 3991 2329 3999 —
2368 3958 2515 4031 (£97)
2564 3973 2787 4012 manus
2833 3956 2858 3993 ι’
2904 3969 3101 4009 onustm
3150 3968 3482 4007 sucronem.

1984 4055 2334 4123 Omnipotens
2381 4052 2705 4118 sempiterne
2755 4051 2915 4112 Dens,
2967 4048 3054 4116 qui
3108 4061 3203 4099 nos
3247 4046 3482 4098 omnium

1911 4154 2222 4201 sanctorum
2255 4145 2444 4197 merita
2477 4144 2573 4197 sub
2602 4158 2702 4194 una
2732 4140 2960 4193 tribuisti
2991 4138 3294 4191 celebritate
3325 4151 3480 4189 vene-

1913 4238 2045 4301 rari,
2086 4250 2388 4306 quaesumus
2443 4245 2497 4286 ut
2526 4231 2875 4285 desideratam
2910 4228 3060 4281 nobis
3089 4237 3192 4280 tua:
3229 4225 3482 4293 propitia-

1912 4327 2070 4383 tionis
2122 4326 2521 4390 abundantiam,
2583 4322 2945 4390 multiplicatis
2988 4316 3482 4381 intercessionibus,

1913 4419 2172 4487 largiaris.
2200 4420 2318 4474 Per.

1986 4533 2154 4600 Super
2201 4532 2392 4584 oblatu.
2428 4556 2496 4569 —-
2527 4527 2740 4582 Munera
2799 4524 2915 4587 tibi,
2973 4523 3226 4581 Domine,
3290 4529 3481 4573 nostra:

236 4615 460 4672 Domine
488 4628 697 4684 sancte,
733 4618 888 4673 Pater
916 4619 1277 4688 omnipotens,
1324 4628 1523 4674 aeterne
1553 4620 1725 4675 Deus:
1755 4632 1806 4677 te
1836 4592 1889 4651 D
1904 4620 2212 4676 devotionis
2259 4619 2557 4685 otlcrimus,
2610 4633 2727 4686 qua:
2773 4625 2829 4671 et
2890 4631 2983 4682 pro
3030 4622 3337 4667 cunctorum
3390 4611 3479 4662 tibi

229 4710 283 4763 in
314 4721 530 4764 tuorum
570 4712 932 4778 apostolorum
968 4712 1329 4781 gloriﬁcantes
1367 4712 1592 4777 honore,
1632 4712 1720 4780 qui
1753 4721 1806 4767 et

227 4799 333 4854 illis
380 4801 615 4854 tribuisti
652 4802 1032 4856 beatitudinem
1062 4803 1461 4870 sempiternam,
1493 4811 1548 4857 et
1579 4801 1803 4855 inﬁrmi-

226 4888 319 4942 tati
346 4900 545 4943 nostrte
577 4891 698 4944 talia
732 4893 1023 4960 pt'aastitisti
1051 4893 1299 4963 sullragia
1319 4936 1334 4962 ,
1385 4908 1475 4962 per
1508 4892 1656 4963 (494)
1688 4908 1803 4962 qua:

231 4991 321 5036 tua
347 4984 616 5051 possimus
637 4983 858 5051 adipisci
888 4983 1147 5053 subsidia,
1190 4995 1246 5040 et
1284 4984 1563 5053 pervenire
1581 4984 1648 5039 ad
1672 4999 1806 5053 pra:-

228 5074 333 5125 mia
357 5075 705 5141 repromissa.
745 5075 847 5131 Per
872 5077 1167 5133 Christum.

232 5159 655 5218 Bmdictionem
684 5164 752 5218 R.
784 5165 850 5231 Q.
882 5166 959 5236 (Id
990 5176 1071 5222 est
1104 5168 1327 5237 chutre
1352 5183 1465 5237 qua:
1488 5169 1690 5240 supra.)

302 5254 381 5305 Ad
404 5252 802 5322 Complendum.
828 5285 899 5296 —
926 5257 1218 5327 Perceptis,
1244 5259 1484 5324 Domine,
1513 5273 1810 5314 sacramen-

226 5343 319 5410 tis,
354 5345 670 5413 suppliciter
696 5355 747 5402 te
774 5362 1044 5413 rogamus,
1095 5359 1172 5415 ut,
1207 5350 1657 5405 intercedentibus
1687 5350 1811 5405 bea-

298 5534 322 5560 ⁸
358 5525 546 5579 Exstat
570 5527 622 5579 in
647 5527 931 5583 Codicibus
955 5529 1152 5583 nostris
1176 5536 1233 5582 et
1256 5528 1308 5582 in
1339 5528 1464 5581 Mss.
1492 5526 1620 5594 Reg.
1645 5526 1801 5582 Suec.

226 5596 733 5677 qui.solemnitatis
782 5598 1018 5652 onmium
1065 5610 1369 5653 sanctorum
1420 5597 1639 5652 minimc
1694 5611 1806 5651 me-

224 5675 401 5719 lttilttl.

297 5733 325 5771 δ
363 5734 617 5790 Miramur
657 5738 743 5793 liie
783 5747 1091 5792 annotatum
1121 5753 1147 5791 a
1176 5738 1413 5794 Pamelio
1446 5735 1608 5806 (quod
1640 5735 1799 5790 etiam

1911 4720 2060 4779 grata
2116 4709 2221 4762 sint
2264 4709 2466 4762 honore
2507 4716 2832 4768 sanctorum,
2862 4704 3091 4759 etnobis
3119 4706 3232 4756 salu
3259 4703 3389 4759 aria.
3433 4712 3483 4754 te

1912 4803 2216 4863 miserante,
2246 4801 2553 4853 reddantur.
2588 4800 2709 4853 Per.

1990 4893 2259 4958 I’rtefatio.
2286 4921 2354 4932 —-
2378 4893 2514 4946 Vere
2536 4891 2753 4960 dignum
2794 4898 2848 4942 et
2880 4887 3083 4957 justum
3126 4894 3229 4948 est,
3278 4899 3482 4949 arqnmn

1912 4995 1966 5039 et
1991 4985 2246 5048 salutare,
2281 4999 2376 5035 nos
2403 4983 2493 5036 tibi
2521 4995 2735 5049 semper
2771 4988 2825 5031 et
2853 4978 3045 5044 ubique
3070 4974 3268 5042 gratias
3302 4990 3480 5041 agerc,

1916 5075 2138 5130 Domine
2180 5084 2388 5137 sancte,
2421 5073 2578 5125 Pater
2605 5070 2961 5137 onmipotens,
2995 5077 3194 5120 aeterne
3223 5065 3397 5116 Deus:
3430 5077 3479 5115 et

1913 5164 2250 5220 clementiam
2290 5172 2432 5215 tuam
2476 5158 2789 5228 suppliciter
2819 5157 3120 5220 obsecrare,
3152 5164 3207 5207 nt
3237 5170 3356 5206 cutn
3386 5171 3475 5205 ex-

1915 5256 2238 5312 sultantibus
2266 5251 2463 5304 sanctis
2491 5251 2542 5304 in
2572 5247 2810 5303 cmlestis
2836 5246 2982 5312 t'cgni
3006 5244 3262 5299 cubilibus
3292 5244 3478 5310 gaudia

1918 5357 2099 5403 nostra
2144 5343 2452 5411 subiungas.
2505 5340 2569 5392 Et
2606 5351 2738 5405 quos
2779 5334 2987 5388 virtutis
3027 5336 3323 5387 imitatione
3374 5349 3476 5385 non

1914 5525 1965 5579 in
2015 5523 2150 5577 Edit.
2196 5520 2497 5575 Gussanvil.
2552 5517 2761 5585 legitur)
2806 5515 2958 5584 hujus
3005 5512 3109 5569 diei
3154 5512 3381 5567 ofﬁcium
3426 5517 3472 5567 in

1914 5595 2162 5646 omnibus
2200 5591 2419 5660 reperiri
2455 5589 2576 5641 Mss.
2608 5588 2768 5660 (lene
2804 5587 2871 5660 de
2909 5587 3023 5660 ipso
3061 5585 3243 5660 siletur
3267 5585 3315 5660 in
3343 5587 3450 5639 Cod

1915 5665 2046 5732 Reg.
2079 5655 2275 5724 Suec,
2296 5662 2346 5714 in
2372 5659 2577 5712 duobus
2607 5657 2723 5710 aliis
2754 5672 2781 5708 a
2814 5656 3063 5711 Menardo
3097 5655 3179 5708 hic
3206 5656 3467 5718 indicatis,

1911 5748 1961 5788 et
1990 5738 2039 5788 in
2072 5734 2290 5787 Iialcnd.
2330 5735 2480 5784 ltum.
