4026 6320
501 359 592 413 [Π

1698 350 1938 408 SANCTI
1980 346 2307 402 flliEGORii
2351 346 2564 401 MAG-Nl

3657 344 3753 398 ii8

497 487 776 542 possumus
819 471 991 542 sequi,
1043 471 1235 527 debitae
1283 465 1639 522 venerationis
1690 462 2060 530 contingamus
2087 461 2135 515 A
2170 456 2326 528 140
2355 473 2412 512 Ill
2455 473 2570 514 iDUS
2609 471 2920 512 movements.
2951 487 3018 496 —
3049 470 3272 512 uanus
3315 467 3500 511 SANCTI
3565 464 3750 503 mam:

497 566 710 621 affectu.
746 565 844 620 Per
871 565 1162 618 Christum.

572 656 880 710 Benedictio.
907 684 975 694 —
1003 654 1319 707 Sanctorum
1359 664 1576 704 suorum
1606 647 1814 702 meritis
1841 659 1936 700 vos
1968 646 2067 700 Do-

498 750 671 801 minus
715 746 874 798 faciat
914 743 1178 804 benedici.
1209 751 1262 795 et
1292 750 1472 796 contra
1502 739 1724 793 adversa
1765 737 1940 788 omnia
1980 750 2071 788 eo-

497 851 614 890 rum
654 832 1037 909 intercessione
1083 830 1299 885 muniri.
1355 833 1545 885 Anien.
1593 828 1791 882 Eorum
1835 824 2073 880 e'ficiant

496 922 744 995 suffragia
784 925 988 988 felices,
1038 938 1260 992 quorum
1300 921 1601 977 festivitatis
1625 919 1765 973 diem
1789 915 2073 972 celebratis

493 1024 731 1072 ovantes.
779 1016 971 1070 Amen.
1013 1015 1130 1079 Quo
1167 1027 1356 1068 eorum
1397 1012 1665 1066 imitantes
1695 1007 1960 1076 exempla,
2001 1005 2068 1059 ad

492 1106 730 1160 caelestia
777 1105 997 1174 possitis
1041 1105 1320 1173 pervenire
1365 1105 1650 1174 promissa.
1688 1101 1880 1157 Amen.
1919 1097 2071 1165 Quod

491 1195 604 1264 ipse
627 1206 883 1268 praestare
911 1196 1176 1266 dignetur.

561 1290 642 1343 Ad
674 1289 1064 1358 Complendum.
1101 1287 1512 1342 --Sanctorum
1557 1283 1796 1339 omnium
1840 1281 2073 1352 gloriosa

492 1379 785 1445 confessio,
818 1378 981 1443 Deus,
1016 1377 1172 1448 139
1204 1378 1377 1432 tribue
1416 1376 1588 1444 nobis,
1636 1388 1962 1444 quaesumus,
1991 1382 2072 1440 ut,

495 1485 588 1539 per
626 1470 742 1524 lucc
785 1478 966 1525 saneta
1014 1484 1134 1539 quae
1179 1469 1548 1536 sumpsimus,
1600 1478 1813 1522 tuorum
1861 1465 2074 1521 admisti

495 1559 767 1624 conciliis,
798 1560 1177 1614 misericordia:
1206 1569 1310 1613 tute
1331 1559 1559 1628 dapibus
1587 1558 1916 1626 saginemur.
1951 1555 2075 1612 Per.

568 1652 706 1705 Alia.
735 1681 806 1692 —
836 1650 935 1717 Da,
966 1665 1295 1719 quaesumus,
1327 1652 1573 1719 Domine,
1600 1650 1844 1706 fidelibus
1867 1648 2075 1719 populis

495 1742 732 1797 omnium
756 1749 1062 1796 sanctorum
1091 1756 1302 1808 semper
1323 1742 1664 1797 veneratione
1689 1740 1878 1804 lzetari,
1909 1747 1962 1794 et
1984 1752 2074 1793 eo-

497 1847 612 1887 rum
642 1841 894 1900 perpetua
920 1831 1312 1901 supplicatione
1342 1830 1554 1885 muniri.
1582 1829 1686 1884 Per

569 1923 722 1995 (498)
757 1925 986 1991 Quatuor
1015 1923 1388 1979 Coronatorum
1415 1922 1626 1977 nomina
1656 1921 1762 1975 hac
1789 1926 1906 1973 sunt
1931 1934 1948 1972 :
1978 1918 2077 1973 Se-

497 2030 660 2081 verus,
707 2015 1035 2080 Severianus,
1092 2014 1403 2079 Victorinus,
1441 2022 1486 2066 et
1509 2011 1894 2082 CarpOpItorus,
1925 2008 2078 2082 (499)

496 2120 713 2173 quorum
754 2105 864 2158 dies
903 2103 1098 2158 natalis
1137 2119 1229 2173 per
1271 2103 1524 2156 incuriam
1573 2102 1832 2172 neglectus
1873 2099 2081 2154 minime

496 2194 705 2264 reperiri
741 2204 968 2263 poterat;
1012 2195 1125 2248 ideo
1156 2203 1400 2248 stafutum
1430 2201 1501 2247 est
1533 2202 1590 2247 ut
1627 2193 1681 2246 in
1709 2208 1885 2246 eorum
1923 2195 2083 2246 eccle-

499 2285 597 2349 sia,
621 2283 802 2336 horum
824 2284 1043 2355 quinque
1069 2293 1384 2348 sanctorum,
1410 2284 1496 2350 qui
1523 2284 1576 2336 in
1607 2284 1758 2337 missa
1781 2282 2080 2348 recitantur,

499 2374 687 2427 natalis
718 2375 1013 2442 celebretur,
1045 2384 1100 2428 ut
1131 2391 1245 2428 cum
1268 2374 1379 2427 istis
1412 2389 1584 2429 eorum
1612 2388 1811 2444 quoque
1839 2372 2083 2426 memoria

501 2467 614 2533 pari
619 2476 694 2520 ter
731 2467 844 2535 ﬁat.

498 2569 546 2609 η
586 2571 700 2610 IDUS
745 2570 1060 2610 NOVEMBBIS.
1107 2585 1176 2596 ·-
1208 2571 1430 2611 NATALIS
1476 2570 1789 2612 SANCTORUM
1834 2571 2079 2620 QUATUOR

1087 2640 1494 2681 CORDNATURUM.

573 2715 795 2780 Praesta,
827 2731 1150 2784 quaesumus,
1188 2717 1526 2788 omnipotens
1569 2717 1733 2783 Deus,
1768 2725 1826 2772 ut
1851 2719 1938 2787 qui
1970 2720 2086 2788 glo-

499 2807 674 2862 riosos
699 2816 981 2878 martyres,
1015 2807 1167 2878 (500)
1195 2807 1495 2874 Claudium,
1527 2807 1906 2876 Nicostratum,
1933 2807 2085 2881 (501)

500 2897 984 2968 Symplionianum,
1013 2898 1315 2954 Castorium
1344 2908 1505 2967 atque
1525 2897 1882 2967 Simplicium,
1917 2897 2087 2953 fortes

503 2990 557 3044 in
591 3004 684 3043 sua
712 2990 1049 3045 confessione
1075 2989 1448 3058 cognovimus,
1493 2988 1610 3058 pios
1647 2988 1787 3056 apud
1817 2999 1870 3042 te
1898 2990 1951 3043 in
1993 3001 2090 3042 no-

503 3089 612 3136 stra
638 3081 1020 3136 intercessione
1045 3080 1355 3136 sentiamus.
1380 3080 1504 3138 Per.

579 3173 750 3239 Super
799 3173 986 3226 oblata.
1018 3200 1090 3213 —
1119 3172 1429 3229 Benedictio
1477 3181 1598 3240 tua,
1650 3173 1894 3243 Domine,
1941 3173 2086 3245 larga
2114 3184 2160 3247 ο

506 3263 818 3327 descendat,
874 3279 994 3333 qua:
1043 3274 1097 3319 et
1147 3278 1367 3319 munera
1421 3274 1626 3333 nostra,
1677 3263 2086 3334 deprecantibus

507 3355 708 3409 sanctis
740 3354 862 3416 tuis,
894 3353 989 3407 tibi
1023 3353 1208 3408 reddat
1229 3363 1467 3421 accepta,
1498 3365 1553 3411 et
1585 3353 1740 3411 nobis
1784 3368 2090 3417 sacramen-

510 3453 618 3496 tum
648 3443 1031 3512 redemptionis
1057 3443 1274 3498 efficiat.
1305 3443 1427 3498 Per.

581 3537 852 3606 Praefatio.
884 3566 954 3578 ——
981 3535 1119 3592 Vere
1153 3537 1371 3606 dignum
1403 3545 1456 3593 et
1481 3537 1682 3606 justum
1723 3547 1827 3604 est,
1877 3532 2087 3609 aequum

511 3639 566 3685 et
595 3630 851 3694 salutare,
887 3644 985 3685 nos
1017 3629 1107 3683 tibi
1149 3643 1362 3698 semper
1388 3638 1441 3685 et
1472 3629 1666 3698 ubique
1687 3630 1884 3700 gratias
1906 3645 2087 3698 agere,

513 3721 735 3775 Domine
760 3729 966 3782 santte,
1019 3719 1175 3775 Pater
1227 3721 1590 3788 omnipotens,
1650 3730 1849 3776 aeterne
1899 3721 2082 3778 Deus:

510 3812 844 3866 celebrantes
887 3819 1192 3865 sanctorum
1237 3811 1477 3866 natalitia
1518 3812 1944 3871 Coronatorum:
1971 3815 2090 3883 quia

510 3902 638 3956 dum
686 3902 757 3956 tui
808 3904 1042 3957 nominis
1093 3916 1188 3971 per
1236 3917 1330 3958 eos
1385 3903 1604 3974 gloriam
1656 3905 2090 3976 frequentamus,

517 3994 572 4047 in
603 4004 796 4048 nosua:
830 3992 952 4047 fidei
990 4002 1279 4063 augmento
1319 3996 1732 4052 succrescimus.
1782 3995 1886 4054 Per
1933 3997 2093 4054 Chri-

511 4095 674 4138 stum.
768 4145 795 4159 ο

583 4175 664 4228 Ad
694 4175 1086 4243 Comptendum.
1110 4205 1180 4218 -—-
1203 4176 1526 4233 leestibus
1569 4177 1752 4232 refecti
1790 4191 2095 4236 sacramen-

511 4267 581 4320 tis
609 4280 657 4321 et
687 4269 915 4337 gaudiis,
949 4269 1216 4337 supplices
1248 4277 1320 4335 te,
1357 4269 1600 4339 Domine,
1632 4269 2007 4338 deprecamur,
2040 4277 2097 4323 ut

513 4373 740 4424 quorum
785 4357 1075 4426 gloriamur
1125 4357 1431 4427 triumphis,
1481 4367 1822 4425 urotegamur
1861 4359 2092 4414 auxiliis.

513 4448 635 4502 Per.

599 4555 630 4592 V
669 4553 784 4593 IDUS
818 4551 1133 4592 ROVBIBRIS.
1165 4567 1237 4578 -—
1259 4553 1482 4592 NATALIS
1520 4553 1702 4593 δικςτι
1747 4552 2011 4594 THEODORI

1158 4623 1444 4662 διλιιηιιιδ.

595 4710 755 4776 Deus,
804 4707 894 4777 qui
938 4723 1036 4762 nos
1082 4708 1222 4763 beati
1273 4707 1540 4764 Theodori
1592 4707 1845 4778 martyris
1876 4707 1949 4762 tui
1973 4721 2100 4763 con-

517 4799 760 4856 fessione
784 4799 1016 4868 gloriosa
1042 4799 1343 4854 circumdas
1366 4809 1420 4854 et
1448 4800 1700 4867 protegis,
1726 4810 1916 4867 praesta
1948 4799 2102 4856 nobis

520 4892 636 4960 ejus
667 4890 962 4945 imitatione
993 4890 1272 4957 proficere,
1305 4899 1357 4943 et
1389 4890 1635 4943 Oratione
1663 4889 1859 4945 fulciri.
1893 4889 2015 4945 Per.

594 4982 763 5051 Super
789 4981 979 5036 oblata.
1010 5012 1082 5022 —
1105 4981 1352 5051 Suscipe,
1383 4981 1624 5048 Domine,
1650 4980 1882 5036 fidelium
1914 4997 2099 5052 preces

520 5091 641 5131 cum
681 5075 1040 5130 oblationibus
1085 5075 1407 5142 Hostiarum,
1444 5082 1519 5138 et,
1553 5073 1917 5128 intercedente
1946 5075 2101 5128 beato

521 5166 805 5222 Theodoro
857 5176 1093 5235 martyre
1122 5176 1234 5233 tuo,
1265 5179 1361 5235 per
1389 5165 1500 5219 haec
1527 5165 1628 5234 pitu
1657 5163 1956 5218 devotioois
1985 5163 2102 5219 offi-

528 5256 610 5310 cia
634 5256 699 5309 ad
725 5257 1000 5312 caelestem
1025 5255 1248 5326 gloriam
1279 5266 1637 5312 transeamus.
1669 5258 1789 5313 Per.

603 5347 682 5400 Ad
730 5347 1120 5417 Compfendum.
1147 5376 1217 5388 —
1249 5348 1447 5402 Praesta
1477 5349 1653 5411 nobis,
1682 5348 1928 5416 Domine,
1959 5365 2104 5418 qutu-

526 5452 734 5504 sumus,
763 5439 1128 5494 intercedente
1157 5440 1313 5493 beato
1345 5440 1626 5495 Theodoro
1659 5451 1888 5510 martyre
1912 5449 2022 5507 tuo,
2048 5450 2105 5495 ut

525 5544 648 5593 qua:
675 5547 769 5585 ore
797 5532 1140 5602 centigimus,
1173 5546 1304 5600 pura
1331 5542 1512 5586 mente
1539 5531 1833 5600 capiamus.
1861 5531 1983 5585 Per.

597 5682 619 5707 ⁸
663 5675 715 5727 lu
765 5671 970 5724 Tiieod.
1017 5669 1183 5722 sancti
1217 5665 1424 5719 Martini
1469 5664 1662 5718 festum
1712 5666 1926 5731 ponitur
1971 5674 2095 5720 ante

524 5758 630 5802 nat.
663 5752 826 5798 sancti
857 5739 1084 5804 Menum,
1117 5747 1170 5794 et
1193 5736 1366 5807 vigilia
1394 5735 1617 5790 solemni
1649 5738 1987 5804 prave-uitur.

2825 542 3107 582 HAWH’RIS.

2247 618 2480 686 Praesta,
2538 633 2882 688 quaesumus,
2938 616 3276 685 omnipotens
3331 615 3504 680 Deus,
3566 621 3626 667 ut
3671 617 3755 682 qui

2177 709 2321 764 beati
2369 710 2571 764 Henna:
2616 710 2868 780 martyris
2918 708 2992 762 tui
3043 707 3279 761 natalitia
3311 705 3557 768 colimus,
3591 704 3754 757 inter-

2173 800 2417 856 cessione
2445 799 2563 870 ejus
2594 801 2646 854 in
2681 802 2753 855 tui
2805 799 3037 855 nominis
3063 813 3246 853 amore
3267 797 3602 851 roboremur.
3636 792 3754 846 l’er.

2246 890 2417 960 Super
2456 891 2648 945 oblata.
2678 921 2747 932 —
2778 890 2922 946 Beati
2972 889 3178 945 Menna‘.
3227 886 3481 954 martyris
3519 884 3616 947 tui,
3661 883 3759 934 Do-

2176 983 2341 1050 mine,
2396 981 2654 1037 solemnia
2708 988 3092 1048 recensentes,
3138 990 3445 1048 quzesumus
3518 983 3580 1028 ut
3645 973 3760 1040 ejus

2176 1073 2378 1127 auxilio
2405 1082 2494 1126 tua
2527 1071 2786 1127 beneficia
2836 1072 3132 1142 capiamus,
3167 1083 3263 1138 pro
3289 1082 3394 1138 quo
3421 1066 3513 1121 tibi
3547 1063 3759 1120 ilostias

2177 1164 2352 1221 laudis
2382 1163 2681 1218 offerimus.
2712 1162 2835 1218 Per.

2263 1255 2328 1313 Δά
2355 1253 2748 1325 Camplendum.
2775 1284 2843 1294 —
2868 1251 3176 1308 Benedictio
3206 1258 3316 1317 tua,
3350 1248 3510 1318 Deus,
3543 1244 3759 1314 impleat

2176 1343 2339 1398 corda
2377 1342 2636 1409 fidelium,
2689 1341 2930 1411 talesque
2983 1339 3240 1409 perficiat,
3266 1336 3358 1407 qui
3387 1345 3438 1390 et
3468 1342 3757 1403 martyrum

2179 1431 2531 1488 bonorificent
2574 1431 2873 1499 passiones,
2922 1439 2978 1485 et
3021 1429 3258 1484 remedia
3291 1426 3479 1481 salutis
3520 1432 3757 1489 aeternae,

2178 1522 2377 1578 eisdem
2411 1520 2883 1591 patrocinantibus,
2926 1527 3295 1588 assequamur.
3329 1516 3452 1571 Per.

2178 1627 2354 1667 EODE!
2383 1627 2492 1668 DIE.
2522 1641 2593 1652 --
2617 1625 2840 1666 NA'I‘ALIS
2869 1619 2893 1645 ί¹
2921 1624 3108 1664 SANC'I‘I
3139 1622 3358 1662 MARTIIH
3385 1617 3751 1661 CONFESSOBIS.

2256 1702 2418 1769 Deus,
2451 1702 2543 1772 qui
2574 1701 2841 1771 conspicis
2877 1701 2999 1769 quia
3028 1713 3094 1753 ex
3142 1697 3284 1752 nulla
3329 1705 3513 1750 nostra
3564 1693 3756 1748 virtute

2108 1813 2150 1873 Β
2179 1796 2556 1861 subsistimus,
2613 1794 2850 1848 concede
2927 1790 3183 1861 propitius
3252 1795 3309 1842 ut
3375 1784 3756 1842 intercessione

2181 1888 2321 1943 beati
2359 1886 2569 1942 Martini
2603 1881 2931 1942 confessoris
2959 1882 3034 1936 tui
3064 1891 3222 1950 atque
3263 1876 3527 1947 pontificis
3571 1885 3752 1930 contra

2180 1979 2357 2035 omnia
2402 1979 2624 2033 adversa
2667 1968 2986 2033 mttniamur.
3033 1973 3135 2028 Per
3179 1969 3456 2025 Dominum
3502 1974 3760 2021 nostrum.

2254 2067 2423 2137 Super
2470 2065 2662 2121 oblata.
2688 2093 2761 2105 —
2783 2063 2930 2118 Beati
2977 2061 3192 2116 Martini
3229 2056 3520 2129 pontificis,
3553 2068 3764 2125 quaesu-

2184 2171 2327 2223 mus,
2379 2156 2623 2225 Domine,
2675 2154 2831 2208 nobis
2861 2154 2944 2222 pia
2979 2167 3085 2206 non
3129 2149 3269 2205 desit
3310 2147 3506 2210 oratio,
3554 2159 3676 2215 quae
3715 2153 3765 2196 et

2188 2260 2410 2302 munera
2443 2254 2623 2299 nostra
2647 2242 2925 2308 conciliet,
2949 2249 3004 2295 et
3031 2251 3173 2294 tuam
3205 2236 3356 2292 nobis
3385 2232 3763 2304 indulgentiam

2180 2351 2405 2408 semper
2434 2336 2699 2393 obtineat.
2733 2335 2835 2390 Per
2863 2333 3151 2389 Dominum
3177 2338 3437 2384 nostrum.

2259 2429 2532 2499 Prwfatio.
2560 2456 2632 2468 —
2661 2425 2798 2481 Vere
2828 2423 3051 2494 dignum
3095 2430 3152 2476 et
3193 2421 3393 2490 justum
3425 2425 3530 2482 est,
3558 2429 3764 2484 aequum

2188 2533 2244 2580 et
2275 2523 2526 2587 salutare,
2560 2533 2660 2575 nos
2687 2519 2781 2574 tibi
2812 2529 3027 2586 semper
3060 2523 3112 2570 et
3140 2513 3337 2582 ubique
3368 2510 3566 2580 gratias
3587 2521 3764 2577 agere,

2187 2612 2412 2668 Domine
2461 2617 2670 2674 sancte,
2712 2607 2870 2662 Pater
2914 2611 3278 2674 omnipotens,
3325 2609 3527 2655 aeterne
3578 2597 3759 2651 Deus:

2187 2703 2343 2773 cujus
2376 2701 2526 2771 (502)
2565 2711 2789 2754 munere
2817 2697 3005 2752 beatus
3034 2694 3294 2749 Martinus
3323 2688 3602 2746 confessor
3630 2685 3766 2756 pari-

2189 2803 2270 2851 ter
2307 2801 2362 2849 et
2405 2789 2692 2855 sacerdos,
2739 2796 2794 2842 et
2844 2787 3110 2842 bonorum
3157 2795 3379 2853 operum
3429 2775 3771 2834 incrementis

2190 2882 2457 2948 excrevit,
2487 2889 2542 2937 et
2571 2880 2736 2935 variis
2759 2878 3016 2934 virtutum
3044 2875 3199 2931 donis
3227 2871 3560 2936 exuberavit,
3591 2880 3648 2925 et
3678 2865 3772 2921 mi-

2191 2974 2388 3034 raculis
2433 2969 2924 3039 coruscavitzqui,
2964 2964 3110 3038 quod
3158 2962 3336 3020 verbis
3385 2959 3588 3024 docuit,
3641 2970 3766 3025 ope-

2192 3082 2311 3123 rum
2356 3063 2687 3122 exhibitione
2730 3059 3042 3131 complevit,
3084 3065 3140 3114 et
3181 3055 3506 3111 documento
3533 3051 3690 3106 simul
3721 3057 3774 3104 et

2192 3157 2441 3226 exemplo
2486 3154 2716 3212 subditis
2763 3151 2831 3208 ad
2877 3149 3116 3208 coelestia
3147 3161 3309 3219 regna
3334 3143 3590 3216 pergendi
3617 3141 3775 3196 duca-

2195 3257 2305 3304 tum
2355 3247 2604 3318 przebuit.
2659 3242 2814 3302 Unde
2871 3253 3015 3298 tuam
3065 3239 3410 3296 clementiam
3457 3235 3693 3306 petimus
3723 3242 3778 3287 ut

2191 3341 2335 3412 ejus,
2386 3339 2478 3410 qui
2529 3338 2624 3393 tibi
2675 3334 2896 3406 placuit,
2950 3331 3214 3402 exemplis
3242 3331 3309 3385 ad
3350 3329 3488 3384 bene
3514 3326 3777 3394 agendum

2191 3434 2588 3496 informemur,
2649 3427 2858 3484 meritis
2909 3423 3246 3489 muniamur,
3308 3414 3779 3476 intercessionibus

2189 3523 2523 3593 adiuventur,
2566 3517 2801 3589 qualiter
2824 3515 2893 3571 ad
2925 3514 3149 3571 caeleste
3194 3524 3439 3580 regnum,
3493 3506 3585 3562 illo
3615 3505 3780 3560 inter-

2191 3615 2463 3682 veniente;
2517 3619 2570 3670 te
2613 3609 2930 3681 opitulante,
2983 3603 3262 3678 pervenire
3307 3611 3629 3656 mereamur.
3682 3595 3783 3649 Per

2190 3707 2494 3761 Christum.

2263 3794 2343 3850 Ad
2374 3791 2772 3864 Complendum.
2811 3816 2882 3830 —
2908 3785 3047 3854 Tua,
3078 3784 3326 3848 Domine,
3358 3789 3541 3836 sancta
3569 3790 3786 3833 sumen.

2195 3893 2296 3952 tes,
2341 3882 2658 3952 suppliciter
2705 3881 3078 3949 deprecamur,
3121 3883 3181 3930 ut
3209 3887 3435 3943 quorum
3472 3881 3787 3926 veneramur

2196 3975 2612 4038 confessionem,
2643 3971 2890 4042 praesidia
2917 3970 3236 4024 sentiamus.
3273 3966 3392 4020 Per.

2267 4066 2441 4137 Super
2479 4063 2750 4137 populum.
2800 4093 2874 4107 -
2915 4058 3161 4126 Exaudi,
3218 4054 3480 4119 Domine,
3535 4050 3788 4123 populum

2200 4166 2348 4214 tuum
2395 4167 2506 4213 tota
2554 4157 2646 4212 tibi
2698 4162 2876 4210 mente
2921 4151 3239 4220 subjectum,
3294 4158 3348 4203 et
3386 4145 3525 4200 beati
3573 4139 3787 4199 Martini

2199 4249 2470 4322 pontificis
2501 4247 2892 4317 supplicatione
2920 4243 3153 4306 custodi,
3185 4251 3264 4308 ut,
3293 4251 3520 4308 corpore
3541 4245 3599 4292 et
3623 4233 3788 4290 corde

2200 4350 2502 4414 protectus,
2533 4339 2676 4410 quod
2729 4338 2813 4407 pie
2859 4336 3030 4392 credit
3080 4341 3317 4401 appetat.
3372 4339 3428 4385 et
3468 4326 3612 4398 quod
3648 4325 3794 4396 juste

2201 4442 2386 4504 sperat
2412 4433 2674 4486 obtineat.
2710 4427 2832 4482 Per.

2128 4547 2177 4605 D
2335 4564 2366 4602 ι
2397 4558 2666 4602 KALENDAS
2691 4554 2999 4598 occasionis.
3030 4568 3103 4580 —
3124 4538 3154 4575 δ
3186 4551 3405 4593 ΝΑτΑιιε
3435 4547 3654 4589 suam

2871 4625 3132 4664 ειεοιιιλε.

2281 4708 2458 4771 Deus,
2515 4705 2603 4775 qui
2656 4718 2753 4758 nos
2801 4717 2974 4755 annua
3031 4701 3203 4754 beata:
3263 4695 3490 4750 Caeciliae
3542 4691 3801 4762 martyris

2208 4809 2310 4854 tuae
2340 4799 2681 4854 solemnitate
2715 4791 2870 4865 15.1
2902 4788 3160 4849 laetificas.
3208 4786 3274 4839 da
3323 4795 3384 4840 ut
3426 4798 3584 4853 quam
3627 4795 3798 4835 vene-

2213 4904 2396 4944 ramur
2441 4886 2639 4949 officio,
2693 4886 2852 4939 etiam
2906 4882 3005 4948 piae
3042 4874 3466 4934 conversstionis
3510 4884 3802 4929 sequamur

2209 4977 2475 5047 exemplo.
2510 4976 2633 5030 Per.

2282 5072 2449 5140 Super
2471 5069 2661 5122 oblata.
2690 5095 2757 5105 —
2782 5065 2904 5119 llaec
2936 5063 3138 5124 llostia,
3179 5058 3428 5121 Domine,
3475 5053 3802 5124 placationis

2211 5173 2263 5217 et
2288 5159 2780 5228 lavdisqumsumus
2807 5168 2883 5222 ut,
2931 5151 3325 5209 interveniente
3379 5148 3532 5202 beata
3579 5142 3801 5199 Caecilia

2218 5265 2452 5322 martyre
2475 5262 2587 5317 tua,
2619 5267 2716 5305 nos
2739 5261 2826 5305 tua
2853 5246 3230 5318 propitiatione
3260 5244 3450 5309 dignos
3477 5253 3694 5306 semper
3725 5238 3801 5291 ef-

2217 5344 2378 5399 ficiat.
2412 5343 2534 5398 Per.

2284 5433 2554 5505 Praefatio.
2585 5463 2652 5474 —
2675 5432 2815 5487 Vere
2845 5442 3062 5501 dignum
3084 5439 3134 5484 et
3174 5427 3378 5497 justum
3431 5434 3539 5490 est,
3589 5434 3804 5490 mquam

2215 5538 2272 5584 et
2299 5527 2552 5594 salutare,
2587 5541 2687 5581 nos
2716 5525 2808 5578 tibi
2841 5536 3052 5591 semper
3082 5530 3137 5576 et
3167 5519 3362 5587 ubique
3384 5514 3585 5587 gratias
3611 5525 3801 5581 agere,

2209 5736 2242 5789 ι)
2274 5662 2301 5699 ι)
2339 5664 2413 5717 Ex
2445 5664 2611 5734 priori
2643 5661 2846 5718 Titeod.
2896 5661 2997 5715 hoc
3037 5657 3227 5713 festum
3262 5671 3381 5709 cum
3424 5653 3601 5724 vigilia
3648 5650 3802 5722 cclc-

2248 5745 2408 5789 ratur.

2248 5745 2408 5790 ratur.
