4026 6306
229 348 322 404 U9

1434 330 1637 387 LIBER
1676 319 2302 383 SACR.’\M:.NTCHUM.

3368 326 3466 381 150

233 459 453 517 Domine
483 464 707 523 sancte,
731 457 886 511 Pater
922 452 1276 521 omnipotens,
1294 459 1491 507 aeterne
1514 452 1654 507 Deus
1680 464 1695 503 :
1718 446 1805 517 qui
1835 450 1885 509 Α
1914 445 2053 501 beati
2082 444 2415 515 Chrysogoni
2445 440 2697 510 martyris
2727 440 2800 495 tui
2848 440 3230 496 intercessione
3276 441 3468 498 libere-

235 553 288 606 in
328 547 641 605 infirmitate
678 546 929 602 virtutem
975 543 1208 614 perficis,
1254 550 1307 599 et
1336 542 1548 598 humani
1596 541 1805 611 gerieris

233 639 505 697 inimicum
533 651 645 691 non
668 637 841 689 solum
872 648 964 703 per
993 634 1157 696 viros,
1206 632 1299 687 sed
1329 632 1487 685 etiam
1532 646 1625 700 per
1652 630 1806 684 femi-

236 749 339 788 nas
365 730 566 792 vincis;
597 726 754 797 cujus
778 740 999 780 munere
1025 724 1177 779 beata
1221 722 1455 786 Caecilia,
1488 729 1540 775 et
1568 720 1620 774 in
1642 718 1807 788 virgi-

238 823 425 878 nitatis
450 817 743 889 proposito,
771 826 824 872 et
853 817 905 871 in
927 812 1263 870 confessione
1286 811 1408 866 fidei
1431 810 1676 865 roborata
1704 817 1808 875 est,

238 916 417 961 utnec
445 901 623 955 artatis
653 900 863 954 lubrico
909 899 977 953 ab
1022 896 1321 950 intentione
1369 903 1680 958 mutaretur,
1714 905 1812 947 nec

233 992 624 1051 blandimentis
666 988 966 1046 carnalibus
1017 987 1451 1049 demulceretur,
1501 1001 1601 1041 nec
1648 998 1813 1039 sexus

235 1085 536 1153 fragilitate
565 1082 949 1147 deterreretur,
996 1094 1094 1135 nec
1142 1087 1525 1134 tormentorum
1556 1076 1814 1131 immani-

235 1184 347 1228 tate
383 1173 711 1239 vinceretur,
733 1170 828 1226 sed
860 1170 1125 1225 servando
1154 1169 1393 1236 corporis
1418 1183 1482 1223 ac
1516 1167 1706 1221 mentis
1735 1165 1815 1220 in-

234 1262 570 1332 tegritatem,
601 1276 721 1315 cum
748 1259 1063 1328 virginitatis
1090 1268 1145 1313 et
1175 1258 1415 1329 martyrii
1451 1257 1622 1326 palma
1654 1264 1814 1310 mter-

236 1367 366 1407 nam
399 1359 701 1406 mereretur
727 1350 949 1418 adipisci
977 1348 1373 1403 beatitudinem.
1396 1346 1499 1402 Per
1518 1345 1812 1400 Christum.

312 1442 398 1494 Ad
424 1439 823 1509 Compfendum.
848 1438 1027 1493 -—Sic
1062 1452 1181 1504 nos,
1214 1438 1456 1499 Domine,
1486 1437 1653 1505 gratia
1704 1445 1813 1503 tua,

240 1542 580 1597 quaesumus,
608 1541 821 1595 semper
844 1536 1111 1592 exerceat,
1134 1535 1190 1580 ut
1234 1537 1290 1582 et
1333 1525 1527 1580 divinis
1554 1525 1815 1578 instauret

244 1628 434 1671 nostra
465 1616 627 1672 corda
660 1616 955 1686 mysteriis,
1003 1626 1058 1672 et
1084 1625 1283 1672 sancta:
1310 1616 1536 1672 Cmcilia:
1565 1614 1815 1685 martyris

246 1718 351 1760 tuae
379 1707 896 1763 commemoratione
925 1707 1177 1762 lzetificet.
1228 1707 1330 1764 Per
1377 1706 1658 1761 Dotninum
1713 1721 1812 1760 no-

241 1807 436 1851 strum.

243 1926 293 1965 IX
350 1927 624 1966 KALENDAS
676 1925 987 1967 DECEIBRIS.
1037 1940 1107 1952 --
1159 1925 1377 1965 NA'I‘ALIS
1431 1924 1619 1965 SANC'I‘I
1684 1924 1815 1964 σιπ-

928 1995 1137 2035 ΙΕΝΤΙΒ.

266 2084 275 2090 ”
314 2093 673 2159 Omnipotens
706 2093 1027 2161 sempiterno
1056 2093 1217 2159 Deus,
1238 2091 1326 2161 qui
1348 2091 1401 2146 in
1428 2091 1663 2147 omnium
1696 2105 1820 2147 san-

243 2190 455 2235 ctorum
490 2191 703 2236 tuorum
754 2198 814 2237 es
868 2182 1063 2236 virtute
1107 2181 1405 2249 mirabilis,
1452 2182 1517 2237 da
1565 2182 1721 2238 nobis
1767 2182 1821 2238 in

248 2270 393 2323 beati
420 2270 714 2324 Clementis
734 2284 912 2325 annua
940 2271 1280 2327 solemnitate
1333 2272 1523 2337 laetari,
1569 2273 1658 2342 qui
1704 2259 1822 2330 Filii

249 2360 323 2413 tui
355 2368 565 2429 martyr
593 2370 647 2415 et
675 2360 909 2428 pontifex
930 2360 1069 2431 quod
1112 2361 1407 2418 ministerio
1456 2364 1623 2433 gessit
1670 2364 1823 2420 testi-

249 2450 435 2505 monio
459 2450 869 2519 comprobavit,
890 2462 945 2508 et
988 2454 1127 2523 quod
1174 2454 1480 2522 praedicavit
1506 2468 1601 2510 ore
1627 2455 1825 2510 confir-

248 2541 415 2594 mavit
440 2543 711 2611 exemplo.
744 2543 865 2597 Per.

316 2631 494 2701 Super
524 2632 715 2687 oblata.
747 2664 817 2673 —
846 2634 1179 2690 Sacrificium
1206 2637 1321 2701 tibi,
1372 2636 1620 2703 Domine,
1652 2639 1827 2693 laudis

250 2722 555 2791 offerimus,
586 2740 684 2793 pro
710 2729 880 2781 Saneti
902 2726 1211 2783 celebritate
1234 2729 1547 2795 Clementis,
1571 2740 1628 2783 ut
1652 2729 1829 2799 propi-

252 2813 737 2881 tiationem'tuam,
765 2832 920 2886 quam
971 2818 1167 2872 nostris
1212 2818 1464 2887 operibus
1503 2834 1609 2873 non
1656 2833 1829 2874 mere-

251 2916 400 2970 mur,
447 2904 522 2971 pii
554 2904 922 2976 suffragatoris
952 2905 1424 2963 intercessionibus
1456 2923 1825 2975 assequamur.

250 2991 369 3050 Per.

318 3084 603 3156 Praefatio.
622 3114 693 3129 -—-
712 3087 851 3143 Vere
872 3088 1087 3157 dignum
1099 3097 1155 3145 et
1179 3090 1377 3159 justum
1402 3099 1504 3158 est,
1543 3106 1751 3160 {equum
1773 3101 1830 3146 et

251 3178 516 3244 salutare,
556 3194 657 3236 nos
688 3180 781 3235 tibi
829 3196 1042 3251 semper
1087 3193 1143 3240 et
1178 3185 1371 3256 ubique
1410 3188 1609 3255 gratias
1646 3202 1827 3256 agere,

254 3270 483 3325 Domine
508 3281 716 3338 sancte,
741 3271 899 3327 Pater
923 3276 1276 3342 omnipotens,
1308 3285 1509 3331 aeterne
1557 3276 1697 3338 Deus
1722 3293 1736 3330 :
1768 3286 1822 3331 et

255 3359 310 3415 in
339 3360 440 3415 hac
459 3360 572 3426 die,
595 3376 755 3430 quam
786 3361 926 3418 beati
955 3363 1243 3419 Clementis
1270 3366 1445 3434 passio
1467 3370 1823 3435 consecravit,

257 3460 312 3507 et
341 3451 502 3507 nobis
533 3452 893 3508 venerabilem
936 3454 1179 3510 exhibuit
1209 3473 1222 3508 :
1253 3455 1343 3525 qui
1370 3458 1663 3525 apostolica
1694 3474 1827 3526 prte-

254 3540 532 3596 dicatione
577 3540 846 3608 imbutus,
888 3542 1145 3599 doctrinis
1195 3544 1502 3601 coelestibus
1549 3547 1825 3613 educatus,

256 3637 621 3691 successionis
648 3637 903 3706 dignitate
924 3628 1261 3708 conspicuus,
1286 3649 1341 3693 et
1374 3648 1575 3710 martyr
1607 3639 1830 3707 insignis

255 3733 310 3778 et
327 3725 588 3780 sacerdos
616 3726 823 3781 refulsit
842 3729 1105 3798 egregius.
1132 3728 1232 3784 Per
1247 3729 1513 3783 Christum
1545 3730 1826 3784 Dominum

256 3823 525 3870 nostrum.

326 3906 409 3957 Ad
442 3904 833 3973 Complmdum.
858 3936 926 3946 —
955 3907 1051 3971 Da,
1076 3922 1396 3976 quaesumus,
1441 3909 1661 3964 Domine
1694 3909 1832 3963 Deus

260 4002 471 4057 ιιοδιετ,
505 4001 562 4045 υι
587 3992 725 4047 sicut
753 4002 961 4049 tuorum
991 3997 1499 4052 commemoratione
1527 4006 1831 4051 sanctorum

261 4083 544 4153 temporali
568 4085 900 4151 gratulamur
927 4085 1127 4153 officio,
1176 4088 1247 4142 ita
1280 4098 1538 4159 perpetuo
1592 4090 1834 4143 Its-temur

258 4183 499 4243 aspectu.
528 4174 649 4229 Per.

366 4303 548 4342 EODEM
586 4303 694 4342 υιε.
740 4318 810 4328 --
865 4305 1087 4345 ΝΑτΑιιε
1124 4307 1336 4349 SANC’I‘B
1372 4308 1726 4350 FELICITATIS-

335 4399 565 4465 Prmsta,
611 4415 941 4468 quassumus,
983 4405 1320 4474 omnipotens
1370 4406 1526 4472 Deus,
1573 4418 1627 4462 ut
1680 4409 1835 4480 142

1911 551 2051 590 mur.
2080 536 2199 589 Per.

1982 624 2153 693 Super
2183 625 2375 677 oblata.
2398 653 2467 662 —
2492 622 2711 686 Oblatis,
2740 637 3060 690 qutesumns,
3091 621 3332 685 Domine,
3358 636 3469 688 pta-

1910 726 2034 769 care
2063 714 2401 780 muneribus,
2436 722 2509 777 et,
2534 712 2896 768 intercedente
2944 713 3098 767 beato
3125 711 3473 782 Chry~ogonu

1912 810 2148 871 martyre
2180 812 2288 866 tuo,
2326 817 2356 856 a
2388 802 2590 856 cunctis
2622 815 2719 855 nos
2764 802 2988 858 defende
3030 804 3300 869 periculis.
3354 803 3473 857 Per.

1989 893 2259 961 Prwfalio.
2286 923 2357 934 —
2388 892 2523 947 Vere
2547 893 2759 960 dignum
2806 901 2861 947 et
2897 894 3096 962 justum
3127 901 3230 959 est,
3264 909 3470 961 :rquum

1915 993 1967 1037 et
1989 983 2244 1049 salutare,
2272 997 2368 1036 nos
2392 984 2481 1037 tibi
2508 998 2719 1051 semper
2760 992 2814 1038 et
2852 986 3040 1055 ubique
3068 988 3265 1055 gratias
3290 1001 3469 1053 agerc,

1917 1074 2138 1129 Domine
2181 1084 2383 1140 sancte,
2440 1074 2597 1129 Pater
2643 1075 3000 1144 omnipotens,
3048 1090 3247 1134 mterne
3295 1078 3473 1134 Deus;

1913 1166 1999 1234 qui
2031 1178 2127 1219 nos
2156 1165 2387 1219 assiduis
2421 1173 2723 1233 martyrum
2775 1168 3110 1234 passionibus
3157 1172 3474 1234 consolaris,

1917 1263 1971 1309 et
1999 1269 2184 1307 eorum
2214 1254 2525 1324 sanguinem
2556 1251 2948 1322 triumphalem,
2973 1270 3127 1324 quem
3163 1273 3263 1325 pro
3284 1259 3479 1325 profes-

1915 1342 2065 1397 sione
2091 1342 2324 1398 nominis
2354 1344 2426 1397 tui
2458 1342 2759 1397 infidelibus
2808 1345 3083 1413 pra-buere
3130 1347 3474 1415 fundendum,

1916 1433 1981 1487 ad
2014 1443 2220 1488 tuorum
2254 1435 2381 1489 facis
2411 1434 2668 1488 auxilium
2692 1436 2916 1489 transire
2941 1436 3201 1490 fidelium.

1987 1524 2068 1576 Ad
2088 1523 2474 1593 Complendum.
2505 1555 2572 1564 —
2599 1525 2719 1593 Tui,
2745 1526 2985 1590 Domine,
3019 1529 3357 1597 perceptione
3399 1544 3483 1581 sa-

1917 1615 2200 1679 cramenti,
2251 1625 2301 1669 et
2349 1630 2378 1667 a
2430 1616 2626 1669 nostris
2683 1618 3000 1670 mundemur
3043 1619 3288 1687 occultis,
3336 1628 3389 1673 et
3419 1620 3484 1672 ab

1922 1706 2156 1761 hosﬁum
2179 1706 2466 1761 liberemur
2495 1707 2721 1761 insidiis.
2766 1706 2883 1764 Per.

1923 1848 1978 1890 tu
2018 1834 2170 1905 (505)
2197 1850 2468 1891 KALENDAS
2508 1850 2817 1893 prostratus.
2844 1867 2914 1876 -—
2938 1853 3154 1893 unus
3181 1852 3364 1894 SANCTI
3401 1854 3486 1895 sa-

2452 1921 2663 1962 TURNINI
2683 1922 2960 1963 IARWBIS.

1996 2019 2160 2086 Deus,
2185 2019 2272 2089 qui
2296 2035 2392 2075 nos
2422 2019 2559 2075 beati
2583 2020 2853 2077 Saturnini
2877 2022 3123 2093 martyris
3144 2021 3215 2077 tui
3236 2024 3487 2077 concedis

1922 2109 2167 2165 natalitio
2195 2108 2417 2179 perfrui,
2448 2109 2565 2179 ejus
2618 2125 2717 2165 nos
2748 2112 2920 2170 tribue
2971 2113 3176 2168 meritis
3222 2112 3483 2182 adjuvari.

1923 2198 2024 2253 Per

1996 2288 2166 2355 Super
2187 2288 2377 2343 oblata.
2404 2319 2473 2332 —-
2498 2291 2714 2346 Munera
2748 2294 2861 2357 tibi,
2894 2293 3136 2361 Domine,
3169 2294 3339 2349 dicata
3367 2310 3489 2349 san-

1923 2380 2134 2441 ctifica;
2169 2388 2254 2445 et,
2307 2382 2674 2438 intercedente
2728 2384 2882 2439 beato
2923 2386 3212 2440 Saturnino
3257 2397 3489 2455 martyre

1926 2478 2036 2534 tuo,
2068 2486 2161 2540 per
2190 2470 2375 2527 eadem
2418 2487 2516 2527 nos
2546 2474 2781 2544 placatus
2810 2476 3047 2531 intende.
3081 2477 3180 2532 Per
3210 2480 3487 2532 Dominum

1927 2571 2191 2618 nostrum.

1997 2655 2076 2707 Ad
2105 2654 2492 2711 Complendum.
2516 2686 2582 2697 —
2610 2658 2909 2714 Sanctificet
2936 2676 3052 2724 nos,
3086 2660 3327 2728 Domine,
3346 2677 3489 2729 qum-

1929 2756 2138 2807 sumus,
2173 2753 2247 2799 tut
2305 2749 2570 2815 perceptio
2616 2753 2955 2814 sacramenti,
3008 2762 3058 2805 et
3107 2751 3493 2807 intercessione

1929 2846 2233 2892 sanctorum
2263 2837 2356 2890 tibi
2382 2838 2571 2894 reddat
2598 2852 2866 2907 acceptos.
2902 2842 3023 2896 νυν.

2129 2960 2303 3001 EODEM
2340 2961 2448 3002 DIE.
2490 2975 2558 2988 —-
2594 2964 2789 3005 VIGILIA
2827 2964 3012 3005 SANC'I'I
3050 2966 3289 3005 ANDREE.

2000 3045 2337 3113 Qumsumus,
2369 3050 2705 3117 omnipotens
2736 3051 2873 3104 Deus
2897 3091 2911 3115 ,
2953 3059 3009 3106 ut
3041 3051 3225 3107 beatus
3258 3052 3497 3108 Andreas

1857 3151 1903 3212 ο
1932 3138 2205 3206 apostolus
2239 3148 2384 3192 tuum
2416 3140 2567 3194 nobis
2596 3141 2839 3209 imploret
2878 3142 3155 3208 auxilium,
3202 3154 3278 3207 ut,
3326 3158 3353 3194 a
3403 3159 3495 3199 nu-

1931 3229 2057 3283 stris
2109 3230 2345 3285 reatibus
2398 3231 2655 3295 absoluti,
2709 3247 2739 3285 a
2792 3235 2999 3289 cunctis
3049 3235 3205 3290 etiam
3251 3235 3495 3290 ocricnlis

1856 3356 1857 3359 η
1929 3333 2212 3373 exuamur.
2244 3319 2345 3373 Per
2372 3320 2649 3375 Dominum
2679 3332 2938 3377 nostrum.

2007 3409 2161 3481 1&3
2190 3410 2360 3482 Super
2381 3413 2572 3468 oblata.
2598 3443 2668 3453 —
2698 3415 2847 3485 (504)
2880 3416 3203 3469 Sacrandum
3238 3417 3349 3481 tibi,
3396 3417 3496 3471 Do-

1934 3504 2097 3569 mine,
2131 3517 2322 3557 munus
2350 3502 2645 3571 offerimus,
2669 3521 2794 3573 quo,
2826 3506 2959 3560 beati
2990 3507 3069 3560 An
3112 3524 3213 3561 rem
3237 3508 3492 3563 solemnia

1933 3594 2250 3658 recolentes,
2285 3596 2712 3663 purificationem
2754 3612 2964 3667 quoque
2991 3600 3185 3652 nostris
3231 3601 3495 3654 mentibus

1933 3683 2301 3752 imploramus.
2336 3685 2456 3740 Per.
3057 3751 3080 3773 .

2008 3774 2278 3845 Praefatio.
2301 3806 2372 3817 —
2398 3776 2538 3831 Vere
2572 3777 2789 3848 dignum
2841 3787 2897 3832 et
2920 3781 3121 3847 justum
3158 3790 3258 3846 est,
3289 3796 3496 3849 mqnnm

1932 3876 1985 3920 ct
2012 3867 2266 3935 salutare,
2303 3883 2400 3922 nos
2422 3869 2513 3922 tibi
2541 3885 2753 3937 semper
2786 3883 2839 3925 et
2873 3871 3065 3940 ubique
3094 3874 3288 3941 gratias
3315 3889 3488 3942 agere.

1934 3959 2162 4015 Domine
2190 3968 2394 4025 sancte,
2425 3961 2585 4016 Pater
2610 3962 2980 4029 omnipotens,
3013 3974 3210 4018 a'lCrtte
3243 3964 3377 4017 Dens
3403 3981 3417 4017 :
3446 3975 3499 4018 et

1936 4051 2090 4124 (505)
2116 4053 2444 4120 Majestatcm
2474 4061 2616 4107 tuam
2662 4054 2971 4123 suppliciter
3015 4069 3269 4119 exorare;
3319 4067 3371 4108 ut
3409 4058 3497 4123 qui

1936 4141 2077 4198 beati
2122 4142 2351 4196 Andreae
2384 4143 2613 4210 apostoli
2667 4141 2860 4197 festum
2914 4144 3237 4198 solemnibus
3286 4144 3500 4212 jejuniis

1936 4244 1989 4285 et
2009 4233 2215 4287 devotis
2238 4234 2591 4301 prtevenimus
2609 4233 2816 4298 ofﬁciis,
2836 4234 2977 4288 illius
2998 4233 3135 4303 apud
3169 4234 3495 4303 Majesfatem

1938 4333 2102 4389 tuam,
2132 4332 2186 4379 et
2212 4323 2525 4392 adjuvemur
2551 4324 2775 4392 meritis,
2802 4336 2855 4383 et
2881 4326 3201 4382 instruamur
3218 4326 3495 4395 exemplis.

1940 4414 2039 4469 Per
2064 4413 2353 4469 Christum.

262 4491 431 4546 beatae
465 4490 756 4546 Felicitatis
780 4495 1031 4563 martyris
1067 4504 1169 4549 tuae
1198 4497 1452 4552 solemnia
1493 4514 1834 4555 recensentes
1865 4511 1912 4567 υ
2009 4504 2089 4557 Ad
2139 4503 2528 4573 Contplendum.
2566 4534 2635 4543 —
2681 4504 2980 4573 f’erceptis,
3032 4505 3268 4572 Domine,
3317 4519 3495 4561 sacra-

264 4580 466 4634 mcritis
497 4580 667 4648 ipsius
692 4593 1031 4653 protegantur
1061 4594 1113 4639 ct
1137 4586 1401 4653 precibus.
1432 4587 1554 4641 Per.

333 4670 509 4740 Super
534 4671 725 4726 oblata.
757 4702 828 4712 ——
859 4673 1082 4743 Suscipe
1129 4684 1251 4729 vota
1296 4684 1529 4744 tuorum,
1589 4678 1829 4743 Domine,

262 4760 613 4826 famulorum,
664 4770 719 4816 et
765 4764 1002 4818 oblatum
1055 4765 1145 4819 tibi
1189 4781 1285 4834 pro
1325 4770 1834 4825 commemoratione

263 4852 433 4905 beatae
464 4853 760 4907 Felicitatis
789 4856 992 4922 pacifici
1044 4856 1309 4912 libaminis
1346 4858 1664 4913 sacrificium
1712 4875 1833 4929 pro-

260 4941 482 5010 pitiatus
506 4942 742 4997 intende.
774 4945 895 4999 Per.

334 5033 417 5084 Ad
446 5032 834 5100 Complendum.
864 5060 935 5076 ---
965 5035 1243 5105 Supplices
1272 5045 1324 5093 te
1352 5052 1620 5107 rogamus,
1654 5040 1836 5092 omni-

261 5131 453 5186 potens
488 5124 647 5187 Deus,
679 5134 755 5189 ut,
777 5124 1248 5182 intervenientibus
1267 5129 1469 5185 sanctis
1494 5128 1617 5196 tuis,
1646 5139 1701 5184 et
1748 5140 1833 5185 tua

262 5209 315 5261 in
347 5210 507 5264 nobis
534 5211 675 5266 dona
698 5214 1039 5283 multiplices,
1071 5222 1125 5274 et
1163 5226 1400 5286 tempora
1432 5230 1612 5275 nostra
1649 5219 1832 5291 dispo«

261 5317 380 5358 nas.
408 5303 535 5358 Per.

260 5427 355 5468 νιιι
396 5429 671 5469 ιλιειηυλε
709 5429 1016 5470 necessus.
1047 5432 1358 5473 -ιηΑτλιιε
1394 5434 1576 5476 ΒΔΝΟΤΙ
1619 5437 1833 5478 ειικγηο·

825 5500 947 5540 δοκι
994 5502 1267 5542 ΙΑΙΠὝΙὶΙδ.

332 5596 567 5663 Adesto,
603 5595 847 5661 Domine,
875 5598 1347 5666 supplicationibus
1378 5603 1595 5668 nostris,
1628 5613 1706 5668 ut,
1743 5604 1834 5672 qui

265 5702 332 5741 ex
394 5687 681 5756 iniquitate
721 5697 901 5742 nostra
941 5703 1063 5743 reos
1115 5706 1212 5747 nos
1265 5706 1380 5748 esse
1424 5708 1831 5762 cognosctmus,

1937 4595 2151 4661 mentis,
2179 4595 2492 4664 suppliciter
2512 4609 2816 4662 exoramus,
2845 4605 2919 4658 ut,
2954 4598 3315 4653 intercedente
3345 4597 3501 4653 beato

1937 4686 2148 4740 Andrea
2180 4687 2419 4754 apostolo
2452 4695 2562 4751 tuo,
2593 4701 2713 4756 qua:
2763 4701 2856 4755 pro
2887 4687 3029 4742 illius
3062 4688 3363 4743 veneranda
3406 4704 3496 4758 ge—

1937 4778 2106 4832 rimus
2135 4777 2402 4845 passione,
2428 4778 2580 4831 nobis
2611 4778 2890 4845 proficiant
2915 4778 2979 4832 ad
3005 4779 3284 4834 medelam.
3312 4779 3428 4833 Per.

2010 4868 2148 4922 Alia.
2178 4897 2247 4908 -——
2277 4869 2452 4924 Tuere
2480 4885 2595 4932 nos.
2645 4871 2951 4925 misericors
2980 4872 3139 4935 Deus,
3193 4879 3247 4924 et
3275 4873 3501 4927 Andreae

1940 4958 2165 5025 apostoli
2195 4958 2290 5022 tui,
2311 4959 2462 5027 cujus
2494 4959 2728 5013 nataiitia
2761 4948 3135 5028 prave-nimus,
3167 4975 3376 5027 semper
3410 4978 3502 5029 gu-

1940 5045 2102 5099 berna
2128 5046 2413 5112 prazsidiis.
2442 5045 2546 5101 Per
2578 5046 2855 5101 Dominum
2888 5055 3155 5102 nostrum.

2008 5137 2088 5189 Ad
2116 5135 2381 5207 Vesper-os.
2412 5164 2481 5176 --
2510 5135 2736 5205 Adjuvet
2767 5136 3057 5191 Ecclesium
3090 5145 3228 5190 tuam
3254 5135 3369 5199 tibi,
3401 5136 3506 5190 Do-

1940 5226 2105 5289 mine,
2147 5226 2515 5293 supplicando,
2572 5227 2762 5280 beatus
2811 5227 3051 5281 Andreas
3099 5226 3395 5295 apostolus,
3453 5239 3505 5285 et

1944 5318 2059 5384 pius
2086 5318 2411 5371 interventor
2441 5316 2733 5386 efficiatur,
2774 5320 2864 5388 qui
2913 5322 2986 5375 tui
3039 5337 3266 5377 nominis
3294 5324 3502 5379 exstitit

1941 5410 2275 5479 prredicator.
2312 5410 2411 5463 Per
2434 5409 2732 5465 Dominum.
2955 5471 2960 5474 _

2011 5500 2091 5553 Ad
2122 5499 2419 5554 Matutinos.
2451 5528 2517 5540 —
2550 5502 2706 5569 Deus,
2732 5504 2821 5573 qui
2869 5519 2927 5585 es
2955 5514 3257 5560 sanctorum
3290 5514 3496 5562 tuorum

1943 5596 2192 5665 splendor
2238 5595 2513 5664 mirabilis,
2539 5598 2731 5666 quique
2760 5600 2897 5654 hunc
2924 5600 3061 5654 diem
3095 5600 3232 5654 beati
3274 5603 3498 5657 Andreae

1946 5696 2196 5762 martyrio
2216 5691 2558 5755 consecrasti,
2586 5690 2648 5745 da
2682 5693 2930 5749 Ecclesia:
2971 5702 3071 5749 tua:
3100 5693 3165 5748 dc
3191 5695 3308 5764 ejus
3353 5704 3496 5747 nata-
