4026 6298
552 359 644 414 131

1766 354 2002 408 SANCTI
2042 351 2364 410 GREGORII
2403 354 2615 410 MAGNI
3716 359 3823 415 1312

550 476 664 529 litio
695 486 906 542 semper
951 473 1202 541 gaudere,
1256 480 1305 522 nt
1340 469 1473 537 apud
1520 467 1935 522 misericordiam
1985 477 2126 521 tuam
2156 469 2207 527 Α
2236 466 2403 522 beatze
2431 469 2607 524 Lucio:
2638 468 2920 524 festivitate
2948 470 3263 539 gaudemus,
3293 470 3363 525 ita
3389 470 3487 541 piae
3511 471 3820 530 devotionis

550 570 813 639 exemplis
842 569 956 637 ejus
988 575 1325 634 proteglmur
1355 574 1407 619 et
1437 563 1660 617 meritis.
1688 563 1806 618 Per.

551 700 725 738 I‘IHDIE
782 695 1054 736 KALENDAS
1118 692 1428 732 DECEMBRIS.
1486 705 1554 715 —
1605 690 1813 730 NA'I‘ALE
1867 683 1891 711 ³
1940 689 2124 728 SANCTI

1218 762 1459 800 ΑἯῐὶῐζῖἶιίε.

622 841 948 910 Majestatem
983 847 1126 890 tuam
1171 836 1460 904 suppliz-es,
1511 835 1770 900 Domine,
1818 848 2121 898 exoramus,

550 942 605 986 ut
635 933 770 986 sicut
803 929 1059 984 Ecclesiae.
1088 938 1190 982 ture
1238 928 1422 981 beatus
1449 926 1689 981 Andreas
1736 927 2005 996 apostolus
2034 940 2126 979 ex-

546 1023 682 1080 stitit
706 1021 1021 1092 praedicator
1045 1028 1100 1074 et
1139 1028 1334 1083 rector,
1378 1018 1446 1073 ita
1477 1017 1614 1087 apud
1658 1026 1709 1072 te
1759 1018 1826 1071 sit
1850 1031 1945 1085 pro
1974 1016 2127 1071 nobis

544 1123 831 1184 perpetuus
864 1115 1203 1168 intercessor.
1241 1111 1362 1165 Per.

615 1207 787 1275 Super
802 1205 993 1259 oblata.
1024 1233 1093 1243 —
1120 1201 1446 1257 Sacriﬁcinrn
1472 1209 1710 1256 nostrum
1740 1199 1852 1266 tibi,
1881 1201 2122 1267 Domine,

546 1310 874 1366 qttmsumus,
903 1292 1292 1349 beatiAndrem
1324 1294 1557 1362 precatio
1605 1302 1787 1347 sancta
1842 1291 2114 1359 conciliet,

544 1389 773 1457 utcujus
793 1390 999 1442 honore
1045 1386 1357 1441 solemuiter
1387 1384 1670 1439 exhibetur
1691 1383 1895 1439 meritis
1925 1384 2126 1439 efﬁcia-

544 1490 630 1533 tur
657 1486 954 1547 acceptum.
988 1476 1085 1531 Per
1111 1475 1395 1530 DOminum
1431 1484 1690 1528 nostrum.

612 1567 887 1638 Prtefatio.
911 1597 980 1607 -—
1006 1566 1143 1621 Vere
1163 1568 1378 1635 dignum
1402 1576 1454 1620 et
1473 1565 1672 1635 justum
1703 1573 1806 1630 est,
1840 1578 2047 1633 aequum
2072 1573 2125 1617 et

545 1660 813 1729 salutare,
861 1674 958 1714 nos
1010 1658 1103 1713 tibi
1146 1673 1358 1729 semper
1401 1669 1452 1713 et
1482 1658 1675 1728 ubique
1715 1657 1910 1727 gratias
1943 1672 2121 1727 agere,

541 1752 764 1806 Domine
810 1760 1013 1815 sancte,
1068 1750 1226 1806 Pater
1274 1750 1633 1820 omnipotens,
1683 1758 1883 1803 arterne
1945 1749 2118 1803 Deus:

2230 559 2537 613 erudiamur
2564 558 2775 614 effectu.
2810 559 2929 614 Per.

2302 650 2470 721 Super
2497 651 2691 705 oblata.
2720 681 2791 691 -—
2830 651 3171 715 Quaesumus,
3217 652 3476 707 virtutum
3510 654 3817 709 caelestium

2232 740 2390 803 Deus,
2425 750 2480 793 ut
2502 741 2762 794 sacriﬁcia
2794 756 2890 810 pro
2914 753 3113 794 sancta:
3145 750 3247 795 tua:
3271 742 3448 797 Lucitc
3470 746 3819 802 solemnitate

2229 831 2399 886 delata
2432 832 2751 888 desiderium
2775 848 2870 888 nos
2904 834 3195 902 temporale
3215 833 3441 889 doceant
3469 838 3671 892 habere
3691 852 3821 893 con-

2231 929 2512 990 temptum,
2545 932 2599 978 et
2627 922 2831 978 ambire
2859 924 2998 979 dona
3042 925 3239 979 faciant
3263 926 3563 982 caelestium
3596 931 3822 999 gaudio.

2229 1027 2366 1066 rum.
2405 1013 2525 1067 Per.

2305 1103 2382 1157 Ad
2414 1099 2802 1172 Complendum.
2834 1136 2903 1147 —
2927 1105 3077 1172 Laeti,
3103 1105 3347 1175 Domine,
3379 1111 3708 1179 sumpsimus
3731 1126 3819 1165 sa-

2227 1208 2498 1251 cramenta
2528 1196 2784 1262 cmlestia,
2816 1212 2953 1267 qua},
2989 1198 3350 1253 intercedente
3380 1215 3476 1270 pro
3509 1181 3664 1256 nobis
3686 1202 3814 1256 bea-

2228 1299 2279 1343 ta
2302 1289 2463 1344 Lucia
2493 1296 2728 1361 martyre
2764 1298 2871 1354 tua,
2897 1290 2961 1344 ad
2991 1291 3152 1343 vitam
3180 1291 3333 1345 nobis
3366 1292 3650 1361 proﬁciant
3674 1309 3816 1348 sem-

2229 1382 2510 1451 piternam.
2542 1380 2644 1436 Per
2677 1380 2979 1434 Dominum.
3226 1371 3233 1377 “

2299 1472 2434 1525 Alia.
2495 1503 2562 1511 —
2610 1472 2926 1527 lntercessio
2984 1489 3114 1539 nos,
3180 1474 3439 1539 Domine,
3482 1491 3815 1543 quaesumus,

2227 1574 2429 1615 sanetae
2462 1562 2634 1616 Lucio:
2660 1564 2907 1634 martyris
2939 1572 3041 1617 ttae
3074 1566 3247 1619 vetiva
3278 1566 3581 1632 confoveat,
3613 1576 3668 1621 ut
3700 1569 3817 1636 ejus

2227 1662 2434 1707 sacrata
2467 1654 2705 1708 natalitia
2766 1664 2820 1707 et
2874 1655 3239 1723 temporaliter
3284 1656 3703 1723 frequentemus,
3763 1667 3817 1712 et

2228 1744 2619 1813 con’piciamus
2641 1757 2864 1800 aeterna.
2890 1745 2991 1799 Per
3025 1746 3304 1800 Dmninuut
3337 1756 3599 1801 nostrum.

539 1841 693 1913 (506)
715 1841 964 1912 quoniam
991 1843 1141 1898 adest
1164 1843 1316 1897 nobis
1345 1841 1458 1897 dies
1488 1841 1746 1910 magniﬁci
1777 1840 1948 1894 votiva
1977 1854 2119 1910 mys-
2154 1837 2192 1894 Β
2227 1852 2299 1890 xn
2347 1851 2617 1892 KALENDAS
2663 1853 2925 1892 tantum".
2968 1866 3035 1877 --
3079 1854 3297 1892 smus
3355 1848 3378 1877 ο
3430 1854 3620 1893 sucu
3677 1855 3813 1892 rno-

544 1935 662 1990 terii
691 1950 793 2005 qua
825 1935 1158 1991 venerandus
1205 1934 1445 1988 Andreas
1487 1933 1759 2003 apostolus
1800 1947 2111 2002 germanum

541 2040 601 2081 se
626 2025 842 2095 gloriosi
872 2025 1099 2093 apostoli
1124 2025 1197 2080 tui
1229 2024 1367 2080 Petri
1393 2033 1498 2078 tam
1526 2023 1903 2089 praedicatione
1923 2021 2122 2076 Christi

543 2128 615 2172 tut
645 2134 803 2188 quam
829 2118 1234 2173 conversatione
1264 2118 1603 2181 monstravit,
1643 2128 1694 2169 ut
1728 2116 1776 2168 id
1810 2114 1836 2152 ιι
1872 2113 2014 2183 quod
2062 2113 2123 2166 li-

543 2206 667 2259 bera
693 2206 1073 2273 prmdicaverat
1104 2221 1235 2260 voce
1268 2206 1415 2273 (507)
1450 2220 1546 2260 nec.
1580 2206 1818 2274 pendens
1855 2202 2014 2274 144
2037 2213 2120 2255 ta-

542 2307 687 2353 ceret
716 2297 770 2352 in
818 2312 997 2365 eruce,
1046 2301 1440 2365 Auctoremque
1476 2298 1597 2351 vita:
1630 2296 1875 2364 perennis
1918 2307 2021 2347 tant
2070 2293 2121 2346 in

540 2390 642 2442 hac
668 2392 774 2442 vita
803 2389 952 2457 sequi
973 2403 1132 2458 quam
1166 2389 1217 2441 in
1244 2387 1431 2441 mortis
1455 2400 1650 2455 genere
1674 2384 1867 2439 meruit
1899 2382 2119 2447 imitari,

542 2488 621 2541 ut,
648 2477 799 2547 cujus
823 2488 1093 2548 prtecepto
1148 2487 1357 2533 terrena
1387 2477 1440 2531 in
1470 2478 1757 2541 semetipso
1784 2474 2123 2530 cruciﬁxcrat

539 2567 847 2633 desideria,
908 2570 1028 2639 ejus
1077 2568 1327 2633 exemplo
1374 2567 1487 2635 ipse
1552 2566 1788 2635 patibulo
1843 2565 2117 2635 ﬁgeretur.

540 2657 764 2727 Utrique
791 2656 948 2727 igitur
978 2658 1213 2726 germani
1244 2657 1559 2724 piscatores,
1590 2655 1749 2709 ambo
1800 2670 1960 2709 cruce
2013 2658 2121 2710 ete-

539 2758 736 2804 vantur
764 2748 830 2803 ad
851 2749 1067 2807 caelum.
1101 2757 1155 2803 tit
1187 2762 1319 2815 quos
1350 2746 1401 2801 in
1437 2746 1593 2816 hujus
1623 2750 1744 2800 vitae
1763 2760 1920 2799 cursu
1950 2745 2117 2815 gratia

535 2849 624 2893 tua
650 2849 725 2894 tot
757 2839 984 2895 vinculis
1016 2839 1225 2907 pietatis
1269 2839 1673 2904 obstrinxerat,
1708 2838 1805 2892 lios
1836 2838 2119 2891 immarce-

535 2928 739 2984 scibilis
763 2930 813 2983 in
846 2946 1014 3001 regno
1040 2930 1300 2985 cmlorum
1331 2936 1573 2984 necteret
1592 2942 1811 2982 corona.
1840 2926 1903 2982 Et
1930 2927 2119 2998 quibus

535 3030 652 3077 erat
674 3036 776 3075 una
809 3036 969 3076 causa
1001 3021 1333 3085 certaminis,
1392 3035 1493 3074 una
1546 3019 1826 3074 retributio
1877 3028 2023 3075 esset
2064 3026 2121 3075 et

536 3112 764 3179 prtemii.
796 3112 895 3165 Per
924 3125 1081 3179 quem
1111 3110 1435 3178 Maiestatem
1470 3119 1629 3163 tuam.

608 3201 1015 3258 Benedictionem
1034 3203 1251 3270 require,
1284 3202 1431 3271 (508)
1465 3203 1518 3255 in
1543 3202 1723 3255 natali.

604 3290 686 3342 Ad
716 3289 1102 3358 Compleudum.
1138 3319 1204 3335 -ι-
1252 3290 1606 3359 Sumpsimus,
1641 3291 1896 3355 Domine,
1933 3290 2114 3346 divina

536 3384 811 3454 mysteria,
845 3382 984 3439 beati
1016 3384 1243 3438 Andreua
1265 3384 1552 3438 festivitate
1571 3384 1834 3450 lactantes,
1867 3399 1984 3453 qua:
2012 3385 2115 3439 sic-

535 3484 591 3529 ut
642 3476 744 3529 tuis
781 3476 980 3529 snnctis
1010 3475 1074 3528 ad
1103 3474 1347 3544 gloriam,
1382 3474 1451 3529 ita
1484 3475 1654 3537 nobis.
1689 3488 2018 3544 quaesumus,
2046 3474 2113 3529 ad

535 3568 741 3623 veniam
777 3569 1033 3637 prodesse
1063 3567 1322 3634 rerﬁcias.
1353 3568 1453 3622 Per
1491 3567 1796 3622 Dominum.

603 3659 684 3711 Ad
742 3657 1010 3728 Vespr-ros.
1064 3687 1135 3700 —
1184 3658 1257 3712 Da
1312 3658 1486 3722 nobis,
1518 3672 1846 3727 qua'sumus,
1892 3658 2115 3711 Domine

536 3749 676 3803 Dens
706 3723 908 3813 noster,
942 3742 1083 3804 b'enti
1116 3750 1343 3818 apostoli
1386 3749 1460 3802 tui
1508 3749 1738 3804 Andreae
1769 3749 2113 3805 intercessio-

538 3840 694 3895 nibus
726 3840 1014 3907 sublevari,
1047 3850 1103 3894 ut
1133 3840 1284 3912 (5'09)
1316 3856 1410 3910 per
1440 3855 1571 3909 quos
1599 3839 1853 3896 Ecclesia:
1885 3849 1991 3896 tuae
2023 3856 2115 3896 su-

534 3931 687 3999 perni
741 3932 978 3986 muneris
1008 3931 1311 3987 rudimenta
1342 3932 1578 3997 donasti,
1626 3946 1725 4001 per
1753 3947 1849 3988 eos
1876 3933 2106 3990 subsidi:

537 4034 808 4090 perpetua:
837 4023 1028 4077 salutis
1054 4023 1354 4092 impendas.
1402 4024 1504 4078 Per
1535 4025 1815 4078 Dominum
1846 4032 2108 4079 nostrum.

606 4116 745 4170 Alia.
803 4144 871 4155 -
921 4115 1151 4182 Exaudi,
1209 4116 1451 4182 Domine,
1498 4118 1749 4186 populum
1802 4126 1946 4171 tuum
1989 4133 2111 4173 cum

532 4207 704 4261 sancti
731 4205 959 4275 apostoli
990 4207 1063 4260 tui
1092 4206 1318 4261 Andreae
1363 4207 1659 4273 patrocinio
1703 4209 2111 4278 supplicantem,

536 4309 592 4355 ut
628 4308 720 4354 tuo
748 4314 963 4369 semper
988 4298 1185 4353 auxilio
1236 4314 1422 4354 secura
1476 4301 1569 4355 tibi
1624 4301 1790 4366 possit
1831 4302 2114 4358 devotione

532 4391 755 4446 servire.
788 4388 908 4442 Per.

534 4497 700 4537 IDIBUS
727 4496 1037 4535 DECIMBRIS.
1070 4511 1138 4520 -
1168 4495 1387 4535 NATALIS
1411 4496 1625 4535 SANCTE
1666 4497 1838 4537 ιυειιε
1864 4498 2108 4538 νιιιωκιε.

607 4570 810 4625 Exaudi
844 4586 961 4637 nos,
1017 4571 1155 4625 Deus
1202 4569 1451 4625 salutatis
1499 4579 1704 4637 noster,
1756 4581 1813 4624 ut
1858 4572 1998 4628 sicut
2040 4574 2110 4629 de

610 4714 631 4738 ἰ
666 4706 719 4758 In
752 4705 976 4759 Kalend.
1008 4704 1163 4756 Rom.
1206 4704 1566 4772 praescribitur
1624 4704 1875 4773 Evangel.
1919 4706 2109 4761 Ambu-
2141 4710 2189 4769 D

535 4777 644 4828 lans
669 4774 821 4829 Iesus
840 4778 1172 4845 juxtanmre,
1220 4775 1269 4827 in
1297 4774 1435 4842 quod
1470 4772 1688 4829 ltomilia
1716 4774 1750 4827 5
1779 4772 1948 4830 Sancti
1978 4777 2111 4832 Gre-

534 4845 666 4914 gorii
700 4843 893 4913 legitur
924 4843 1123 4914 habita.

606 4912 633 4950 ι)
667 4916 739 4969 Ex
758 4912 855 4969 his
883 4913 1297 4969 corroborantur
1324 4924 1441 4968 acta
1471 4914 1639 4968 sancti
1668 4914 1895 4969 Andreae
1922 4916 2111 4982 proba-

536 4996 724 5053 turque
755 5001 858 5037 non
879 4986 949 5038 ita
981 4995 1251 5039 recentem
1277 4983 1438 5037 fuisse
1461 4998 1643 5037 eorum
1668 4985 2107 5054 publicationem.

613 5065 635 5093 α
662 5055 803 5110 Nihil
838 5056 1062 5109 habetur
1084 5058 1149 5108 de
1178 5064 1364 5125 sancto
1394 5054 1595 5125 Tltotna
1638 5055 1689 5108 in
1736 5055 1932 5110 Codice
1975 5058 2105 5125 Heg.

535 5126 788 5189 Suec.,in
819 5125 1047 5189 Calensi,
1082 5136 1137 5180 et
1161 5126 1211 5177 in
1244 5124 1468 5195 Kalend.
1503 5123 1682 5190 Rom.,
1718 5125 1801 5178 ubi
1832 5123 2108 5195 assignan-

535 5206 619 5249 lllt‘
646 5209 761 5264 post
792 5198 981 5251 feswm
1003 5206 1203 5249 sancm:
1233 5194 1407 5248 Lucis:
1430 5206 1647 5259 quatuor
1678 5194 1964 5249 Dominicre
1989 5207 2106 5249 ante

538 5264 723 5319 Natale
754 5265 983 5319 Domini.
1019 5266 1169 5334 Apud
1220 5265 1538 5327 Patnelium,
1590 5267 1959 5318 consentiente
2005 5267 2101 5320 Ms.

532 5337 768 5401 Calensi,
793 5337 986 5406 legitur
1010 5355 1022 5388 :
1071 5336 1144 5389 De
1172 5336 1395 5406 adren'u
1420 5335 1645 5406 Domini,
1679 5334 1944 5406 Dominira
1978 5338 2022 5399 l,
2052 5345 2106 5390 ct

533 5404 924 5473 consequenter
954 5404 1227 5459 Domiuica
1271 5404 1341 5471 2,
1392 5415 1494 5459 etc.
1546 5405 1670 5460 Post
1715 5405 2003 5460 Sabbatum
2052 5407 2105 5459 in

534 5473 804 5528 duodecim
832 5477 1148 5535 lectionibus,
1182 5490 1273 5530 seu
1322 5485 1547 5544 quatuor
1600 5486 1787 5542 temp.,
1836 5477 1975 5543 apud
2004 5476 2104 5529 Pa-

536 5545 752 5598 tnelium
799 5546 1051 5599 inst-ritur
1097 5545 1328 5599 ofﬁcium
1385 5546 1451 5598 de
1500 5555 1684 5598 sancto
1736 5546 1959 5611 Tlioma,
2010 5545 2105 5599 sed

536 5616 672 5668 intra
697 5617 917 5669 uncinos
947 5613 1434 5684 comprehenditur.
1472 5614 1544 5667 De
1574 5615 1859 5669 Dom‘nicis
1889 5619 2104 5670 Adven-

537 5693 621 5738 tus
644 5685 782 5747 jttl’rtt
810 5685 1032 5740 habetur
1075 5686 1310 5738 ofﬁcium
1366 5685 1418 5738 itt
1458 5686 1554 5738 Ed.
1603 5687 1787 5753 Angeli
1822 5686 2007 5741 liocca:
2051 5695 2105 5741 et

537 5756 590 5809 in
622 5755 787 5810 altera
820 5756 1049 5825 llugouis
1072 5756 1327 5818 Mcnardi,
1362 5771 1517 5824 quam
1542 5758 1829 5824 sequimur.

2813 1923 2899 1962 HE
2941 1923 3209 1962 APUSTOLI.

2302 2000 2373 2053 Da
2400 2000 2575 2066 nobis,
2615 2013 2940 2069 quaesumus,
2978 1999 3224 2065 Domine,
3277 1999 3417 2053 beati
3472 2000 3700 2066 apostoli
3734 2011 3807 2054 hll

2226 2090 2448 2145 Thomte
2478 2090 2903 2145 solemnitatibus
2926 2089 3168 2159 gloriari,
3187 2098 3244 2143 ut
3270 2088 3387 2159 ejus
3409 2104 3628 2159 semper
3656 2091 3813 2162 145

2226 2193 2278 2237 et
2310 2182 2621 2251 patrociniis
2671 2180 3036 2246 sublevemur,
3068 2190 3122 2235 et
3154 2179 3311 2235 ﬁdem
3358 2195 3597 2251 congrua
3650 2181 3813 2236 devo.

2227 2273 2371 2328 tione
2402 2283 2691 2327 sectemur.
2724 2272 2848 2326 Per.

2294 2364 2464 2435 Super
2484 2363 2677 2416 oblata.
2700 2392 2767 2403 —
2800 2362 3066 2427 Debitum,
3100 2360 3342 2426 Domine,
3377 2369 3578 2416 nostra:
3628 2363 3807 2418 reddi-

2227 2468 2345 2507 mus
2390 2450 2683 2519 servitutis,
2733 2452 3042 2522 suppliciter
3089 2462 3398 2520 exorantes,
3441 2462 3501 2506 ut
3545 2455 3810 2524 suffragiis

2224 2542 2362 2597 beati
2416 2542 2635 2596 Thema:
2674 2540 2902 2609 apostoli
2932 2541 2984 2595 in
3013 2540 3167 2596 nobis
3199 2550 3286 2595 tua
3334 2557 3554 2596 munera
3591 2544 3809 2611 tuearis,

2223 2632 2375 2702 cujus
2421 2630 2738 2687 honorando
2775 2630 3189 2696 confessionem,
3242 2630 3414 2685 laudis
3466 2632 3560 2685 tibi
3605 2633 3807 2687 hostias

2226 2722 2585 2776 immolemus.
2620 2720 2721 2775 Per
2752 2721 3034 2774 Dominum
3067 2728 3327 2774 nostrum.

2301 2811 2566 2883 Praefatio.
2598 2841 2667 2853 —
2698 2812 2836 2867 Vere
2868 2812 3081 2881 dignum
3113 2820 3167 2867 et
3189 2811 3390 2881 justum
3440 2821 3543 2875 est,
3596 2828 3808 2880 mquam

2223 2916 2275 2962 et
2303 2908 2557 2973 salutare,
2604 2921 2700 2960 nos
2740 2903 2832 2960 tibi
2872 2918 3086 2972 semper
3112 2910 3165 2957 et
3195 2903 3388 2971 ubique
3407 2902 3605 2970 gratias
3625 2917 3806 2971 agere,

2224 2998 2447 3052 Domine
2488 3004 2694 3062 sancte,
2743 2994 2901 3049 Pater
2934 2992 3304 3062 omnipotens,
3364 3000 3566 3046 aeterne
3616 2994 3805 3046 Deus:

2223 3092 2315 3160 qui
2348 3091 2641 3146 Ecclesiam
2671 3098 2814 3144 tuam
2846 3089 2896 3142 in
2924 3087 3229 3156 apostolicis
3256 3085 3483 3140 tribuisti
3511 3089 3807 3143 consistere

2144 3192 2194 3256 (ζ
2226 3183 2604 3247 fundamentis,
2637 3182 2704 3238 de
2728 3197 2954 3252 Quorum
2998 3180 3227 3251 collegio
3254 3179 3393 3235 beati
3426 3178 3649 3233 Thomas
3680 3194 3807 3246 apo-

2188 3348 2191 3351 ,
2219 3277 2346 3331 stoli
2377 3277 2449 3331 tui
2484 3275 2745 3330 solemnia
2775 3273 3128 3333 celebrantes.
3162 3279 3270 3334 tua,
3314 3269 3555 3334 Domine,
3602 3285 3807 3339 praeco-

2222 3366 2309 3421 nia
2343 3383 2447 3421 non
2480 3376 2769 3420 taceamus.
2802 3364 2901 3418 Per
2926 3361 3209 3416 Dominum
3245 3372 3504 3414 nostrum.

2294 3457 2359 3512 li.
2383 3456 2446 3522 ρ.
2478 3455 2677 3510 Bened.
2702 3454 2756 3508 in
2784 3453 2967 3507 natali.

2290 3550 2370 3602 Ad
2401 3546 2787 3619 Complendum.
2817 3575 2885 3585 —
2916 3543 3206 3607 Conserva,
3257 3540 3503 3607 Domine,
3549 3541 3805 3610 populum

2226 3650 2395 3707 tuum,
2428 3649 2482 3692 et
2506 3652 2661 3707 quem
2694 3644 3000 3690 sanctorum
3034 3645 3243 3688 tuorum
3281 3632 3539 3701 praesidiis
3578 3647 3683 3684 non
3715 3632 3806 3684 de-

2220 3733 2353 3788 sinis
2394 3730 2669 3801 adjuvare,
2724 3728 2993 3800 perpetuis
3035 3726 3211 3780 tribue
3258 3725 3491 3796 gaudere
3529 3724 3804 3779 remediis.

2223 3826 2343 3881 Per.

2293 3925 2463 3994 Super
2493 3921 2954 3995 papulum.—-Da,
2984 3932 3304 3990 qumsumus,
3333 3916 3577 3984 Domine,
3608 3916 3804 3983 populo

2223 4026 2333 4078 tuo,
2375 4015 2630 4080 Spiritum
2666 4011 2906 4068 veritatis
2950 4021 3002 4064 et
3057 4008 3237 4078 pacis,
3295 4017 3376 4073 et,
3437 4008 3806 4060 intercedente

2218 4107 2373 4160 beato
2394 4105 2598 4160 Thema
2622 4103 2863 4172 apostolo
2884 4112 2995 4167 tuo,
3019 4109 3073 4156 et
3091 4111 3141 4154 te
3162 4109 3269 4153 tota
3294 4110 3469 4152 mente
3485 4105 3798 4166 cognoscat.

2218 4212 2269 4256 et
2302 4214 2420 4269 qua:
2450 4197 2542 4253 tibi
2569 4206 2694 4251 sunt
2716 4197 2903 4265 placita
2935 4204 3043 4249 toto
3073 4193 3233 4248 corde
3264 4199 3521 4247 sectetur.
3565 4192 3666 4245 Per
3698 4191 3801 4243 Do-

2220 4291 2423 4345 minum
2452 4297 2691 4344 nostrum
2723 4287 2904 4341 Jesum
2933 4282 3220 4339 Christum.

2258 4388 2410 4461 (510)
2456 4402 2652 4443 INCIPIT
2692 4386 2716 4424 ά
2755 4400 2894 4440 onoo
2940 4401 3007 4439 an
3063 4398 3353 4439 ECCLESIAI
3405 4394 3763 4435 DEDICANPASI.

2294 4481 2541 4535 Primitus
2568 4481 2700 4534 enim
2723 4488 2995 4548 antequam
3018 4477 3247 4547 pontifex
3271 4477 3487 4529 introeat
3511 4475 3800 4541 ecclesiam,

2219 4570 2371 4641 (5H)
2398 4572 2748 4626 illuminentur
2768 4584 2841 4624 xu
2868 4568 3096 4622 candela:
3118 4582 3207 4637 per
3233 4566 3498 4620 circuitum
3535 4564 3802 4618 ecclesim:

2287 4705 2311 4745 ά
2338 4707 2410 4761 De
2429 4705 2673 4760 ecclesia:
2703 4703 3037 4759 dedicatione
3069 4717 3171 4757 non
3199 4711 3360 4771 agunt
3392 4701 3490 4754 hoc
3513 4700 3633 4755 loco
3666 4700 3796 4755 Mss.

2215 4778 2405 4842 nostri,
2424 4777 2517 4830 sed
2541 4776 2665 4829 alibi
2690 4774 2981 4836 fusissime,
3006 4773 3489 4832 maxime‘Gemet.,
3518 4771 3606 4842 ubi
3630 4773 3796 4824 etiam

2215 4841 2538 4901 describitur
2565 4855 2727 4899 totum
2750 4842 2983 4897 ofﬁcium
3011 4849 3324 4897 necturnuut
3347 4842 3413 4894 de
3436 4841 3798 4904 dedicatione,

2213 4918 2499 4986 assignatis
2524 4916 2805 4970 duodecim
2832 4913 3060 4986 Psalmis
3078 4912 3446 4986 cutn‘singulis
3476 4910 3799 4986 aniiphonis

2213 5001 2277 5038 ex
2312 4981 2623 5054 praiscripto
2652 5001 2774 5054 reg.
2811 4984 2978 5037 sancti
3033 4982 3320 5054 Benedicti.
3372 4981 3561 5054 Psalmi
3617 4988 3797 5054 autem

2212 5048 2325 5109 non
2346 5048 2628 5111 sumuntur
2656 5048 2905 5117 de'feria,
2951 5053 3041 5105 sed
3085 5067 3151 5105 ex
3180 5050 3509 5104 diversarum
3542 5048 3795 5103 feriarum

2215 5125 2439 5179 Psalmis
2464 5126 2656 5180 delecti
2701 5133 2844 5178 sunt.
2895 5121 3043 5177 Unde
3076 5121 3528 5188 liquetquomodo
3557 5129 3683 5170 tunc
3719 5121 3801 5170 in-

2214 5197 2534 5263 telligeretur
2554 5194 2695 5264 quod
2723 5193 3028 5264 decernitur
3047 5205 3167 5264 cap.
3200 5190 3260 5242 Μ
3290 5205 3400 5264 reg.
3426 5188 3594 5264 sancti
3626 5191 3796 5264 lfene-

2209 5259 2380 5319 dicti':
2414 5264 2480 5318 In
2513 5259 2802 5318 sanctorum
2828 5260 3202 5331 festivitatibus,
3232 5260 3306 5312 rel
3336 5260 3569 5312 omnibus
3608 5259 3800 5331 solent-

2210 5336 2470 5399 nitatibuc,
2512 5337 2642 5388 sicut
2679 5328 2902 5386 diximus
2955 5330 3224 5383 Dominico
3273 5333 3353 5381 die
3400 5331 3675 5399 agendum,
3730 5328 3800 5380 ita

2210 5414 2409 5473 agatur,
2434 5414 2640 5473 excepto
2661 5404 2795 5473 quod
2823 5402 3016 5455 Psalmi
3037 5411 3122 5473 aut
3140 5401 3448 5473 Antiphatae
3460 5399 3537 5473 vel
3558 5398 3801 5473 lectiones

2210 5467 2277 5526 ad
2308 5467 2470 5540 ipsum
2501 5467 2634 5528 diem
2669 5467 2975 5542 pertinentes
3000 5467 3273 5542 dicantur.
3299 5469 3375 5542 ΔΙη
3413 5469 3552 5520 Edit.
3594 5467 3794 5542 t’amel.

2211 5538 2535 5598 c0nlrnctius
2591 5538 2678 5597 est
2718 5541 2952 5595 ofﬁcium
2996 5541 3048 5594 itt
3080 5538 3440 5601 dedicatione,
3473 5538 3799 5603 omniumque

2213 5615 2500 5668 diversum.
2551 5612 2803 5666 Pauciora
2851 5611 3027 5664 adhuc
3057 5608 3218 5662 habet
3243 5609 3423 5662 Codex
3468 5606 3797 5677 lieg.VSuec.

2213 5687 2282 5739 At
2309 5697 2527 5750 uterque
2555 5683 2759 5735 'l‘heud.
2808 5682 2963 5750 longe
3011 5681 3159 5749 plura
3203 5688 3258 5734 ct
3298 5676 3567 5750 longiora.
3610 5676 3663 5730 In
3716 5677 3798 5750 his

2213 5754 2406 5824 legitur
2434 5748 2734 5812 benedictio
2762 5753 2830 5805 ad
2872 5748 3074 5818 signum
3116 5751 3371 5817 ccclesiw,
3423 5748 3563 5819 quod
3615 5748 3795 5817 appel-
