4026 6368
266 383 368 443 155

3478 272 3501 295 Ι

1491 380 1689 434 LIBER
1730 377 2369 440 SACRAMENTURUM.
3448 394 3543 446 ibi

267 512 313 555 et
346 500 560 554 induant
592 512 649 551 se
680 497 989 552 vestimentis
1031 496 1210 548 sacris.
1258 494 1321 547 Et
1360 510 1473 546 cum
1522 496 1745 547 venerint
1792 495 1857 544 ad
1892 494 1934 552 Α
1967 495 2227 551 ὺνωοτιιηι
2260 500 2310 551 in
2343 498 2495 569 (5:25)
2552 499 2743 554 molem
2798 500 2980 553 durata
3032 502 3439 571 constringeris,
3489 516 3544 559 tu

271 592 458 644 ostium
502 587 755 651 ecclesiae,
800 585 1049 653 percutiat
1089 584 1320 650 pontifex
1358 592 1433 635 ter
1476 583 1869 651 superliminare

271 684 337 733 de
363 678 514 749 (5η)
536 678 799 729 cambutta
828 691 945 739 sua,
973 674 1144 727 dicens
1165 684 1282 726 ante
1305 680 1503 739 portant
1526 672 1867 741 Antiphonant

271 771 435 836 (515)
459 769 645 823 Tollite
665 776 852 835 portas
879 764 1144 833 principes
1162 772 1385 817 vestras.
1408 761 1470 814 Et
1494 772 1677 815 canant
1700 764 1868 830 ipsum

274 865 530 929 psalmum
571 869 731 913 totum
772 868 890 911 ante
930 858 1135 921 ostium,
1168 853 1321 923 (514)
1351 864 1398 907 et
1426 865 1600 923 aperto
1631 856 1759 907 ostio
1786 856 1866 907 in-

275 964 471 1007 trantes
502 954 697 1019 dicant,
734 951 841 1005 Pas
867 950 989 1004 huic
1015 948 1215 1003 domui.
1246 945 1442 999 Deinde
1469 948 1681 1013 incipiat
1703 946 1869 1000 clerus

274 1045 539 1097 litaniam.
574 1042 640 1097 Et
671 1059 788 1096 cum
816 1042 1037 1095 renerint
1063 1040 1369 1106 sacerdotes,
1402 1038 1552 1108 (5|5)
1590 1039 1666 1092 vel
1707 1039 1869 1091 leritte

267 1146 385 1188 ante
419 1140 605 1199 altare,
644 1141 966 1202 prosternant
996 1148 1048 1185 se
1079 1129 1229 1198 (516)
1257 1146 1413 1197 super
1440 1138 1723 1182 stramenta
1753 1146 1869 1182 cum

274 1226 523 1294 pontiﬁce
550 1240 710 1292 usque
739 1224 861 1276 dum
881 1223 1081 1276 dicatur
1111 1228 1289 1289 Agnus
1321 1221 1432 1273 Dei.
1474 1218 1538 1273 Ut
1562 1228 1729 1272 autent
1756 1234 1869 1272 sur-

268 1315 499 1367 rexerint
528 1313 593 1367 ab
622 1313 871 1376 oratione,
901 1327 1001 1364 non
1030 1310 1165 1364 dicat
1192 1311 1423 1379 pontifex
1480 1309 1735 1362 Dominus
1765 1324 1870 1361 vo-

270 1404 503 1466 biscnm,
533 1403 623 1456 sed
648 1402 878 1457 Oremus
902 1410 1120 1454 tantum.
1170 1399 1236 1452 Et
1267 1400 1519 1452 diaconus
1563 1399 1703 1451 dicat
1747 1398 1870 1453 Fle-

270 1504 484 1547 ctamus
510 1508 726 1561 genua;
764 1505 1026 1561 pos'qttam
1059 1491 1335 1556 creverint,
1365 1489 1502 1542 dicat
1535 1488 1751 1544 Levate.
1800 1488 1867 1541 Et

270 1584 505 1653 sequitur
538 1582 737 1638 Oratio.

350 1676 714 1746 Magniﬁcare,
751 1675 970 1728 Domine
1020 1674 1160 1726 Deus
1189 1681 1392 1736 noster,
1427 1672 1479 1724 in
1508 1669 1707 1724 sanctis
1739 1668 1864 1733 tuis,

276 1769 408 1822 etin
434 1774 538 1822 hoc
568 1767 767 1835 templo
794 1766 1162 1819 aediﬁcationis
1188 1776 1288 1815 tum
1310 1778 1526 1833 apparo,
1562 1772 1616 1815 ut
1641 1763 1728 1831 qui
1752 1777 1867 1815 om-

1976 604 2183 642 rursum
2214 589 2370 643 salsis
2402 591 2631 645 resoluta
2668 590 2957 647 Vorticibus
2982 592 3077 645 Nili
3115 593 3322 646 accolas
3351 594 3549 657 perdis,

1974 687 2026 731 et
2059 680 2303 734 hostilem
2335 681 2550 749 globum
2586 681 2721 734 freto
2750 683 3005 737 szeviente
3037 685 3394 751 persequeris.
3437 680 3553 737 Una

1975 770 2269 839 eademque
2291 786 2347 824 es
2378 771 2520 824 salus
2553 772 2815 838 ﬁdelibus,
2866 783 2920 827 et
2950 774 3077 827 ultio
3108 775 3427 828 criminosis.
3474 774 3553 828 Te

1977 875 2069 927 per
2099 861 2330 930 Moysem
2358 876 2612 927 percussa
2636 878 2791 931 rupes
2820 864 3072 931 evomuit,
3104 880 3201 919 nec
3224 865 3398 918 abdita
3425 879 3554 918 cau-

1976 949 2116 1002 tibus
2148 950 2323 1004 latere
2346 953 2581 1017 potuisti.
2627 967 2746 1006 cum
2783 953 3073 1023 Mnjestatis
3126 956 3351 1024 imperio
3405 955 3555 1025 jussa

1975 1040 2239 1104 prodires.
2277 1040 2353 1093 Tu
2403 1051 2609 1122 gestata
2656 1043 2887 1097 nubibus
2929 1045 3100 1100 imbre
3152 1044 3388 1115 jucunde
3428 1060 3555 1099 arva

1972 1128 2249 1184 fecundas.
2985 1190 2995 1199 ,

2047 1218 2195 1289 (526)
2240 1219 2339 1273 Per
2368 1229 2418 1274 te
2448 1219 2608 1273 aridis
2638 1228 2768 1273 testu
2796 1223 3111 1290 corporibus
3145 1223 3315 1278 dulcis
3342 1224 3407 1277 ad
3430 1240 3553 1293 gra-

1974 1310 2123 1377 tiam,
2151 1310 2396 1363 salutaris
2427 1309 2491 1362 ad
2530 1309 2690 1363 vitam
2722 1319 2875 1379 potus
2903 1310 3216 1365 infunditur.
3246 1314 3324 1365 Tu
3351 1314 3553 1367 intimis

1972 1400 2269 1455 scaturicus
2312 1400 2479 1466 venis,
2537 1410 2627 1454 aut
2673 1399 2915 1468 spiritum
2968 1402 3165 1454 inclusa
3196 1403 3430 1466 vitalem,
3464 1417 3557 1457 aut

1971 1506 2186 1545 soccum
2220 1489 2446 1546 fertilem
2479 1501 2723 1559 prtestas,
2754 1508 2841 1556 ne,
2871 1491 3083 1546 siccatis
3115 1492 3417 1547 eratuinata
3450 1494 3558 1546 vis-

1972 1582 2204 1647 ceribus,
2236 1583 2501 1637 solemnes
2534 1592 2691 1653 neget
2732 1594 2871 1637 terra
2904 1592 3213 1652 proventus.
3247 1582 3347 1635 Per
3379 1590 3427 1635 te
3458 1583 3555 1635 ini-

1973 1677 2126 1735 tium,
2159 1690 2251 1742 per
2280 1685 2329 1728 te
2357 1674 2476 1728 ﬁnis
2525 1675 2780 1739 exsultat,
2830 1674 2914 1729 vel
2964 1676 3140 1743 potius
3172 1690 3236 1729 ex
3270 1674 3378 1728 Deo
3409 1684 3555 1729 tuum

1971 1778 2070 1831 est,
2102 1776 2160 1821 ut
2183 1767 2467 1820 terminum
2500 1766 2819 1820 nesciamus.
2853 1766 2917 1819 At
2948 1777 3023 1833 tu,
3052 1765 3277 1820 Domine
3312 1765 3556 1832 omnipo-

275 1861 360 1913 nia
392 1860 448 1914 in
487 1858 612 1912 ﬁliis
639 1857 939 1924 adoptionis
968 1856 1235 1925 operaris,
1285 1856 1396 1923 ipse
1432 1868 1646 1918 semper
1690 1855 1740 1905 in
1777 1864 1864 1906 tua
1901 1859 1942 1919 Β
1973 1868 2087 1912 tens
2120 1858 2282 1921 Deus,
2305 1857 2477 1925 cujus,
2511 1857 2760 1910 virtutum
2790 1872 2894 1909 non
2927 1856 3118 1920 nescii,
3150 1854 3274 1908 dum
3298 1870 3555 1924 aquarum

274 1950 595 2005 haereditate
625 1949 877 2003 lauderis.
930 1948 1027 2001 Per
1075 1946 1356 2002 Dominum
1387 1954 1628 2000 nostrum
1674 1944 1862 1998 .lesum

272 2040 555 2095 Christum
587 2038 781 2093 Filium
816 2048 981 2091 tuum.

342 2129 499 2202 (517)
527 2129 723 2186 Deinde
749 2130 958 2198 incipiat
999 2126 1230 2195 pontifex
1259 2127 1322 2179 de
1350 2127 1558 2180 sinistro
1587 2126 1774 2195 angulo
1805 2125 1867 2177 ab

271 2221 487 2274 Oriente
524 2221 749 2273 scribens
799 2236 878 2289 pt’t
928 2219 1271 2288 pavimentum
1311 2234 1427 2270 cum
1467 2217 1719 2270 cambutta
1746 2233 1864 2280 sua,

267 2310 425 2379 (518)
462 2313 531 2374 A,
563 2311 623 2376 Β,
658 2308 719 2374 C,
745 2324 903 2377 usque
930 2310 982 2361 it:
1004 2310 1237 2362 dextrum
1264 2310 1509 2378 angulum
1534 2308 1826 2362 Occidentis
1849 2323 1869 2372 ;

269 2404 525 2473 incipiens
551 2404 733 2455 iterum
758 2402 989 2456 similiter
1016 2417 1045 2452 a
1068 2401 1247 2453 dextro
1274 2402 1464 2469 angulo
1499 2399 1654 2470 1&6
1683 2399 1869 2453 Orien-

274 2496 360 2558 tis,
388 2497 454 2557 A,
491 2494 554 2556 Β,
586 2493 651 2558 C,
678 2494 849 2547 scribit
877 2507 1034 2561 usque
1061 2491 1111 2543 in
1144 2493 1410 2545 sinistrum
1441 2491 1686 2558 angulum
1719 2489 1866 2544 Occi-

270 2589 437 2642 dentis
459 2586 723 2641 Basilicaz.

346 2677 549 2730 Deinde
572 2675 723 2746 (519)
752 2678 955 2729 veniens
986 2681 1102 2727 ante
1131 2673 1295 2726 altare
1319 2672 1454 2723 d'eat
1486 2685 1507 2725 :
1532 2670 1671 2723 Deus
1699 2671 1748 2723 in
1777 2670 1869 2722 ad-

263 2767 524 2836 iutorium
545 2781 720 2819 meum
751 2764 987 2829 intende,
1024 2762 1272 2828 Domine,
1301 2761 1364 2814 ad
1397 2760 1752 2828 adjuvandum
1785 2776 1869 2814 me

267 2856 483 2910 festina.
516 2856 696 2910 Gloria
718 2853 881 2918 Patri,
912 2860 965 2907 ct
989 2851 1143 2919 Filio,
1170 2862 1223 2905 et
1246 2849 1466 2919 Spiritui
1487 2857 1691 2903 sancto.
1720 2849 1870 2904 Sicut

266 2954 383 3000 erat
414 2946 468 2997 in
513 2943 791 3013 principio,
841 2951 894 2996 et
929 2954 1068 2994 nunc
1111 2948 1166 2994 et
1209 2954 1446 3008 semper,
1492 2948 1547 2993 et
1586 2939 1637 2991 in
1669 2938 1865 2993 sarcula

265 3036 617 3090 saeculorum.
672 3036 864 3100 Amen,
916 3030 1064 3100 (520)
1108 3030 1315 3099 absque,
1361 3028 1614 3084 Alleluia.
1665 3026 1868 3082 Deinde

268 3124 418 3196 (52!)
440 3125 670 3195 sequitur
690 3123 999 3176 exorcismus
1021 3135 1186 3190 aquae.

1978 1950 2166 2003 merita
2203 1948 2514 2017 promimus,
2545 1948 2722 2015 operis
2750 1947 2973 2015 insignia
3002 1946 3370 2015 prtedicamus,
3396 1945 3557 1998 bene-

1970 2039 2217 2092 dictionis
2246 2047 2455 2102 auctor,
2484 2037 2673 2090 salutis
2703 2037 2872 2105 origo,
2906 2047 2956 2090 te
2996 2036 3264 2104 supplices
3294 2034 3554 2102 depreca-

1970 2144 2088 2183 mur
2114 2140 2164 2182 ct
2194 2144 2519 2195 qutesunnts,
2553 2137 2607 2179 ut
2636 2126 2858 2179 imbrem
2886 2126 3068 2196 gratia:
3100 2136 3205 2179 tua:
3232 2140 3393 2194 Super
3419 2123 3555 2176 hanc

1970 2221 2183 2273 domum
2212 2234 2332 2272 eum
2365 2217 2687 2281 abundantia
2722 2230 2824 2270 tua:
2855 2215 3243 2270 benedictionis
3287 2214 3555 2278 infundas,

1970 2311 2106 2365 bona
2137 2314 2311 2365 omnia
2346 2313 2607 2382 largiaris,
2663 2327 2916 2381 prospera
2971 2313 3193 2375 tribuas,
3222 2312 3441 2365 adversa
3473 2325 3557 2363 re-

1971 2400 2154 2469 pellas.
2188 2401 2448 2455 Malorum
2482 2403 2739 2457 fautorem
2766 2403 3062 2456 daamonem
3095 2402 3362 2466 destruas,
3395 2416 3557 2469 ange-

1970 2491 2077 2544 lum
2127 2490 2260 2545 lucis
2304 2493 2557 2560 amicum,
2626 2494 2881 2546 bonorum
2932 2494 3255 2560 provisorem
3310 2493 3558 2547 defenso-

1970 2594 2189 2649 remque
2230 2585 2541 2637 constituas.
2592 2583 2817 2643 Domum
2851 2585 2902 2637 in
2933 2592 3022 2636 tuo
3052 2583 3264 2636 nomine
3298 2592 3552 2650 emptam,

1972 2676 2024 2722 te
2076 2668 2343 2737 adiutore,
2389 2671 2677 2740 perfectam
2736 2672 3036 2727 benedictio
3080 2684 3167 2725 tua
3227 2672 3277 2725 in
3338 2672 3555 2741 longum

1971 2774 2221 2829 mansura
2272 2762 2571 2816 conﬁrmet.
2613 2763 2785 2816 Tuum
2829 2762 2941 2816 haec
2981 2763 3322 2817 fundamenta
3370 2764 3557 2830 praesi-

1970 2847 2143 2915 dium,
2186 2850 2418 2904 culmina
2458 2852 2610 2924 147
2647 2862 3031 2923 tegumentum,
3077 2854 3211 2907 ostia
3260 2853 3555 2918 introitum,

1974 2942 2261 3010 penetralia
2289 2953 2596 2998 mereantur
2624 2959 2922 3000 accessum.
2957 2944 3037 3000 Sit
3062 2960 3153 3011 per
3185 2944 3555 2998 lustrationem

1977 3032 2158 3086 vultus
2192 3034 2264 3085 tui
2297 3034 2498 3088 utilitas
2520 3034 2817 3099 hominum,
2851 3034 3111 3087 stabilitas
3157 3034 3456 3102 parietum;
3488 3032 3556 3086 sit

1973 3120 2160 3188 positis
2187 3134 2317 3174 crux
2341 3121 2531 3175 invicta
2587 3120 2896 3186 liminibus;
2949 3121 3157 3187 utrique
3210 3129 3387 3189 postes
3432 3134 3557 3189 gra-

307 3216 489 3286 '(522)
520 3213 768 3281 Discede,
810 3211 1080 3267 immunde
1106 3210 1348 3279 Spiritus,
1378 3209 1444 3262 ab
1469 3208 1713 3262 omnibus
1740 3208 1851 3279 qui-
1889 3209 1934 3273 C
1967 3212 2052 3265 ti:e
2099 3219 2203 3265 tute
2252 3211 2603 3280 inscriptione
2640 3210 2951 3281 signentur,
3010 3226 3072 3264 ac
3114 3226 3208 3279 per
3266 3210 3557 3265 multitudi-

270 3310 369 3363 bus
399 3308 538 3362 ﬁdes
570 3316 756 3361 nostra
788 3318 945 3359 usura
974 3310 1056 3357 est
1083 3299 1317 3370 religiosi
1349 3299 1508 3353 officii
1566 3298 1717 3369 (525)
1775 3315 1864 3354 sa-

271 3398 588 3454 cramentis.
648 3395 757 3451 Nec
810 3393 1110 3463 praetendas
1167 3390 1377 3459 culpam
1434 3390 1712 3455 criminis,
1768 3390 1859 3458 qui

271 3490 518 3561 agnoscis
565 3487 862 3557 potentiam
895 3485 1204 3539 Salvatorts.
1239 3481 1353 3535 Non
1381 3489 1463 3533 est
1491 3479 1667 3534 meriti
1697 3479 1863 3533 conﬁ-

268 3579 593 3645 dentia,sed
620 3576 892 3647 praecepti,
945 3574 1068 3629 licet
1116 3574 1229 3643 ipsa
1284 3579 1517 3641 potestas
1569 3567 1860 3623 ministerii

271 3673 502 3744 dignitas
531 3673 601 3727 sit
624 3670 874 3725 ministri.
904 3667 979 3723 Te
1002 3667 1160 3737 igitur
1184 3681 1277 3735 per
1305 3678 1642 3720 communem
1673 3663 1861 3727 Deum,

273 3779 424 3832 aquae
455 3770 729 3825 creatura,
752 3760 1031 3821 convenio,
1063 3766 1137 3822 ut,
1170 3766 1487 3811 conservato
1519 3765 1666 3810 motu
1688 3754 1864 3811 sensi-

273 3856 522 3919 bilitatis,
555 3853 862 3921 intelligens
897 3850 1089 3920 subjici
1118 3848 1359 3915 servitio,
1392 3862 1496 3917 quo
1516 3846 1724 3916 placere
1753 3846 1864 3902 Deo

272 3947 525 4009 nitimur,
558 3959 662 3998 non
708 3956 945 3997 recuses.
999 3938 1223 3995 Omnem
1274 3953 1305 3991 a
1343 3945 1395 3991 te
1437 3937 1864 3991 communionem

270 4038 583 4092 dra-menum
613 4075 629 4099 ,
686 4049 848 4088 omne
900 4032 1184 4101 collegium
1233 4029 1523 4099 iniquitatis
1577 4042 1864 4096 expurges.

272 4127 461 4181 Totam
515 4122 902 4193 phantasmatis
944 4121 1113 4175 labem
1142 4133 1309 4187 capax
1352 4118 1632 4172 dominica:
1688 4128 1863 4185 prote-

278 4216 472 4271 ctiouis
496 4215 844 4279 estermiues,
870 4221 948 4278 ut,
977 4211 1145 4280 gratia
1165 4207 1603 4264 sanctiﬁcationis
1627 4207 1864 4275 indepta,

275 4317 367 4361 tuo
397 4315 694 4374 nostroque
723 4304 924 4373 pariter
968 4301 1208 4357 Creatori
1252 4300 1432 4355 dt-bito
1465 4298 1720 4353 famulatu
1769 4299 1867 4353 de-

275 4398 565 4462 serviens,
626 4410 840 4449 omnem
907 4392 1187 4462 Spirituum
1246 4405 1526 4461 pravorum
1581 4390 1867 4457 nequitiam

277 4500 596 4555 quocunque
645 4486 767 4540 loco
821 4483 985 4537 fueris
1016 4496 1231 4551 aspersa
1281 4480 1520 4547 dejicias,
1578 4487 1632 4532 et
1668 4494 1869 4533 sanetae

1970 3316 2090 3355 nem
2119 3302 2510 3371 propitiationis
2544 3314 2645 3356 tum
2676 3303 3042 3357 visitatoribus
3072 3303 3263 3356 domus
3294 3302 3448 3371 hujus
3490 3302 3555 3356 sit

1970 3408 2069 3462 pax
2102 3408 2223 3446 cum
2250 3393 2597 3460 abundantia,
2623 3393 2885 3447 sobrietas
2908 3407 3028 3445 cum
3055 3391 3333 3457 modestia,
3361 3391 3557 3445 redun-

1970 3485 2151 3539 dantia
2185 3500 2304 3539 cum
2332 3486 2721 3542 misericordia.
2777 3485 3091 3553 lnquietudo
3119 3486 3294 3539 omnis
3334 3495 3389 3538 et
3418 3485 3556 3538 cala-

1971 3576 2129 3629 mitas
2155 3575 2309 3645 longe
2332 3580 2565 3642 recedat,
2601 3575 2799 3643 inOpia,
2830 3578 3016 3644 pestis,
3048 3575 3285 3639 morbus,
3315 3575 3557 3643 languor,

1971 3664 2321 3733 incursusque
2351 3664 2609 3718 malorum
2640 3664 2920 3731 Spirituum
2956 3675 3039 3717 tua
3069 3679 3280 3733 semper
3299 3664 3557 3718 visitatio-

1972 3772 2039 3810 ne
2069 3737 2331 3810 discedai.
2363 3756 2426 3810 Et
2456 3756 2527 3810 ita
2561 3756 2672 3810 fusa
2704 3756 2758 3809 in
2790 3755 2891 3809 hoc
2920 3758 3037 3810 loco
3064 3766 3259 3811 nostra:
3288 3756 3553 3825 supplica-

1972 3847 2128 3902 tionis
2160 3847 2334 3901 oratio
2362 3859 2611 3902 extensos
2632 3848 2750 3915 ejus
2786 3848 3046 3901 terminos
3069 3858 3121 3901 et
3149 3847 3279 3900 atria
3329 3849 3556 3900 circum-

1966 3939 2105 4008 jecta
2137 3950 2443 4010 percurrat;
2474 3940 2658 4010 sicque
2681 3954 2775 4007 per
2797 3949 3016 3993 cunctos
3044 3938 3264 4007 angulos
3293 3952 3354 3991 ac
3382 3952 3556 3990 reces-

1969 4045 2060 4084 sus
2088 4030 2208 4084 data
2238 4030 2537 4085 benedictio
2569 4028 2726 4097 hujus
2766 4028 2990 4097 gurgitis
3032 4028 3401 4096 puriﬁcattone
3435 4042 3554 4093 per-

1972 4121 2199 4183 labatur,
2230 4130 2288 4174 ut
2310 4135 2523 4188 semper
2554 4120 2640 4173 hic
2672 4119 2851 4172 laetitia
2879 4117 3091 4186 quietis,
3123 4119 3287 4185 gratia
3321 4116 3555 4184 hospita-

1975 4217 2159 4281 litatis,
2190 4214 2512 4268 abundantia
2540 4212 2726 4282 frugis,
2760 4213 3055 4265 reverentia
3082 4209 3370 4277 religionis,
3403 4210 3556 4275 copia

1972 4309 2043 4362 sit
2071 4307 2281 4361 salutis.
2333 4305 2403 4359 Et
2449 4304 2537 4359 ubi
2582 4304 2858 4359 invocatur
2886 4311 3126 4356 sanctum
3160 4310 3308 4354 tuum
3337 4315 3555 4362 nomen,

1973 4398 2235 4451 bonorum
2259 4397 2508 4452 succedat
2529 4395 2705 4465 copia,
2733 4394 2996 4449 malorum
3025 4400 3349 4448 tentameuta
3370 4393 3555 4461 procul

1977 4487 2249 4557 eﬁ'ugiant.
2285 4487 2345 4540 Et
2376 4500 2679 4541 mereamur
2709 4485 2951 4553 angelum
2986 4484 3153 4552 pacis,
3191 4482 3472 4547 castitatis,
3503 4493 3556 4535 et

278 4577 485 4644 copiam
506 4572 894 4628 benedictionis
912 4571 1179 4626 infundas.
1206 4570 1305 4624 Per
1320 4569 1596 4623 Dominum
1622 4577 1861 4622 nostrum
1895 4578 1944 4637 ι)
1971 4579 2232 4645 vernalis,
2263 4579 2353 4649 qui
2377 4593 2474 4633 ηοε
2500 4591 2714 4647 semper
2732 4577 2799 4630 ab
2819 4574 3066 4630 omnibus
3098 4575 3248 4628 malis
3270 4576 3555 4637 custodiat,

275 4667 454 4721 Jesum
510 4665 807 4728 Christum,
849 4664 940 4733 qui
972 4675 1227 4717 venturus
1257 4671 1339 4717 est
1366 4662 1609 4730 judicare
1638 4662 1786 4715 vivos
1816 4668 1869 4714 et

279 4767 542 4818 mortuos,
568 4763 622 4808 ct
644 4755 895 4808 saeculum
929 4768 1022 4822 per
1043 4753 1240 4821 ignem.

350 4848 552 4901 Deinde
579 4849 715 4899 dicat
745 4846 879 4899 hanc
908 4846 1207 4898 orationem.

343 4940 503 5012 (524)
544 4940 887 4997 Sanctiﬁcare
913 4954 1006 5008 per
1036 4939 1261 4993 verbum
1296 4936 1409 5003 Dei,
1442 4935 1581 4991 unda
1610 4936 1865 5000 cmleStis,

281 5032 644 5096 sanctiﬁcare,
676 5045 810 5099 aqua
838 5030 1034 5083 Christi
1061 5030 1263 5083 calcata
1286 5028 1539 5095 vestigiis.
1564 5027 1691 5093 Qute
1718 5043 1871 5081 mon-

283 5122 422 5176 tibus
461 5135 647 5191 pressa
695 5136 800 5176 non
853 5120 1141 5182 clauderis,
1189 5135 1305 5189 quae
1335 5119 1568 5188 scopulis
1599 5118 1734 5171 illisa
1765 5134 1869 5172 non

283 5212 564 5281 frangeris,
592 5228 710 5283 quas
741 5213 897 5267 terris
923 5210 1111 5267 diﬁ‘usa
1138 5226 1242 5263 non
1270 5206 1475 5263 deficis.
1527 5208 1605 5262 Tu
1638 5210 1872 5263 sustines

284 5303 511 5370 aridam,
554 5312 737 5372 portas
767 5304 1025 5357 montium
1071 5301 1330 5371 pondera,
1368 5315 1465 5355 nec
1487 5300 1759 5368 dltnergis.
1793 5300 1869 5353 Tu

287 5395 543 5448 ctelorum
587 5394 790 5449 vertice
839 5394 1155 5459 contino-ris,
1203 5392 1519 5446 circumfusa
1566 5407 1659 5459 per
1702 5401 1868 5445 totum

282 5494 424 5539 iavas
456 5485 662 5548 omnia,
688 5500 784 5539 nec
811 5484 1027 5538 lavaris.
1058 5485 1134 5537 Tu
1170 5483 1491 5552 fugientibus
1525 5481 1732 5550 populis
1765 5482 1873 5537 He-

285 5605 419 5650 latur
448 5598 714 5651 vasculum
754 5596 820 5649 ad
854 5596 1137 5649 invitandos
1167 5596 1302 5664 ﬁlios
1334 5594 1576 5647 Ecclesia:
1604 5611 1865 5663 prtcpara-

291 5677 424 5731 tum;
454 5679 507 5722 et
539 5679 597 5720 ιιι
626 5669 911 5734 ubicunque
953 5669 1172 5717 sonuerit
1218 5667 1327 5731 eius
1358 5664 1688 5727 tinnibulunt,
1717 5666 1867 5732 longe

291 5738 486 5789 recedat
515 5738 675 5789 uirtus
707 5738 1046 5788 inimicorum.
1097 5736 1254 5799 Infra,
1286 5737 1493 5802 signum
1526 5737 1661 5801 quod
1706 5735 1866 5789 bene-

292 5807 482 5862 ditilur
513 5808 813 5877 appellatur
845 5806 1167 5860 ttnniltttlam.
1221 5807 1419 5859 Similia
1463 5821 1565 5860 non
1608 5806 1865 5861 habentur

1976 4680 2218 4741 protegat
2246 4679 2404 4739 atque
2430 4668 2699 4723 defendat.
2733 4668 2833 4721 Per
2858 4667 3162 4721 Dominum.

2047 4760 2340 4815 Benedictio
2390 4775 2555 4829 aqum.
2602 4788 2673 4798 —
2712 4756 2861 4829 (5%7)
2919 4756 3140 4810 Domine
3186 4755 3347 4819 Deus,
3405 4754 3555 4807 Pater

1975 4854 2330 4921 omnipotens,
2365 4858 2594 4905 statutor
2623 4859 2675 4904 et
2703 4848 2950 4903 conditor
2998 4847 3233 4902 omnium
3258 4846 3557 4901 elemento-

1974 4961 2115 5013 rum,
2146 4946 2233 5014 qui
2266 4960 2357 5014 per
2383 4944 2563 4998 Jesum
2586 4942 2856 4997 Christum
2884 4940 3073 4995 Filium
3102 4950 3249 4993 tuum
3277 4938 3555 4991 Dominum

1977 5048 2215 5092 nostrum
2245 5035 2570 5092 elementum
2617 5035 2718 5087 hoc
2763 5048 2912 5101 aqua:
2963 5031 3015 5085 in
3063 5030 3290 5083 salutem
3339 5029 3556 5081 humani

1974 5126 2187 5197 generis
2211 5141 2329 5180 esse
2358 5125 2593 5189 voluisti,
2628 5132 2678 5178 te
2720 5122 2988 5191 supplices
3044 5120 3417 5189 deprecamur,
3478 5130 3556 5181 ut,

1976 5216 2239 5270 cxauditis
2268 5214 2601 5269 orationibus
2633 5212 2851 5276 nostris,
2894 5224 3011 5264 eam
3044 5218 3149 5263 tua:
3179 5208 3389 5276 pietatis
3439 5222 3553 5260 res-
3592 5211 3597 5227 ‘

1976 5316 2131 5375 pecto
2158 5302 2497 5366 sanctiﬁces;
2553 5312 2712 5369 atque
2748 5298 2818 5352 ita
2857 5298 3097 5356 omnium
3128 5296 3407 5363 spirituum
3460 5296 3555 5347 imw

1978 5393 2293 5448 mundorum
2325 5392 2391 5445 ab
2418 5407 2477 5446 ea
2511 5389 2725 5444 recedat
2754 5387 3006 5454 incursio,
3042 5395 3096 5440 ut
3119 5386 3416 5452 ubicunque
3440 5383 3555 5436 fue-

1976 5488 2045 5540 rit
2074 5485 2125 5539 iu
2154 5483 2370 5537 nomine
2398 5489 2488 5535 tuo
2515 5494 2752 5548 aspersa,
2791 5477 2962 5548 gratia
3017 5488 3120 5532 tua:
3169 5475 3555 5532 benedictionis

1974 5604 2025 5661 in
2056 5596 2429 5652 Benedictione
2470 5594 2605 5665 signi
2639 5607 2794 5661 quam
2836 5610 2898 5648 ex
2943 5593 3087 5665 Cod.
3128 5592 3554 5665 Gcmctanostet‘

1976 5671 2282 5724 Edmuntlus
2332 5662 2568 5720 Martetie
2612 5666 2724 5719 suis
2761 5666 3008 5730 Antiquis
3054 5663 3306 5721 Ecclesia:
3343 5662 3552 5718 [litibus

1973 5739 2193 5797 inseruit
2225 5746 2353 5793 tom.
2380 5736 2465 5801 III,
2496 5736 2587 5790 lib.
2620 5751 2678 5801 ll,
2713 5750 2828 5806 pag.
2855 5733 2981 5789 269.
