4026 6306
574 393 834 461 adveniat,
865 405 918 452 et
947 400 1080 454 mala
1106 404 1304 468 omnia,
1329 414 1378 459 te
1411 409 1748 475 propitiante,
1779 419 1957 479 procul
1982 435 2129 475 rece-

575 482 718 537 dant.
770 486 871 541 Per
916 490 1160 544 eumdem
1192 493 1469 548 Dominum
1495 506 1731 553 nostrum
1760 501 1942 560 Jesum
1974 508 2132 565 Chri-

574 582 734 627 stum.

640 673 665 698 ει
696 664 1019 720 Exoreismus
1039 669 1179 725 salis.
1208 701 1278 712 —
1299 672 1450 743 (528)
1482 677 1741 736 Exorcizo
1787 694 1856 751 te,
1888 696 2128 747 creatura

568 751 709 813 salis,
735 752 786 803 in
815 755 1027 810 nomine
1052 756 1243 824 Patris,
1271 768 1325 814 et
1346 761 1490 830 Filii,
1513 774 1566 818 et
1586 767 1814 835 Spiritus
1829 777 2020 838 sancti,
2040 778 2122 845 qui

564 844 615 889 te
644 853 736 904 per
763 838 993 895 Eliseum
1022 844 1076 897 in
1118 859 1255 915 aqua
1302 850 1439 904 mitti
1483 853 1662 922 jussit,
1713 867 1769 912 ut
1812 874 2129 921 sanarentur
2184 861 2189 865 ί

563 935 708 990 aqua;
736 926 943 980 steriles
966 944 980 994 ;
1029 930 1180 1000 (529)
1210 934 1295 1002 qui
1317 934 1491 991 divina
1518 942 1625 994 oris
1646 945 1727 998 sui
1757 963 1887 1003 voce
1912 951 1984 1004 ait
2012 952 2126 1008 dis-

560 1009 742 1077 cipulis
766 1012 914 1069 suis:
947 1016 1054 1072 Vos
1073 1021 1200 1075 estis
1227 1023 1304 1077 sal
1330 1033 1515 1093 terras;
1545 1039 1599 1084 et
1623 1031 1772 1105 (530)
1796 1052 1890 1105 per
1913 1051 2126 1107 aposto-

560 1097 666 1177 lum
688 1116 842 1155 suum
873 1103 974 1160 Vas
1001 1107 1277 1165 electionis
1302 1130 1316 1166 :
1342 1113 1530 1170 Sermo
1560 1130 1734 1176 vester
1760 1125 1872 1180 sale
1894 1127 1962 1180 sit
1994 1144 2114 1182 con-

555 1169 717 1243 ditus.
767 1190 997 1262 ideoque
1048 1196 1264 1255 efﬁcere
1316 1202 1392 1256 sal
1439 1208 1818 1276 exorcizatum,
1865 1226 1921 1268 ut
1961 1217 2035 1271 sis
2064 1217 2117 1272 in

554 1275 926 1335 remissionem
958 1294 1317 1356 peccaturum,
1349 1300 1403 1344 et
1428 1295 1709 1352 sanitatem
1752 1302 2031 1371 mentium,
2063 1306 2116 1361 in

553 1366 935 1432 protectionem
963 1372 1156 1429 anima:
1179 1384 1338 1444 atque
1366 1384 1624 1450 corporis,
1668 1386 1720 1440 in
1761 1391 2112 1449 conﬁrmatio-

550 1469 670 1510 nem
697 1458 903 1526 salutis,
934 1462 1003 1518 ad
1042 1466 1381 1536 expellendas
1431 1482 1484 1527 et
1539 1478 1898 1536 excludendas
1927 1498 2115 1542 omnes

550 1542 847 1601 darmonum
881 1552 1217 1619 tentationes,
1250 1562 1297 1611 in
1330 1563 1544 1619 nomine
1591 1566 1680 1622 Dei
1725 1568 1894 1626 Patris
1937 1575 2113 1629 omni-

549 1638 801 1703 potentis,
830 1649 882 1694 et
910 1640 1033 1696 Jesu
1063 1642 1258 1702 Christi
1288 1649 1401 1705 Filii
1433 1652 1567 1722 ejus,
1600 1665 1652 1710 et
1679 1658 1905 1728 Spiritus
1944 1666 2111 1722 sancti

546 1727 771 1785 viventis
798 1732 847 1785 in
879 1735 1071 1789 saecula
1100 1740 1436 1799 saeculorum.

610 1815 900 1875 Benedictio
924 1826 1070 1880 salis.
1098 1856 1170 1869 —-
1200 1828 1418 1887 Virtutis
1469 1845 1569 1889 tua:
1609 1839 1854 1896 inviolam
1892 1845 2109 1900 fortitr:-

542 1904 717 1961 dinem
747 1910 1112 1982 deprecamur,
1155 1918 1375 1977 Domine
1413 1935 1614 1993 sancte,
1662 1930 1817 1986 Pater
1855 1937 2103 2005 omnipo-

540 2002 678 2062 tens,
704 2008 901 2057 aeterne
948 2003 1104 2069 Dens,
1138 2012 1224 2077 qui
1256 2010 1390 2066 inter
1416 2019 1592 2071 omnia
1631 2025 1926 2078 necessaria
1984 2043 2102 2094 quae

538 2099 634 2150 per
685 2086 866 2143 Jesum
913 2091 1177 2148 Christum
1227 2098 1504 2156 Dominum
1554 2115 2099 2193 nostrumlprocreari

536 2172 756 2242 iussisti,
789 2193 893 2233 non
924 2181 1192 2237 minimam
1225 2190 1445 2253 gratiam
1477 2194 1723 2252 conferre
1763 2172 2009 2269 dignatus
2039 2219 2099 2259 es

533 2262 653 2329 sali,
683 2274 737 2321 ut
756 2280 820 2322 ex
849 2268 941 2324 illo
964 2272 1166 2339 possint
1191 2276 1432 2334 universa
1458 2283 1663 2339 curtdiri
1709 2302 1827 2355 qua:
1848 2295 2096 2350 omnibus

532 2345 604 2409 ad
626 2369 801 2412 escam
846 2373 940 2427 per
981 2363 1226 2421 eumdem
1262 2375 1405 2425 tuum
1436 2372 1627 2429 Filium
1669 2345 1948 2437 deinum
2000 2400 2097 2441 uo.

529 2453 696 2499 strum
730 2454 1044 2515 procreasti.
1076 2455 1302 2527 Ideoque
1332 2471 1382 2515 te
1409 2466 1676 2533 supplices
1704 2486 2008 2543 exoramus,
2037 2490 2095 2534 ut

529 2540 629 2595 hoc
649 2544 725 2596 sal
757 2545 990 2614 digneris
1016 2551 1274 2620 aSpicere,
1304 2571 1562 2626 quatenus
1586 2579 1649 2618 ex
1678 2565 1963 2637 Majestatis
1991 2582 2093 2629 tute

528 2632 718 2689 virtute
761 2646 945 2694 contra
1000 2657 1184 2699 omnes
1224 2649 1441 2714 Spiritus
1499 2654 1818 2713 immundos‘
1854 2663 2089 2720 valerem

525 2722 693 2788 po:~sit
716 2728 978 2796 accipere.
1012 2731 1253 2804 Expellat
1276 2738 1344 2791 ab
1363 2743 1505 2795 omni
1534 2743 1673 2812 loco,
1699 2749 1785 2803 ubi
1820 2762 1904 2804 tua
1935 2753 2090 2810 fuerit

524 2807 856 2871 invocatione
884 2831 1182 2890 aspersum,
1218 2828 1472 2898 quidquid
1519 2807 1693 2900 potest
1720 2855 1838 2894 esse
1867 2807 2087 2909 pestife-

523 2914 664 2967 rum,
697 2913 754 2958 ut
781 2907 1024 2964 exhibeat
1048 2913 1259 2980 plenum
1281 2919 1467 2975 salutis
1497 2912 1762 2980 effectum.
1812 2928 2089 2988 Deterreat

520 3004 708 3044 omnes
739 2997 1030 3065 praestigias
1062 3002 1283 3070 inimici,
1315 3018 1366 3059 et
1404 3013 1581 3064 omnia
1628 3025 2082 3076 monstruosorum

519 3092 713 3147 genera
743 3082 950 3153 longius
980 3088 1135 3144 faciat
1163 3094 1403 3164 elfugari.
1436 3099 1583 3169 (551)
1616 3102 1940 3162 Gravedines
1965 3126 2077 3165 nm-
2110 3117 2156 3180 C

518 3182 613 3222 nes
641 3169 799 3242 148
840 3175 1243 3248 phantasiasque
1271 3199 1593 3256 compescat,
1643 3202 1701 3248 et
1742 3211 1838 3265 per
1876 3201 2083 3270 signum

515 3261 690 3315 crucis
734 3262 853 3319 Filii
896 3268 968 3322 tui
1019 3269 1225 3327 Domini
1265 3280 1429 3332 nostri
1466 3279 1592 3336 .Iesu
1639 3261 1833 3342 Christi
1866 3261 2081 3349 tuielam

516 3351 875 3414 fidelissimam
908 3361 1337 3426 desiderantibus
1365 3385 1600 3441 praestet.
1631 3379 1728 3447 Qui
1761 3391 1932 3441 tecum
1959 3390 2084 3448 vivit

511 3453 566 3499 et
596 3459 780 3517 regnat
812 3452 971 3509 Deus.

582 3536 733 3610 (552)
792 3542 860 3598 Et
911 3546 1149 3602 miscetur
1202 3553 1284 3607 sal
1329 3566 1379 3610 et
1438 3560 1601 3627 cinis;
1664 3566 1953 3638 [aciemque
2005 3582 2081 3626 ter

509 3626 629 3681 inde
664 3645 861 3686 crucem
901 3650 1055 3704 super
1095 3638 1261 3707 ipsam
1292 3660 1479 3715 aquam
1510 3690 1527 3717 ,
1585 3654 1896 3711 dicate/tunc
1947 3660 2081 3715 Oru-

510 3721 717 3775 tionem.

584 3810 1078 3889 0remus.—(555)
1124 3822 1344 3882 Aiterne
1395 3832 1731 3904 omnipotens
1779 3841 1937 3907 Deus,
1984 3846 2073 3915 qui

507 3903 663 3958 nobis
688 3919 716 3959 a
749 3914 799 3962 te
824 3909 1090 3968 conditam
1117 3926 1412 3976 creaturam
1441 3937 1593 3995 aqum
1628 3930 1679 3984 in
1711 3933 1811 3990 fide
1832 3903 2076 3992 distiniti-

503 3993 595 4057 sti,
628 4004 683 4049 ut
712 3996 973 4066 liquorem
1003 4004 1295 4073 simplicem
1321 4012 1386 4066 ad
1418 4014 1701 4089 lavaprum,
1728 4027 1923 4083 salsam
1945 4035 2073 4088 soli-

505 4082 724 4138 ditatem
758 4091 1021 4155 prreheres
1060 4095 1124 4148 ad
1155 4100 1572 4176 condimentum,
1602 4126 1861 4181 quatenus
1882 4133 1932 4175 et
1954 4139 2072 4177 sor-

502 4173 621 4227 dida
650 4166 865 4243 possent
889 4182 1052 4249 ablui,
1083 4198 1132 4240 et
1159 4187 1296 4244 fatua
1330 4194 1511 4264 imbui,
1543 4166 1646 4270 quo
1672 4215 1726 4259 et
1752 4223 1893 4263 noxa
1917 4215 2070 4269 tolle-

503 4275 651 4318 retur
678 4268 972 4339 originalis,
994 4282 1051 4329 et
1070 4280 1422 4349 corrigeretur
1445 4302 1594 4343 error
1609 4293 1672 4347 ad
1701 4298 1838 4352 viam
1862 4304 2064 4371 Salutis,

499 4359 552 4407 te
580 4355 741 4411 officii
789 4362 956 4415 nostri
1008 4366 1274 4424 iunctione
1326 4373 1574 4431 immeriti
1616 4380 1964 4450 deprecamur
2010 4403 2067 4448 nt

498 4531 706 4587 ruentia:
735 4546 836 4589 tuae
860 4543 1218 4621 sanctificetur
1243 4548 1451 4606 obtutu.
1497 4531 1754 4627 Quodque
1783 4573 2060 4635 mysteria-

497 4621 618 4673 liter
646 4622 905 4691 baptismo
944 4618 1303 4703 commodum,
1342 4618 1691 4718 culpatv(534-)
1723 4618 2057 4715 traditi-vividi—

493 4709 712 4776 inicum,
745 4713 1019 4780 sapientia:
1046 4732 1245 4789 aptum,
1301 4730 1469 4783 errori
1508 4748 1725 4801 praestas
1752 4742 2051 4816 adversum,

491 4802 658 4852 sancti
706 4800 933 4870 Spiritus
982 4809 1053 4862 tui
1089 4812 1364 4872 sanctitate
1403 4800 1593 4879 reddas
1622 4831 2004 4891 sanctificatum

491 4902 591 4941 nec
619 4889 725 4944 ullo
748 4894 992 4965 contagio
1021 4899 1269 4958 reddatur
1294 4905 1621 4968 immundum
1650 4921 1790 4985 quod
1824 4932 1906 4977 tua
1940 4889 2051 4983 ﬁeri

489 4977 753 5035 credimus
800 4984 1076 5054 majestate
1114 4990 1344 5049 beatum.
1390 4999 1495 5055 Sed
1525 5002 1594 5057 ita
1628 4977 1798 5076 perte
1823 5014 2056 5081 prarbeat

486 5071 699 5138 plenum
729 5078 1161 5140 sanctiﬁcationis
1187 5088 1453 5159 eﬂ'ectum,
1486 5103 1543 5150 ut
1572 5071 1869 5173 ubicunque
1898 5107 2049 5164 invo-

486 5170 607 5215 cato
633 5168 848 5222 nomine
891 5180 979 5226 tuo
1018 5173 1177 5231 fuerit
1205 5194 1362 5235 manu
1390 5186 1664 5256 emissum,
1696 5195 1779 5247 vel
1811 5198 2052 5265 quolibet

487 5251 643 5305 tundo
672 5268 1021 5328 assumptum,
1048 5267 1284 5334 expulsis
1312 5280 1365 5326 et
1393 5275 1626 5343 explosis
1645 5251 1888 5363 omnibus
1915 5289 2049 5346 insi-

488 5340 585 5363 -l::_
620 5359 669 5363 --
719 5357 730 5363 -
830 5350 841 5361 ⁸
1148 5359 1157 5363 ’

484 5340 587 5394 diis
614 5350 890 5403 contraria:
915 5359 1209 5420 potestatis,
1242 5369 1297 5415 et
1317 5375 1503 5421 cuneta
1524 5369 1822 5431 damonum
1847 5352 2047 5438 machi-

485 5444 727 5489 nauicula
750 5454 811 5494 ex
836 5443 1019 5498 eodem
1042 5447 1160 5503 loco
1182 5450 1356 5522 fugata
1380 5456 1645 5532 deficiant,
1669 5475 1722 5520 et
1739 5479 2039 5532 sanctorum

550 5581 574 5660 η
599 5569 694 5624 llic
722 5577 1048 5660 exorci‘smus
1075 5598 1195 5660 cum
1223 5586 1593 5659 Benedictionc
1619 5616 1675 5660 se

483 5640 600 5692 salis
624 5658 853 5706 sparsum
882 5640 1195 5715 faciendum.

1798 308 2037 365 SANCTI
2078 315 2399 376 GREGORII
2440 326 2652 383 ΜΔΕ-Νι

3713 366 3812 421 156

2155 425 2207 484 Α
2235 429 2542 496 angelorum
2572 439 2811 495 custodia
2842 455 3054 513 semper
3090 451 3220 507 inibi
3250 471 3492 515 mansura
3524 480 3805 529 consistat.

2235 514 2357 571 Per.

2302 605 2502 665 Deinde
2528 616 2762 672 miscetur
2782 622 2950 678 vinum
2978 642 3092 681 cum
3112 647 3266 702 aqua,
3293 647 3343 691 et
3370 640 3493 694 dicit
3515 642 3653 700 lianc
3676 648 3803 704 Ora-

2229 696 2435 752 tionem.

2305 786 2541 844 Uremus.
2581 822 2650 833 -—
2691 796 2842 870 (555)
2874 802 3097 862 Creator
3124 820 3176 864 et
3204 827 3553 875 conservator
3582 824 3799 887 humani

2227 879 2455 947 generis,
2484 882 2636 940 dator
2655 893 2837 954 gratiae
2867 897 3141 968 Spiritalis,
3172 904 3385 975 largitor
3413 922 3631 969 aeterna:
3656 920 3792 975 salu-

2227 964 2313 1034 tis,
2363 978 2439 1036 tu,
2481 972 2722 1046 Domine,
2764 982 2912 1051 (556)
2958 964 3202 1055 permitte
3249 964 3504 1063 gpiritum
3554 1019 3794 1068 sanctum

2226 1062 2370 1111 tuum
2400 1076 2560 1130 super
2584 1066 2760 1123 vinum
2787 1072 2887 1127 hoc
2907 1091 3041 1145 aqua
3072 1062 3307 1155 mistum,
3335 1097 3391 1142 ut
3410 1092 3563 1165 (557)
3590 1112 3792 1158 armata

3294 1145 3307 1155 ι
3414 1145 3427 1159 ι
3480 1145 3492 1146 ί
3518 1145 3523 1146 ⁷
3542 1145 3560 1165 Ι
3592 1145 3640 1152 _'
3654 1145 3791 1158 “’”““““

2222 1145 2416 1203 virtute
2437 1153 2669 1210 caelestis
2696 1159 3023 1220 defensionis
3050 1170 3115 1222 ad
3146 1181 3602 1241 consecrationem
3635 1189 3791 1259 hujus

2221 1240 2463 1296 ecclesiae
2487 1245 2570 1298 vel
2591 1248 2772 1305 altaris
2794 1256 3091 1321 proficiant.
3114 1262 3217 1319 Per
3239 1267 3520 1331 Dominum
3546 1290 3787 1341 nostrum

2220 1326 2401 1384 Jesum
2430 1333 2721 1392 Christum.

2287 1420 2440 1491 (558)
2480 1422 2611 1481 lude
2655 1432 2779 1499 facit
2818 1450 3015 1493 crucem
3055 1444 3119 1497 de
3156 1446 3320 1516 digito
3367 1469 3464 1509 suo
3504 1473 3621 1513 cum
3671 1464 3785 1530 ipsa

2216 1525 2349 1575 aqua
2374 1513 2423 1566 in
2447 1516 2626 1572 dextra
2651 1532 2814 1591 parte,
2842 1526 2992 1601 (559)
3017 1550 3107 1601 per
3130 1513 3344 1605 quatuor
3368 1561 3559 1603 cornua
3577 1554 3780 1611 altaris.

2214 1596 2347 1654 Inde
2383 1606 2582 1661 veniens
2619 1620 2737 1666 ante
2772 1616 2934 1671 altare
2972 1596 3276 1693 l5'i0)'cum
3304 1596 3782 1717 eguisti—Lg};

2213 1688 2379 1759 ipsum
2404 1696 2565 1751 altare
2602 1712 2790 1768 septem
2818 1710 3004 1764 uicibus
3040 1720 3267 1773 canendo
3303 1688 3646 1797 Antiphonem
3682 1688 3782 1791 Ass-

2140 1762 2187 1822 B
2216 1793 2404 1851 perges
2433 1801 2535 1852 me,
2565 1762 2805 1861 Domine,
2831 1762 3131 1873 bysso—poet
3151 1762 3464 1885 [ηυηάεώοὲ
3489 1762 3778 1893 (5:13;;

2211 1874 2319 1940 ipso
2361 1873 2590 1933 Psalmo.
2633 1882 2699 1937 Et
2744 1891 2880 1943 vadit
2926 1893 2979 1946 in
3016 1896 3228 1952 circuitu
3256 1873 3773 1980 altaris's‘pargendo.

2212 1961 2407 2020 Deinde
2447 1968 2500 2020 in
2547 1971 2724 2029 dextra
2749 1990 2894 2046 parte
2940 2000 3029 2052 per
3068 1992 3283 2055 parietes
3326 2000 3573 2067 ecclesia',
3621 2003 3774 2079 (54-2)

2212 2067 2361 2079 “MM
2632 2063 2642 2073 ι
2840 2078 2846 2079 κ
2961 2074 2971 2079 -

3559 2057 3572 2067 .
3624 2057 3638 2073 ,
3694 2057 3772 2079 --ι

2208 2067 2361 2121 usque
2387 2057 2504 2111 dum
2534 2063 2731 2118 veniens
2759 2078 2875 2122 ante
2918 2074 3100 2141 altare,
3128 2085 3324 2151 spargit
3347 2084 3529 2140 iterum
3559 2091 3775 2164 desuper

3156 2142 3165 2146 ν
3250 2142 3273 2151 ν
3600 2142 3611 2144 ‘
3627 2142 3644 2145 '
3658 2142 3761 2164 “rv'

2203 2142 2256 2194 in
2299 2144 2515 2201 circuitu
2559 2150 2737 2208 altaris
2793 2157 2944 2231 (545)
2974 2165 3051 2217 vel
3082 2170 3322 2237 ecclesiae,
3358 2180 3588 2233 canendo
3632 2182 3771 2238 Anti-

2202 2233 2423 2301 phonem
2449 2237 2711 2313 Exsurgat
2736 2247 2896 2317 Deus,
2930 2270 3042 2309 cum
3068 2258 3179 2326 ipso
3213 2233 3442 2334 I’salrno;
3469 2287 3625 2340 usque
3653 2276 3771 2329 dum

2200 2328 2402 2383 veniens
2447 2332 2628 2405 iterum
2656 2346 2772 2392 ante
2798 2342 2962 2398 altare
2985 2352 3208 2420 aspergit
3248 2354 3484 2426 desuper,
3514 2370 3565 2414 et
3591 2364 3644 2417 in
3671 2367 3770 2419 cir-

2197 2416 2337 2468 cuitu
2362 2422 2584 2476 ecclesiie
2613 2425 2761 2495 (544)
2794 2434 3022 2487 canendo
3047 2416 3384 2507 Antiphonem
3408 2416 3769 2509 Sa'ttctificavit

2199 2500 2455 2562 Dominus
2474 2509 2866 2572 tabernaculum
2882 2534 3056 2591 suum,
3077 2528 3197 2596 quia
3223 2531 3334 2586 hare
3348 2546 3457 2602 est;
3482 2537 3763 2611 Psalmum,

2201 2591 2241 2611 λ
2370 2596 2406 2611 ..

3094 2591 3109 2596 _
3444 2591 3457 2602 .

2200 2591 2340 2648 Deus
2368 2596 2508 2654 Deus
2539 2614 2742 2674 noster,
2785 2620 2849 2676 et,
2883 2613 3020 2669 Ecce
3051 2634 3208 2675 nunc.
3262 2623 3331 2678 Et
3358 2630 3511 2683 mittit
3530 2649 3595 2686 ea:
3615 2640 3763 2691 mini-

2193 2685 2312 2737 stris
2356 2695 2443 2739 aut
2488 2690 2685 2747 clericis
2731 2696 2859 2753 duos
2888 2702 2964 2755 vel
2999 2712 3097 2760 tres
3140 2710 3294 2781 (διδ)
3330 2719 3416 2791 qui
3455 2723 3764 2782 extrinsecus

2192 2774 2416 2830 ecclesia:
2470 2782 2689 2847 parietes
2744 2803 2848 2841 una
2916 2809 3034 2848 voce
3081 2774 3356 2865 psallent.‘
3397 2806 3613 2866 Interim
3655 2818 3764 2884 ipse

2190 2864 2419 2932 ponti/ea:
2445 2871 2580 2925 vadit
2622 2876 2684 2928 de
2730 2877 2840 2946 ipso
2882 2882 3039 2937 altari
3080 2864 3362 2959 spargendo
3398 2915 3489 2964 per

2191 2956 2414 3012 ecclesia:
2452 2962 2507 3014 in
2548 2963 2753 3034 longum
2800 2981 2846 3024 et
2889 2974 3070 3042 latum,
3102 2956 3248 3047 (545)
3294 2956 3529 3054 faciendo
3558 2956 3759 3053 crucem

2188 3060 2339 3115 super
2374 3054 2716 3118 pavimentum
2745 3076 2859 3114 cum
2885 3064 3175 3134 Antiphona
3203 3072 3400 3132 Domus
3420 3096 3535 3135 mea
3559 3084 3754 3144 domus

2186 3138 2445 3198 orationis
2458 3146 2753 3215 vocabitur,
2775 3168 2886 3206 cum
2920 3154 3097 3228 Versu,
3121 3162 3357 3221 Narrabo
3379 3185 3572 3229 nomen
3602 3185 3751 3235 tuum

2182 3226 2435 3287 fratribus
2459 3237 2614 3294 meis.
2648 3239 2774 3295 Item
2808 3242 3011 3312 Versus,
3038 3226 3257 3310 Domine
3278 3257 3463 3328 dilexi,
3484 3226 3757 3324 ὦκ’ξίξῖ

2183 3318 2259 3370 ria
2294 3335 2308 3373 :
2339 3332 2387 3375 et
2427 3326 2625 3383 veniens
2665 3331 2720 3384 in
2749 3336 2911 3389 medio
2957 3342 3186 3399 ecclesia:
3214 3348 3338 3403 dicit
3364 3366 3386 3406 :
3408 3352 3653 3413 Oremus.
3686 3360 3758 3415 Et

2182 3409 2311 3464 dicit
2346 3414 2591 3472 diaconus
2620 3436 2638 3473 .'
2668 3422 2966 3484 Flectamus
3012 3448 3206 3506 genua,
3248 3451 3423 3509 postea
3450 3409 3632 3506 dicitﬁ:
3654 3451 3755 3508 Le-

2181 3512 2319 3554 vate.
2355 3501 2423 3556 Et
2450 3505 2576 3562 dicit
2600 3509 2914 3574 Orationem.

2250 3592 2404 3662 (547)
2445 3596 2606 3665 Deus,
2632 3604 2719 3672 qui
2745 3605 2857 3661 loca
2883 3613 3079 3668 nomini
3104 3622 3195 3671 tuo
3226 3619 3398 3678 dicata
3426 3629 3752 3699 sanctificas,

2180 3683 2390 3742 eilunde
2416 3689 2646 3761 desuper
2668 3697 2803 3754 hanc
2829 3705 3259 3766 sanctiﬁcationis
3279 3714 3494 3772 domum
3524 3724 3752 3791 gratiam

2180 3784 2342 3842 tuam,
2383 3781 2538 3854 1&9
2568 3795 2623 3840 ut
2649 3788 2716 3843 ab
2745 3793 2992 3850 omnibus
3023 3799 3107 3854 hic
3126 3800 3494 3864 invocantibus
3524 3781 3575 3869 te
3595 3817 3754 3869 auxi-

2178 3865 2303 3920 lium
2336 3878 2437 3924 tua:
2477 3873 2854 3936 misericordia:
2883 3885 3161 3944 sentiatur.
3207 3891 3308 3949 Per
3335 3897 3615 3957 Dominum
3645 3920 3750 3960 no-

2176 3963 2344 4009 strum
2371 3957 2555 4015 Jesum
2583 3962 2876 4025 Christum.

2250 4044 2443 4102 Iterum
2481 4053 2640 4109 dicit:
2667 4057 2906 4129 Oremus,
2939 4075 2987 4119 et
3006 4067 3287 4128 diaconus:
3312 4075 3615 4138 Flectamus
3646 4098 3741 4154 ge-

2172 4153 2303 4204 nua;
2335 4153 2508 4208 postea
2533 4146 2696 4202 dicit:
2719 4149 2931 4210 Levate.
2964 4158 3114 4230 (548)
3139 4161 3206 4216 Et
3229 4169 3455 4236 sequitur
3478 4146 3662 4228 oratio:

2242 4226 2380 4283 Deus
2401 4234 2898 4309 sanctiﬁcationum,
2928 4226 3266 4316 omnipotens
3292 4255 3616 4324 dominator,
3644 4279 3743 4317 cu-

2166 4316 2252 4382 jus
2281 4317 2447 4385 pietas
2476 4323 2590 4378 sine
2606 4324 2712 4382 ﬁne
2730 4332 2989 4401 sentitur;
3027 4337 3182 4402 Deus,
3205 4342 3295 4408 qui
3315 4346 3553 4404 caelestia
3577 4353 3738 4408 simul

2167 4414 2220 4459 et
2251 4412 2517 4465 terrestria
2550 4418 2863 4489 moderaris,
2890 4439 3109 4484 servans
3136 4433 3552 4495 misericordiam
3587 4452 3732 4500 tuam

2168 4499 2362 4565 populo
2402 4510 2491 4556 tuo
2526 4507 2816 4565 ambulanti
2854 4525 2978 4572 ante
3003 4532 3343 4591 conspectum
3375 4532 3562 4597 gloria:
3594 4543 3732 4599 tum;

2166 4589 2356 4644 exaudi
2404 4605 2589 4660 preces
2634 4613 2909 4659 servorum
2955 4615 3185 4678 tuorum,
3235 4623 3294 4670 ut
3338 4618 3445 4673 sint
3485 4624 3624 4677 oculi
3657 4627 3732 4679 tui

2164 4680 2334 4743 aperti
2372 4692 2533 4750 super
2575 4685 2791 4744 domum
2834 4692 2989 4749 istam
3028 4698 3117 4753 die
3156 4716 3219 4757 ac
3258 4716 3435 4762 nocte.
3478 4709 3734 4782 Hancque

2164 4764 2433 4824 basilicam
2453 4812 2469 4838 ,
2509 4773 2562 4827 in
2594 4775 2799 4835 honore
2826 4786 2992 4838 sancti
3027 4784 3119 4842 Ill.
3148 4794 3316 4847 sacris
3344 4800 3614 4866 mysteriis
3635 4764 3728 4857 in-

2160 4856 2420 4929 stitutam,
2451 4864 2896 4928 clementissimus
2924 4875 3105 4933 dedica
3126 4921 3141 4945 ,
3173 4883 3458 4943 miseratus
3500 4892 3725 4961 illustra,

2162 4949 2373 5015 proprio
2391 4951 2672 5019 splendore
2701 4959 2950 5018 clarifica.
2976 4964 3304 5042 Dnmemque
3334 4974 3602 5035 hominem
3626 4998 3723 5038 ve-

2159 5037 2387 5093 nientem
2419 5043 2640 5102 adorare
2686 5049 2738 5104 in
2769 5051 2884 5106 loco
2913 5055 3012 5109 hoc
3039 5037 3277 5127 placatus
3312 5064 3552 5135 admitte,
3597 5087 3724 5140 pro-

2157 5124 2328 5192 pitius
2375 5129 2593 5200 dignare
2640 5141 2933 5213 respicere,
2972 5124 3288 5220 et‘propler
3330 5171 3522 5212 nomen
3575 5172 3722 5219 tuum

2157 5232 2424 5288 magnum,
2456 5234 2509 5280 et
2539 5243 2751 5284 manum
2786 5242 2926 5288 tuam
2960 5237 3145 5293 fortem
3168 5251 3222 5295 et
3245 5244 3517 5302 brachium
3544 5255 3720 5308 excel-

2154 5321 2270 5360 sum
2322 5313 2370 5365 in
2407 5312 2711 5374 habitaculo
2754 5322 2854 5376 hoc
2883 5329 3239 5394 supplicantes
3278 5334 3451 5393 libens
3479 5353 3718 5411 protege,

2147 5395 2426 5467 dignanter
2467 5410 2689 5477 exaudi,
2734 5423 2929 5469 acterna
2976 5418 3285 5479 defensione
3328 5441 3607 5498 conserva,
3662 5445 3717 5491 ut

2145 5500 2359 5558 semper
2404 5492 2605 5565 felices,
2651 5515 2862 5572 semper
2888 5512 2974 5560 tua
3019 5511 3274 5579 religione
3304 5515 3545 5577 laetantes
3583 5537 3713 5580 con-

1678 5620 1732 5676 q.
1756 5607 1946 5680 legitur
1971 5598 2041 5688 iit,
2066 5627 2170 5677 vet.
2205 5623 2440 5683 Sacram.
2475 5627 2661 5688 Gallic.
2724 5636 3163 5713 praemittiturque
3213 5665 3225 5701 :
3274 5648 3605 5710 Exorcismus
3645 5663 3713 5711 ad
