4026 6296
208 335 304 392 ι57

1442 334 1641 389 LIBER
1681 335 2311 396 SACRAMENTORUM.

3388 352 3494 405 158

209 455 407 500 stanter
434 443 492 497 in
512 456 728 501 sanctm
743 443 1015 499 Trinitatis
1039 443 1141 497 lide
1157 442 1419 497 catholica
1441 455 1803 511 perseverent.
1840 457 1882 510 Α
1915 455 2004 500 cto
2030 456 2118 501 tuo
2148 447 2313 503 dicari
2340 457 2546 519 tuaeque
2569 449 2910 511 habitationis
2932 455 3041 509 loca
3060 459 3237 510 vocari
3263 462 3492 525 voluisti,

216 539 308 593 l’er
331 537 631 591 Dominum
665 548 906 591 nostrum
926 535 1103 589 Jexum
1127 533 1397 589 Christum
1424 535 1613 589 Filium
1639 545 1807 602 tuum,

214 630 299 698 qui
330 639 507 682 tecum
542 631 689 683 vivit
709 638 760 682 et
782 640 965 698 regnat
992 630 1131 683 Deus
1160 629 1211 682 in
1243 630 1447 683 unitate
1474 628 1735 698 ejusdem.

282 720 441 789 (5A9)
485 717 614 785 ipsa
644 720 870 787 expleta,
897 720 1079 786 incipit
1102 719 1448 787 Antiphonam
1491 718 1722 773 Introiin
1744 718 1810 773 ad

216 810 385 864 uitare
426 810 517 862 Dei
561 811 698 875 mei,
741 810 905 879 ipsam
951 809 1198 873 canendo,
1251 825 1365 861 cunt
1416 807 1527 878 ipso
1572 807 1807 864 Psalmo.

229 897 382 950 Vadit
419 908 539 949 ante
570 900 774 961 altare,
826 897 979 967 (550)
1014 906 1060 951 et
1091 898 1264 965 fundit
1292 899 1429 967 quod
1466 900 1706 953 remansit
1752 899 1814 953 de

220 990 325 1055 ipsa
346 1004 484 1053 aqua
514 989 589 1040 ad
617 989 775 1042 basim
805 970 1017 1042 altaris.”
1042 987 1108 1041 Et
1138 990 1412 1058 exlergitur
1432 990 1595 1044 altore
1618 992 1679 1044 de
1707 988 1810 1044 lin-

219 1085 327 1139 teo;
358 1075 522 1145 (551)
551 1087 730 1144 ροθιτλα
766 1076 915 1143 offert
943 1077 1227 1141 incensum,
1255 1086 1301 1130 et
1345 1078 1497 1131 mittit
1528 1080 1692 1131 oleum
1721 1095 1811 1133 su-

220 1183 303 1235 per
326 1166 519 1231 altare,
577 1164 733 1235 (i352)
765 1167 820 1220 in
847 1166 1011 1220 medio
1049 1181 1248 1220 crucem
1294 1166 1509 1233 faciens,
1563 1176 1610 1220 et
1662 1184 1813 1237 super

220 1265 432 1325 quatuor
461 1258 689 1327 angulos
705 1273 820 1309 cum
843 1256 1142 1323 Antiphona
1164 1257 1396 1310 canendo
1421 1257 1602 1313 Erexit
1625 1257 1812 1322 lacob,

222 1363 333 1401 cum
357 1343 582 1399 Psolmo
610 1345 777 1414 (555)
803 1347 1165 1401 Fundamenta
1195 1346 1343 1416 ejus;
1375 1346 1526 1419 (554)
1555 1356 1602 1400 et
1633 1348 1815 1418 unguit

221 1451 331 1487 cum
360 1451 520 1488 manu
551 1452 656 1490 sua
698 1436 867 1504 ipsum
916 1435 1158 1505 lapidem,
1208 1452 1407 1505 semper
1454 1437 1715 1492 incensum
1762 1439 1815 1493 in

223 1525 430 1579 circuitu
476 1526 654 1594 ipsius
702 1526 882 1579 altaris
929 1526 1034 1579 alio
1080 1526 1339 1580 sacerdote
1373 1526 1611 1597 faciente.
1661 1525 1814 1595 Post,

224 1614 367 1685 (555)
396 1618 611 1682 αριειο
666 1615 895 1683 Psalmo,
945 1616 1102 1670 mittit
1148 1617 1333 1671 iterum
1371 1616 1538 1672 oleum
1583 1618 1817 1671 similiter

226 1707 347 1759 sicut
391 1706 537 1769 prius
590 1707 828 1761 canendo
852 1705 1199 1774 Antiphonam
1225 1706 1375 1777 (556)
1401 1707 1555 1763 Mane
1593 1720 1816 1776 surgens

1913 536 2108 604 quique
2138 552 2231 605 per
2262 537 2516 593 famulum
2548 548 2692 594 tuum
2726 542 2940 612 Moysen
2970 546 3287 601 vestimenta
3316 550 3485 614 ponti-

1916 627 2090 681 llcalia
2120 638 2175 684 et
2216 632 2591 698 sacerdoctlia,
2639 647 2733 688 seu
2760 633 3017 701 Levitica,
3060 645 3113 691 et
3139 636 3240 689 alia
3266 652 3495 704 qua!tu

1915 717 2113 772 diversi
2144 721 2357 786 generis
2384 733 2693 778 ornamenta
2725 725 2791 777 ad
2822 726 3020 779 cultum
3052 734 3105 780 et
3132 725 3380 780 decorem
3414 736 3490 780 tae

1913 808 2189 864 bernacnli
2218 822 2271 866 et
2297 811 2479 867 altaris
2508 813 2581 867 tui
2621 813 2737 868 ﬁeri
2787 816 3099 881 decrevisti;
3129 817 3320 871 exaudi
3372 832 3495 885 pro-

1914 899 2079 966 pitius
2105 914 2296 969 preces
2329 913 2564 967 nostras,
2590 912 2641 956 et
2667 903 2846 959 omnia
2877 906 2991 959 haec
3013 904 3341 961 diversarum
3372 921 3496 975 spe-

1912 987 2113 1040 cierum
2145 996 2484 1053 ornamenta,
2516 989 2569 1043 in
2619 1006 2772 1046 usum
2807 1001 2909 1048 tum
2940 993 3096 1063 hujus
3137 994 3369 1050 basilicas
3414 997 3495 1050 vel

1912 1076 2097 1130 altaris
2122 1076 2188 1130 ad
2220 1077 2477 1132 honorem
2509 1088 2561 1134 et
2582 1081 2805 1148 gloriam
2834 1092 2975 1137 tuam
3003 1096 3315 1153 praeparata,
3342 1086 3496 1157 (564)

1914 1167 2194 1237 puriﬁcare
2211 1178 2263 1223 et
2284 1171 2644 1236 sanetilicare,
2663 1171 2977 1230 benedicere
2994 1186 3050 1229 et
3065 1191 3383 1233 consecrare
3401 1193 3497 1247 per

1919 1268 2114 1312 nostra:
2148 1257 2459 1315 humilitatis
2495 1261 2802 1314 servitutem
2834 1262 3092 1332 digneris,
3125 1275 3181 1318 ut
3223 1274 3277 1320 et
3303 1267 3498 1322 divinis

1914 1349 2142 1403 cultibus
2185 1349 2461 1419 sacrisque
2507 1351 2815 1406 ministeriis
2845 1361 2967 1421 apta
3014 1356 3281 1421 existant,
3312 1365 3369 1411 et
3410 1358 3496 1413 his

1915 1436 2232 1492 conlectioni
2277 1440 2519 1508 corporis
2546 1448 2599 1493 et
2623 1441 2897 1508 sanguinis
2943 1441 3068 1496 Jesn
3122 1443 3316 1498 Christi
3370 1445 3490 1501 Filii

1918 1528 1991 1581 tui
2028 1528 2236 1582 Domini
2285 1530 2450 1583 nostri
2478 1528 2651 1599 dignis
2683 1540 2928 1600 pareatur
2978 1533 3339 1591 famulatibus.
3395 1538 3498 1603 Qui

1918 1626 2086 1672 tecuut
2119 1618 2247 1673 vivit
2266 1630 2321 1674 et
2345 1629 2551 1688 regnat.

1987 1707 2121 1760 Alia.
2152 1736 2222 1748 —
2244 1706 2396 1778 (565)
2424 1705 2770 1776 Omnipotens
2801 1710 3122 1779 sempiterna
3152 1710 3293 1766 Deus
3312 1751 3327 1776 ,
3352 1726 3501 1783 aquo

228 1794 399 1861 Jacob,
427 1811 545 1848 cum
575 1793 796 1849 Psalmo
822 1796 1024 1850 Bonum
1050 1803 1133 1851 est
1153 1794 1392 1851 conﬁteri
1413 1796 1651 1852 Domino.
1684 1795 1807 1867 Ipso
1839 1804 1886 1864 Β
1910 1798 2084 1853 omnia
2109 1799 2377 1853 immunda
2403 1809 2712 1869 purgantur.
2744 1808 2799 1854 et
2827 1801 2880 1854 in
2918 1816 3023 1870 quo
3057 1804 3235 1857 omnia
3278 1816 3499 1873 purgata

230 1890 415 1957 expleto
464 1887 635 1959 (557)
690 1888 842 1943 mittit
896 1888 1115 1942 chrisma
1164 1888 1396 1942 similiter
1416 1889 1644 1943 canendo
1670 1891 1819 1945 Anti-

230 1984 443 2047 phonem
475 1980 629 2034 Ecce
654 1980 786 2035 odor
818 1979 939 2035 Filii
969 1980 1096 2045 mei,
1126 1995 1242 2033 cum
1265 1977 1476 2034 Psatmo
1502 1980 1701 2045 Lauda,
1730 1980 1818 2037 Je-

230 2074 484 2139 rusalem,
535 2074 859 2130 Dominum.
894 2072 1027 2127 Item
1055 2072 1403 2141 Antiphonam
1438 2072 1597 2128 Unxit
1635 2081 1685 2127 te
1717 2074 1815 2126 Do-

232 2165 415 2230 minus,
448 2163 730 2220 Psatmum
756 2165 1026 2220 Eructavit
1054 2178 1147 2220 cor
1180 2179 1379 2218 meum.
1425 2163 1619 2218 Deinde
1642 2165 1696 2219 in
1722 2163 1819 2217 cir-

230 2258 360 2309 cuitu
410 2257 653 2313 ecclesia:
684 2275 773 2326 per
807 2258 1023 2327 parietes
1051 2254 1204 2327 (558)
1242 2256 1420 2310 dextro
1450 2256 1503 2310 in
1531 2257 1709 2309 dextro
1740 2256 1820 2324 fa-

232 2346 358 2399 ciens
385 2362 597 2400 crucem
641 2364 761 2401 cum
787 2348 972 2415 pollice
999 2345 1062 2399 de
1087 2346 1199 2416 ipso
1229 2344 1504 2399 chrismate
1530 2361 1642 2398 cum
1668 2344 1817 2399 Anti-

231 2440 391 2505 phona
418 2438 798 2493 Sanctiﬁcavit
829 2437 1106 2503 Dominus,
1141 2436 1410 2491 Psalmum
1457 2436 1676 2506 Magnus
1708 2436 1815 2489 Do—

234 2528 415 2595 minus,
440 2540 489 2581 et
534 2530 677 2585 Ecce
707 2544 864 2584 nunc.
899 2528 1030 2582 Item
1060 2529 1181 2581 dicit
1211 2527 1561 2597 Antiphonam
1591 2526 1819 2595 Lapides

234 2621 466 2690 pretiosi,
540 2622 802 2675 Psalmum
857 2622 1057 2686 Lauda,
1090 2621 1409 2677 Jerusalem.
1468 2619 1623 2691 (559)
1685 2618 1816 2675 Inde

238 2714 419 2782 faciens
470 2730 690 2768 crucem
736 2715 925 2768 incensi
971 2730 1122 2782 super
1174 2713 1337 2767 altare
1390 2711 1816 2767 dicit:0remns.

237 2803 520 2869 Diaconos,
555 2814 610 2858 ut
653 2819 831 2874 supra.
858 2803 927 2859 Et
954 2804 1077 2858 dicit
1125 2804 1417 2858 Orationem
1441 2818 1595 2870 super
1634 2801 1814 2856 altare.

301 2893 392 2948 Dei
420 2894 495 2948 Pa
510 2896 611 2948 tris
644 2893 1024 2963 omnipotentis
1062 2891 1505 2959 misericordiam,
1532 2889 1819 2944 dilectissi-

243 2983 306 3037 mi
335 2984 557 3048 fratres,
587 2984 960 3052 deprecemur,
991 2995 1046 3038 ut
1076 2983 1177 3038 hoc
1209 2983 1377 3037 altare
1402 2980 1676 3036 sacriﬁciis
1706 2979 1820 3049 spi-

243 3074 518 3128 ritualihus
548 3074 971 3128 consecrandum
1015 3074 1161 3129 vocis
1192 3081 1387 3127 nostra:
1410 3080 1660 3127 exoratus
1688 3070 1817 3125 olli-

1919 1889 2240 1953 clarescunt,
2273 1890 2541 1957 supplices
2573 1891 2753 1945 famuli
2782 1891 2859 1945 tui
2891 1900 3032 1946 tuam
3060 1894 3498 1963 omnipotentiam

1925 1978 2257 2043 invocamus,
2282 1989 2337 2033 ut
2365 1978 2431 2032 ab
2463 1979 2562 2032 hoc
2592 1994 2736 2047 vase,
2768 1980 2851 2036 vel
2881 1982 3217 2048 vestimento,
3251 1999 3371 2050 qum
3405 1985 3498 2039 tibi

1918 2067 2153 2123 offerunt
2192 2069 2369 2123 famuli
2417 2072 2487 2122 tui
2540 2068 2657 2134 ΙΙΙ..
2706 2070 2880 2125 omnis
2927 2071 3145 2136 spiritus
3190 2072 3497 2129 immundus

1920 2159 2171 2214 eonl'usus
2202 2160 2357 2229 longe
2384 2160 2645 2227 discedat,
2681 2170 2734 2215 ct
2764 2176 2858 2230 per
2907 2162 3025 2215 lidei
3075 2162 3500 2220 benedictionem

1922 2252 2047 2305 huic
2076 2260 2260 2306 sancto
2287 2251 2440 2305 altari
2471 2261 2560 2305 tuo
2585 2253 2693 2307 sint
2715 2253 2973 2320 perlecta,
3004 2260 3058 2306 et
3089 2252 3235 2306 utilia
3267 2254 3333 2307 ad
3364 2269 3499 2321 Opus

1926 2343 2206 2397 ministerii
2236 2343 2343 2406 tui,
2377 2351 2428 2397 te
2463 2342 2682 2412 juvante
2703 2382 2717 2407 ,
2747 2343 3072 2398 sanctiﬁcata
3120 2354 3495 2412 permaneant.

1921 2431 2021 2486 Per
2052 2432 2328 2486 Dominum
2353 2438 2592 2486 nostrum
2615 2431 2823 2486 Jesum.

1992 2524 2142 2596 (566)
2171 2534 2197 2561 α
2237 2524 2531 2578 Benedictio
2559 2540 2711 2594 super
2735 2541 2918 2577 munus
2946 2525 3082 2592 quod
3116 2528 3227 2594 quis
3261 2525 3502 2581 Ecclesia:

1920 2614 2331 2679 ollert.—-Deus,
2344 2614 2493 2681 cujus
2512 2614 2674 2667 verbo
2684 2622 2737 2667 et
2750 2614 2980 2682 potentia
2997 2615 3128 2667 facta
3146 2624 3271 2668 sunt
3288 2616 3490 2677 omnia,

1921 2706 2075 2773 cujus
2096 2705 2238 2759 dono
2281 2704 2600 2772 percipimus
2631 2718 2748 2772 qua:
2780 2704 2843 2757 ad
2868 2704 2988 2757 vita:
3014 2702 3305 2757 remedium
3335 2704 3502 2772 possi-

1920 2797 2129 2861 demus,
2163 2807 2214 2851 te
2236 2797 2501 2866 supplices
2541 2795 2685 2850 nixis
2728 2795 2974 2863 precibus
3014 2808 3320 2861 exoramus,
3353 2804 3408 2847 ut
3436 2795 3502 2848 de

1920 2891 2049 2945 sede
2073 2887 2365 2957 Maiestatis
2393 2899 2498 2941 tua:
2543 2886 2666 2942 huic
2687 2886 2940 2941 oblationi
2992 2886 3227 2941 lidelium
3268 2886 3503 2940 Sanctiﬁ-

1920 2988 2070 3035 cator
2096 2979 2337 3035 accedas.
2389 2977 2611 3046 Suscipe
2641 2978 2708 3031 de
2744 2993 2905 3033 manu
2954 2978 3273 3031 famulorum
3296 2985 3503 3031 tuorum

1923 3070 2018 3126 Ill.
2045 3085 2235 3126 munus
2253 3070 2514 3136 oblatum,
2537 3068 2681 3138 quod
2704 3084 2734 3124 a
2752 3078 2838 3122 tua
2861 3069 3145 3123 clementia
3170 3067 3504 3124 benedictum

246 3163 321 3216 cio
341 3165 596 3230 praesenti
628 3163 1002 3219 benedictione
1020 3163 1335 3229 sanctificat,
1365 3172 1422 3216 ut
1445 3162 1496 3216 in
1518 3177 1584 3217 eo
1602 3176 1815 3230 semper
1844 3165 1890 3228 ε
1923 3164 1975 3217 in
2007 3162 2165 3232 hujus
2210 3160 2500 3216 sanctuarii
2528 3160 2601 3214 tui
2645 3173 2799 3213 usum
2850 3167 3062 3213 maneat
3109 3166 3503 3214 consecratum.

246 3251 544 3308 oblationes
593 3254 913 3309 famulorum
938 3267 1153 3308 suorum
1181 3254 1359 3308 studio
1386 3267 1498 3307 sua:
1521 3252 1820 3307 devotionis

252 3344 517 3414 impositas
572 3345 896 3400 benedicere
950 3352 1005 3401 et
1053 3343 1387 3399 sanctiﬁcare
1436 3341 1705 3412 dignetur,
1765 3352 1819 3397 et

249 3433 453 3501 spiritali
486 3434 730 3505 placatus
758 3436 978 3489 incenso
999 3433 1233 3504 precanti
1258 3431 1473 3486 latnilize
1495 3444 1608 3484 suae
1636 3444 1819 3498 prom-

251 3533 358 3593 ptus
383 3524 673 3579 exauditor
696 3524 934 3579 assistat.
978 3522 1079 3579 Per
1126 3522 1407 3577 Dominum
1446 3527 1686 3575 nostrum
1726 3518 1817 3574 Je-

250 3625 355 3664 sutn
377 3610 655 3666 Christum
686 3610 881 3665 Filium
909 3619 1055 3665 tuum
1086 3609 1172 3677 qui
1202 3618 1479 3664 venturus.
1512 3606 1710 3662 lterum
1738 3604 1822 3662 di-

250 3702 345 3758 cit:
371 3701 625 3757 Oremus.
652 3702 916 3756 Diaconus
942 3709 997 3755 ut
1020 3717 1197 3772 supra.

314 3792 561 3858 Sequitur
586 3793 904 3849 Benedictio.
934 3823 999 3835 —
1027 3793 1168 3849 Deus
1198 3793 1556 3861 omnipotens,
1590 3791 1642 3846 in
1667 3791 1820 3860 cujus

251 3880 442 3939 honore
454 3885 630 3939 altare
649 3884 749 3940 hoc
772 3884 924 3955 (560)
941 3884 1042 3939 sub
1061 3884 1391 3939 invocatione
1411 3883 1483 3938 ttti
1498 3882 1729 3937 nominis
1752 3884 1824 3937 in-

248 3971 377 4040 digni
389 3987 795 4041 consecramus,
808 3974 1043 4029 clemens
1061 3981 1118 4028 et
1141 3974 1398 4042 propitius
1414 3986 1598 4043 preces
1625 3981 1820 4027 nostra

250 4062 557 4119 humilitatis
578 4063 792 4131 exaudi,
813 4074 865 4119 et
889 4075 1078 4135 praesta
1109 4074 1168 4119 ut
1190 4065 1241 4120 in
1266 4064 1364 4119 hac
1389 4078 1570 4119 mensa
1592 4064 1698 4119 sint
1726 4063 1820 4119 tibi

250 4154 487 4209 libamina
521 4157 680 4228 15o
694 4166 934 4225 accepta,
950 4155 1056 4209 sint
1073 4163 1243 4225 grata,
1260 4154 1368 4209 sint
1388 4154 1620 4223 pinguia,
1639 4154 1822 4223 etSpi—

251 4248 370 4304 ritus
381 4253 555 4305 sancti
575 4249 651 4304 tui
668 4265 880 4319 semper
897 4265 1018 4306 rore
1037 4251 1267 4317 perlusa,
1285 4258 1340 4304 ut
1355 4252 1497 4304 omni
1515 4260 1752 4319 tempore
1767 4251 1820 4305 in

253 4338 345 4395 hoc
359 4341 476 4396 loco
500 4341 850 4409 supplicantis
878 4340 970 4395 tibi
992 4340 1200 4395 familiae
1222 4350 1324 4395 tua:
1355 4340 1656 4395 anxietates
1687 4342 1822 4395 rele-

254 4443 358 4496 ves,
386 4430 735 4500 aegritudines
781 4446 956 4496 cures,
988 4446 1172 4501 preces
1206 4431 1477 4495 exaudias,
1509 4440 1628 4485 vota
1651 4431 1822 4485 surci-

1923 3255 2042 3311 Sint
2081 3254 2194 3309 haec
2234 3254 2287 3308 in
2313 3261 2601 3320 conspectu
2652 3261 2742 3306 tuo
2791 3250 3018 3305 libenter
3066 3261 3305 3319 accepta,
3355 3249 3498 3304 sicut

1920 3346 2189 3417 quondam
2223 3347 2353 3403 Abel
2380 3346 2580 3401 alumni
2612 3344 2709 3410 tui,
2741 3343 2823 3399 vel
2855 3341 3255 3397 Melchisedech
3284 3355 3505 3396 munera

1922 3438 2017 3493 tibi
2048 3439 2358 3507 placuerunt
2384 3436 2582 3491 oblata.
2620 3435 2688 3490 Et
2707 3434 2829 3504 quia
2856 3432 2927 3488 ob
2964 3433 3219 3487 honorem
3256 3431 3328 3485 tui
3359 3445 3498 3485 amo-

1922 3528 1999 3584 ris
2024 3528 2308 3584 ecclesiam
2340 3537 2480 3581 tuam
2508 3524 2731 3581 summis
2771 3523 3012 3579 nituntur
3039 3520 3298 3577 decorare
3342 3520 3503 3574 obse-

1922 3619 2082 3688 quiis,
2116 3629 2169 3672 tu
2197 3622 2296 3682 eis,
2324 3617 2565 3681 Domine,
2598 3628 2787 3685 magna
2813 3627 2911 3683 pro
2929 3612 3106 3681 parvis
3130 3624 3502 3679 recompensa.

1923 3719 2001 3775 ut,
2044 3710 2383 3767 devotionem
2422 3723 2607 3765 eorum
2646 3706 2936 3775 accipiens,
2986 3712 3201 3774 peccata
3246 3702 3505 3764 dimittas,

1925 3801 2030 3858 ﬁde
2051 3817 2145 3859 eos
2168 3801 2399 3869 replens,
2424 3798 2748 3869 indulgentia
2773 3797 2971 3860 foveas,
2997 3792 3359 3850 misericordia
3385 3807 3505 3860 pro-

1924 3902 2090 3962 tegas,
2117 3893 2339 3947 adversa
2369 3891 2637 3952 destruas,
2668 3901 2919 3958 prospera
2944 3884 3227 3941 concedas.
3265 3882 3505 3938 Habeant

1924 3983 1976 4039 in
2008 3983 2106 4039 hoc
2130 3983 2328 4038 saeculo
2355 3982 2505 4035 bona:
2533 3978 2758 4035 actionis
2783 3976 3168 4032 documentum
3186 4013 3201 4038 ,
3224 3972 3505 4027 charitzuis

1924 4076 2192 4141 studium,
2256 4074 2427 4131 sancti
2471 4076 2671 4129 amoris
2698 4073 2946 4128 effectum
2966 4111 2981 4137 ,
3011 4077 3065 4125 et
3093 4071 3146 4124 in
3177 4068 3356 4123 futuro
3383 4081 3503 4121 cunt

1924 4167 2121 4222 sanctis
2150 4167 2354 4236 angelis
2372 4165 2738 4233 adipiscantur
2779 4170 3089 4232 perpetuum
3122 4172 3367 4229 regnum.
3400 4156 3505 4212 Per

1928 4260 2230 4315 Dominum.

2002 4348 2155 4421 151
2198 4348 2334 4402 Alia.
2365 4374 2434 4387 —
2465 4343 2666 4399 Exaudi
2712 4356 2834 4405 nos,
2869 4341 3123 4408 Domine,
3174 4351 3502 4406 qumsumus,

1924 4448 1983 4495 ut
2026 4441 2139 4495 hazc
2184 4435 2513 4504 linteamina,
2558 4435 2766 4503 aliaque
2811 4431 3140 4495 indumenta,
3192 4442 3403 4485 necnon
3452 4437 3505 4482 et

256 4523 379 4589 P338.
404 4523 714 4578 dCSidel’ala
742 4521 1065 4587 ευηηηηθεν
1098 4521 1359 4591 Postilla“
1396 4520 1679 4577 concedas.
1724 4521 1824 4576 Per
1851 4547 1905 4609 ι)
1930 4545 2054 4586 vasa
2084 4538 2270 4584 sancto
2309 4527 2459 4582 altari
2490 4534 2580 4581 tuo
2607 4534 2765 4594 atque
2793 4522 3033 4579 ecclesias
3073 4530 3177 4575 tuas
3202 4528 3503 4589 cunctoque

254 4612 543 4670 Dominum.

316 4702 510 4759 Deinde
537 4704 662 4758 dicit
688 4702 1031 4774 Antiphonam
1065 4702 1333 4760 Conﬁrma
1362 4702 1466 4759 hoc
1496 4702 1635 4757 Deus
1655 4741 1671 4768 ,
1705 4718 1822 4757 cum

252 4791 439 4848 Gloria.

315 4882 463 4953 (56l)
506 4882 733 4948 Deinde,
780 4882 1063 4938 tenentibus
1101 4881 1426 4936 subdiaconis
1469 4882 1545 4935 rel
1570 4881 1823 4951 acolythis

253 4974 556 5036 linteamina,
580 4975 658 5028 ret
680 4975 851 5028 omnia
872 4982 1170 5027 ornamenta
1211 4972 1456 5036 ecclesiis,
1482 4988 1571 5025 seu
1593 4987 1716 5025 vasa
1737 4987 1823 5024 sa—

252 5080 331 5117 cra
348 5081 659 5135 quaecunque
682 5065 751 5118 ad
780 5068 970 5117 cultum
999 5062 1094 5116 Dei
1120 5072 1168 5116 et
1200 5063 1422 5117 ecclesia:
1448 5062 1700 5133 pertinere
1740 5061 1821 5115 vi-

256 5154 443 5221 ‘leutur,
476 5156 721 5210 benedirit
744 5172 804 5209 ea
823 5156 1067 5225 pontifex.

313 5244 605 5300 Benedictio
632 5245 785 5315 (562)
828 5246 897 5298 ad
942 5244 1271 5310 linteamina,
1322 5244 1399 5298 vel
1441 5245 1511 5296 ad
1564 5242 1737 5297 omnia
1768 5243 1820 5296 in

252 5349 389 5389 usum
435 5335 685 5390 basilica.
726 5332 970 5406 -—(565)
1017 5332 1364 5400 Omnipotens
1414 5342 1469 5387 et
1518 5332 1822 5386 misericors

256 5420 407 5491 Deus,
450 5426 541 5495 qui
586 5429 654 5479 ab
704 5424 858 5480 initio
904 5424 1052 5478 utilia
1082 5432 1136 5478 et
1180 5421 1483 5478 necessaria
1519 5421 1823 5475 hominibus

247 5516 454 5582 creasti,
476 5518 783 5586 templaque
812 5529 971 5570 manu
1002 5513 1279 5570 hominum
1306 5512 1441 5566 facta
1481 5511 1679 5566 nomini
1711 5524 1826 5565 san-

251 5724 281 5763 ς
318 5661 341 5688 ﬂ
362 5653 484 5708 Huc
501 5652 811 5782 (lietliledictio
841 5650 1027 5706 iisdem
1060 5663 1195 5720 pene
1218 5645 1396 5704 verbis
1416 5644 1606 5713 legitur
1625 5641 1677 5696 in
1704 5650 1811 5696 vet.

252 5738 478 5780 ..εει-ιω.
549 5740 579 5778 a
628 5763 638 5776 .

252 5738 478 5780 nactam.
501 5738 638 5780 Ball.

1926 4619 2065 4674 sacri
2087 4618 2365 4673 ministerii
2399 4614 2520 4671 usui
2549 4624 2862 4683 prarparata,
2892 4612 3210 4669 benedicere
3233 4619 3286 4666 et
3308 4611 3505 4666 sancti-

1928 4713 2090 4768 licare
2112 4710 2368 4781 digneris.
2402 4709 2503 4764 Per
2544 4704 2832 4761 Dominum
2867 4712 3107 4761 nostrum
3136 4702 3324 4759 lesum
3352 4701 3505 4755 Chri-

1924 4812 2247 4961 δωὲιῖβὸῗ)
2273 4897 2671 4943 consecrandam
2702 4893 2963 4955 patrnam.
3003 4913 3075 4925 —
3104 4880 3254 4951 (568)
3301 4881 3505 4935 Conse-

1922 4996 2132 5038 cramus
2164 4988 2220 5036 et
2242 4978 2636 5035 sanetillcamus
2683 4975 2821 5030 hanc
2861 4984 3140 5043 patenam,
3188 4969 3216 5008 δ
3240 4970 3307 5025 ad
3339 4974 3505 5024 conli-

1927 5074 2179 5131 ciendum
2223 5071 2276 5127 in
2309 5086 2370 5127 ea
2418 5083 2613 5137 corpus
2660 5067 2871 5122 Domini
2922 5066 3089 5120 nosui
3133 5062 3258 5118 Jesu
3304 5062 3505 5119 Christi

1928 5164 2179 5236 patientis
2207 5176 2421 5218 crucem
2452 5174 2546 5230 pro
2574 5160 2749 5213 salute
2778 5171 2957 5211 noswa
2977 5154 3236 5218 omnium,
3266 5154 3355 5222 qui
3379 5168 3501 5207 cum

1929 5254 2085 5309 Patre
2114 5263 2165 5306 et
2188 5250 2386 5319 Spiritu
2414 5255 2598 5302 sancto
2622 5246 2754 5300 vivit
2779 5254 2833 5300 et
2861 5253 3045 5315 regnat
3067 5260 3159 5313 per
3187 5250 3379 5297 cuncta
3404 5257 3504 5296 sm-

1927 5345 2043 5403 cula
2067 5343 2405 5399 saeculorum.
2432 5344 2621 5395 Amen.

1994 5436 2146 5509 (569)
2186 5434 2317 5493 Inde
2345 5433 2535 5503 faciens
2564 5432 2763 5501 signum
2787 5430 2952 5484 crucis
2990 5430 3053 5483 de
3077 5429 3189 5481 oleo
3209 5436 3387 5481 sancto
3416 5442 3499 5481 su-

1928 5542 2017 5595 per
2039 5534 2299 5593 pa'enam,
2321 5522 2463 5576 dicit.

1994 5635 2019 5673 δ
2048 5634 2103 5688 In
2131 5634 2338 5690 duobus
2366 5633 2572 5690 Theod.
2607 5649 2619 5687 :
2651 5632 2731 5686 Ad
2765 5631 3192 5701 confringendum
3232 5630 3285 5685 in
3309 5648 3368 5684 ea
3391 5648 3493 5684 cor-

1927 5723 2040 5778 pus,
2076 5716 2179 5760 etc.
