4026 6312
557 274 660 330 159

619 388 947 448 Consecrare
976 408 1021 448 et
1058 402 1387 455 sanctificarc
1416 404 1676 473 digneris,
1731 414 1975 479 Domine,
2028 433 2122 487 pa-

551 484 725 532 tenam
743 482 877 535 hanc
890 487 1145 551 peristam
1163 491 1461 545 unctionem
1477 505 1529 548 et
1548 508 1781 554 nostram
1801 503 2119 560 benedictio-

549 581 688 633 nem,
721 571 769 623 in
812 572 1026 625 Christo
1056 576 1179 629 Jesu
1223 578 1448 635 Domino
1476 597 1677 651 nostro,
1705 593 1793 658 qui
1828 596 1989 662 vivis,
2011 607 2113 652 etc.

615 657 762 727 (570)
805 660 1095 715 Benedictio
1144 677 1359 733 patens.
1391 704 1462 713 —
1496 657 1735 747 Domine,
1773 683 1915 739 Deus
1944 690 2119 742 omni-

543 756 748 808 putetis,
797 751 881 815 qui
916 766 1008 816 per
1049 752 1260 821 Moysen
1293 758 1545 817 famulum
1597 775 1742 822 tuum
1790 774 2114 833 tabernaculi

542 836 610 885 tui
639 837 803 889 altare
824 875 840 900 ,
872 848 923 890 et
954 855 1078 893 vasa
1108 846 1286 898 omnia
1334 849 1512 905 divino
1553 858 1717 913 cultui
1764 867 2109 935 mancipasti,

537 923 865 978 clementiam
900 938 1043 984 tuam
1077 938 1350 1003 supplices
1380 943 1765 1019 deprecamur,
1801 966 1857 1009 ut
1897 959 1994 1014 hoc
2024 978 2114 1018 vas

535 1018 709 1075 aptum
742 1015 967 1070 cultibus
1007 1024 1131 1086 tuis,
1164 1025 1485 1099 dignumque
1536 1015 1788 1096 altaribus
1817 1048 2027 1113 reddas,
2058 1062 2113 1105 ut

533 1100 913 1158 sanctificatum
948 1108 998 1160 in
1034 1114 1250 1167 nomine
1279 1127 1394 1183 tuo,
1421 1129 1662 1191 corporis
1693 1132 1766 1184 tui
1817 1140 2107 1201 pretiosum

531 1186 781 1243 torculum
813 1193 1124 1263 deputetur.
1159 1202 1256 1268 Qui
1302 1210 1437 1263 vivis
1480 1224 1532 1265 et
1574 1230 1765 1284 regnas
1794 1238 1911 1277 eum
1955 1228 2109 1284 Patre

530 1278 581 1330 in
616 1283 817 1339 unitate
847 1287 1075 1355 Spiritus
1117 1298 1307 1364 sancti,
1341 1317 1434 1369 per
1462 1310 1637 1363 omnia
1667 1316 1855 1369 Saecula
1885 1323 2108 1377 saeculo-

528 1382 669 1424 rum.
703 1377 891 1429 Amen.

593 1460 743 1533 (571)
767 1467 846 1518 Ad
876 1478 900 1504 ἰ
929 1472 1139 1527 calicem
1169 1478 1581 1542 benedicendum.
1612 1520 1679 1529 —
1698 1491 1943 1563 Oremus,
1972 1501 2103 1556 dile-

525 1553 748 1608 ctissimi
782 1558 991 1624 fratres,
1024 1574 1075 1617 ut
1107 1567 1361 1627 Dominus
1414 1577 1550 1632 Deus
1593 1596 1775 1639 nosmr
1801 1590 2018 1646 calicem
2049 1596 2099 1649 in

524 1656 673 1696 nsum
721 1648 799 1699 sui
847 1652 1125 1708 ministerii
1155 1667 1579 1724 consecrandum
1630 1676 1862 1733 cmlestis
1916 1686 2098 1751 gratim

1916 1729 2089 1751 Er"...

522 1729 866 1801 inspiratione
891 1744 1219 1814 sanctificet,
1263 1762 1315 1804 et
1356 1756 1419 1806 ad
1453 1756 1733 1818 humanam
1765 1768 2089 1829 benedictio-

520 1839 636 1877 nem
671 1828 1049 1893 plenitudinem
1094 1839 1258 1894 divini
1304 1844 1502 1904 favoris
1552 1863 1938 1918 accommodet.

518 1910 814 1972 Dominum.
1854 1948 1857 1955 ’

583 2002 716 2057 Item
744 2009 869 2063 alia.
901 2040 971 2052 -—
1001 2015 1233 2074 Oremus.
1284 2024 1530 2095 Dignare,
1571 2034 1823 2105 Domine,
1867 2047 2085 2102 calicem

515 2091 667 2148 istum
699 2099 747 2150 in
782 2117 931 2155 usum
961 2109 1237 2165 ministerii
1268 2091 1369 2181 tui,
1394 2118 1542 2191 (572)
1572 2127 1654 2192 pia
1685 2128 1862 2186 famuli
1890 2138 1959 2189 tui
1993 2136 2083 2194 Ill.

512 2185 789 2242 devotione
821 2190 1141 2263 formatum,
1194 2218 1256 2255 ea
1301 2211 1725 2273 sanctificatione
1773 2226 2085 2288 perfundere

510 2290 608 2340 qua
638 2277 1026 2339 Melchisedech
1074 2291 1258 2346 famuli
1304 2299 1378 2351 tui
1407 2314 1670 2361 sacratum
1719 2314 1936 2370 calicem
1968 2336 2083 2387 per-

510 2366 553 2387 r.
580 2368 679 2387 ιεμιθ
731 2372 785 2387 n-
939 2377 952 2387 '
1219 2385 1227 2387 ‘

508 2366 699 2424 fudisti.
731 2372 789 2425 Et
814 2377 953 2440 quod
984 2389 1116 2445 arte,
1149 2385 1228 2436 vol
1252 2392 1465 2445 metallo
1487 2395 1628 2451 effici
1660 2416 1763 2455 non
1799 2366 1981 2472 potestl
2002 2414 2079 2464 al-

505 2458 703 2513 taribus
736 2461 838 2517 tuis
863 2466 1098 2534 dignum,
1139 2473 1226 2525 fiat
1251 2483 1337 2529 tua
1370 2479 1740 2543 benedictione
1763 2458 2072 2560 pretiosum.

504 2546 622 2598 I'er.

568 2637 700 2690 Item
732 2639 759 2678 b
781 2644 904 2697 alia.
937 2676 1009 2687 —
1041 2651 1190 2723 (L75)
1234 2657 1391 2723 Deus,
1436 2665 1523 2731 qui
1558 2666 1723 2737 Moysi
1756 2672 1952 2731 famulo
1986 2689 2074 2735 tuo

581 2727 756 2782 llorch
796 2746 975 2791 monte
1004 2747 1266 2801 servanda
1313 2756 1506 2819 populo
1555 2766 1642 2813 tuo
1675 2778 1935 2835 prmcepta
1963 2772 2071 2826 dis-

498 2825 696 2877 ponens
750 2824 1004 2891 templum
1050 2846 1290 2889 sanctum
1326 2850 1468 2895 tuum
1518 2824 1745 2914 qualiter
1785 2824 2071 2919 aediﬁcaret

499 2904 795 2980 institui-ti,
837 2933 983 2970 saera
1012 2936 1217 2991 quoque
1258 2944 1380 2984 vasa
1411 2950 1528 3002 qua:
1580 2941 1761 2997 inferri
1792 2947 1963 3015 altari

500 2993 593 3015 JH,
637 3013 683 3015 μ,
734 3009 744 3015 _
825 3003 836 3015 .
868 3006 879 3015 .

497 2993 752 3051 deberent
772 3003 837 3055 ad
868 3006 1033 3062 instar
1062 3028 1304 3071 vasorum
1337 3025 1629 3081 cwlestiuin
1654 3033 1739 3084 diu

1890 3092 1899 3103 ,
1938 3092 2030 3111 τ--

495 3096 675 3139 camur
705 3099 760 3142 ut
805 3092 944 3151 hunc
971 3100 1207 3170 calicem,
1270 3110 1319 3161 in
1353 3127 1457 3179 quo
1511 3120 1831 3180 celebraturi
1882 3146 2063 3188 sumus

493 3189 826 3237 sacrosancta
858 3193 1133 3260 mysteria,
1164 3201 1454 3259 emissione
1492 3216 1661 3267 sancti
1712 3218 1943 3287 Spiritus
1988 3230 2063 3282 tui

490 3268 692 3324 cmlesti
723 3273 1093 3338 benedictione
1122 3290 1446 3362 sanctiflces,
1478 3312 1796 3374 gratumque
1820 3323 1874 3365 et
1909 3330 2065 3373 acce-

490 3359 742 3421 ptabilem
770 3364 988 3438 habeas,
1012 3385 1173 3443 atque
1197 3378 1503 3454 benedicas,
1536 3406 1597 3445 ac
1621 3397 1779 3465 digne
1805 3405 2060 3462 sociatum

489 3450 713 3505 vasculis
745 3456 867 3522 tuis,
895 3470 947 3513 et
977 3470 1358 3534 acceptaltilem
1404 3478 1607 3538 delerat
1636 3487 1967 3563 famulatum,
2003 3510 2057 3554 et

489 3536 639 3563 .Hnn-
669 3544 765 3563 LA-
812 3562 819 3563 ,
923 3559 931 3563 -
1005 3554 1035 3563 η

1576 3536 1605 3538 ,-
1637 3536 1967 3563 -_---_.“-.....,
2003 3536 2057 3554 ν.

486 3536 642 3606 digne
668 3544 767 3597 tuis
797 3554 1065 3617 mysteiiis
1102 3572 1466 3623 consecretur.
1510 3570 1614 3629 Per
1646 3576 1925 3638 Dominum
1957 3603 2057 3642 no-

484 3638 647 3684 strum
671 3634 849 3691 Jcsum
873 3643 1138 3702 Christum
1175 3652 1365 3711 Filium
1391 3668 1556 3717 tuum.

548 3720 697 3792 (574)
738 3726 933 3785 Deinde
960 3738 1146 3793 vadunt
1166 3745 1235 3794 ad
1254 3762 1371 3800 eum
1398 3751 1565 3809 locum
1608 3759 1661 3811 in
1697 3778 1797 3825 quo
1826 3768 2055 3839 reliquae

481 3816 733 3875 prwterita
756 3832 899 3874 nocte
919 3841 1032 3879 cum
1052 3829 1238 3900 vigiliis
1262 3838 1489 3909 fuerunt,
1516 3856 1563 3898 et
1583 3850 1773 3907 elevent
1802 3873 1907 3913 eas.

552 3903 705 3975 152
750 3908 926 3965 Oratio
954 3923 1160 3984 quando
1183 3903 1441 3985 elevantur
1469 3903 1719 4007 reliquiae.

549 3993 785 4054 Oremus.
815 4030 887 4042 —-
912 4004 1062 4078 (575)
1105 4013 1271 4070 Aufer
1294 4034 1320 4071 a
1352 4023 1528 4092 nobis,
1569 3993 1896 4105 quaasumus,
1946 4043 2050 4098 Do-

1516 4085 1526 4092 .
1585 4085 1601 4099 ι
1698 4085 1896 4105 ί-·“”““Ί
1946 4085 2043 4098 "vi

474 4085 636 4149 mine,
690 4088 997 4162 iniquitates
1023 4116 1258 4173 nostras,
1313 4122 1366 4166 ut
1410 4116 1475 4170 ad
1518 4132 1698 4178 sancta
1742 4142 2043 4191 sanctorum

470 4177 613 4241 puris
640 4196 941 4241 mereamur
967 4195 1233 4255 mentibus
1261 4202 1500 4262 introire.
1535 4211 1636 4266 Per
1668 4216 1970 4279 Dominum.

534 4266 672 4322 Alia.
697 4301 766 4311 —
797 4275 899 4331 Fac
930 4295 1045 4343 nos,
1082 4284 1325 4360 Domine,
1350 4307 1651 4357 sanctorum
1682 4315 1889 4365 tuorum
1920 4332 2031 4384 spe-

534 4358 667 4384 .Hs-—
697 4364 828 4384 JfA—-
1041 4375 1052 4384 ‘
1295 4382 1302 4384 Α

1311 4358 1315 4360 ν
1688 4358 1695 4359 ί
1745 4358 1786 4362 τ-
1806 4358 1889 4365 ---·
1920 4358 2015 4384 vr"

465 4358 667 4414 cialiter
692 4364 864 4422 dicata
895 4375 1133 4429 membra
1163 4382 1491 4454 contingere,
1543 4408 1765 4459 quorum
1796 4403 2040 4471 cupimus

465 4453 757 4515 patrocinia
786 4458 1110 4517 incessanter
1138 4468 1351 4527 habere.
1387 4475 1487 4530 Per
1513 4479 1815 4541 Dominum,

532 4537 705 4593 Finita
724 4545 819 4596 hac
843 4552 1071 4605 oratione
1097 4555 1286 4610 elevent
1315 4579 1397 4615 eas
1424 4582 1538 4618 cum
1584 4570 1793 4637 feretro,
1822 4588 1871 4630 et
1914 4596 2029 4635 cum

460 4648 643 4702 ningno
664 4636 856 4691 honore
878 4647 1129 4699 cantando
1147 4650 1237 4702 llas
1256 4636 1615 4715 Antiphanes:
1648 4663 1797 4736 (576)
1828 4668 2030 4726 Ambu-

458 4723 582 4789 lale,
632 4730 795 4780 sancti
832 4732 943 4799 Dei,
1002 4739 1344 4802 Antiphonem
1386 4747 1457 4801 Ile
1501 4750 1820 4824 Jerusalem,
1877 4763 2025 4816 Anti-

456 4814 677 4881 phonam
730 4819 865 4874 Ecce
911 4828 1165 4894 populus,
1212 4834 1558 4900 Antiphonem
1605 4841 1737 4895 Cum
1777 4814 2026 4913 jucundi-

454 4914 592 4971 tate,
627 4908 775 4980 (577)
798 4930 911 4966 cum
936 4920 1198 4986 crucibus,
1228 4932 1274 4976 et
1310 4925 1603 4993 tlturibulis,
1635 4944 1681 4985 et
1705 4936 2021 4994 cendelebris

450 5000 719 5067 multique
773 5006 1125 5064 luminaribus.
1179 5014 1244 5067 Et
1287 5019 1487 5072 veniant
1534 5023 1602 5074 ad
1655 5025 1915 5081 basilicam
1966 5033 2018 5086 in

448 5106 546 5154 qua
575 5091 881 5161 deponenda:
906 5110 1047 5164 sunt,
1074 5112 1119 5155 et
1142 5120 1260 5159 mox
1280 5118 1332 5160 ut
1375 5109 1506 5164 intro
1527 5113 1707 5181 pedem
1727 5116 2013 5191 intulerint,

449 5182 583 5233 dicat
607 5183 741 5237 lianc
770 5186 1061 5245 Orationem
1086 5210 1105 5247 :

1977 2962 2065 3007 tuo

514 5304 538 5329 α
573 5297 899 5392 ΙΙαιοηριοδιὶρ
943 5320 1063 5360 cum
1110 5307 1314 5364 duabus
1355 5318 1698 5383 sequentibus
1730 5320 1922 5392 legitur
1952 5327 2003 5382 in

444 5376 664 5433 utroque
693 5370 897 5429 Themi.

513 5433 536 5468 ι’
566 5436 616 5487 In
663 5449 767 5493 vet.
818 5447 1050 5498 Sacram.
1108 5447 1292 5520 Gallic.
1343 5451 1454 5507 hmc
1502 5456 1700 5519 Oratio.
1736 5465 2003 5520 nonnullis

442 5504 677 5558 immutat
702 5524 748 5571 s,
772 5513 1047 5565 adhibetur
1077 5519 1143 5567 ad
1174 5520 1567 5579 benedictionem
1591 5529 1764 5581 colicis
1786 5543 1832 5583 et
1856 5547 1995 5597 palc-

442 5588 538 5628 nu'.
571 5586 615 5625 et
645 5582 795 5631 turris
823 5584 992 5636 simul.
1027 5586 1149 5638 Turn
1168 5590 1209 5640 is
1240 5593 1395 5658 hujus
1419 5612 1544 5649 usus
1566 5608 1679 5651 erat
1707 5600 1770 5652 ad
1795 5617 2001 5681 sacrum

446 5644 789 5681 miniumin...
838 5652 1178 5681 .t..t‘.........t.....
1250 5662 1298 5681 ι--
1336 5678 1363 5681 ..
1471 5666 1527 5681 ιι.
1585 5668 1593 5677 -
1638 5668 1666 5681 .-

446 5644 789 5703 ministeiium
838 5652 1201 5711 deferendum.
1250 5644 1419 5727 Ipsum
1470 5666 1668 5722 Christi
1711 5683 1903 5741 corpus
1944 5675 1995 5729 in

1719 305 1958 361 SANCTI
2002 308 2329 371 GREGORH
2370 318 2587 377 MACNI

3706 358 3830 413 161)

2152 426 2198 484 Α
2300 425 2530 486 Oremus.
2584 462 2651 472 --
2690 434 2838 507 (578)
2868 441 3090 501 Domum
3124 456 3291 522 tuam,
3322 470 3645 527 quaesumus,
3698 469 3823 520 ιιι»-

2221 517 2384 576 mine,
2419 520 2711 578 clementer
2743 530 3052 602 ingredere,
3084 550 3137 594 et
3165 541 3215 596 in
3251 555 3461 603 morum
3505 552 3597 606 tibi
3625 562 3814 611 cor-tli-

2218 603 2316 656 bus
2348 605 2578 665 lldelium
2603 627 2908 682 perpetuam
2932 627 3194 684 constitue
3230 639 3584 705 mansionem,
3621 655 3680 698 ut
3704 664 3814 701 cu—

2212 691 2300 760 jus
2329 697 2680 756 aalificatione
2702 706 2966 779 subsistit,
2994 714 3151 785 hujus
3185 720 3274 776 flat
3300 724 3628 789 habitatione
3660 750 3816 804 prue-

2225 782 2354 804 ΛΜ
2416 787 2453 804 η
2538 789 2579 804 η
2676 795 2688 804 .

2220 782 2382 839 clara.
2415 787 2514 841 Per
2538 789 2837 852 Dominum.

2277 876 2409 929 Alia.
2439 909 2509 919 —
2534 882 2762 942 Oremus.
2792 891 2952 957 Deos,
2993 899 3084 965 qui
3128 907 3505 965 sacrandorum
3558 916 3655 970 tibi
3696 935 3807 973 au-

2212 973 2328 1017 ctor
2356 981 2413 1020 es
2447 986 2727 1028 munerum
2747 1019 2761 1042 ,
2794 980 3006 1039 etl'unde
3034 1003 3196 1055 super
3247 996 3380 1050 hanc
3409 1003 3670 1059 orationis
3699 1010 3805 1063 do-

2212 1070 2354 1109 mum
2388 1058 2813 1125 benedictionem
2843 1082 3008 1139 tuam,
3040 1089 3096 1134 ut
3124 1082 3191 1135 ab
3236 1089 3484 1146 omnibus
3510 1094 3597 1149 hic
3646 1099 3805 1155 invo-

2209 1147 2447 1203 cantibus
2477 1168 2667 1209 nomen
2710 1167 2855 1216 tuum
2880 1164 3205 1226 defensionis
3235 1186 3339 1231 tua:
3369 1185 3628 1241 auxilium
3659 1204 3795 1244 sen-

2213 1236 2396 1291 tiatur.
2432 1240 2532 1295 Per
2564 1245 2845 1305 Dominum
2892 1266 3130 1315 nostrum
3168 1263 3347 1322 Jesum
3394 1270 3670 1331 Christum
3707 1282 3797 1336 Fi-

2209 1324 2355 1377 lium.

2280 1415 2474 1472 Deinde
2521 1440 2731 1496 pergant
2776 1435 2843 1485 ad
2882 1436 3081 1506 altare,
3116 1444 3203 1497 ubi
3252 1452 3532 1510 condenda
3558 1470 3713 1527 sunt,
3742 1474 3793 1517 et

3070 1505 3075 1506 ί
3435 1505 3523 1510 γη
3560 1505 3676 1513 η--.
3698 1505 3713 1527 ,
3742 1505 3788 1517 ..

2204 1505 2358 1577 (579)
2386 1523 2593 1567 extenso
2635 1520 2743 1574 velo
2765 1523 2895 1578 inter
2923 1544 3008 1582 eos
3029 1540 3077 1584 et
3119 1538 3395 1605 pepalum,
3438 1554 3490 1597 et
3536 1556 3788 1608 recondat

2204 1599 2432 1667 ponti/ea:
2474 1609 2683 1673 prepria
2732 1628 2884 1666 manu
2932 1620 3069 1685 ipsas
3112 1599 3355 1695 reliquias
3384 1599 3540 1706 (530)
3668 1644 3784 1697 loco

2952 1684 2957 1685 ,
3220 1684 3230 1695 .
3390 1684 3538 1706 ι-ννι
3585 1684 3638 1694 ’·’
3668 1684 3782 1697 """'

2200 1684 2397 1753 altaris,
2450 1698 2677 1749 canendo
2738 1704 3079 1772 Antiphonem
3130 1715 3452 1797 Exultabunt
3500 1733 3670 1785 sancti
3730 1735 3785 1789 in

2202 1775 2358 1797 _|-_s-
2417 1779 2557 1797 ,νη-ι
2739 1791 2768 1797 -

2199 1775 2385 1845 gloria,
2413 1779 2562 1853 (581)
2590 1802 2705 1841 cum
2730 1791 2938 1851 Pselmo
2961 1799 3194 1860 Laudato
3214 1775 3582 1873 Dominumde
3605 1825 3778 1879 caelis.

2201 1866 2331 1921 Item
2378 1877 2721 1945 Antiphonem
2748 1886 2971 1945 Cantate
2998 1893 3225 1952 Domino
3248 1906 3511 1963 canticum
3543 1927 3740 1968 novum
3760 1957 3776 1981 ,

2207 1955 2391 1981 η--ιφη
2500 1968 2511 1978 ⁸
2745 1974 2758 1981 ⁸

2196 1955 2461 2016 Psalmum
2493 1968 2678 2037 ipsum.
2732 1974 2867 2030 Item
2918 1981 3263 2051 Antiphonem
3313 1955 3424 2048 sub
3468 2000 3636 2056 altare
3680 1957 3773 2059 Dei

2192 2050 2345 2103 sedes
2394 2060 2712 2127 accepistis,
2776 2050 3047 2125 Psalmum
3096 2076 3332 2136 Laudate
3381 2085 3663 2146 Dominum
3716 2097 3768 2149 in

2190 2142 2389 2197 sanctis
2411 2146 2546 2214 ejus.
2582 2150 2756 2207 Finito
2783 2161 2876 2212 hoc
2904 2162 3039 2216 dicat
3065 2166 3198 2221 hanc
3222 2175 3517 2231 orationem.

2264 2232 2497 2290 Oremus.
2534 2266 2597 2278 -ι
2623 2234 2783 2312 Deus,
2809 2252 2897 2313 qui
2922 2269 2982 2306 ex
3019 2261 3159 2311 omni
3187 2268 3526 2330 coaptatione
3550 2283 3767 2326 Sancto-

2190 2334 2304 2375 rum
2330 2335 2586 2383 .eternum
2615 2334 2705 2387 tibi
2734 2341 2918 2394 eondis
2940 2344 3320 2415 habitaculum,
3343 2353 3406 2406 da
3432 2357 3769 2416 aediﬁcatiuni

2189 2420 2290 2466 tua:
2346 2416 2671 2478 incrementa
2720 2430 2980 2499 coeleStia,
3037 2446 3090 2488 ut
3120 2455 3344 2507 quorum
3394 2446 3478 2501 hic
3507 2450 3761 2520 reliquias

2187 2502 2275 2569 pio
2306 2519 2488 2564 amore
2530 2516 2950 2589 complectimur,
2980 2539 3165 2582 eorum
3199 2546 3412 2601 semper
3436 2540 3643 2597 meritis
3670 2546 3762 2597 ad-

2173 2589 2437 2657 juvemur.
2471 2597 2572 2653 Per
2603 2602 2888 2663 Dominum

2127 1777 2171 1835 B

2090 3134 2133 3194 C
2168 3148 2369 3201 noSter,
2406 3140 2638 3209 Spiritus
2667 3159 2884 3205 sanctus
2933 3163 3053 3209 tuus
3101 3172 3259 3225 super
3291 3162 3390 3217 hoc
3435 3167 3624 3234 altare,
3659 3172 3747 3239 qui

2167 3233 2222 3276 et
2253 3230 2426 3295 pepuli
2468 3233 2542 3285 tui
2591 3235 2728 3290 dona
2772 3243 3086 3308 sanctificet,
3140 3262 3191 3302 et
3218 3257 3534 3311 sumentium
3580 3263 3743 3316 corda

2167 3314 2449 3382 dignanter
2475 3326 2748 3381 emundet.
2780 3328 2880 3383 Per
2906 3332 3206 3390 Dominum.

2237 3403 2369 3460 lude
2415 3409 2567 3481 (584)
2613 3428 2889 3472 revertatur
2930 3426 3160 3494 pontifex
3208 3429 3260 3481 in
3312 3437 3589 3489 sacrarium
3625 3458 3745 3495 cum

2163 3493 2425 3549 ordinibus
2450 3501 2576 3566 suis,
2605 3515 2649 3555 et
2692 3505 2907 3561 induant
2936 3526 2990 3563 se
3020 3516 3325 3572 vestimentis
3354 3525 3469 3575 aliis
3491 3528 3706 3581 solemni
3717 3561 3742 3571 -

2161 3581 2270 3637 bus.
2298 3583 2509 3640 Interim
2534 3603 2740 3647 ornetur
2767 3600 2999 3664 ecclesia,
3032 3613 3079 3655 et
3109 3609 3443 3663 accendantur
3464 3614 3742 3673 luminaria

2158 3674 2350 3738 multa;
2379 3687 2425 3729 et
2449 3679 2660 3749 incipiat
2710 3698 2891 3740 cantor
2928 3690 3276 3761 Antiphonem
3320 3701 3390 3751 ad
3426 3702 3691 3759 introitum
3715 3726 3737 3763 :

2157 3761 2435 3821 Terribilis
2463 3781 2541 3823 est
2575 3773 2724 3827 locus
2751 3776 2873 3831 iste.
2929 3780 2993 3834 Et
3039 3789 3277 3849 procedat
3323 3793 3476 3863 153
3503 3800 3738 3867 ponti/ra:

2155 3850 2219 3900 de
2241 3856 2471 3907 sacrario
2513 3874 2628 3911 cum
2668 3864 2930 3921 ordinibus
2970 3872 3097 3937 suis,
3139 3876 3272 3929 sicut
3311 3887 3620 3939 consuetudo
3658 3900 3733 3941 est

2153 3938 2203 3991 in
2233 3941 2606 4007 festivitatibus.
2655 3950 2804 4025 (585)
2836 3957 3121 4014 Celebretur
3151 3964 3220 4016 ibi
3249 3968 3538 4025 solemniter
3567 3977 3727 4031 misse

2142 4398 2281 4454 Deus
2310 4404 2397 4470 qui
2430 4405 2765 4466 invnslbiliter
2793 4420 2970 4471 omnia
2997 4424 3256 4490 contines,
3305 4437 3358 4481 et
3399 4438 3572 4483 tamen
3620 4447 3716 4499 pro

2064 4489 2111 4547 D
2137 4490 2310 4545 salute
2333 4497 2540 4561 generis
2568 4496 2783 4556 humani
2815 4506 2965 4574 signa
2999 4519 3101 4564 tua:
3146 4518 3394 4581 potentia:
3442 4520 3715 4576 visibiliter

2138 4582 2395 4648 ostendis,
2430 4590 2683 4655 templum
2715 4591 2814 4647 hoc
2845 4597 3118 4666 Majestate
3167 4614 3267 4659 tute
3312 4606 3713 4668 inhabitationis

2138 4674 2231 4728 illu
2265 4684 2364 4744 tra,
2395 4689 2449 4732 ut
2490 4697 2675 4738 omnes
2707 4689 3005 4759 quicunque
3027 4696 3127 4748 huc
3155 4697 3487 4763 deprecaturi
3511 4719 3711 4759 convc-

2133 4764 2326 4832 nerint,
2357 4782 2424 4821 ex
2454 4786 2763 4842 quacunque
2791 4778 2855 4829 ad
2905 4787 2954 4832 te
2983 4783 3315 4840 trhulatione
3341 4791 3705 4858 clamaverint,

2129 4858 2509 4912 consolationis
2558 4870 2661 4916 luce
2709 4865 2967 4922 beneficia
3006 4886 3408 4941 cozzsequaniur.
3460 4879 3559 4933 Per
3606 4884 3702 4936 Do-

2129 4948 2353 5007 minum.

2195 5039 2365 5109 Super
2389 5044 2574 5098 oblata.
2597 5075 2667 5087 -—
2695 5047 3041 5117 Omnipotens
3079 5056 3401 5120 sempiterne
3432 5058 3590 5123 Deus,
3627 5063 3695 5115 al-

2125 5133 2459 5187 tarenomini
2488 5143 2577 5191 tuo
2622 5137 2852 5193 dicatum
2898 5142 3129 5197 caelestis
3184 5146 3393 5202 virtutis
3441 5150 3692 5206 benedic—

2124 5219 2264 5275 tione
2291 5225 2582 5295 sanctiﬁca,
2606 5238 2660 5283 et
2688 5232 2935 5286 omnibus
2976 5233 3026 5285 in
3060 5243 3110 5287 te
3135 5238 3472 5301 Sperantibus
3503 5242 3689 5294 auxilii

2113 5343 2257 5416 turre
2280 5340 2473 5404 gestari
2504 5342 2731 5424 Solii-itm.
2752 5345 3687 5437 dttf‘ellhla‘lti‘iluittEdlllcgiflncall'ic.

2113 5414 2162 5437 nl
2214 5421 2262 5437 In
2295 5421 2674 5437 ,ιη-...νιηιιιιι-..ι
2718 5430 2768 5437 ...μ
2870 5431 2889 5437 ..
2933 5432 2997 5437 --.γ

2112 5414 2164 5455 et
2213 5406 2262 5457 in
2295 5412 2676 5493 commentario
2717 5414 2769 5467 in
2818 5413 3069 5493 Ordinem
3114 5416 3307 5493 iter},
3357 5419 3502 5487 §20,
3534 5425 3691 5493 cujus

2110 5479 2367 5529 sententia
2412 5480 2755 5535 confirmatur
2801 5500 2865 5535 ex
2906 5485 3161 5550 Gregorio
3225 5487 3458 5552 Turon.,
3523 5493 3561 5546 l.
3620 5496 3687 5551 de

2111 5540 2285 5595 Gloria
2342 5546 2516 5610 Mart.,
2568 5566 2684 5617 Cap.
2736 5552 2838 5605 Si):
2874 5540 3187 5623 deceptaque
3236 5566 3392 5622 turre,
3439 5560 3684 5618 diaconus

2110 5612 2160 5664 in
2188 5630 2285 5681 qua
2314 5620 2609 5687 mysterium
2637 5612 2881 5676 dominici
2910 5612 3136 5693 corporis
3166 5626 3461 5683 habebatur.
