4026 6318
212 350 314 407 ibi

1442 348 1639 404 LIBER
1680 350 2306 411 SACRAMENTORUM.
3405 368 3497 421 liii

3436 406 3498 419 ι-,ι

220 469 294 519 ιιιὶ
327 482 523 521 munus
573 467 828 530 ostende,
863 474 916 517 ιιι
948 464 1033 517 hic
1064 472 1520 516 sacramentorum
1556 461 1739 520 virtus.
1773 470 1823 512 et
1860 464 1895 515 A
1933 463 2107 526 popu'i
2138 465 2208 516 ιιιί
2232 506 2244 527 ,
2278 473 2328 517 et
2362 472 2548 531 persta
2580 472 2636 517 ttt
2663 465 2900 535 quisquis
2933 466 3031 522 ltoc
3061 470 3310 538 tctnplutn
3346 472 3503 527 bene.

226 569 468 610 votorum
499 556 813 609 obtineatur
842 555 1085 608 eil’ectus.
1115 553 1214 607 Per
1248 552 1525 604 Dominum
1558 561 1820 604 nostrum.

308 649 573 717 l’rtrfatio.
602 677 675 687 -—-
700 648 836 701 Vere
862 647 1076 713 dignum
1105 654 1157 696 et
1185 643 1383 712 justum
1409 652 1509 709 est,
1540 658 1746 707 :eqnum
1772 652 1827 696 et

229 743 499 805 salutare,
531 755 628 793 nos
660 740 754 792 tibi
799 753 1012 807 semper
1059 745 1115 790 et
1164 736 1359 805 ubique
1411 739 1606 803 gratias
1646 750 1823 803 agere,

236 832 461 885 Domine
480 841 681 893 sancte,
712 831 865 883 Pater
886 828 1225 896 omnipotens
1249 867 1263 890 ,
1296 840 1493 880 :e'erne
1526 826 1701 879 Deus:
1732 841 1825 893 per

232 935 394 988 quem
427 929 474 973 te
502 920 771 987 supplices
800 918 1173 986 deprecamur,
1210 926 1265 969 ut
1297 916 1462 969 altare
1500 915 1597 968 hoc
1626 914 1827 968 sanctis

232 1010 417 1061 ns:bus
439 1020 792 1076 praeparatum
819 1007 1025 1063 caelesti
1054 1007 1391 1061 dedicatione
1414 1004 1731 1059 sanctifices.
1762 1004 1828 1058 Et

230 1097 376 1150 sicut
426 1097 815 1151 Melchisedech
866 1096 1161 1150 sacerdotis
1204 1095 1453 1163 prazcipui
1498 1094 1823 1148 ohlatitnem

232 1188 542 1255 dignatione
573 1187 799 1240 mirabili
833 1185 1133 1254 suscepisti,
1165 1186 1232 1237 ita
1266 1186 1516 1253 imposita
1544 1184 1662 1238 huic
1687 1198 1826 1238 novo

234 1278 391 1331 altari
423 1294 642 1332 munera
670 1292 882 1345 semper
905 1284 1119 1345 accepta
1145 1276 1285 1330 ferre
1310 1276 1565 1345 digneris,
1591 1284 1646 1329 ut
1665 1291 1825 1345 popuv

230 1367 315 1419 lus
344 1366 438 1435 qui
468 1366 519 1419 in
548 1366 683 1419 hanc
711 1366 960 1419 Ecclesia:
982 1367 1194 1420 domum
1224 1373 1458 1417 sanctam
1484 1366 1817 1429 eoavenerit,

233 1471 330 1523 per
373 1454 489 1509 haec
535 1455 787 1508 libamina
840 1453 1045 1509 cwlesti
1098 1471 1224 1507 sattc
1254 1452 1514 1508 iiicatione
1566 1455 1825 1520 salvatus,

230 1548 533 1598 ananarum
564 1559 779 1614 quoque
826 1557 1041 1597 sitarum
1074 1544 1301 1598 salutem
1343 1554 1651 1613 perpetuam
1699 1557 1826 1597 con-

234 1646 508 1703 sequatur.
544 1636 643 1691 Per
672 1650 826 1705 quem
860 1634 1201 1703 Majestatem.

306 1725 437 1779 Item
481 1725 749 1796 Prw/alio.
789 1755 857 1765 —
895 1723 1032 1780 Vere
1071 1724 1288 1793 dignum
1328 1734 1383 1780 et
1436 1724 1639 1794 justum
1702 1732 1779 1777 est
1807 1765 1822 1789 ,

1931 552 2042 604 licia
2064 554 2321 621 petiturus
2345 556 2636 625 ingreditur
2653 567 2839 611 cuncta
2864 575 2921 614 se
2944 561 3254 628 impetrasse
3277 563 3500 617 lmtctur.

1930 640 2029 694 Per
2064 644 2365 700 Dominum.

2001 732 2168 799 Super
2195 735 2382 788 oblata.
2416 765 2479 776 —-
2514 738 2720 803 Annue,
2746 754 3067 808 qtttesnmus,
3100 742 3342 807 Domine,
3385 758 3503 809 pre-

1928 821 2079 874 cibus
2108 826 2323 888 nostris,
2355 832 2409 876 ut
2442 826 2741 896 quicunque
2774 829 2907 882 intra
2939 833 3117 898 templi
3144 832 3320 900 hujus,
3351 833 3535 921 cujus,

1928 912 2345 965 anniversarium
2387 914 2733 970 dedicationis
2757 918 2896 972 diem
2943 921 3296 987 celebramus,
3338 912 3533 975 ambi-"’

1928 1011 2037 1056 tum
2056 1005 2410 1069 continentur,
2443 1005 2592 1071 plena
2620 1008 2710 1061 tibi
2742 1020 2900 1079 atque
2926 1013 3153 1080 perfecta
3184 1016 3426 1081 corporis
3450 1028 3502 1069 et

1926 1096 2117 1149 animm
2146 1097 2428 1152 devotione
2457 1098 2777 1167 placeamus,
2810 1112 2886 1168 ut,
2925 1104 3048 1157 dum
3081 1106 3191 1159 haec
3225 1106 3501 1175 prmseutia

1928 1195 2047 1239 vota
2092 1188 2380 1255 reddimus,
2415 1189 2477 1242 ad
2511 1198 2707 1244 :t-tcrna
2738 1207 2949 1258 praemia
2983 1204 3033 1248 te
3062 1196 3346 1263 adiuvante
3388 1211 3505 1265 per-

1930 1278 2110 1331 venire
2141 1294 2464 1333 mercamur.
2502 1280 2622 1333 Per.

1999 1367 2268 1439 Prwfatio.
2298 1398 2363 1410 —-
2402 1370 2533 1424 Vere
2564 1370 2777 1440 dignum
2806 1380 2859 1425 et
2901 1371 3101 1441 justum
3143 1384 3255 1437 est,
3296 1392 3503 1443 a-qnum

1927 1469 1977 1513 et
2008 1460 2258 1525 salutare,
2303 1476 2400 1514 nos
2432 1460 2525 1514 tibi
2552 1474 2765 1530 semper
2793 1472 2845 1516 et
2872 1463 3064 1532 ubique
3093 1465 3286 1533 gratias
3315 1482 3471 1535 agere
3490 1508 3504 1531 ,

1931 1552 2147 1605 Domine
2188 1562 2401 1616 sancte,
2435 1552 2590 1606 Pater
2620 1554 2980 1621 omnipotens,
3008 1567 3208 1611 aeterne
3241 1557 3377 1611 Deus
3410 1574 3422 1610 ε
3453 1569 3508 1611 et

1930 1657 2023 1710 pro
2054 1656 2224 1695 annua
2253 1643 2535 1697 devotione
2568 1643 2887 1698 tabernaculi
2926 1645 3076 1713 hujus
3126 1646 3379 1700 honorem
3411 1648 3505 1700 tibi
3545 1713 3548 1716 ἢ

1928 1732 2159 1786 debitum
2193 1733 2410 1799 referre,
2456 1748 2549 1802 per
2592 1733 2860 1788 Christum
2897 1734 3176 1789 Dominum
3230 1746 3506 1800 nostrum;

232 1833 441 1885 :Pquum
470 1826 527 1872 et
550 1818 803 1880 salutare,
838 1832 932 1871 nos
964 1816 1056 1871 tibi
1087 1832 1298 1885 semper
1325 1826 1377 1872 et
1408 1818 1601 1886 ubique
1629 1815 1824 1887 gratias
1859 1818 1900 1875 Β
1932 1823 2083 1893 cujus
2116 1824 2279 1878 virtus
2308 1840 2516 1895 magna,
2550 1826 2714 1894 pietas
2744 1826 2979 1895 copiosa.
3013 1828 3259 1896 Respice,
3291 1843 3504 1895 qumsu-

231 1923 416 1975 agere,
468 1907 691 1961 Domine
744 1917 947 1974 sancte,
1009 1908 1165 1962 Pater
1212 1910 1567 1976 tmnipotens,
1622 1918 1821 1963 mterne

236 1998 376 2050 Deus
412 2014 425 2051 :
458 1999 545 2066 qui
595 2011 713 2050 cum
768 1998 962 2065 ubique
1008 1998 1082 2051 sis
1115 2006 1276 2065 totus,
1311 2008 1365 2052 et
1402 2013 1523 2053 cum
1572 2000 1819 2052 universa

232 2096 316 2139 tua
348 2085 967 2153 ﬂajestatecontineas,
999 2085 1200 2140 sacrari
1230 2095 1406 2140 tamen
1441 2087 1533 2140 tibi
1569 2087 1683 2140 loca
1717 2087 1822 2140 tuis

231 2178 510 2247 mysteriis
561 2187 678 2245 apta
726 2176 971 2243 voluisti,
1022 2184 1078 2230 ut
1122 2177 1251 2246 ipsa:
1295 2177 1592 2231 orationum
1633 2177 1823 2233 domus

232 2268 539 2336 supplicum
574 2276 779 2320 mentes
803 2266 869 2320 ad
911 2267 1296 2321 invocationem
1330 2269 1402 2320 tui
1435 2267 1663 2321 nomims
1692 2268 1824 2322 inci-

230 2365 431 2411 tarent.
463 2356 711 2421 Etlunde,
746 2372 1072 2426 quzesumm,
1102 2371 1263 2425 super
1294 2357 1434 2411 hunc
1483 2356 1655 2411 locum
1705 2373 1824 2426 gra-

233 2449 361 2502 tiam
394 2457 571 2513 tuam,
620 2458 675 2502 et
722 2448 967 2502 euntibus
1016 2458 1069 2503 te
1113 2449 1481 2504 invocantibus
1526 2449 1707 2503 auxilii
1752 2450 1823 2503 ιιιὶ

234 2552 425 2592 munus
446 2538 691 2603 ostende,
719 2547 776 2591 ut
808 2539 889 2592 hic
916 2548 1369 2592 sacramentorum
1402 2540 1566 2591 virtus
1587 2537 1822 2591 omnium

230 2628 473 2683 ﬁdelium
504 2628 665 2683 corda
695 2628 994 2681 conﬁrmet.
1030 2628 1131 2683 Per
1154 2628 1399 2682 eumdem
1434 2629 1733 2682 Dominum.

304 2728 329 2754 ε
360 2719 680 2774 Benedictio.
704 2749 774 2759 —
802 2720 1086 2774 Benedicat
1111 2730 1160 2773 et
1190 2718 1455 2774 custodiat
1500 2733 1594 2772 vos
1646 2720 1820 2773 omni-

232 2819 427 2880 potens
466 2812 753 2873 Dominus,
785 2812 1107 2879 domumque
1138 2810 1274 2864 hanc
1297 2811 1376 2864 sui
1410 2810 1642 2863 muneris
1676 2826 1814 2879 pra:-

234 2903 408 2956 sentia
441 2903 728 2967 illustrare,
756 2911 916 2971 atque
944 2916 1055 2955 sute
1086 2901 1297 2971 pietatis
1322 2902 1505 2956 Oculos
1527 2916 1687 2970 super
1707 2916 1824 2955 eam

230 2994 320 3047 die
346 3008 410 3047 ac
440 3002 599 3048 nocte
639 2994 883 3062 dignetur
922 2991 1154 3059 aperire.
1207 2991 1401 3046 Amen.
1450 2991 1823 3060 Concedatque

234 3083 497 3152 propitius
527 3093 581 3135 ut
613 3096 800 3136 omnes
827 3082 915 3152 qui
947 3084 1015 3136 ad
1045 3081 1435 3136 dedicationem
1479 3081 1635 3150 hujus
1681 3080 1825 3135 basi-

234 3173 353 3227 liae
382 3173 573 3227 devote
616 3171 977 3239 convenistis,
1023 3171 1384 3225 intercedente
1430 3170 1585 3224 beato
1634 3168 1726 3223 Ill.
1772 3180 1823 3224 et
1850 3177 1897 3240 ο

235 3264 449 3317 cteteris
477 3263 679 3317 sanctis
707 3262 842 3327 suis,
887 3276 1111 3330 quorum
1144 3260 1383 3330 reliquias
1416 3260 1501 3313 hic
1552 3262 1636 3327 pio
1668 3275 1825 3314 vene-

236 3366 429 3409 rantur
458 3370 658 3419 amore
710 3354 1016 3420 vobiscum,
1067 3353 1189 3409 hinc
1239 3355 1444 3407 veniam
1488 3363 1824 3421 peccatorum

236 3457 533 3502 vestrorum
559 3458 835 3517 reportare
859 3446 1098 3502 valeatis.
1128 3447 1316 3501 Amen.
1351 3448 1617 3513 Quatenus
1641 3461 1826 3499 eorum

234 3540 548 3593 interventu
580 3540 681 3607 ipsi
710 3539 962 3607 templum
992 3538 1161 3593 sancti
1194 3538 1454 3603 Spiritus,
1486 3537 1536 3589 in
1565 3552 1669 3604 quo
1696 3552 1821 3589 san—

235 3639 324 3683 cta
356 3630 493 3684 Deus
520 3630 751 3683 Trinitas
778 3630 976 3699 iugiter
1022 3628 1262 3683 habitare
1311 3628 1577 3696 dignetur,
1626 3628 1823 3681 elticia-

240 3721 400 3786 mini,
432 3730 481 3775 et
505 3730 626 3787 post
652 3720 808 3789 hujus
832 3720 952 3774 vita:
980 3719 1208 3774 labentis
1240 3733 1521 3772 excursum
1548 3716 1611 3770 ad
1641 3717 1826 3786 gaudia

235 3825 445 3866 aeterna
475 3813 696 3866 feliciter
729 3811 1004 3880 pervenire
1058 3808 1389 3864 mereamini.
1435 3809 1623 3861 Amen.
1677 3808 1827 3872 Quod

235 3903 358 3970 ipse
392 3910 646 3969 pta-stare
675 3901 942 3970 dignetur.

323 3990 481 4063 154
509 3992 589 4044 Ad
618 3992 1002 4059 Complendum.
1034 4020 1104 4031 ——
1129 3989 1465 4057 Qnmsumus,
1496 3990 1829 4057 omnipotens

237 4084 407 4146 Deus,
443 4092 499 4135 ut
529 4083 579 4136 in
612 4082 713 4135 hoc
742 4084 894 4148 loco,
926 4096 1081 4149 quem
1114 4081 1311 4134 nomini
1342 4089 1430 4133 tuo
1457 4079 1655 4147 ittdigni
1685 4078 1829 4132 dira-

237 4175 442 4238 vimus,
471 4173 675 4227 iunctis
704 4173 1008 4242 petentibus
1046 4186 1205 4225 aures
1249 4182 1348 4224 tuae
1380 4171 1588 4238 pietatis
1618 4184 1828 4223 accotn-

236 4264 446 4317 modcs.
476 4258 599 4316 Per.
634 4262 644 4273 ’

317 4357 453 4408 Alia.
484 4385 554 4396 —-
583 4354 902 4409 Sanctorum
962 4363 1170 4406 tuorum
1200 4392 1212 4415 ,
1270 4350 1490 4404 Donnne
1512 4392 1524 4415 ,
1585 4349 1829 4417 precibus

236 4447 594 4507 conﬁdentes,
626 4459 959 4514 qumsumus,
1007 4451 1063 4496 ut
1092 4457 1186 4510 per
1234 4457 1293 4495 ea
1343 4456 1461 4509 qua:
1505 4438 1830 4506 sumpsimus

238 4547 442 4591 aeterna
468 4534 707 4589 remedia
733 4533 1022 4601 capiamus.
1061 4531 1180 4585 Per.

320 4630 487 4697 Super
525 4627 1133 4697 populum.--C0piosa
1188 4624 1462 4687 benclicia,
1504 4636 1829 4692 quaesumus,

238 4723 489 4785 Domine,
502 4718 841 4774 Christianus
853 4716 1075 4787 populus
1089 4725 1421 4782 assequatnr,
1441 4722 1493 4767 ut
1511 4713 1597 4782 qui
1612 4714 1661 4767 in
1678 4712 1834 4765 hoao-

240 4828 363 4867 rem
380 4819 685 4864 sanctorum
706 4818 912 4864 tuorum
928 4807 1197 4861 sacrandis
1215 4806 1307 4858 tibi
1324 4803 1590 4858 liminibus
1605 4804 1827 4857 devotus

239 4901 501 4967 occurrit,
542 4909 596 4955 et
630 4902 749 4954 vitae
774 4898 1003 4953 subsidia
1035 4897 1313 4966 praesentis
1338 4894 1581 4962 accipiat,
1616 4903 1670 4947 et
1714 4908 1828 4963 gra-

240 4996 377 5048 tiam
407 4993 748 5060 sempiternm
775 4990 1153 5057 redemptionis
1182 4987 1431 5041 inveniat.
1466 4985 1583 5039 Per.

319 5086 456 5138 Alia.
479 5114 552 5123 —
575 5084 745 5149 Dona,
779 5083 1017 5148 Domine,
1049 5083 1291 5135 virtutem
1322 5078 1512 5148 populo
1542 5086 1650 5145 tuo,
1675 5085 1729 5131 et
1756 5074 1830 5130 ef-

242 5182 349 5233 fice
378 5192 472 5231 nos
504 5176 761 5243 templum
794 5174 1023 5242 Spiritus
1071 5184 1260 5239 sancti,
1310 5181 1367 5225 ιιι
1417 5171 1507 5224 tibi
1560 5169 1626 5223 de
1673 5167 1834 5222 corde

239 5283 384 5339 puro
416 5268 789 5321 holocaustum
822 5264 1144 5332 acceptabile
1175 5276 1554 5331 praiparemus.
1584 5259 1684 5311 Per

368 5358 520 5427 (587)
550 5373 602 5410 is
631 5370 1015 5410 ANNIVERSAIHO
1044 5366 1409 5407 DEDICATIONIS
1434 5365 1706 5404 BASILICE.

324 5449 479 5513 Deus,
514 5448 605 5517 qui
641 5447 793 5501 nobis
842 5462 935 5515 per
973 5447 1207 5514 singulos
1252 5460 1420 5497 annos
1469 5443 1622 5510 hujus
1668 5441 1833 5496 Sancti

239 5540 430 5607 templi
456 5541 527 5593 tui
556 5537 979 5591 consecrationis
1003 5551 1220 5602 rej-aras
1240 5536 1403 5596 diem,
1428 5544 1479 5587 et
1506 5533 1671 5587 sacris
1696 5548 1837 5584 sem-

238 5645 344 5699 per
372 5629 642 5699 mysteriis
674 5638 1027 5698 reprmsentas
1057 5627 1345 5681 incolumes
1368 5667 1381 5691 ,
1414 5623 1602 5679 exaudi
1652 5637 1836 5690 preces

320 5774 343 5801 ⁸
375 5764 816 5819 Bettedictionem
842 5762 977 5816 hanc
1005 5778 1107 5817 non
1136 5762 1289 5816 habet
1322 5760 1766 5816 Denedictionale.

1857 4552 1916 4616 ι)

1927 1930 2065 1983 mus,
2095 1916 2159 1971 de
2186 1917 2343 1982 cmlo,
2372 1930 2422 1972 et
2454 1918 2589 1982 vide,
2619 1929 2672 1972 et
2702 1919 2851 1972 visita
2895 1919 3107 1972 domum
3157 1922 3334 1985 istam,
3381 1930 3435 1972 ut
3463 1920 3507 1972 si

1926 2007 2044 2075 quis
2087 2008 2137 2062 itt
2169 2023 2228 2062 ea
2263 2008 2460 2062 nomini
2514 2018 2602 2063 tuo
2629 2010 3025 2077 supplicaverit,
3078 2009 3305 2062 libenter
3343 2024 3505 2063 exau-

1925 2098 2069 2160 dias.
2102 2106 2153 2152 et
2180 2098 2620 2152 satisfacientibus
2676 2099 2903 2153 libenter
2950 2101 3210 2166 ignoscas.
3271 2099 3360 2151 Ilii:
3412 2099 3503 2151 tibi

1926 2192 2231 2245 sacerdotes
2262 2194 2333 2245 tui
2364 2191 2681 2244 sacriﬁcium
2716 2190 2884 2245 laudis
2925 2191 3145 2244 olicrant
3170 2233 3185 2254 ,
3218 2191 3302 2243 hic
3338 2191 3507 2243 lidelis

1928 2283 2151 2350 populus
2200 2293 2317 2334 vota
2347 2282 2633 2351 persolvat,
2668 2280 2754 2335 hic
2786 2290 3119 2350 peccatorum
3152 2298 3315 2335 onera
3347 2283 3507 2349 depo-

1929 2382 2140 2437 nantur,
2176 2373 2260 2426 hic
2291 2373 2420 2426 fides
2450 2382 2631 2426 sancta
2674 2371 2991 2438 stabiliatur,
3023 2372 3107 2426 hic
3156 2374 3324 2440 pietas
3353 2373 3506 2426 abso-

1928 2466 2037 2518 luta
2068 2465 2270 2527 redeat,
2304 2463 2391 2516 hic
2436 2462 2689 2531 iniquitas
2720 2463 2997 2516 emendata
3048 2463 3306 2517 discedat.
3360 2463 3508 2515 Inve-

1929 2552 2037 2606 niat
2068 2552 2205 2620 apud
2239 2560 2306 2615 te,
2347 2552 2585 2615 Domine,
2606 2553 2785 2606 locum
2812 2554 3000 2619 venim,
3026 2555 3327 2622 quicunque
3353 2553 3506 2608 satis-

1931 2646 2127 2698 faciens
2156 2645 2256 2697 ltuc
2276 2641 2589 2710 confugerit,
2617 2651 2670 2696 et
2690 2642 2905 2697 conscio
2933 2644 3116 2697 dolore
3135 2643 3301 2697 victus
3323 2644 3509 2696 altaria

1930 2746 2014 2790 tua
2052 2734 2179 2788 rivis
2206 2749 2417 2786 suarum
2442 2732 2631 2787 eluerit
2662 2734 3036 2803 lacrytnartttn.
3069 2733 3184 2796 llic,
3214 2734 3259 2788 si
3298 2735 3508 2803 quando

1930 2827 2153 2896 p0pulus
2182 2833 2301 2878 tuus
2332 2825 2497 2879 tristis
2528 2834 2855 2893 mmstuSque
2880 2825 3207 2891 cenvenerit,
3235 2827 3509 2894 acquiesco

1930 2918 2124 2987 rogari,
2158 2926 2211 2970 et
2237 2925 2453 2985 rogatus
2482 2915 2695 2983 indulge
2727 2916 3043 2983 petentibus.
3076 2914 3179 2969 Per
3207 2932 3382 2983 quem.

2003 3008 2082 3060 Ad
2106 3004 2893 3076 Complendum.—Multiplica,
2921 3005 3161 3070 Domine,
3186 3019 3505 3073 quaesumus,

1934 3115 2026 3168 per
2058 3099 2172 3153 haec
2200 3108 2403 3163 sancta,
2436 3114 2553 3168 quae
2583 3098 2927 3165 sumpsimus,
2962 3095 3238 3150 veritatem
3286 3108 3424 3148 tuam
3456 3094 3509 3147 in

1930 3195 2170 3247 omnibus
2209 3192 2431 3254 nostris,
2464 3200 2519 3242 ut
2551 3200 2601 3243 te
2634 3190 2683 3242 itt
2713 3192 2907 3255 tcmpfo
2934 3198 3117 3242 sancto
3157 3186 3354 3256 jugiter
3382 3185 3512 3239 ado-

1932 3300 2127 3350 remus,
2163 3294 2215 3339 et
2246 3284 2296 3337 itt
2328 3291 2611 3353 conspectu
2641 3291 2732 3335 tuo
2760 3294 2878 3334 cum
2922 3277 3120 3333 sanctis
3148 3278 3351 3348 angelis
3397 3278 3510 3346 glo-

1932 3379 2148 3431 rientur.
2179 3375 2300 3432 Per.

2007 3468 2159 3537 155
2192 3466 2361 3529 Super
2398 3465 2586 3519 oblata.
2617 3493 2685 3503 —
2718 3464 2887 3525 Deus,
2920 3461 3005 3528 q‘tti
3041 3459 3330 3513 Ecclesium
3365 3466 3506 3509 tuam

1934 3558 2199 3625 Unigeniti
2236 3557 2305 3610 tui
2338 3570 2584 3623 Sponsam
2624 3568 2815 3606 vocare
2840 3552 3084 3620 dignatus
3110 3563 3190 3611 es,
3223 3558 3383 3616 utque
3413 3553 3508 3601 ha-

1934 3654 2080 3707 beret
2103 3649 2320 3719 gratiam
2351 3663 2441 3717 per
2473 3645 2591 3700 ﬁdei
2621 3645 2756 3699 dero
2782 3642 2979 3709 iouem,
3011 3640 3227 3694 haberet
3252 3639 3409 3693 etiam
3442 3654 3506 3691 ex

1935 3740 2148 3793 nomine
2182 3740 2448 3807 pietatem,
2482 3736 2546 3789 da
2577 3745 2631 3788 ut
2657 3733 2829 3787 omnis
2859 3732 2969 3785 lure
3003 3730 3147 3798 plebs
3192 3728 3391 3781 nomini
3420 3740 3508 3782 litt)

1934 3829 2170 3885 serviens
2212 3828 2367 3896 hujus
2400 3840 2477 3879 vo:
2500 3824 2641 3879 abuli
2670 3820 2939 3878 consortio
2967 3821 3121 3889 digna
3153 3834 3273 3873 esse
3304 3834 3508 3874 nterea.

1936 3929 2039 3973 tur.
2090 3920 2155 3972 Et
2180 3916 2414 3971 Ecclesia
2455 3923 2541 3969 tua
2572 3914 2624 3968 in
2659 3912 2874 3982 templo,
2922 3911 3070 3980 cujus
3119 3911 3514 3965 anniversarios

1934 4010 2281 4067 dedicationis
2310 4008 2424 4063 dies
2451 4006 2782 4067 celebratur,
2815 4005 2907 4057 tibi
2937 4003 3180 4070 cttllecta,
3214 4013 3264 4057 te
3307 4003 3511 4065 timeat,

1939 4114 1988 4158 te
2017 4103 2215 4170 diligat,
2248 4108 2297 4154 te
2325 4106 2576 4167 sequitur
2597 4136 2611 4160 ,
2642 4106 2699 4148 ut
2722 4096 2843 4148 dum
2872 4094 3065 4161 jngiter
3094 4092 3323 4165 pecejus
3352 4094 3513 4144 vesti-

1936 4196 2016 4264 gia
2048 4192 2316 4262 graditur,
2363 4190 2428 4243 ad
2479 4188 2717 4243 caelestia
2766 4186 3046 4255 promissa,
3102 4185 3216 4252 ipso
3260 4184 3511 4246 ducente,

1938 4285 2214 4356 pervenire
2238 4288 2523 4337 mereatur.
2551 4278 2651 4345 Qui
2682 4286 2875 4331 tecum.

2280 4395 2430 4470 (588)
2462 4410 2512 4449 IN
2540 4408 2732 4450 VthLtA
2760 4404 3156 4447 aposrownuu.

2011 4513 2258 4569 Concede
2285 4511 2457 4573 nobis,
2485 4521 2809 4577 quaesumus,
2845 4504 3181 4573 onmipotens
3214 4502 3370 4564 Deus,
3397 4518 3516 4555 vcn-

1939 4618 2109 4663 turam
2138 4602 2360 4674 apostoli
2402 4598 2479 4654 tui
2507 4597 2532 4651 Ι
2543 4598 2599 4651 ll.
2631 4593 3018 4650 solemnitatem
3050 4606 3284 4661 congruo
3311 4604 3513 4659 praeve-

1940 4701 2054 4753 nire
2082 4698 2301 4759 honore,
2326 4701 2380 4748 et
2404 4691 2703 4747 venientem
2730 4686 2890 4756 digna
2913 4684 3185 4739 celebrare
3210 4682 3511 4737 devotione.

1939 4791 2059 4846 Per.

2013 4882 2178 4952 Super
2207 4879 2395 4933 oblata.
2427 4901 2493 4915 --
2520 4875 2751 4941 Accepta
2782 4870 3001 4933 tibi‘sit,
3035 4868 3287 4932 Domine,
3319 4873 3518 4918 nostra:

1941 4974 2237 5031 devotionis
2266 4968 2481 5032 oblatio,
2514 4974 2568 5019 et
2605 4964 2670 5017 ad
2699 4957 3039 5029 apostolicam
3069 4956 3313 5021 puriores
3358 4955 3518 5008 iaciat

1942 5082 2039 5123 nos
2060 5066 2243 5120 venire
2270 5060 2632 5116 festivitatem.
2666 5053 2788 5107 Per.

2014 5155 2283 5224 Praefatio.
2304 5179 2375 5190 —
2402 5149 2537 5203 Vere
2563 5146 2780 5213 dignum
2808 5152 2856 5196 et
2878 5140 3077 5211 justum
3107 5147 3207 5199 est,
3232 5151 3438 5204 mquam
3465 5145 3519 5187 et

1944 5250 2193 5310 salutare,
2225 5257 2321 5297 nos
2370 5239 2462 5293 tibi
2499 5249 2710 5303 semper
2747 5241 2801 5286 et
2848 5229 3044 5299 ubique
3091 5228 3287 5295 gratias
3338 5239 3517 5293 agere,

1948 5341 2168 5398 Domine
2211 5345 2412 5397 sancte,
2452 5332 2607 5384 Pater
2635 5326 2993 5392 omnipotens,
3026 5330 3223 5375 atterne
3252 5318 3389 5372 Deus
3423 5334 3434 5369 :
3467 5327 3521 5371 et

1944 5433 2240 5488 venientem
2274 5424 2504 5479 natalem
2535 5418 2674 5474 beati
2712 5415 2937 5484 apostoli
2975 5413 3045 5466 tui
3080 5410 3168 5465 ιιι.
3202 5411 3376 5465 debita
3407 5426 3520 5464 scr-

1945 5529 2109 5582 vitute
2153 5517 2467 5591 praevenire,
2500 5510 2812 5580 suppliciter
2856 5508 3201 5562 obsecrantes
3251 5514 3304 5558 ut
3347 5503 3521 5572 ipsum

1947 5631 2042 5672 nos
2075 5612 2213 5684 apud
2257 5618 2399 5663 tuam
2430 5602 2767 5659 clementiam
2799 5598 3091 5655 sentiamus
3123 5594 3318 5650 habere
3346 5605 3519 5664 patro-
