4026 6304
591 310 690 366 165

1801 313 2042 368 SANCTI
2083 311 2405 369 GRECORII
2445 313 2654 368 MAGNI

3749 320 3856 374 164

588 435 734 484 num,
764 435 940 490 quem,
989 427 1074 473 tua
1104 420 1270 487 gratia
1302 419 1575 486 largiente,
1611 418 1900 472 meruimus
1944 428 2158 473 :cternac
2187 424 2234 482 Α
2264 435 2368 474 non
2412 422 2716 488 praesumit,
2750 421 3132 480 intercchione
3162 423 3301 480 beati
3352 428 3597 499 martyris
3631 430 3708 485 tui
3756 430 3849 486 Ill.

588 509 772 563 salutis
801 510 1068 575 suscipere
1099 509 1416 559 ministrum.
1456 507 1555 559 Per
1586 506 1873 562 Christum.

658 599 737 648 Ad
767 597 1239 663 Complemlum.-—
1260 595 1458 647 Prtesta
1490 595 1662 658 nobis,
1693 606 1892 651 aeterne
1921 597 2155 666 largitor,

588 691 703 759 ejus
739 690 930 757 ubique
973 689 1174 756 protegi
1203 689 1444 742 oratione
1481 688 1633 756 cujus
1661 690 1895 744 natalitia
1926 707 2018 760 per
2047 692 2160 746 haec

586 789 936 845 sancta,qua:
978 778 1322 845 sumpsimus,
1376 779 1552 831 votivo
1601 782 1954 846 prtevenimus
2005 780 2159 834 obse-

584 867 728 933 quio.
762 865 880 918 Per.

657 952 737 1003 Ad
764 951 1296 1020 Ve:peros.—Sancﬁ
1325 953 1396 1006 tui
1429 967 1542 1018 nos,
1568 967 1888 1023 quaesumus,
1918 955 2156 1020 Domine,

584 1039 679 1093 Ill.
714 1041 937 1107 apostoli
966 1041 1297 1108 solemnitas,
1331 1057 1488 1111 quam
1522 1043 1893 1111 praavenimus,
1932 1053 2160 1107 tueatur,

584 1131 707 1198 quia
737 1138 883 1184 tanto
903 1131 1198 1184 liducialius
1228 1141 1316 1185 tuo
1339 1132 1536 1184 nomini
1562 1133 1937 1200 supplicamus,
1966 1146 2161 1202 quanto

583 1220 909 1288 frequentius
974 1223 1334 1289 apostolorum
1389 1223 1857 1279 intercessionibus
1908 1223 2160 1281 confove-

583 1325 722 1364 tnur.
757 1312 855 1365 Per
887 1311 1165 1365 Dominum
1197 1323 1455 1366 nostrum.

657 1401 1092 1466 Alia.—Deus,
1143 1409 1351 1454 tuorum
1404 1402 1567 1470 gloria
1612 1403 1898 1469 justorum,
1947 1411 2159 1473 praesta,

584 1503 887 1556 quaesumus
911 1529 925 1554 ,
958 1499 1013 1542 ut
1045 1491 1214 1546 sancti
1255 1491 1327 1543 tui
1370 1489 1486 1555 Ill.,
1519 1490 1668 1558 cujus
1716 1492 1853 1544 diem
1905 1494 2163 1562 passionis

585 1581 904 1636 celebrando
934 1584 1313 1650 prmvenimus,
1342 1585 1631 1637 sentiamus
1661 1585 1935 1638 auxilium.
1969 1585 2088 1640 Per.

658 1673 736 1724 Ad
764 1671 1067 1725 Matutinos.
1097 1701 1167 1710 —
1190 1672 1349 1738 Deus,
1381 1674 1472 1741 qui
1504 1688 1562 1726 es
1591 1675 1824 1727 omnium
1856 1683 2160 1730 sanctorum

2263 511 2474 579 assequi
2504 520 2790 565 mereatur.
2823 512 2926 567 Per
2956 514 3238 570 Dominum
3267 526 3530 572 nostrum.

2335 599 2469 650 Alia.
2500 628 2568 637 —
2597 599 2755 665 Deus,
2787 603 2968 656 mundi
2999 603 3225 658 Creator
3251 614 3306 659 et
3344 617 3541 672 rector,
3585 609 3675 674 qui
3709 610 3853 666 hunc

2260 685 2400 739 diem
2433 688 2483 741 in
2517 688 2657 742 beati
2688 689 2774 743 Ill.
2809 696 3064 762 martyrio
3089 696 3433 758 consecrasti,
3457 698 3696 752 concede
3727 716 3854 768 pro.

2264 774 2442 841 pitius,
2482 785 2537 829 ut
2565 792 2750 832 omnes
2772 780 2859 848 qui
2885 782 3125 851 martyrii
3153 783 3271 853 ejus
3307 786 3496 841 merita
3523 797 3854 845 venerantur

2262 861 2732 920 intercessionibus
2782 866 2898 935 ejus
2943 867 3011 922 ab
3040 872 3256 926 aeternis
3298 874 3557 942 gehennae
3587 876 3852 933 incendiis

2265 949 2577 1008 liberentur.
2608 953 2728 1011 Per.

2579 1080 2725 1120 MISSA
2753 1080 2806 1121 IN
2834 1083 3027 1124 ΝΑτΔιι
3056 1086 3213 1126 υΝιιιε
3240 1088 3520 1130 ΜΛΒΠΒΙΒ.

2335 1172 2483 1242 (592)
2516 1174 2748 1242 \‘otivos,
2782 1177 3004 1234 Domine
3024 1220 3039 1248 ,
3071 1195 3396 1250 quzesumus,
3425 1186 3565 1241 beati
3597 1191 3846 1260 martyris

2265 1261 2339 1315 tui
2383 1261 2473 1317 Ill.
2505 1265 2690 1320 natalis
2719 1281 2816 1320 nos
2870 1277 3083 1338 semper
3128 1274 3396 1343 excipiat,
3436 1276 3527 1348 qui
3577 1289 3632 1334 et
3658 1281 3848 1349 jucun-

2264 1350 2479 1407 ditatem
2507 1355 2658 1409 nobis
2685 1372 2796 1410 sua:
2824 1358 3221 1426 glorificationis
3252 1365 3513 1434 infundat,
3545 1379 3599 1424 et
3627 1370 3720 1426 tibi
3751 1388 3847 1429 nos

2265 1443 2454 1497 reddat
2483 1455 2753 1515 acceptos.
2787 1449 2888 1503 Per
2920 1450 3201 1507 Dominum
3229 1465 3488 1512 nostrum.

2338 1555 2509 1627 Super
2542 1559 2730 1614 oblata.
2759 1590 2828 1600 —-
2854 1561 3144 1619 Prtesentia
3197 1583 3448 1636 munera,
3499 1587 3842 1641 quaesumus,

2268 1646 2511 1709 Domine,
2543 1650 2611 1703 ita
2639 1664 2827 1706 serena
2857 1653 3052 1721 pietate
3079 1656 3306 1726 intuere,
3338 1670 3394 1714 ut
3419 1667 3583 1718 sancti
3618 1667 3846 1735 Spiritus

587 1774 796 1816 morum
826 1765 1077 1832 splendor
1107 1735 1364 1817 mirabilis
1385 1735 1412 1827 ξ
1433 1765 1631 1833 quique
1675 1765 1813 1818 hunc
1841 1765 1978 1818 diem
2024 1765 2165 1820 beati
2199 1777 2240 1834 Β
2270 1735 2649 1834 perfundantur
2669 1739 3061 1834 benedictione,
3084 1747 3208 1802 etin
3236 1752 3430 1806 nostris
3452 1755 3700 1811 cordibus
3729 1772 3844 1812 eam

587 1854 809 1921 apostoli
841 1853 914 1907 tui
960 1854 1050 1908 Ill.
1099 1859 1353 1924 martyrio
1400 1857 1744 1921 consecrasti,
1797 1856 1861 1908 da
1916 1857 2165 1912 Ecclesiae

587 1953 691 1995 tua:
721 1942 785 1996 de
831 1943 1068 1996 natalitio
1117 1952 1277 1996 tanta:
1325 1943 1628 1996 festivitatis
1676 1944 1873 2009 laetari,
1922 1955 1999 2010 ut,
2047 1960 2165 2010 qua:

586 2034 948 2100 apostolorum
1007 2043 1215 2087 tuorum
1271 2033 1645 2101 praedicatione
1703 2035 1918 2100 floruit,
1979 2051 2162 2092 eorum

586 2128 847 2194 exemplis
869 2126 1140 2180 muniatur
1160 2135 1214 2180 et
1229 2126 1696 2180 intercessionibus
1743 2129 2043 2197 adjuvetur.
2068 2129 2169 2185 I‘cr

587 2216 865 2269 Dominum
900 2224 947 2268 ει.

887 2318 1034 2358 ιιιεελ
1063 2318 1113 2356 IN
1143 2318 1341 2358 ιἰσιιιιι
1371 2318 1521 2358 υΝιυε
1549 2318 1826 2360 ΜΔῙΠὙΒΙΒ.

652 2394 985 2458 Quaesumus,
1018 2394 1354 2460 omnipotens
1408 2395 1569 2458 Deus,
1614 2404 1673 2448 ut
1719 2404 1899 2448 nostra
1931 2394 2164 2461 devotio,

586 2500 706 2553 qua:
732 2486 963 2538 natalitia
999 2486 1134 2538 beati
1163 2483 1254 2538 Ill.
1298 2482 1450 2552 (589)
1481 2487 1727 2555 martyris
1763 2486 2050 2551 antecedit,
2082 2501 2170 2555 pa-

589 2578 811 2632 trocinia
847 2577 994 2630 nobis
1027 2576 1142 2645 ejus
1170 2578 1489 2630 accutnulet.
1526 2577 1645 2631 Per.

666 2671 820 2741 156
849 2669 1014 2736 Super
1044 2671 1228 2721 oblata.
1263 2698 1331 2708 —
1364 2668 1666 2737 Magnifica,
1719 2670 1973 2733 Domzne,
2026 2669 2168 2723 beati

592 2756 682 2814 Ill.
727 2757 986 2813 solemnia
1015 2771 1382 2821 recensemus,
1413 2771 1531 2826 qua:
1556 2797 1570 2821 ,
1617 2756 1871 2824 promptis
1917 2756 2170 2813 cordibus

588 2849 902 2913 ambientes,
937 2847 1126 2900 oblatis
1153 2846 1457 2900 muneribus
1486 2855 1539 2900 et
1566 2848 1883 2914 suscipimus
1914 2854 1968 2902 et
2012 2846 2168 2915 prati-

589 2953 724 2992 mus.
757 2938 856 2991 l’er
888 2937 1165 2990 Dominum
1191 2946 1455 2990 nostrum.

662 3025 932 3094 Praefatio.
956 3053 1026 3063 —
1052 3023 1185 3078 Vere
1211 3025 1426 3093 dignum
1454 3034 1505 3078 et
1525 3026 1724 3094 justum
1747 3035 1849 3095 est,
1881 3044 2087 3098 mquum
2114 3040 2168 3085 et

2270 1828 2604 1884 dilectionem
2642 1833 2794 1903 157
2821 1835 3042 1891 validius
3073 1838 3374 1906 infundant,
3422 1860 3516 1912 per
3540 1862 3696 1915 quam
3725 1864 3843 1904 san-

2267 1922 2384 1969 ctus
2409 1927 2607 1988 martyr
2628 1917 2719 1974 Ill.
2741 1923 2917 1976 omnia
2939 1928 3179 1992 corporis
3198 1937 3459 1987 tormenta
3483 1935 3697 1991 devicit.
3729 1939 3843 1993 l’er.

2341 2027 2700 2098 Pra'fatio.—
2729 2033 2862 2088 Vere
2889 2035 3102 2105 dignum
3147 2049 3199 2092 ct
3233 2039 3432 2109 justum
3473 2054 3572 2110 est,
3621 2061 3842 2118 aequum

2270 2126 2325 2171 et
2352 2119 2606 2183 salutare,
2637 2135 2734 2175 nos
2761 2122 2850 2175 tibi
2877 2137 3090 2194 semper
3110 2135 3167 2181 et
3213 2128 3406 2200 ubique
3436 2136 3636 2201 gratias
3663 2153 3842 2206 agere.

2274 2209 2496 2264 Domine
2527 2223 2733 2277 sancte,
2766 2213 2924 2268 Pater
2950 2219 3306 2288 omnipotens,
3353 2234 3558 2282 aeterne
3592 2228 3732 2284 Deus
3757 2250 3770 2283 :
3793 2243 3840 2286 et

2271 2298 2324 2353 in
2371 2302 2620 2369 praesenti
2664 2305 2951 2362 festivitate
2997 2308 3166 2363 sancti
3222 2315 3469 2381 martyris
3500 2317 3573 2371 tui
3627 2318 3717 2375 Ill.
3753 2322 3840 2376 tibi

2271 2391 2576 2448 confitendo
2607 2395 2782 2450 laudis
2822 2397 3034 2453 Hostias
3081 2402 3390 2470 immolare;
3445 2418 3694 2478 tuamque
3741 2413 3840 2466 im-

2270 2497 2509 2538 mensam
2537 2485 2787 2554 pietatem
2823 2489 3130 2558 implorare,
3153 2504 3209 2547 ut
3234 2496 3372 2550 sicut
3401 2497 3475 2551 illi
3504 2501 3698 2556 dedisti
3720 2516 3833 2559 cte-

2271 2571 2419 2627 Iestis
2455 2575 2678 2638 palmam
2724 2578 2998 2649 triumphi,
3041 2582 3140 2650 sic,
3187 2599 3254 2640 eo
3303 2588 3649 2659 suliragante,
3685 2594 3836 2649 nobis

2269 2665 2692 2720 emendationem
2726 2681 2787 2721 ac
2821 2674 3025 2724 veniam
3053 2673 3315 2731 concedas
3345 2680 3547 2744 peccati
3573 2697 3588 2745 ;
3615 2690 3674 2734 ut
3707 2683 3758 2735 in
3791 2694 3840 2738 te

2270 2753 2594 2809 exsultemns
2641 2758 2691 2810 in
2740 2759 3124 2831 misericordia,
3167 2766 3219 2821 in
3259 2782 3364 2836 quo
3394 2769 3483 2826 ille
3530 2771 3748 2829 laetatur
3787 2776 3840 2829 in

2269 2842 2458 2911 gloria.
2495 2844 2597 2900 Per
2625 2845 2917 2903 Christum,

2341 2930 2473 2984 Item
2499 2934 2603 2987 alia
2627 2934 2900 3007 Prtefatio.
2929 2967 2998 2978 -—
3025 2939 3158 2996 Vere
3191 2943 3406 3013 dignum
3429 2956 3484 3001 et
3506 2947 3711 3017 justum
3739 2963 3839 3019 est,

2270 3036 2481 3089 acquum
2511 3033 2566 3077 et
2593 3025 2847 3090 salutare,
2902 3042 3000 3083 nos
3029 3029 3119 3084 tibi
3160 3046 3372 3100 semper
3400 3046 3456 3090 et
3490 3037 3686 3107 ubique
3714 3055 3836 3109 gra-

588 3118 818 3172 salutare
840 3155 856 3182 ,
887 3133 982 3173 nos
1013 3119 1101 3173 tibi
1134 3134 1347 3190 semper
1390 3131 1442 3174 et
1492 3120 1684 3191 ubique
1714 3110 1931 3190 'gratias
1983 3139 2160 3194 agere,

2274 3112 2374 3164 tias
2428 3127 2628 3180 agere,
2696 3115 2923 3172 Domine
2981 3128 3194 3186 sancte,
3251 3122 3404 3178 Pater
3466 3127 3837 3197 omnipmens,

590 3209 813 3264 Domine
852 3219 1055 3274 sancte,
1084 3212 1242 3267 Pater
1268 3213 1627 3281 omnipotens,
1677 3225 1873 3269 aeterne
1905 3217 2040 3270 Deus
2070 3233 2084 3269 :
2114 3227 2166 3271 et

589 3299 802 3366 gloriosi
835 3298 926 3353 Ill.
978 3301 1225 3371 martyris
1277 3303 1360 3371 pia
1412 3305 1702 3358 certamina
1755 3309 2162 3374 prtecurrendo,

591 3388 741 3456 cujus
793 3391 1115 3445 honorabilis
1159 3408 1330 3446 annua
1384 3395 1692 3449 recursione
1744 3397 2072 3464 solemuitas,
2111 3412 2164 3454 et

588 3487 838 3544 perpetua
867 3495 1075 3548 semper
1104 3488 1158 3535 et
1201 3497 1332 3535 nova
1377 3492 1488 3548 est,
1520 3486 1642 3553 quia
1693 3495 1746 3539 et
1786 3487 1837 3538 in
1877 3498 2164 3558 conspectu

588 3579 691 3622 tua:
721 3571 1010 3639 Majestatis
1041 3585 1316 3640 permanet
1353 3591 1495 3631 mors
1544 3587 1750 3633 tuorum
1802 3583 2029 3648 pretiosa
2052 3582 2166 3653 jus.

586 3667 755 3711 torum
785 3673 835 3714 et
866 3662 1015 3732 (590)
1046 3675 1412 3722 restaurantur
1442 3670 1763 3724 incrementa
1797 3673 2011 3740 laztitite,
2043 3692 2163 3731 cum

585 3747 849 3802 felicitatis
890 3760 1102 3807 aeternae
1132 3756 1442 3811 recoluntur
1469 3760 1707 3813 exordia.
1739 3761 1842 3817 Per
1867 3763 2160 3823 Christum.

656 3837 736 3888 Ad
760 3836 1145 3905 Camp/endam.
1174 3872 1246 3882 -—
1273 3844 1464 3900 Sancta
1495 3856 1579 3900 tua
1598 3889 1612 3915 ,
1645 3850 1863 3906 Domine
1884 3894 1899 3919 ,
1941 3855 1992 3909 in
2024 3856 2162 3911 beati

589 3925 674 3981 Ill.
712 3932 955 4001 Illarlyris
984 3933 1132 4003 (591)
1161 3938 1393 4004 pretiosa
1418 3942 1682 4011 passione,
1707 3959 1862 4010 quam
1891 3947 2158 4015 praeimus,

586 4033 681 4071 nos
713 4021 1017 4086 refoveant,
1047 4024 1235 4091 quibus
1264 4035 1317 4080 et
1341 4027 1537 4096 jugiter
1567 4032 1842 4098 satiantur,
1872 4045 1923 4088 et
1952 4050 2163 4108 semper

581 4110 949 4166 desideramus
977 4115 1197 4181 expleri.
1235 4118 1334 4172 Per
1358 4121 1658 4176 Dominum.

654 4202 820 4270 Super
848 4203 1112 4272 populum.
1141 4237 1205 4248 —
1232 4210 1450 4275 Pril'Sla,
1477 4229 1799 4282 quaesumus,
1822 4220 2160 4289 omnipotens

585 4291 740 4360 Deus,
778 4301 832 4347 ut
866 4295 952 4364 qui
983 4298 1149 4350 sancti
1185 4303 1431 4369 martyris
1457 4305 1530 4356 tui
1560 4303 1655 4358 Ill.
1699 4309 1956 4363 solemnia
2007 4312 2159 4380 praei-

583 4397 719 4444 ntus,
754 4382 868 4449 ajus
897 4383 1053 4439 etiam
1083 4388 1304 4442 virtutes
1330 4389 1616 4445 imitemur.
1651 4393 1770 4448 Per.

2273 3209 2470 3255 mtcrne
2500 3201 2640 3257 Deus
2667 3221 2678 3255 :
2705 3214 2758 3258 et
2784 3215 2834 3259 le
2877 3207 2926 3260 in
2972 3211 3206 3263 omnium
3238 3221 3524 3282 martyrum
3556 3219 3838 3288 triumphis

2272 3288 2511 3345 laudare.
2536 3294 2796 3357 Quoniam
2838 3299 2940 3349 tu's
2969 3298 3122 3352 donis
3160 3308 3319 3368 atque
3362 3307 3671 3362 muneribus
3704 3310 3838 3364 beati

2273 3384 2525 3451 martyris
2557 3383 2630 3438 tui
2658 3383 2750 3438 Ill.
2787 3388 3082 3454 passionem
3107 3389 3362 3447 hodierna
3387 3391 3727 3453 solemnitate
3757 3416 3837 3457 ve-

2272 3489 2538 3542 neramur,
2575 3477 2662 3545 qui
2696 3493 2790 3545 pro
2833 3478 3169 3537 confessione
3215 3485 3339 3538 Iesu
3369 3487 3563 3543 Christi
3613 3489 3740 3545 Filii
3773 3493 3840 3546 tui

2271 3565 2477 3620 Domini
2507 3569 2671 3622 nostri
2704 3568 2910 3624 diversa
2941 3573 3199 3641 supplicia
3232 3577 3502 3644 sustinuit,
3545 3587 3620 3644 cl,
3651 3584 3837 3636 eadem

2268 3657 2505 3724 vincens,
2533 3673 2783 3713 coronam
2807 3663 3177 3729 perpetuitatis
3201 3668 3510 3734 promeruit.
3536 3668 3637 3724 Per
3655 3686 3838 3739 quem.

2338 3749 2488 3817 (595)
2517 3748 2648 3802 Item
2691 3751 2796 3804 alia
2836 3751 3104 3823 Praefatio.
3128 3784 3198 3794 --
3226 3756 3359 3811 Vere
3401 3757 3620 3826 dignum
3661 3770 3719 3814 et
3758 3761 3838 3828 ju-

2265 3844 2403 3890 stum
2425 3848 2526 3902 est,
2555 3853 2762 3907 (equum
2796 3849 2850 3893 et
2874 3842 3129 3908 salutare,
3165 3859 3261 3898 nos
3294 3844 3384 3899 tibi
3412 3859 3626 3915 semper
3649 3857 3705 3903 et
3737 3851 3840 3904 ubi-

2265 3939 2366 3991 quc
2388 3925 2581 3995 gratias
2610 3942 2788 3996 agere,
2821 3927 3042 3984 Domine
3062 3940 3268 3996 sancte,
3292 3932 3449 3986 Pater
3469 3936 3836 4004 omnipotens,

2265 4025 2464 4072 azterne
2496 4019 2654 4086 Deus,
2696 4034 2789 4089 per
2819 4020 3085 4078 Christum
3116 4024 3395 4080 Dominum
3437 4037 3677 4082 nostrum
3707 4044 3840 4084 :cu-

2259 4105 2347 4175 jus
2371 4109 2537 4176 gratia
2564 4108 2774 4164 beatum
2805 4108 2897 4164 Ill.
2925 4111 2975 4165 in
2998 4112 3354 4168 sacerdotium
3379 4115 3558 4184 elegit,
3591 4115 3836 4172 doctrina

2261 4203 2324 4254 ad
2359 4202 2748 4269 prmdicandum
2779 4205 2990 4271 erudiit,
3023 4208 3254 4274 potentia
3287 4208 3352 4261 ad
3380 4211 3834 4277 perseverandum

2261 4290 2614 4357 confirmavit,
2646 4302 2700 4345 ut
2731 4307 2823 4360 per
2847 4294 3232 4350 sacerdotalem
3265 4297 3484 4351 infulam
3530 4301 3837 4365 perveniret

2268 4381 2333 4433 ad
2364 4383 2605 4451 martyrii
2637 4383 2887 4452 palmam.
2918 4385 3230 4454 Docensque
3271 4388 3538 4456 subditos,
3569 4389 3838 4444 instruens

649 4470 728 4520 Ad
769 4470 821 4522 γ.
837 4488 1032 4540 speras.
1056 4504 1124 4515 —
1150 4477 1306 4544 Deus,
1334 4483 1421 4547 qui
1451 4482 1603 4535 nobis
1625 4484 1760 4537 beati
1792 4483 1883 4541 Ill.
1916 4491 2160 4558 martyris

2269 4470 2482 4525 vivendi
2526 4473 2793 4542 exemplo,
2824 4458 3146 4529 confirmans
3173 4475 3443 4544 patiendo,
3492 4478 3559 4531 ad
3587 4486 3639 4532 te
3675 4492 3835 4534 coro-

582 4557 657 4609 tui
705 4558 938 4613 natalitia
967 4562 1201 4628 gloriosa
1234 4567 1422 4634 prmire
1454 4571 1726 4640 concedis,
1779 4575 1977 4642 tribue,
2017 4557 2161 4647 qua:-

581 4661 784 4711 sumus,
814 4649 930 4717 ejus
978 4667 1075 4707 nos
1096 4669 1309 4722 semper
1337 4667 1389 4712 et
1437 4659 1710 4717 beneficiis
1762 4668 2061 4731 Drueniii.
2104 4681 2158 4726 et

580 4737 907 4793 orationibus
935 4741 1195 4810 adjuvari.
1229 4745 1348 4800 Per.

655 4829 787 4884 Alia.
818 4859 888 4872 —
915 4831 1074 4898 Deus,
1105 4835 1191 4900 qui
1224 4851 1320 4890 nos
1350 4837 1488 4892 beati
1520 4842 1767 4909 martyris
1799 4843 1872 4897 tui
1903 4841 1997 4900 Ill.
2027 4861 2154 4903 con-

579 4919 726 4972 cedis
754 4922 993 4978 natalitia
1023 4927 1336 4992 praevenire,
1367 4927 1482 4993 ejus
1514 4944 1609 4985 nos
1637 4932 1807 4988 tribue
1831 4934 2036 4991 meritis
2059 4937 2152 4992 ad-

574 5009 768 5076 juvari.
798 5012 917 5067 Per.

645 5100 727 5151 Ad
779 5099 1078 5158 Matutiizos.
1107 5133 1180 5148 -
1203 5104 1548 5176 OmnipOtens
1593 5113 1916 5182 sempiterne
1965 5116 2107 5175 Deus
2133 5160 2148 5187 ,

578 5188 825 5245 fortitudo
855 5196 1196 5263 certantium,
1226 5206 1279 5250 et
1307 5209 1594 5267 martyrum
1625 5203 1814 5269 palma,
1847 5206 2154 5264 solemnita-

576 5288 681 5332 tem
714 5281 981 5338 hodiernte
1010 5285 1114 5340 diei
1171 5290 1428 5358 propitius
1479 5292 1707 5358 intuere,
1758 5305 1809 5348 et
1856 5296 2147 5355 Ecclesiam

577 5381 716 5424 tuam
747 5374 993 5429 continua
1023 5374 1108 5452 fac
1133 5379 1440 5436 celebritate
1468 5381 1656 5448 laetari,
1688 5394 1742 5440 ut
1774 5386 1912 5454 quod
1947 5392 2146 5449 meritis

647 5522 668 5546 υ
703 5512 848 5597 Nulla
883 5514 965 5597 hic
999 5515 1146 5568 Missa
1173 5517 1530 5597 de_rommuni
1565 5525 1922 5597 apostolorum
1955 5523 2144 5597 legitur

573 5590 712 5633 s-cut
741 5581 871 5633 infra
892 5584 971 5665 tle
983 5581 1610 5665 futtitnunimartyrum,-
1632 5593 1854 5665 fortasse
1876 5581 2148 5665 quoioni-

577 5665 666 5702 ttes
699 5654 919 5717 apostoli
952 5653 1163 5709 Mssam
1198 5653 1451 5714 haberent
1487 5653 1770 5730 propriam.

2266 4562 2473 4617 nandus
2504 4565 2832 4632 perveniret,
2871 4568 2958 4636 qui
2989 4575 3384 4635 perseeutorum
3415 4567 3585 4622 minas
3615 4568 3835 4639 intrepi-

2262 4651 2362 4707 dus
2391 4664 2714 4723 superasset.
2747 4657 2909 4727 Cujus
2936 4659 3263 4715 interventus
3291 4674 3409 4727 nos,
3439 4675 3770 4730 quaesumus,
3807 4676 3837 4716 a

2261 4745 2458 4798 nostris
2488 4745 2707 4801 mundet
2735 4746 2964 4814 delictis,
2995 4749 3081 4817 qui
3114 4749 3210 4803 tibi
3235 4749 3433 4819 placuit
3461 4759 3538 4805 tot
3567 4749 3833 4806 donorum

2257 4836 2646 4904 praerogativis.
2680 4837 2780 4892 Per
2808 4854 2965 4907 quem
2997 4839 3346 4908 Majestatem.

2323 4923 2351 4962 δ
2378 4925 2691 4982 Benedictio.
2723 4929 2952 4985 —Beati
2997 4932 3246 5000 martyris
3292 4931 3374 4987 sui
3423 4929 3516 4985 Ill.
3564 4932 3832 4987 interces-

2254 5017 2406 5072 sione
2436 5032 2530 5073 vos
2563 5020 2816 5076 Dominus
2866 5022 3164 5091 benedicat,
3195 5032 3249 5078 et
3286 5023 3354 5076 ab
3383 5023 3524 5076 omni
3574 5024 3716 5077 malo
3749 5024 3831 5078 dc-

2253 5105 2452 5161 fendat.
2477 5108 2668 5164 Amen.
2703 5110 2967 5167 Extendat
2998 5114 3055 5180 in~
3080 5128 3174 5168 vos
3202 5113 3478 5168 dexteram
3510 5129 3619 5168 sua:
3652 5115 3830 5183 prepi-

2254 5200 2514 5263 tiationis,
2561 5202 2650 5270 qui
2695 5217 2815 5257 eum
2858 5205 3093 5272 suscepit
3123 5219 3215 5273 per
3244 5206 3499 5274 supplicia
3541 5207 3826 5274 passionis.

2253 5293 2446 5346 Amen.
2490 5293 2604 5358 Quo
2630 5293 2746 5362 ejus
2778 5294 2830 5347 in
2862 5296 2998 5349 coelo
3030 5295 3340 5349 mereamini
3370 5297 3568 5350 habere
3608 5311 3827 5350 consor-

2254 5385 2410 5445 tium,
2461 5383 2613 5450 cujus
2673 5385 2879 5440 devotis
2933 5386 3197 5440 mentibus
3249 5385 3300 5439 in
3355 5395 3495 5441 terra
3542 5387 3827 5441 celebratis

2274 5603 2285 5613 .
2319 5532 2346 5612 Ρ
2373 5537 2584 5616 Legitur
2616 5537 2668 5590 in
2704 5538 3140 5616 Benedictionali,
3170 5538 3260 5595 ubi
3292 5539 3611 5610 assignatur,
3653 5544 3704 5598 iu
3731 5561 3824 5598 na-

2247 5612 2434 5659 ttvttate
2464 5612 2612 5661 unius
2637 5613 2892 5677 martyris.
