4026 6316
206 318 308 375 163

1432 316 1632 371 LIBER
1672 312 1893 371 SACIiA
1906 318 1947 370 Μ
1960 318 2306 375 ENTUHUM.

3376 335 3478 390 166

208 431 565 501 mmmam“).
624 433 819 488 Amen.
866 430 1017 499 Quod
1068 431 1181 499 ipse
1223 446 1314 499 pra
1334 440 1477 484 stare
1527 430 1795 498 dignetur,
1829 435 1871 489 A
1974 430 2112 487 Alia.
2142 461 2211 473 -—
2240 434 2357 488 Sint
2388 434 2503 500 tibi,
2530 435 2770 502 Domine,
2802 452 3136 507 quaesumus,
3171 446 3336 499 nostri
3370 463 3475 501 tnu-

210 523 360 595 cujus
383 537 631 591 regnum.

284 615 363 666 Ad
406 611 806 682 Complendum.
838 611 1285 680 -—Sumpsmtus,
1336 611 1579 673 Domine,
1626 610 1798 664 sancti

216 704 309 759 ιιι.
341 705 591 774 martyris
618 702 962 757 solemnitate
991 702 1229 757 ctelestia
1257 710 1615 767 sacramenta,
1648 701 1800 769 cujus

215 796 505 864 sulfragiis,
538 805 866 862 qumsumus,
898 791 1138 860 largiaris
1169 800 1223 845 ut
1252 790 1392 860 quod
1437 789 1806 859 temporaliter

212 884 475 951 gerimus,
502 879 720 934 :eternis
742 879 951 950 gaudiis
977 893 1390 948 consequamur.
1415 879 1535 932 Per.

290 976 464 1043 Super
497 972 764 1044 populum.
796 1001 866 1012 ——
896 972 1023 1034 Fac,
1052 984 1380 1040 quaesumus,
1409 970 1631 1023 Domine
1661 969 1798 1022 Deus

214 1077 424 1131 noster,
448 1062 812 1118 intercedente
835 1061 989 1116 beato
1012 1070 1249 1130 martyre
1275 1071 1366 1115 tuo
1401 1059 1516 1124 lll.,
1548 1059 1797 1127 populum

216 1165 363 1209 tuum
394 1156 450 1209 in
484 1165 569 1208 tua
593 1154 878 1208 devotione
906 1152 1160 1221 gaudere,
1190 1152 1312 1221 quia
1347 1159 1599 1220 perpetua
1638 1159 1718 1203 est
1744 1156 1799 1202 et

214 1246 373 1315 plena
407 1244 650 1309 felicitas,
701 1247 745 1299 si
781 1246 1039 1299 bonorum
1085 1245 1323 1298 omnium
1366 1243 1658 1297 serviamus
1690 1243 1798 1296 Au-

216 1338 379 1391 ctori.
417 1337 519 1390 Per
549 1337 830 1391 Dominum
859 1343 1097 1388 nostrum
1123 1334 1304 1387 Jesum
1326 1333 1617 1388 Chridum.

290 1431 422 1484 Alite
472 1430 762 1483 Orationes.
794 1456 865 1468 —
894 1426 1074 1482 Sancti
1126 1425 1214 1479 Ill.
1261 1425 1512 1494 martyris
1555 1424 1650 1489 tui,
1697 1423 1800 1477 Do-

216 1521 379 1582 mine,
414 1533 511 1572 nos
538 1519 711 1572 oratio
736 1524 917 1571 sancta
950 1515 1216 1580 conciliet,
1251 1528 1369 1584 qua}
1395 1514 1561 1568 sacris
1587 1513 1799 1568 virtuti-

216 1624 318 1663 ous
351 1608 659 1662 veneranda
687 1607 931 1675 refulget.
963 1605 1065 1660 Per
1095 1605 1374 1659 Dominum
1408 1613 1669 1657 nostrum.

228 1719 251 1741 ο
295 1700 452 1769 153
483 1700 619 1753 Alia.
650 1727 723 1739 —-
752 1698 897 1752 Beati
946 1699 1193 1768 martyris
1230 1699 1302 1750 tui
1344 1696 1438 1752 Ill.
1467 1709 1765 1764 quaesumut

1905 535 2030 575 nera
2062 530 2208 591 grata
2250 524 2460 592 jejuuii,
2503 527 2625 593 quia
2660 535 2786 583 tunc
2832 530 3017 584 eadem
3066 532 3119 587 in
3163 543 3470 591 sant-torum

1904 611 1997 666 ιιι.
2044 614 2200 682 digna
2246 620 2754 676 commemoratione
2794 621 3109 697 deferimus,
3155 629 3200 684 si
3229 638 3282 684 et
3326 640 3477 685 actus

1906 703 2114 757 illorum
2144 706 2343 773 pariter
2371 710 2781 782 subsequamur.
2814 713 2937 768 Per.

1978 797 2136 869 159
2183 798 2320 851 Atia.
2346 829 2414 838 ——
2445 799 2646 856 Praesta
2672 843 2687 870 ,
2741 818 3045 871 quaesumus
3070 849 3084 873 ,
3139 810 3480 877 omnipotens

1902 883 2065 949 Deus,
2097 894 2154 937 ut
2184 886 2412 953 populus
2446 896 2569 942 tuus
2595 889 2660 943 ad
2702 891 2872 959 plena:
2901 894 3201 951 devotionis
3230 897 3476 954 allectum

1901 974 2174 1028 beatorum
2202 984 2495 1045 martyrum
2528 978 2620 1033 Ill.
2645 982 2899 1037 natalitiis
2925 999 3270 1054 praeparetur,
3295 997 3348 1044 et
3378 1004 3476 1042 eo-

1900 1076 2017 1116 rum
2048 1066 2343 1131 patrocinio
2369 1077 2727 1134 promerente,
2759 1074 2928 1139 plena:
2972 1079 3147 1146 capiat
3173 1079 3479 1133 securitatis

1900 1163 2265 1221 augmentum.
2295 1154 2394 1209 Per
2425 1156 2735 1212 Dominum.

1972 1243 2111 1296 Alia.
2140 1271 2211 1283 —-
2240 1243 2399 1309 Deus,
2424 1245 2515 1314 qui
2553 1260 2651 1302 nos
2676 1262 2850 1302 annua
2879 1252 3153 1308 beatorum
3186 1269 3478 1327 martyrum

1903 1342 2110 1387 tuorum
2147 1332 2237 1387 Ill.
2282 1336 2536 1391 solemnia
2562 1336 2904 1409 frequentare
2943 1345 3216 1411 concedis,
3260 1361 3474 1414 prtesta,

1899 1437 2235 1491 qutcsumus,
2284 1434 2425 1479 utet
2465 1428 2672 1483 devotis
2713 1429 2898 1484 eadem
2942 1433 3211 1487 mentibus
3246 1438 3483 1492 celebre-

1901 1529 2038 1580 mus,
2070 1524 2123 1569 et
2152 1530 2337 1571 eorum
2368 1518 2849 1577 intercessionibus
2878 1522 3211 1591 adjuvemur.
3244 1527 3344 1582 Per
3376 1528 3481 1583 Do-

1900 1603 2103 1659 minum
2137 1615 2396 1661 nostrum.

1970 1695 2051 1746 Ad
2082 1696 2382 1751 Matutinus.
2406 1727 2476 1737 —
2503 1699 2662 1766 Deus,
2694 1702 2781 1767 qui
2816 1702 3126 1757 hodiernam
3157 1706 3297 1759 diem
3340 1720 3475 1762 san-

218 1788 463 1853 Domine,
494 1790 739 1858 precibus
765 1789 1099 1858 adjuvemur,
1122 1799 1177 1843 et
1204 1789 1321 1857 ejus
1347 1790 1506 1859 digne
1535 1789 1795 1845 solemnia
1832 1793 1874 1854 Β
1900 1792 2105 1839 ctorum
2136 1795 2348 1841 tuorum
2382 1787 2475 1842 Ill.
2528 1791 2785 1861 martyrio
2830 1794 3180 1859 consecrasti,
3227 1796 3291 1849 da
3323 1798 3479 1852 nobis

212 1881 550 1935 celebrantes
597 1888 688 1934 tuo
737 1880 934 1935 nomini
979 1880 1059 1936 fac
1100 1896 1197 1935 nos
1243 1896 1458 1950 scruper
1487 1896 1607 1938 esse
1635 1881 1794 1936 devo-

216 1982 321 2025 tos.
350 1971 473 2026 Per.
1395 1992 1400 1996 ‘
1422 1990 1427 1997 '

282 2065 423 2117 Alia.
451 2093 524 2103 —
552 2063 698 2118 Beati
747 2066 993 2137 martyris
1049 2068 1263 2136 tuilll.,
1310 2083 1632 2137 quaesumus,
1692 2069 1799 2124 Do-

210 2157 379 2221 mine,
415 2171 514 2209 nos
555 2158 907 2225 patrocinium
956 2156 1204 2216 collatum
1238 2179 1341 2216 non
1385 2164 1619 2227 deserat,
1652 2164 1793 2232 quod

212 2246 555 2314 fragilitatem
586 2255 821 2301 nostram
862 2258 917 2302 et
950 2252 1196 2318 precibus
1225 2261 1434 2307 tueatur
1463 2263 1517 2309 et
1562 2256 1792 2311 meritis.

215 2334 336 2390 Per.

284 2427 425 2480 Alia.
448 2456 523 2467 —
550 2427 713 2492 Deus,
745 2431 833 2499 qui
872 2439 1108 2485 sanctam
1148 2431 1302 2489 nobis
1352 2433 1511 2503 hujus
1551 2434 1656 2489 dici
1703 2448 1794 2488 so-

219 2516 551 2572 lemnitatem
585 2534 685 2587 pro
721 2523 1229 2576 commemoratione
1267 2522 1406 2577 beati
1439 2524 1690 2595 martyris
1718 2526 1793 2579 tui

215 2604 305 2660 Ill.
334 2606 533 2675 fecisti,
579 2610 766 2664 adeSto
812 2609 1028 2666 familia:
1076 2621 1179 2666 tua:
1206 2613 1473 2682 precibus,
1525 2627 1578 2669 et
1627 2615 1694 2669 da
1739 2624 1797 2671 ut

210 2700 363 2768 cujus
394 2700 558 2756 hodie
591 2702 721 2756 festa
754 2702 1109 2772 celebramus,
1143 2704 1261 2774 ejus
1297 2706 1502 2761 meritis
1529 2716 1581 2760 et
1630 2708 1792 2764 inter-

209 2792 551 2847 eessionibus
579 2793 913 2862 adiuvamur.
949 2793 1051 2847 Per
1077 2794 1356 2849 Dominum
1388 2806 1645 2850 nostrttm.

280 2880 418 2934 Alia.
444 2910 517 2919 —
551 2881 704 2935 Plebs
746 2890 855 2947 tua,
902 2881 1151 2948 Domine,
1201 2883 1366 2938 sancti
1419 2885 1670 2955 martyris
1714 2885 1790 2939 tui

215 2968 305 3022 Ill.
341 2981 391 3025 te
440 2972 831 3040 gloriﬁcatinne
878 2971 1198 3040 magniticet,
1247 2983 1298 3027 et
1344 2975 1531 3028 eodem
1576 2988 1790 3043 semper

212 3072 486 3128 precante,
516 3074 568 3115 te
600 3077 900 3117 mereamur
928 3062 1126 3118 habere
1156 3074 1441 3119 rectorem.
1473 3064 1573 3119 Per
1604 3065 1784 3121 Domi-

213 3168 335 3205 11111ιὶ
362 3163 628 3207 nostrum.

281 3258 429 3298 ιιιεεΑ
464 3244 622 3313 (594)
669 3260 721 3298 ιη
770 3260 961 3299 νιοιιιλ
1011 3262 1350 3300 rLuutuonuu
1404 3254 1714 3304 lsnﬂnuu.

283 3334 568 3387 ﬂeatorum
617 3343 908 3402 martyrum
961 3334 1054 3391 Ill.
1106 3347 1152 3389 et
1202 3335 1292 3391 Ill.
1344 3339 1579 3392 nataiitia
1625 3354 1789 3395 vene-

216 3422 396 3484 randa,
431 3438 764 3490 quasumus,
798 3425 1041 3491 Domine,
1076 3425 1311 3480 Ecclesia
1361 3435 1446 3481 tua
1486 3428 1678 3482 devota
1710 3443 1793 3483 su-

213 3512 419 3581 scipiat,
450 3522 508 3568 et
534 3513 626 3567 ﬁat
652 3530 855 3584 magna:
880 3515 1282 3585 glorilicationis
1311 3532 1493 3572 amore
1521 3519 1786 3575 devotior.

212 3602 327 3656 Per.
1736 3666 1741 3672 .

244 3742 247 3743 ν
280 3693 454 3762 Super
476 3696 675 3746 oblata.
703 3723 772 3735 -—-
800 3694 922 3750 Haec
953 3696 1158 3762 Hostia,
1190 3696 1432 3763 Domine,
1461 3711 1787 3766 qumsumus,

211 3768 463 3839 emundet
510 3794 695 3840 nostra
733 3787 949 3852 delicta,
998 3796 1052 3842 et
1103 3788 1170 3842 ad
1218 3798 1492 3844 venturam
1535 3789 1791 3845 festivita-

212 3884 312 3927 tem
341 3884 369 3910 ⁸
403 3886 673 3930 tantorqu
715 3885 1003 3947 martyrum
1036 3887 1243 3934 tuorum
1286 3877 1378 3935 Ill.
1416 3880 1787 3935 celebrandam

208 3964 547 4017 subditorum
578 3965 682 4019 sibi
712 3980 935 4035 corpora
968 3977 1281 4037 mentesque
1311 3970 1628 4028 sanctilicet.
1665 3968 1786 4024 Per.

280 4051 556 4121 Prwfatio.
591 4083 663 4092 —
692 4054 826 4109 Vere
855 4055 1069 4125 dignum
1118 4066 1172 4111 et
1197 4059 1394 4124 justum
1438 4066 1539 4122 est,
1579 4073 1787 4128 mquum

210 4153 261 4195 et
285 4142 548 4207 salutare,
584 4156 682 4197 nos
713 4144 804 4198 tibi
828 4158 1042 4213 semper
1067 4152 1120 4200 et
1144 4145 1338 4215 ubique
1373 4148 1570 4215 gratias
1601 4163 1784 4213 agere,

212 4232 441 4287 Domine
486 4242 696 4298 sancte,
750 4233 903 4288 Pater
952 4237 1310 4304 omnipOtens,
1360 4248 1560 4292 mterue
1602 4238 1786 4299 Deus:

210 4324 593 4379 misericordiae
642 4325 816 4392 dator,
866 4336 921 4381 et
964 4327 1120 4382 totius
1151 4328 1405 4383 bonitatis
1443 4340 1646 4395 auctor,
1700 4334 1789 4402 qui

208 4416 463 4483 jejuniis,
517 4416 849 4472 orationibus
901 4429 954 4473 et
1008 4419 1380 4490 eleemosynis,
1447 4431 1785 4490 peccatorum

1898 1874 2121 1930 salutem
2168 1878 2361 1932 mentis
2384 1890 2437 1935 et
2475 1883 2747 1950 corporis,
2801 1894 2858 1938 ut
2903 1891 2959 1938 ct
2996 1886 3205 1941 illorum
3247 1903 3308 1957 pa
3340 1889 3477 1946 sioni

1897 1966 1969 2020 sit
1996 1971 2269 2024 veneratio
2295 1986 2358 2024 ex
2392 1982 2575 2027 nostra
2615 1971 2923 2041 devotione,
2955 1989 3006 2030 et
3038 1977 3191 2031 nobis
3216 1978 3473 2033 auxilium

1906 2062 2182 2129 proveniat
2215 2062 2282 2116 de
2310 2076 2495 2117 eorum
2543 2064 2877 2119 sanctissima
2908 2067 3308 2123 intercessione.
3352 2070 3476 2126 Per.

2191 2166 2242 2203 IN
2272 2167 2471 2207 NATALI
2497 2169 2835 2208 PLUKIHORUI
2865 2172 3176 2212 MARTYRUM.

1966 2240 2315 2309 Omnipotens
2362 2244 2689 2313 sempiterne
2738 2246 2909 2311 Deus,
2958 2248 3047 2317 qui
3099 2264 3195 2317 per
3245 2250 3466 2318 gloriosi

1900 2330 2036 2385 bella
2063 2334 2369 2388 certaminis
2399 2333 2464 2387 nd
2511 2336 2839 2391 immortales
2869 2338 3168 2407 triumphos
3211 2350 3473 2411 martyres

1901 2420 2156 2488 extulisti,
2214 2422 2282 2476 da
2331 2424 2583 2478 cordibus
2632 2426 2830 2483 nostris
2878 2427 3090 2497 dignam
3146 2444 3241 2497 pro
3286 2446 3470 2486 eorum

1895 2514 2400 2568 commemoratione
2454 2513 2722 2582 laetitiam,
2782 2525 2838 2571 ut
2881 2532 3105 2587 quorum
3158 2522 3472 2577 memoriatn

1900 2600 1984 2656 oio
2024 2614 2205 2655 amore
2234 2603 2630 2673 amplectimur,
2652 2619 2836 2660 eorum
2863 2608 3112 2677 precibus
3136 2609 3473 2677 adjuvemur.

1968 2692 2137 2763 Super
2166 2694 2358 2748 oblata.
2386 2725 2456 2735 -
2487 2695 2701 2751 Munera
2733 2697 2849 2762 tibi,
2886 2699 3128 2765 Domine,
3160 2710 3357 2755 nostrae
3382 2702 3476 2757 de-
3536 2757 3540 2762 ,

1896 2781 2127 2835 votionis
2158 2782 2453 2847 olferimus,
2485 2799 2604 2853 qua)
2621 2794 2677 2841 et
2708 2800 2803 2853 pro
2827 2795 3036 2842 tuorum
3066 2788 3157 2843 tibi
3182 2798 3330 2859 grata
3362 2792 3471 2845 sint

1897 2870 2099 2926 honore
2126 2871 2414 2940 iustorum,
2458 2882 2513 2928 et
2552 2875 2704 2930 nobis
2754 2876 3005 2931 salutaria
3062 2888 3113 2932 te
3158 2879 3469 2948 miserante,

1895 2962 2210 3017 reddantur.
2249 2964 2370 3019 Per.

1968 3052 2242 3123 Pratfatt’o.
2274 3083 2346 3093 —
2379 3054 2513 3111 Vere
2543 3057 2761 3127 dignum
2804 3069 2855 3114 et
2889 3058 3089 3127 justum
3118 3070 3219 3125 est,
3256 3078 3466 3132 aequum

1820 3149 1863 3209 C
1895 3159 1951 3200 et
1978 3144 2233 3210 salutare,
2269 3160 2367 3199 nos
2398 3146 2488 3200 tibi
2519 3161 2731 3215 semper
2760 3159 2815 3203 et
2844 3149 3040 3219 ubique
3061 3152 3258 3219 gratias
3285 3167 3467 3221 agere,

1892 3236 2116 3290 Domine
2164 3245 2372 3302 saneto,
2422 3234 2580 3290 Pater
2630 3238 2991 3305 omnipotens,
3042 3249 3243 3295 reterne
3276 3241 3463 3297 Deus:

1891 3329 1982 3398 qui
2013 3338 2319 3382 saneturum
2368 3338 2660 3398 martyrum
2698 3342 2906 3385 tuorum
2941 3335 3022 3399 pia
3065 3334 3356 3389 certamina
3396 3335 3462 3390 ad

1892 3420 2165 3490 copiosam
2216 3422 2464 3491 perducis
2493 3422 2792 3490 victoriam,
2839 3434 2996 3493 atque
3045 3435 3355 3495 perpetuum
3390 3429 3472 3483 eis

1897 3510 2105 3579 largiris
2138 3512 2482 3581 triumphum,
2515 3521 2572 3567 ut
2612 3514 2864 3569 Ecclesia:
2898 3522 2998 3568 tua:
3032 3530 3244 3584 semper
3274 3518 3383 3571 sint
3410 3518 3463 3573 in
3548 3563 3550 3565 μ

1893 3600 2236 3672 exemplum;
2276 3612 2469 3672 praesta
2508 3602 2680 3670 nobis,
2715 3617 3040 3674 quaesumus,
3066 3616 3123 3659 ut
3163 3620 3256 3673 per
3281 3621 3469 3662 eorum

1894 3694 2356 3760 intercessionem,
2413 3709 2638 3764 quorum
2683 3696 2811 3751 festa
2859 3695 3216 3764 celebramus,
3255 3698 3466 3765 pietatis

1886 3791 1995 3834 .tu:e
2026 3795 2241 3835 munera
2266 3783 2562 3849 capiamus.
2590 3783 2692 3837 Per
2723 3782 3015 3838 Christum.

1969 3870 2280 3924 Benedictio.
2305 3900 2375 3910 —-
2413 3871 2435 3906 ι»
2476 3872 2761 3927 Benedicat
2805 3873 2958 3928 vobis
2988 3875 3241 3930 Dominus
3283 3876 3468 3931 beato-

1894 3977 2013 4015 rum
2046 3974 2338 4031 martyrum
2373 3975 2588 4016 suorum
2620 3961 2649 4014 I
2675 3964 2711 4016 ι.
2746 3963 3034 4032 sulfragiis,
3082 3973 3138 4020 et
3184 3968 3371 4022 liberet
3400 3968 3471 4023 ab

1893 4048 2304 4105 adversitutibus
2350 4053 2578 4106 cunctis.
2612 4055 2803 4107 Amen.
2857 4054 3213 4110 Commendet
3242 4071 3336 4111 vos
3374 4072 3467 4111 eo-

1890 4152 2009 4196 rum
2041 4142 2353 4196 intercessio
2382 4143 2634 4211 gloriosa,
2662 4156 2888 4211 quorum
2936 4144 2989 4197 in
3029 4156 3317 4213 conspectu
3347 4147 3467 4213 ejus

1892 4242 1976 4287 est
2006 4248 2151 4287 mors
2196 4233 2451 4301 pretiosa.
2496 4233 2689 4287 Amen.
2725 4232 2795 4288 Ut
2840 4234 2981 4287 sicut
3024 4234 3098 4288 illi
3131 4249 3225 4301 per
3252 4235 3462 4291 diversa

1891 4337 2087 4394 genera
2114 4331 2502 4378 tormentorum
2531 4322 2765 4378 cmlestis
2809 4325 2958 4394 regni
2997 4334 3119 4379 sunt
3148 4325 3319 4379 sortiti
3353 4326 3461 4379 ha:-

1891 4414 2193 4480 reditatent,
2225 4414 2294 4468 ita
2325 4429 2418 4469 vos
2442 4428 2629 4469 eorum
2661 4415 2972 4469 mereamini
3002 4419 3329 4471 consortium
3364 4432 3459 4486 per

210 4507 453 4560 remedia
480 4516 534 4562 et
559 4508 814 4563 virtutum
847 4510 1083 4564 omnium
1116 4511 1305 4567 tribuis
1335 4513 1699 4581 incrementa;
1733 4523 1784 4571 te

1895 4505 2150 4559 bonorum
2204 4518 2425 4573 operum
2475 4502 2881 4561 exhibitionem.
2920 4503 3112 4561 Amen.
3159 4506 3311 4572 Quod
3348 4507 3465 4577 ipse

209 4596 397 4649 humili
447 4596 733 4653 devotione
779 4612 1057 4666 precamur
1087 4610 1143 4654 ut
1174 4601 1262 4671 qui
1302 4602 1500 4657 sanctis
1530 4604 1633 4659 tuis
1664 4604 1782 4673 ΙΙΙ..

211 4699 437 4752 quorum
484 4687 617 4739 festa
662 4687 1051 4755 prmvenimus,
1107 4692 1351 4762 martyrii
1391 4692 1583 4749 dedisti
1631 4707 1784 4750 coro-

209 4787 349 4839 nam,
382 4774 863 4832 intercessionibus
910 4792 1093 4833 eorum
1136 4781 1201 4834 ad
1234 4780 1348 4838 haec
1371 4784 1585 4854 agenda
1630 4786 1785 4842 nobis

208 4865 406 4918 tribuas
437 4866 760 4920 indefessum
805 4867 1115 4925 ellicaciam.
1148 4870 1250 4926 Per
1278 4872 1569 4931 Christum.

275 4959 354 5010 Ad
384 4956 871 5025 Comptendum.-—
898 4960 1065 5015 Pasce
1114 4975 1230 5029 nos,
1280 4961 1526 5030 Domine,
1572 4973 1781 5021 tuorum

206 5047 411 5113 gaudiis
444 5050 645 5116 ubique
672 5059 1004 5115 sanctorum,
1050 5051 1171 5118 quia
1218 5054 1645 5110 nostrmsalutis
1690 5071 1788 5111 au-

208 5152 420 5206 gmenta
454 5150 605 5205 sunt,
634 5142 845 5208 quoties
877 5142 978 5195 illis
1011 5142 1179 5198 honor
1204 5143 1551 5217 impenditur,
1582 5147 1636 5203 in
1666 5148 1783 5220 qui-

206 5231 300 5282 bus
334 5240 388 5283 tu
423 5230 687 5284 mirabilis
727 5231 1052 5299 praedicaris.
1097 5233 1221 5290 Per.

271 5318 446 5389 Super
508 5322 779 5390 populant.
818 5350 888 5361 —
930 5322 1155 5394 Protege
1179 5369 1192 5392 ,
1254 5328 1478 5382 Domine
1502 5368 1519 5397 ,
1572 5329 1781 5399 plebem

205 5417 373 5476 tuam,
404 5420 460 5464 et
488 5426 649 5479 quam
702 5419 991 5481 martyrum
1037 5424 1247 5470 tuorum
1291 5415 1383 5469 Ill.
1424 5418 1633 5473 aSsidua
1681 5423 1781 5477 tri-

205 5499 358 5552 buisti
406 5499 694 5554 festivitate
721 5501 990 5568 devotam,
1020 5504 1113 5558 tibi
1151 5520 1363 5575 semper
1390 5507 1632 5576 placitam
1665 5510 1780 5568 ﬁeri

205 5589 455 5653 precibus
481 5590 718 5647 concede
743 5591 1028 5659 justorum.
1060 5592 1181 5649 Per.

270 5716 294 5739 ε
317 5706 379 5759 In
411 5704 584 5760 Vatic.
618 5716 673 5761 ct
707 5709 969 5764 Cussanv.
1001 5712 1138 5767 Edit.
1174 5713 1364 5782 legitur
1391 5726 1701 5771 sanctorum.

1888 4603 2143 4664 praestare
2171 4595 2434 4665 dignetur.

1959 4685 2040 4739 Ad
2080 4685 2468 4755 Complendum.
2495 4715 2563 4730 σ-
2585 4685 2996 4754 Prastamobis,
3025 4687 3271 4755 Domine,
3312 4705 3460 4761 quae.

1886 4790 2091 4846 sumus,
2124 4786 2183 4832 ut
2207 4793 2326 4848 qua:
2352 4794 2449 4847 pro
2472 4789 2766 4851 martyrum
2796 4790 3004 4838 tuorum
3032 4781 3130 4840 Ill.
3152 4784 3309 4839 beata
3339 4801 3459 4854 pas-

1887 4871 2040 4925 sione
2069 4871 2394 4941 peregimus,
2443 4871 2681 4939 ipsorum
2713 4873 2866 4927 nobis
2907 4872 3034 4928 fiant
3074 4874 3460 4931 intercessione

1891 4961 2165 5027 salutaria,
2197 4961 2248 5016 in
2276 4976 2502 5030 quorum
2545 4963 2798 5017 natalitiis
2829 4972 2953 5019 sunt
2989 4965 3321 5019 exsultanter
3360 4968 3459 5020 im-

1890 5053 2050 5122 pleta.
2082 5051 2184 5107 Per
2210 5052 2489 5108 Dominum
2527 5061 2785 5107 nostrum.

1960 5144 2099 5199 Alia.
2124 5173 2195 5186 —
2220 5146 2568 5213 Omnipotens
2592 5144 2915 5212 sempiterne
2940 5144 3101 5209 Deus,
3133 5145 3222 5214 qui
3248 5144 3301 5199 in
3331 5160 3460 5200 san-

1888 5245 2095 5293 ctorum
2144 5246 2353 5290 tuorum
2399 5235 2648 5289 cordibus
2688 5236 2952 5289 ﬂammam
3008 5246 3108 5290 tum
3157 5237 3462 5293 dilectionis

1892 5325 2161 5390 accendis,
2194 5325 2352 5394 160
2377 5324 2441 5379 da
2469 5323 2736 5380 mentibus
2768 5325 2964 5379 nostris
2991 5326 3232 5381 eamdem
3258 5326 3380 5382 lidei
3408 5337 3462 5383 et

1894 5419 2174 5473 charitatis
2201 5418 2475 5481 virtutem,
2507 5424 2565 5471 ut
2584 5432 2808 5485 quorum
2839 5420 3131 5489 gaudemus
3160 5420 3459 5491 triumphis,

1885 5509 2223 5577 proﬁciamus
2255 5506 2535 5575 exemplis.
2578 5507 2699 5562 Per.

1957 5600 2094 5652 Alia.
2118 5630 2188 5639 ——
2218 5597 2297 5652 Ad
2344 5599 2707 5654 defensionem
2739 5600 2994 5667 ﬁdelium,
3030 5602 3270 5669 Domine,
3309 5619 3458 5673 qua:-

1954 5715 1980 5753 δ
2007 5714 2061 5769 In
2086 5712 2523 5811 Benedictionitli,
2547 5714 2635 5769 ubi
2661 5713 2774 5771 ltmc
2792 5715 3057 5784 leguntur,
3078 5714 3456 5769 bettedt'catvos.
