4026 6298
594 305 691 361 167

592 433 798 485 smnus,
823 419 1098 473 dexteram
1124 421 1227 466 tute
1260 406 1547 476 Majcstatis
1577 404 1825 465 extende,
1860 413 1933 468 et,
1963 410 2021 454 ut
2047 417 2165 470 pcr-
2202 414 2243 465 Α

597 522 753 579 petua
786 508 993 578 pietatis
1018 515 1118 557 tuae
1150 500 1473 568 [ποιεί-[ἰωῆς
1497 493 1826 559 muniantur,
1857 490 2169 544 intercessio

598 618 698 670 pro
726 603 806 654 bis
837 612 941 651 non
986 594 1124 647 desit
1162 600 1452 658 martyrum
1483 586 1790 640 continuata
1838 592 2167 637 sanctorum.

597 693 715 745 Per.

666 779 801 831 Alia.
830 804 897 814 ——
921 772 1270 839 Omnipotens
1300 775 1355 822 et
1384 767 1686 820 misericors
1730 765 1887 827 Deus,
1941 761 2171 814 fidelium

595 872 775 923 lumen
823 865 1143 925 animarum,
1177 861 1363 912 adesto
1401 856 1538 911 votis
1572 855 1923 910 solernnitatis
1958 851 2174 903 hodier-

595 978 700 1025 nae,
734 970 783 1014 et
819 955 1071 1012 Ecclesia:
1101 962 1206 1006 tute
1232 950 1436 1022 gaudiis
1462 950 1529 1003 de
1557 949 1834 1002 beatorum
1880 952 2172 1011 martyrum

603 1051 697 1104 Ill.
747 1048 917 1119 gloria
964 1044 1235 1111 conceptis
1286 1042 1545 1108 benignus
1576 1036 1772 1103 aSpira,
1814 1046 1869 1087 ut
1913 1041 1968 1086 et
2013 1030 2175 1085 corda

598 1150 776 1196 nostra
832 1139 1079 1207 passione
1133 1136 1366 1203 ipsorum
1406 1130 1556 1201 (595)
1590 1129 1878 1198 igniantur,
1936 1134 1988 1179 et
2036 1122 2175 1191 apud

596 1226 1015 1284 misericordiam
1041 1234 1183 1277 luam
1210 1237 1391 1275 eorum
1412 1221 1662 1288 juvemur
1692 1214 1915 1278 meritis,
1949 1228 2174 1282 quorum

596 1314 891 1384 gaudemus
920 1308 1197 1377 exemplis.
1230 1306 1328 1359 Per
1358 1304 1638 1357 Dominum
1665 1310 1925 1353 nostrum.

676 1408 808 1459 Alia.
835 1433 905 1443 —
930 1399 1199 1466 Concede,
1244 1409 1572 1465 quaesumus,
1638 1391 1974 1457 omnipotens
2012 1388 2174 1451 Deus,

600 1510 655 1552 ιιι
694 1504 997 1550 sanctorum
1030 1496 1320 1558 martyrum
1373 1496 1611 1546 tuorum,
1664 1494 1892 1549 quorum
1941 1477 2180 1532 celebra-

605 1604 725 1643 inus
753 1584 1024 1647 victorias,
1057 1578 1433 1651 participemus
1470 1585 1523 1630 et
1574 1571 1827 1643 prtemiis.
1863 1569 1960 1624 Per
1990 1566 2177 1623 Domi-

600 1697 727 1734 uutn
752 1686 1012 1732 nostrum.

859 1801 908 1839 ’Ν
953 1796 1149 1838 νιοιωιι
1191 1793 1345 1834 UNIUS
1376 1775 1529 1848 (596)
1563 1786 1927 1829 CONFESSOBIS.

677 1894 921 1952 Concede
951 1892 1124 1955 nobis,
1151 1902 1477 1958 quaesumus,
1507 1886 1845 1952 omnipotens
1869 1880 2027 1941 Deus,
2060 1892 2187 1930 Vt‘ll-

607 2002 778 2044 turam
826 1989 963 2040 beati
1006 1980 1332 2038 confessoris
1363 1980 1437 2033 tui
1484 1977 1578 2031 Ill.
1635 1975 2026 2031 solenmitatem
2059 1984 2186 2024 con-

605 2100 740 2155 gruo
786 2080 1081 2152 praevenire
1130 2080 1352 2138 honore,
1402 2084 1454 2126 et
1497 2072 1798 2125 venientem
1844 2067 2000 2132 digni
2051 2063 2189 2118 cele-

607 2180 759 2231 brare
792 2174 1094 2228 devotione.
1128 2169 1228 2223 Per
1254 2166 1534 2219 Dominum
1566 2174 1826 2216 nosmttn.

682 2267 853 2333 δυρρι·
882 2264 1071 2316 oblata.
1103 2290 1172 2299 —
1201 2260 1431 2325 Accepta
1464 2256 1558 2308 tibi
1587 2255 1673 2315 sit,
1709 2250 1949 2315 Domine,
1980 2255 2181 2301 nostra:

610 2356 908 2410 devotionis
955 2352 1176 2414 ablatio,
1219 2358 1272 2402 et
1313 2348 1377 2400 ad
1418 2344 1585 2399 sancti
1624 2339 1945 2396 confessoris
1977 2337 2052 2391 tui
2094 2335 2181 2389 ιιι.

611 2446 850 2516 puriores
879 2443 1033 2495 faciat
1066 2454 1162 2491 nos
1194 2437 1374 2490 venire
1417 2432 1780 2487 festivitatem.
1817 2429 1932 2481 Per.

678 2528 1201 2604 Prwfatio.—-Vere
1248 2528 1466 2595 dignum
1516 2530 1572 2576 ct
1596 2524 1795 2589 justum
1840 2527 1941 2579 est,
1977 2530 2187 2593 {equum

607 2638 662 2684 et
697 2627 950 2689 salutare,
983 2637 1081 2677 nos
1112 2620 1203 2673 tibi
1234 2631 1443 2686 semper
1472 2625 1525 2669 et
1555 2615 1749 2682 ubique
1778 2611 1973 2681 gratias
2000 2622 2178 2678 agere,

612 2722 832 2777 Domine
859 2728 1060 2780 sancte,
1105 2714 1259 2767 Pater
1290 2708 1650 2776 omnipotens,
1692 2716 1892 2756 :uerne
1926 2699 2063 2753 Dens
2094 2716 2104 2748 :
2136 2706 2191 2750 et

610 2814 940 2884 Maiestatem
982 2818 1125 2860 tuam
1182 2801 1491 2870 suppliciter
1533 2809 1780 2858 exorare,
1815 2801 1872 2845 ut
1918 2789 2005 2858 qui
2050 2788 2188 2841 beati

611 2878 707 2959 Ill:
729 2902 1052 2959 confessoris
1093 2895 1167 2950 tui
1197 2895 1385 2948 festum
1418 2887 1743 2943 solemnibus
1770 2882 1986 2953 jejuniis
2015 2890 2068 2934 et
2097 2878 2190 2931 de-

609 2998 749 3052 votis
800 2992 1156 3064 prmvenitttus
1211 2986 1441 3048 ofﬁciis,
1483 2979 1621 3035 illius
1671 2978 1809 3046 apud
1859 2975 2189 3042 Majestatem

610 3098 753 3142 tuam
800 3094 854 3139 et
900 3082 1211 3148 adjuvemur
1255 3072 1477 3133 meritis,
1528 3079 1580 3123 ct
1627 3069 1954 3121 instruantur
2012 3077 2191 3117 exem-

612 3177 735 3244 plis.
770 3174 888 3227 Per.

682 3292 761 3343 Ad
791 3282 1178 3355 Compleudum.
1211 3309 1276 3321 —-
1302 3279 1445 3332 Beati
1475 3271 1795 3330 confessoris
1824 3269 1898 3325 lui
1929 3267 2046 3338 1ιι.,
2081 3269 2189 3323 Do-

618 3384 781 3445 mine,
826 3375 1092 3443 sntfragiis
1131 3380 1405 3431 exoratus,
1438 3374 1683 3436 percepta
1734 3377 1830 3418 nos
1867 3361 2189 3417 sacramenti

614 3473 690 3527 tui
716 3472 914 3525 virtute
943 3464 1186 3520 defende.
1224 3461 1326 3515 Per
1356 3457 1636 3513 Dominum
1676 3464 1939 3509 nostrum.

685 3587 856 3655 Super
903 3580 1165 3650 populum.
1206 3604 1270 3621 -—
1312 3571 1705 3628 Beuedictionis
1754 3577 1877 3631 tum,
1923 3566 2182 3625 Domine,

612 3678 858 3749 gratiam,
887 3670 1249 3725 intercedente
1274 3675 1459 3719 sancto
1488 3661 1797 3716 confessore
1818 3668 1907 3712 tuo
1935 3656 2048 3722 ΙΙΙ..
2074 3670 2192 3709 sus-

620 3748 877 3838 cipiamus
905 3802 920 3826 ,
966 3771 1021 3814 ut
1065 3758 1213 3828 cujus
1261 3753 1634 3823 praaveniendo
1673 3751 1893 3821 gloriam
1948 3748 2189 3802 celebra-

617 3873 757 3921 mus,
790 3858 907 3923 ejus
943 3846 1287 3919 snpplicando
1314 3845 1568 3900 auxilium
1614 3843 1927 3897 sentiamus.
1961 3840 2061 3893 Per
2090 3838 2190 3891 Da-

616 3951 816 4004 minum
848 3952 1106 3996 nostrum.

689 4038 766 4091 Ad
794 4034 1062 4101 Vesperos.
1086 4054 1154 4069 --
1181 4025 1448 4089 Concede,
1481 4036 1807 4093 qu:e~utnus,
1848 4020 2191 4087 omnipotens

619 4133 780 4190 Deus,
816 4133 875 4179 ut
914 4123 978 4176 ad
1030 4121 1301 4173 meliorem
1347 4117 1506 4168 vitam
1548 4113 1714 4166 sancti
1747 4110 2070 4164 confessoris
2116 4109 2191 4162 tui

616 4225 707 4280 Ill.
733 4220 971 4289 exempla
999 4231 1095 4270 nos
1119 4218 1424 4283 provocent,
1456 4218 1717 4277 quatenus
1746 4206 1899 4271 cujus
1928 4202 2190 4257 solemnia

616 4318 993 4384 praecepimus,
1019 4307 1180 4363 etiam
1212 4314 1360 4358 actus
1388 4302 1675 4365 imitemur,
1716 4302 1770 4351 et
1800 4293 2192 4348 intercessioni-

616 4409 712 4462 bus
742 4405 1071 4474 adjuvemur.
1103 4398 1225 4451 Per.

1802 294 2038 348 SANCTI
2080 291 2401 347 GRECURII
2446 290 2654 344 MAle

3759 287 3884 337 163

2523 412 2671 453 HISSA
2714 413 2762 451 IN
2804 411 2993 450 NATALI
3048 411 3198 449 υΝιυς
3239 410 3462 448 CttNl’EsS
3502 410 3605 448 813.

2348 489 2764 543 Misericordiatn
2800 497 2981 551 tuam,
3027 502 3365 557 quaesumus,
3402 488 3649 551 Dentine,
3682 488 3881 550 nobis,

2278 580 2662 634 interveniente
2706 580 2861 633 beato
2912 580 3217 631 confess-ore
3265 586 3353 631 tui
3393 577 3466 630 Ill
3496 617 3514 643 ,
3566 577 3892 631 clementer

2281 671 2553 738 impende,
2580 679 2633 724 et
2661 669 2814 724 nobis
2845 668 3209 738 peccatoribus
3237 668 3403 737 ipsius
3435 667 3721 737 propitiare
3753 668 3893 722 suf-

2282 764 2482 832 fragiis.
2515 764 2635 817 Per.

2353 856 2522 925 Super
2552 853 2743 907 oblata.
2771 882 2840 891 ——
2868 850 3163 920 Propitiare
3185 893 3199 918 ,
3232 864 3557 915 quaasumus,
3616 850 3888 910 Domine.

2281 943 2763 1013 sopplicationibus
2792 942 3011 1008 nostris,
3036 949 3110 1007 et,
3141 940 3530 995 interveniente
3571 957 3669 1008 pro
3710 941 3892 994 ιιοὺιε

2287 1045 2472 1089 sancto
2504 1034 2592 1086 Ill.
2639 1032 2946 1088 confessore
2988 1042 3096 1097 tuo,
3134 1030 3215 1084 liis
3235 1034 3584 1086 sacramentis
3614 1032 3886 1086 coelesti-

2282 1126 2381 1178 dus
2405 1123 2725 1187 servientes,
2756 1122 2825 1175 ab
2864 1122 3007 1175 omni
3039 1121 3195 1189 culpa
3226 1120 3424 1174 liberos
3459 1135 3578 1174 esse
3606 1120 3888 1179 concede,

2285 1226 2338 1269 ut
2366 1213 2681 1284 pttriﬁcante
2712 1227 2809 1266 nos
2848 1211 3017 1280 gratia
3051 1223 3158 1273 tua,
3200 1211 3384 1264 iisdem
3413 1211 3604 1278 quibus
3634 1209 3892 1264 famula-

2202 1330 2205 1335 ν
2284 1322 2402 1359 mur
2427 1304 2698 1374 mysteriis
2727 1302 3099 1357 emundemur.
3131 1301 3253 1355 Per.

2358 1393 2632 1462 Praefatio.
2662 1420 2731 1431 —
2753 1389 2893 1445 Vere
2935 1389 3153 1457 dignum
3184 1397 3239 1442 et
3274 1387 3477 1457 justum
3505 1396 3591 1444 est
3612 1429 3626 1455 ,
3656 1406 3887 1459 aequum

2284 1495 2338 1539 et
2358 1484 2620 1548 salutare,
2652 1496 2749 1536 nos
2779 1481 2871 1534 tibi
2907 1494 3118 1548 semper
3141 1486 3195 1534 et
3224 1481 3423 1548 ubique
3459 1479 3658 1549 gratias
3689 1496 3891 1547 agere,

2295 1575 2517 1629 Doa:ine
2548 1584 2753 1638 sancte,
2785 1573 2944 1626 Pater
2977 1574 3334 1639 omnipotens,
3364 1584 3563 1625 aeterne
3598 1572 3739 1623 Deus
3778 1588 3791 1619 :
3831 1582 3894 1621 et

2294 1666 2348 1719 in
2392 1668 2489 1718 hac
2526 1665 2632 1728 die,
2666 1678 2826 1733 quam
2880 1663 3105 1716 transitu
3151 1676 3306 1716 sacro
3354 1664 3491 1716 [muli
3544 1660 3891 1716 confessoris

2221 1778 2264 1835 Β
2295 1757 2369 1811 tui
2415 1756 2508 1809 Ill.
2566 1753 2927 1818 consecrarti;
2991 1767 3296 1822 quassamus
3346 1768 3470 1821 ergo
3532 1751 3887 1806 clementiam

2293 1859 2455 1911 tuam,
2487 1856 2541 1902 ut
2585 1849 2678 1902 des
2711 1847 2866 1902 nobis
2898 1846 3039 1900 illam
3070 1848 3217 1915 sequi
3260 1845 3555 1898 doctrinam
3582 1859 3741 1913 quam
3787 1846 3890 1899 ille

2290 1949 2342 1992 et
2369 1940 2533 1994 verbo
2560 1939 2757 2005 docuit,
2785 1947 2838 1992 et
2862 1951 3026 2007 opere
3047 1937 3355 2004 complevit,
3380 1945 3639 2003 quatenus
3665 1949 3764 1988 nos
3787 1938 3895 1987 ad-

2295 2029 2469 2099 juvari
2519 2028 2657 2097 apud
2697 2027 3116 2081 misericordiam
3169 2035 3309 2078 tuam
3354 2033 3408 2079 et
3450 2024 3718 2092 exemplis
3761 2025 3893 2092 ejus

2297 2120 2590 2174 sentiamus
2638 2128 2694 2172 et
2737 2117 2964 2172 meritis.
3013 2116 3112 2170 l‘et-
3141 2114 3410 2169 Christum
3446 2114 3728 2168 Dominum
3778 2130 3888 2167 no-

2287 2218 2458 2263 Strum

2364 2298 2482 2352 Alia
2536 2295 2901 2363 Pt'a'fatt'o.—-
2933 2293 3067 2348 Vere
3119 2292 3335 2362 dignum
3389 2301 3445 2348 et
3492 2292 3697 2361 justum
3756 2302 3888 2359 est,

2292 2404 2500 2458 mquum
2530 2398 2583 2441 et
2608 2387 2862 2452 salutare,
2890 2400 2989 2439 nos
3020 2385 3112 2438 tibi
3138 2399 3348 2453 semper
3370 2390 3425 2438 et.
3452 2384 3646 2454 ubique
3674 2386 3884 2453 gratias

2292 2494 2477 2550 agere,
2532 2478 2755 2532 Domine
2802 2486 3023 2542 sancte,
3071 2477 3229 2531 Pater
3267 2475 3623 2544 omnipotens,
3672 2487 3891 2531 aeterne

2304 2573 2442 2625 Deus
2474 2585 2489 2623 :
2523 2580 2575 2624 et
2622 2577 2672 2623 te
2711 2568 2765 2623 in
2812 2576 3116 2622 sanctorum
3151 2577 3362 2622 tuorum
3404 2570 3595 2622 virtute
3639 2568 3889 2633 laudare,

2307 2663 2501 2730 quibus
2532 2674 2627 2728 pro
2658 2658 2860 2713 meritis
2906 2660 3016 2712 suis
3051 2658 3235 2712 beatit.
3260 2658 3399 2712 dinis
3430 2659 3644 2726 prastnia
3684 2672 3891 2712 contu-

2292 2755 2419 2808 listi.
2450 2752 2709 2817 Quoniam
2741 2765 2953 2819 semper
2983 2752 3033 2804 in
3067 2768 3224 2805 manu
3258 2761 3341 2804 tua
3374 2761 3518 2815 sunt,
3550 2762 3606 2807 et
3636 2770 3741 2806 non
3770 2764 3890 2807 tau-

2294 2854 2379 2911 get
2400 2844 2432 2895 il
2457 2856 2518 2895 os
2547 2849 2865 2894 tormentum
2888 2842 3094 2905 monis,
3128 2856 3279 2909 quos,
3308 2849 3359 2895 te
3381 2842 3739 2909 custodiente,
3767 2845 3891 2895 bea-

2296 2932 2334 2986 ti
2363 2931 2539 2985 udinis
2561 2931 2709 2984 sinus
2732 2930 3059 2994 intercludit,
3083 2932 3169 2984 ubi
3196 2940 3445 2999 perpetua
3467 2946 3680 3001 semper
3701 2936 3891 2986 exsul-

2298 3022 2495 3074 tatione
2518 3021 2786 3085 laetantur,
2819 3021 2905 3075 ubi
2935 3022 3095 3076 etiam
3127 3023 3311 3076 beatus
3340 3020 3616 3078 confeswr
3642 3034 3766 3077 tuus
3791 3022 3889 3078 Ili.

2217 3129 2264 3190 ο
2295 3110 2528 3165 sociatus
2561 3111 2811 3166 exsultat.
2855 3112 3089 3166 Petimus
3129 3127 3258 3180 ergo
3289 3122 3345 3166 ut
3375 3129 3578 3168 metnor
3616 3115 3685 3166 sit
3717 3115 3891 3167 mise-

2296 3203 2492 3257 riarum
2519 3210 2843 3269 nostrarum,
2878 3210 2932 3259 et
2961 3204 3027 3259 de
3075 3214 3163 3257 tua
3186 3206 3545 3258 misericordi.
3580 3207 3733 3259 nobis
3770 3208 3888 3260 im-

2299 3303 2472 3365 petret
2500 3294 2844 3349 beatitudinis
2880 3310 2993 3349 suze
3034 3293 3380 3349 consortium.
3410 3294 3511 3349 Per
3541 3295 3841 3350 Christum.

2370 3387 2770 3441 Benedictio.—
2789 3386 3143 3457 Omnipotens
3186 3387 3328 3441 Deus
3360 3386 3450 3440 det.
3477 3387 3628 3441 vobis
3670 3402 3714 3439 ca
3741 3391 3879 3455 piam

2296 3478 2704 3545 benedictionis,
2729 3479 2819 3547 qui
2846 3478 3055 3532 beatum
3084 3475 3176 3530 Ill.
3201 3476 3298 3530 sibi
3328 3482 3433 3531 asci
3454 3512 3457 3514 -
3479 3482 3516 3529 it
3536 3476 3733 3530 virtute
3754 3494 3880 3529 ron-

2300 3568 2564 3624 l‘essinnis.
2594 3569 2784 3621 Amen.
2818 3568 2885 3619 Et
2910 3567 2998 3633 qui
3024 3567 3168 3619 illum
3194 3568 3314 3620 fecit
3341 3580 3625 3619 coruscare
3651 3566 3877 3617 miracu-

2299 3658 2382 3721 lis,
2408 3673 2500 3711 vos
2521 3671 2637 3710 exo:
2655 3664 2744 3710 net
2766 3656 3023 3709 bonorum
3046 3671 3265 3724 operum
3292 3654 3657 3708 incrementis.
3689 3656 3732 3709 Δ
3758 3670 3883 3707 nen.

2297 3749 2412 3816 Quo
2432 3748 2547 3818 ejus
2571 3758 2624 3804 et
2648 3748 2908 3818 exempls
2928 3748 3145 3809 eruditi.
3173 3757 3226 3801 et
3254 3749 3401 3802 inter.
3421 3749 3633 3801 essione
3665 3748 3883 3811 muniti,

2296 3840 2449 3904 cujus
2480 3838 2830 3906 depositionis
2856 3837 2996 3891 diem
3021 3837 3321 3901 celebratis,
3354 3837 3430 3891 illi
3462 3838 3674 3903 possitis
3702 3838 3754 3889 in
3778 3850 3891 3889 cur

2298 3930 2415 3983 leSti
2467 3932 2685 3999 regione
2732 3928 2973 3998 adjungi.
3026 3931 3216 3983 Amen.
3268 3925 3420 3995 Quod
3470 3927 3584 3995 ipse
3630 3934 3891 3995 pratstare

2296 4024 2569 4093 dignetur.

2374 4113 2528 4181 162
2555 4113 2631 4163 Aa
2661 4108 3049 4178 Compleudum.
3069 4137 3139 4149 —
3170 4109 3385 4170 Pt‘testi,
3416 4120 3887 4175 QIIQI‘SURHIRS,OID'

2298 4202 2540 4269 nipotens
2590 4200 2762 4267 Deus,
2806 4207 2891 4262 ut,
2944 4198 3012 4251 de
3061 4198 3321 4265 terceptis
3352 4193 3660 4248 muneribus
3690 4195 3888 4261 gratias

2297 4293 2628 4353 exhibentes,
2683 4288 3041 4343 intercedente
3096 4288 3255 4341 beato
3291 4284 3601 4341 confessore
3649 4293 3739 4337 tuo
3770 4282 3888 4343 I.‘t..

2300 4384 2554 4439 beneficia
2587 4383 2786 4451 potiora
2826 4394 3117 4434 sumamus.
3150 4378 3269 4433 Per.

688 4459 825 4549 ialm:
851 4520 924 4533 ——
948 4486 1216 4548 Concede,
1265 4494 1588 4552 quaesumus,
1638 4477 1980 4546 omnipotens
2024 4475 2185 4539 Deus),
2219 4490 2275 4548 ι)
2372 4476 2541 4543 Super
2563 4474 2827 4542 pupulum.
2852 4459 2922 4512 -ὲ-
2954 4473 3124 4525 Aures
3154 4470 3365 4539 pietatis
3396 4480 3518 4531 tute,
3546 4480 3885 4536 quaasnutus,

628 4596 685 4642 ut
726 4587 864 4639 sicut
899 4582 1050 4650 161
1083 4574 1402 4632 confessoris
1445 4571 1515 4624 tui
1545 4569 1639 4623 Ill.
1689 4567 1917 4637 gloriosa
1963 4564 2195 4619 natalitia

625 4674 997 4747 prtevenimus,
1028 4670 1105 4723 sic
1144 4666 1210 4719 ad
1243 4678 1328 4717 tua
1356 4661 1613 4717 beneficia
1637 4656 1992 4728 promerenda
2033 4655 2197 4725 Maje-

624 4777 818 4823 statem
846 4777 984 4819 tuam
1012 4775 1106 4829 pro
1129 4757 1281 4812 nobis
1309 4756 1422 4823 ipse
1451 4749 1758 4821 praeveniat.
1792 4749 1913 4802 Per.

693 4861 770 4914 Λᾶ
806 4853 1099 4912 Matutinos.
1123 4877 1193 4888 ——
1219 4847 1436 4908 Adesto,
1470 4841 1715 4903 Domine,
1751 4839 1945 4908 populo
1971 4847 2080 4901 tuo,
2114 4847 2194 4903 ut,

629 4950 768 5007 beati
798 4942 1120 5004 confessoris
1153 4939 1222 4993 lui
1256 4937 1350 4995 Ill.
1376 4935 1561 4990 merita
1594 4932 1845 5002 prmiara
1873 4929 2187 4996 suscipiens,

620 5045 685 5097 ad
712 5037 1097 5110 impetrandam
1122 5028 1535 5087 tttiserit-ordiam
1562 5036 1703 5078 tuam
1728 5036 1942 5091 semper
1962 5021 2077 5090 ejus
2106 5036 2224 5088 pa--

617 5132 863 5189 trociniis
908 5130 1187 5199 adjuvetur
1230 5132 1283 5178 et
1330 5119 1551 5175 meritis.
1595 5116 1699 5171 Per
1743 5112 2021 5168 Dominum
2070 5126 2196 5166 nos-

618 5237 757 5281 trum
768 5269 780 5280 .

696 5318 835 5370 Alia.
862 5345 933 5356 —
957 5312 1207 5378 Absolve,
1241 5320 1563 5378 quahumus,
1596 5305 1838 5366 Domine,
1869 5310 2073 5353 tuorum
2100 5297 2194 5353 de-

620 5405 743 5459 licta
772 5404 1112 5474 populorum,
1156 5412 1210 5453 et
1239 5416 1266 5453 τι
1301 5407 1636 5467 peccatorum
1672 5392 1915 5456 nexibus,
1945 5404 2062 5459 quae
2096 5402 2191 5457 pro

622 5499 802 5545 ausura
854 5491 1132 5560 fragilitate
1177 5487 1577 5548 contraximus,
1627 5481 1988 5537 intercedente
2037 5480 2193 5533 beato

622 5581 928 5636 confcssore
975 5592 1063 5634 tuo
1102 5577 1225 5645 ηιξ,
1267 5578 1571 5633 liberemur.
1619 5575 1719 5631 Per
1771 5570 2048 5628 Dominum
2096 5584 2194 5624 no-

616 5685 812 5728 Slrllill.

2305 4567 2547 4632 Domine,
2583 4566 2828 4635 precibus
2859 4565 3057 4618 nostris
3086 4564 3309 4632 inclina,
3342 4569 3400 4616 ut
3427 4560 3514 4630 qui
3543 4567 3887 4628 pe.catorum

2303 4668 2606 4715 nostrorum
2658 4657 2881 4726 ﬂagellis
2933 4657 3278 4725 percutiatur,
3314 4653 3689 4706 intercedente
3726 4650 3884 4702 beato

2301 4749 2611 4806 confessore
2646 4758 2735 4803 tuo
2782 4746 2901 4813 Ill.,
2951 4744 3309 4800 miserationis
3348 4754 3450 4797 tute
3494 4742 3663 4811 gratia
3697 4741 3805 4794 [ibe
3835 4754 3887 4792 e-

2302 4857 2439 4896 tnur.
2472 4841 2592 4895 Per.
3136 4840 3137 4843 “

2372 4933 2513 4985 Alia.
2536 4960 2605 4970 —
2627 4930 2808 4986 Sancti
2839 4928 3163 4983 confessoris
3186 4925 3259 4981 tui
3289 4922 3382 4978 Ill.
3409 4938 3527 4987 nos,
3553 4935 3883 4988 quaesumus,

2302 5022 2547 5082 Domine,
2582 5031 2731 5076 tuere
2763 5018 3047 5088 prtesidiis,
3076 5026 3133 5072 ut
3158 5017 3274 5087 ejus
3302 5028 3514 5082 semper
3542 5012 3885 5065 intereeSsin-

2302 5113 2455 5166 nibus
2483 5110 2819 5181 adjuvemur.
2845 5110 2963 5166 Per.

2374 5206 2511 5256 Alia.
2534 5232 2607 5244 —
2636 5203 2836 5257 Adesto
2860 5241 2876 5268 ,
2929 5214 3235 5270 quassamus
3262 5236 3279 5262 ,
3334 5195 3578 5254 Domine,
3637 5188 3887 5259 precibus

2301 5294 2519 5358 nostris,
2550 5308 2681 5360 quas
2701 5294 2754 5347 in
2781 5293 2950 5347 sancti
2979 5290 3302 5345 confessoris
3325 5289 3398 5341 tui
3423 5284 3511 5338 Ill.
3550 5295 3883 5336 commemo-

2303 5385 2512 5438 ratione
2554 5384 2876 5447 deferimus,
2915 5392 2972 5436 ut
3014 5383 3100 5448 qui
3144 5390 3339 5434 nostra:
3372 5377 3593 5447 jttstitize
3638 5373 3883 5425 lidueiam

2303 5490 2407 5529 non
2443 5476 2724 5537 habemus,
2753 5473 2867 5541 ejus
2893 5476 2980 5541 qui
3013 5472 3104 5525 tibi
3145 5469 3341 5539 placuit
3387 5464 3634 5537 precibus
3663 5461 3878 5530 adjuve-

2301 5581 2443 5620 tnur.
2473 5566 2571 5619 Per
2601 5565 2882 5619 Dominum
2919 5572 3181 5617 nostrum.

2373 5657 2993 5721 Alia.—Exsultctnns,
3049 5668 3385 5722 qtta‘sumtts,
3441 5648 3685 5713 Domine,
3750 5645 3886 5700 Deus
