4026 6320
95 299 120 348 Ι
138 296 206 344 m
1340 290 1546 344 LIBER
1584 287 2210 348 SACRAMENTORUM.
3293 293 3396 350 I70

95 417 293 456 ιιημιει·
324 403 378 454 in
425 402 778 457 solemnitate
819 400 958 455 beati
999 399 1326 455 confessoris
1381 401 1454 454 tni
1500 398 1616 463 ιιι,
1659 409 1714 452 ιιι
1744 402 1789 457 Α
1820 411 2026 468 runtur,
2079 404 2315 473 ipsorum
2348 405 2506 475 digna
2553 405 2894 476 perficiantur
2937 417 2991 463 et
3036 408 3262 464 meritis.
3295 412 3396 467 Per

87 496 227 561 (-jus
254 509 412 548 sacra
447 510 507 548 ne
521 495 691 548 mlitia
723 495 1076 562 celebrantes,
1106 494 1174 547 ad
1201 492 1589 563 impetrandam
1616 494 1714 545 mi-
1821 493 2101 550 Dominum
2127 510 2387 554 nostrum.

95 584 470 641 sericordiam
499 593 647 641 tuam
670 600 886 656 semper
904 586 1021 655 ejus
1044 585 1353 656 patrociniis
1376 585 1707 654 adjuvemnr.
1889 584 2161 656 Prwfafio.
2181 619 2253 630 --
2275 589 2412 643 Vere
2441 588 2655 658 dignum
2679 598 2728 644 et
2757 590 2958 660 justum
2988 601 3089 655 est,
3113 607 3322 662 aequum
3343 601 3399 648 ct

99 676 240 731 Per.

188 766 338 823 Alia.
364 798 428 808 ——
451 767 803 836 Omnipotens
827 767 1156 835 sempiterne
1198 767 1336 821 Deus
1356 807 1370 829 ,
1405 767 1490 821 cui
1520 775 1712 821 cuneta

101 857 454 911 famulantur
479 857 773 921 elementa,
807 858 997 911 exaudi
1032 857 1316 926 propitius,
1346 857 1715 911 intercedente

101 962 221 1013 pro
250 947 406 1000 nobis
431 948 743 1000 eonf‘essore
775 956 864 1000 tuo
899 945 1013 1010 111.,
1045 948 1340 1000 orationem
1373 957 1636 1010 nostram,
1662 954 1716 998 et

101 1037 300 1090 tribue
357 1036 514 1090 nobis
570 1036 992 1090 misericordiam
1047 1046 1222 1101 tuam;
1279 1046 1333 1090 et
1385 1050 1716 1106 quaecunque

104 1127 374 1194 praecipis
408 1138 463 1180 ιιι
492 1142 732 1196 agamus,
753 1127 866 1196 ipse
887 1128 1077 1194 adjuva
1102 1139 1156 1181 ut
1181 1127 1403 1198 implere
1425 1127 1714 1197 possimus.

109 1223 225 1273 l‘er
255 1220 544 1274 Dominum
577 1230 837 1274 nostrum.

195 1311 338 1366 Alia.
365 1342 435 1351 —
459 1311 647 1366 Sancti
671 1312 993 1366 confessoris
1024 1310 1097 1364 tui
1123 1310 1216 1365 Ill.
1250 1310 1426 1366 tribue
1456 1324 1576 1372 nos,
1602 1309 1719 1364 Do—

113 1405 294 1465 mine,
329 1401 812 1469 supplicationibus
839 1403 1029 1466 foveri,
1061 1411 1114 1454 ut
1143 1400 1296 1468 cujus
1324 1398 1715 1468 depositionem

113 1507 307 1546 annuo
329 1493 664 1546 celebramus
694 1491 974 1559 obsequio,
999 1491 1115 1558 ejus
1139 1490 1276 1559 apud
1305 1498 1354 1544 te
1379 1490 1716 1546 intercessio-

115 1586 288 1639 nibus
309 1594 362 1640 et
389 1585 597 1639 meritis
625 1584 962 1653 adjuvemur.
990 1583 1111 1638 Per.

274 1692 420 1731 IISSA
461 1692 513 1730 i8
559 1693 758 1735 VIG'ILIA
799 1692 1144 1732 ιιιυειιιιοιιωι
1183 1690 1577 1732 οοκρεεςοιιυιι.

1818 677 2070 741 salutare,
2095 694 2189 732 nos
2211 679 2302 734 tibi
2335 695 2545 750 semper
2566 691 2620 734 et
2647 682 2842 750 ubique
2861 683 3059 751 gratias
3087 698 3266 754 agere,
3295 685 3400 739 Do-

1819 770 1961 823 mine
1982 781 2186 833 sancte,
2215 772 2368 824 Pater
2391 774 2749 842 omnipotens,
2774 785 2974 830 aeterne
3001 775 3142 831 Deus
3171 795 3186 831 ε
3211 786 3266 832 et
3291 778 3400 834 Ma-

1813 859 2062 926 iestatem
2098 872 2239 916 tuam
2266 864 2488 929 supplici
2519 864 2806 922 devotione
2843 883 3086 934 exorare,
3130 877 3187 923 ut
3211 869 3400 926 beato-

1819 965 1934 1004 rum
1975 951 2342 1005 confessurum
2389 963 2599 1007 tuorum
2644 955 2767 1021 111.,
2808 973 3032 1026 quorum
3081 959 3241 1016 hodie
3269 962 3402 1018 festa

1819 1041 2180 1100 celebramus.
2205 1043 2427 1094 obtentu
2460 1058 2761 1098 mereamur
2791 1055 2941 1102 tuum
2967 1048 3212 1106 obtinere
3238 1053 3403 1108 auxi-

1819 1131 1968 1187 lium.
2000 1132 2100 1188 Per
2130 1134 2424 1187 Christum.

1891 1224 2011 1277 Alia
2069 1224 2594 1293 Prwfatio.—Vere
2644 1226 2861 1295 dignum
2918 1241 2974 1284 et
3021 1230 3222 1299 justum
3277 1243 3401 1303 est,

1819 1329 2030 1384 mquum
2055 1324 2109 1369 et
2137 1317 2392 1381 salutare,
2428 1332 2525 1372 nos
2555 1319 2645 1372 tibi
2672 1333 2888 1386 semper
2907 1329 2964 1376 et
2993 1323 3186 1391 ubique
3206 1326 3404 1396 gratias

1820 1420 2004 1473 agere,
2053 1406 2276 1461 Domine
2332 1419 2535 1469 sancte.
2593 1411 2750 1464 Pater
2789 1412 3148 1482 omnipotens,
3202 1427 3403 1471 :eterne

1822 1496 1964 1551 Deus
1993 1515 2005 1549 :
2038 1507 2088 1552 et
2123 1507 2171 1552 te
2201 1497 2250 1551 in
2279 1507 2490 1554 tuorum
2523 1500 2726 1556 honore
2748 1510 3052 1556 sanctorum
3082 1502 3175 1558 ιιι.
3208 1506 3406 1572 glorifi-

1823 1603 1966 1655 care,
2003 1589 2092 1657 qui
2124 1598 2178 1642 et
2202 1588 2305 1644 illis
2329 1604 2423 1658 pro
2449 1592 2758 1645 certaminis
2786 1593 3086 1648 constantia
3117 1594 3406 1650 beatitudio

1828 1694 1950 1734 nem
1982 1679 2214 1734 tribuisti
2244 1681 2652 1749 sempiternam,
2687 1691 2742 1738 et
2780 1682 3072 1739 infirmitati
3103 1695 3298 1741 nostra
3326 1694 3408 1742 ta-

201 1771 490 1828 Beatorum
521 1770 890 1826 confessorum
924 1779 1172 1836 tuorum,
1207 1771 1450 1836 Domine,
1485 1771 1574 1825 ΙΙΙ.
1622 1786 1717 1825 na-
1751 1775 1792 1834 B
1823 1770 1892 1824 lia
1921 1771 2210 1838 praestitisti
2234 1771 2509 1842 suffragia,
2536 1789 2655 1843 qute
2679 1790 2774 1842 pro
2793 1789 2979 1831 eorum
3002 1777 3208 1832 meritis
3231 1777 3406 1846 possis

118 1861 298 1915 talitia
329 1874 652 1927 praeeuntes,
679 1863 953 1931 supplices
983 1872 1035 1918 te
1062 1877 1333 1932 rogamus,
1368 1872 1423 1916 ut
1443 1877 1578 1928 quos
1603 1877 1714 1917 cm-

118 1953 250 2007 lesti
278 1953 446 2023 gloria
472 1953 794 2023 subiimasti,
817 1955 918 2010 tuis
941 1955 1130 2010 adesse
1155 1955 1420 2011 concedas
1443 1955 1716 2010 fidelibus.

117 2044 251 2099 Per.

195 2134 374 2202 Super
418 2135 1078 2204 oblata.—Sacrificium,
1127 2137 1369 2203 Domine,
1428 2138 1568 2205 quod
1623 2152 1718 2206 pro

120 2227 300 2280 beatis
339 2226 744 2281 confessiiribus
791 2227 893 2281 tuis
941 2227 1035 2282 Ill.
1084 2227 1238 2281 offert
1268 2236 1449 2282 nostra
1479 2227 1717 2293 devotio,

120 2334 316 2371 eorum
352 2319 563 2374 meritis
591 2329 783 2388 augeat
813 2321 990 2384 nobis,
1033 2329 1083 2376 te
1113 2320 1365 2386 donante,
1388 2319 1716 2389 suffragium.

126 2411 252 2463 Per.

205 2506 485 2576 Prwfatio.
508 2538 580 2552 --
605 2509 742 2564 Vere
771 2510 987 2579 dignum
1017 2521 1072 2566 et
1110 2511 1312 2580 justum
1357 2523 1475 2578 est,
1512 2528 1720 2579 aequum

126 2611 180 2650 et
212 2599 477 2662 salutare,
514 2614 613 2653 nos
645 2601 735 2653 tibi
766 2615 975 2669 semper
1005 2611 1055 2655 et
1081 2601 1274 2670 ubique
1299 2603 1501 2671 gratias
1535 2617 1720 2672 agere,

131 2690 358 2742 nomine
410 2698 618 2754 sancte,
669 2690 831 2745 Pater
875 2690 1233 2759 omnipotens,
1281 2700 1482 2746 aeterne
1537 2692 1718 2746 Dens:

128 2787 444 2832 sanctorum
495 2788 708 2833 tuorum
739 2779 830 2833 ΙΙΙ.
861 2781 1256 2836 solemnitatem
1287 2783 1718 2850 praevenientes,

129 2873 373 2928 concede
425 2873 706 2941 pr0pitius.
743 2883 799 2927 ut
829 2873 917 2942 qui
947 2873 1106 2928 donis
1137 2875 1240 2928 tuis
1288 2874 1357 2929 ita
1395 2875 1726 2929 exstiterunt

129 2964 380 3031 gloriosi,
421 2964 562 3030 apud
607 2973 658 3017 te
688 2965 884 3018 nostris
923 2966 1163 3019 existant
1201 2965 1506 3021 nominibus
1549 2966 1725 3021 idonei

134 3058 552 3111 interventores.
589 3057 691 3112 Per
719 3055 1009 3112 Christum.

1818 1861 2002 1916 audire
2025 1862 2328 1931 dignanter.
2361 1863 2462 1918 Per
2490 1864 2781 1922 Christum.

1891 1960 1914 1985 ιι
1945 1951 2333 2010 Benedictio.——
2347 1955 2663 2012 S.mctorum
2683 1972 2904 2014 suorum
2923 1961 3290 2017 confessd’rum
3311 1960 3405 2018 111.

1822 2045 2028 2099 meritis
2058 2062 2150 2100 vos
2183 2047 2436 2104 Dominus
2479 2049 2639 2105 iaciat
2680 2051 2955 2118 benedici,
2989 2061 3045 2108 et
3083 2064 3269 2110 contra
3310 2054 3409 2110 ad-

1822 2150 1970 2188 versa
2004 2137 2180 2191 omnia
2211 2154 2396 2192 eorum
2427 2141 2810 2197 intercessione
2835 2142 3052 2198 muniri.
3077 2144 3270 2200 Arnen.
3303 2143 3409 2198 Eo-

1823 2242 1941 2282 rum
1965 2228 2162 2284 efficiat
2183 2230 2434 2301 sufl‘ragio
2460 2232 2662 2301 felices,
2686 2248 2911 2302 quorum
2940 2234 3244 2291 festivitatis
3261 2237 3407 2291 diem

1820 2317 2104 2372 celebratis
2165 2330 2407 2376 ovante=.
2468 2325 2660 2378 Amen.
2725 2324 2841 2389 Quo
2894 2340 3078 2380 eorum
3139 2328 3410 2383 imitantes

1830 2409 2075 2475 exempla
2102 2449 2118 2472 ,
2153 2410 2221 2464 ad
2253 2413 2490 2466 cmlestia
2540 2406 2821 2482 pervenire
2859 2417 3075 2484 possitis
3122 2418 3407 2487 promissa.

1825 2499 2018 2551 Amen.
2050 2498 2200 2565 Quod
2231 2502 2344 2569 ipse
2375 2512 2628 2569 priestare
2659 2504 2928 2572 dignetur.

2090 2591 2167 2643 Ad
2200 2590 2588 2658 Complendum.
2613 2624 2684 2638 —-
2709 2597 2774 2651 Ει
2802 2595 3049 2653 nataliliis
3071 2607 3399 2669 sanctorum,

1829 2678 2074 2745 Domine,
2099 2691 2152 2734 et
2170 2684 2490 2740 sacramenti
2515 2700 2733 2738 munere
2761 2686 3004 2754 vegetati,
3023 2703 3328 2754 quaesumus
3345 2697 3408 2744 tit

1827 2766 1983 2823 bonis
2011 2770 2201 2839 quibus
2253 2786 2344 2839 per
2389 2781 2530 2825 tuam
2572 2776 2794 2843 gratiam
2826 2791 2968 2832 nunc
3013 2776 3256 2837 fovemur
3281 2793 3404 2848 per-

1831 2861 2071 2915 fruamur
2095 2860 2331 2914 mternis.
2368 2861 2469 2918 Per
2500 2863 2778 2918 Dominum
2821 2875 3085 2922 nostrum.

1901 2955 2072 3024 Super
2106 2957 2370 3024 papulum.
2393 2984 2463 2994 -—
2485 2957 2706 3018 Adesto.
2757 2958 2998 3025 Domine,
3043 2961 3289 3029 precibus
3320 2977 3412 3031 po-

1832 3045 1940 3113 puli
1970 3046 2044 3099 tui
2086 3060 2206 3098 cum
2237 3055 2541 3101 sanctorum
2574 3047 2664 3101 Ill.
2700 3048 2997 3117 patrocinio
3034 3050 3409 3120 supplicantis,

211 3149 367 3217 163
401 3150 478 3200 Ad
510 3148 905 3217 complendum.
926 3150 1348 3218 -Quwsumus,
1371 3148 1614 3214 nomine,
1645 3165 1730 3204 σε.
1761 3147 1804 3208 (ς
1836 3146 1893 3190 ut
1921 3137 2062 3206 quod
2091 3136 2298 3205 propria
2334 3138 2522 3192 fiducia
2557 3153 2659 3191 non
2692 3139 2969 3207 praesumit
3002 3140 3411 3212 suffragantium

136 3240 400 3294 lotaribus
449 3241 641 3310 repleti
672 3242 958 3311 mysteriis,
994 3253 1050 3296 ut
1078 3258 1301 3311 quorum
1333 3243 1728 3307 solemnitatem

140 3331 410 3399 przeimus.
441 3347 629 3386 eorum
659 3332 990 3388 orationibus
1017 3334 1355 3403 adjuvemur.
1385 3334 1506 3390 Per.

212 3424 384 3489 Super
409 3424 680 3491 populum.
707 3453 776 3463 —-
799 3424 1088 3491 Conserva,
1119 3440 1448 3494 qumsumus,
1479 3427 1724 3491 Domine,

142 3513 392 3566 familiam
425 3524 604 3576 tuam,
649 3523 704 3567 et
736 3514 1167 3568 benedictionem
1219 3524 1428 3569 tuarum
1463 3517 1726 3585 propitius

143 3608 386 3661 ubertate
430 3606 673 3672 purifica,
723 3615 782 3660 ut
827 3620 918 3673 per
962 3606 1402 3662 interee~sionem
1447 3609 1726 3662 beatorum

141 3700 513 3752 confessoum
560 3706 771 3752 tuorum
812 3696 902 3751 lu.
945 3707 998 3752 et
1033 3699 1419 3754 eruditionibus
1450 3702 1554 3754 tuis
1581 3715 1728 3755 sem-

143 3808 231 3860 per
260 3792 668 3860 multiplicetur,
703 3803 749 3844 et
785 3792 958 3846 donis.
985 3792 1085 3846 Per
1111 3794 1390 3847 Dominum
1424 3807 1685 3849 nostrum.

207 3887 346 3936 Alia.
368 3913 442 3924 —
469 3883 796 3950 PrOpitiaie,
831 3885 1136 3938 misericors
1168 3886 1306 3940 Deus
1330 3927 1346 3950 ,
1378 3889 1726 3955 supplicatio-

144 3977 291 4029 nibus
323 3975 552 4038 nostris,
580 3985 634 4029 et
658 3975 906 4042 populum
942 3984 1086 4029 tuum
1121 3977 1361 4046 pervigili
1394 3980 1728 4046 protectione

142 4071 379 4134 custodi,
414 4079 476 4123 ut
520 4070 612 4139 qui
655 4071 932 4126 beatorum
974 4071 1342 4128 confcssorum
1391 4082 1598 4130 tuorum
1631 4076 1723 4130 Ill.

145 4160 397 4212 Ξιιιιξηὶηὶῧ
432 4163 807 4226 ρι-ίενθιιίιιιιιε,
830 4162 1034 4216 tribuas
1065 4153 1216 4217 nobis
1240 4180 1303 4218 ex
1335 4178 1520 4220 eorum
1554 4168 1730 4221 imita-

146 4250 280 4304 tione
327 4263 588 4317 prospera
632 4251 811 4303 mundi
855 4251 1162 4321 despicere,
1207 4263 1261 4308 et
1303 4254 1443 4309 nulla
1485 4255 1599 4324 ejus
1633 4257 1728 4310 ad-

149 4353 289 4392 versa
325 4339 645 4393 formidare.
681 4339 801 4394 Per.

212 4433 444 4487 Atia.-—-
471 4433 648 4496 Deus,
698 4434 788 4502 qui
849 4435 1030 4489 beatos
1075 4434 1413 4491 confessores
1460 4449 1580 4492 tuos
1631 4440 1723 4493 ιιι.

1834 3228 2040 3282 meritis
2062 3237 2438 3296 consequatur.
2472 3228 2593 3283 Per.

1900 3319 2134 3373 Alia.—
2190 3320 2617 3390 Magnitlcantes,
2673 3321 2938 3390 Domine,
2989 3324 3411 3382 misericordiam

1829 3415 1971 3462 tuam
1998 3407 2309 3476 suppliciter
2331 3424 2616 3464 exoramus
2641 3420 2696 3464 ut
2718 3411 2806 3480 qui
2837 3426 2934 3467 nos
2956 3424 3263 3469 sanctorum
3291 3424 3414 3471 tuo-

1829 3515 1945 3554 rum
1974 3499 2342 3568 frequentibus
2373 3500 2500 3555 facis
2531 3501 2784 3558 natalitiis
2826 3503 3106 3570 interesse,
3139 3511 3410 3578 perpetuis

1828 3590 2032 3644 tribuas
2060 3590 2324 3646 interesse
2349 3593 2652 3647 consortiis.
2687 3593 2812 3649 Per.

1897 3683 2036 3735 Alia.
2060 3711 2132 3726 --
2155 3683 2225 3735 Da
2259 3682 2432 3745 nobis,
2463 3683 2802 3754 omnipotens
2824 3685 2988 3752 Deus,
3021 3686 3073 3740 in
3102 3696 3407 3742 sanctorum

1831 3785 2041 3831 tuorum
2093 3785 2144 3830 te
2191 3792 2404 3844 semper
2451 3781 2960 3835 commemoratione
3005 3781 3244 3845 laudare,
3287 3781 3411 3851 quia

1829 3867 2071 3921 refovere
2115 3867 2326 3921 curabis
2373 3880 2508 3935 quos
2557 3870 2608 3921 in
2658 3869 2860 3923 honore
2912 3878 3004 3925 tuo
3056 3885 3409 3942 perseverare

1828 3960 2099 4014 concedis.
2137 3961 2234 4014 l‘er
2265 3960 2543 4014 Dominum
2578 3970 2839 4014 nostrum.

1905 4052 1965 4105 Al
1987 4070 2038 4106 a.
2069 4081 2133 4092 -—
2157 4052 2474 4107 Sanctorum
2497 4062 2706 4107 tuorum
2731 4052 2848 4118 111.,
2879 4053 3120 4119 Domine,
3147 4055 3411 4126 suffragiis

1831 4143 2203 4211 imploramuc,
2235 4151 2288 4195 ut
2317 4157 2344 4194 a
2374 4145 2577 4196 cunctis
2607 4143 2897 4198 liberemur
2917 4145 3155 4199 otTensis.
3180 4145 3283 4200 Per
3303 4147 3411 4202 Do-

1834 4237 2033 4288 minuto
2067 4245 2330 4286 liiistmitt.

1903 4325 2038 4378 Atia.
2074 4355 2141 4362 —
2175 4324 2374 4377 Exaudi
2432 4338 2560 4385 nos,
2618 4324 2957 4393 omnipotens
3005 4335 3061 4381 et
3108 4327 3413 4382 misericors

1839 4419 1996 4481 Deus,
2025 4429 2075 4469 et
2106 4428 2410 4470 sanctorum
2445 4425 2652 4471 tuorum
2682 4431 2779 4472 nos
2813 4418 3009 4487 ubique
3040 4433 3192 4476 tuere
3222 4421 3410 4493 presio

152 4533 450 4576 sanctorum
485 4535 697 4577 tuorum
730 4525 932 4578 meritis
954 4526 1265 4595 coaequasti,
1291 4528 1356 4582 da
1385 4528 1611 4582 nobisin
1639 4541 1729 4583 eo-
1759 4515 1810 4573 D
1834 4507 1954 4560 di’s-
1987 4507 2107 4560 Per-

155 4629 258 4666 rum
284 4616 605 4669 celebritate
633 4616 888 4685 gaudere,
921 4628 977 4671 ut
1003 4633 1226 4686 quorum
1260 4621 1728 4674 commemoratio-

158 4722 262 4759 nem
291 4707 523 4776 agimus,
555 4721 740 4761 eorum
769 4707 1068 4762 imitatione
1100 4708 1459 4776 proficiamus,
1487 4719 1541 4767 et
1567 4709 1734 4766 inter-

158 4798 483 4852 cessionibus
511 4799 871 4852 sublevemur.
906 4797 1007 4854 Per
1038 4799 1320 4856 Dominum
1363 4813 1602 4857 nostrum
1632 4799 1734 4856 Je-

162 4901 266 4940 sum
295 4889 595 4942 Christum.

391 5017 442 5056 IN
481 5018 673 5057 RATALI
714 5017 1053 5058 nontamen!
1093 5019 1484 5060 CONFESSORUM.

231 5118 426 5172 Prmsta
447 5160 461 5183 ,
511 5119 751 5183 Domine,
781 5134 1109 5190 quaesumus,
1141 5133 1198 5174 ut
1238 5120 1379 5176 sicut
1420 5131 1728 5177 sanctorum

167 5219 365 5262 tuorum
390 5207 484 5262 111.
514 5224 612 5262 nos
633 5210 866 5263 natalitia
887 5211 1208 5266 celebranda
1234 5227 1336 5267 non
1361 5212 1632 5278 deserunt,
1663 5215 1733 5268 ita
1773 5201 1777 5205 ’

164 5299 344 5367 jugiter
373 5301 642 5371 suffragiis
662 5305 999 5357 comitentur.
1033 5303 1160 5360 Per.

231 5389 396 5457 Super
417 5393 608 5444 oblata.
632 5421 702 5432 -—-
724 5391 958 5459 Munera,
983 5393 1226 5457 Domine,
1253 5393 1418 5462 plebis
1442 5403 1565 5460 tum,
1591 5412 1737 5465 qua:-

170 5495 357 5544 suinus,
384 5484 658 5540 beatorum
688 5485 1053 5542 confessorum
1079 5495 1286 5540 tuorum
1315 5487 1408 5547 Ill.
1441 5489 1568 5543 fiant
1588 5503 1736 5557 grata

172 5569 444 5641 suﬂragiis,
479 5584 531 5627 ct
563 5590 660 5642 pro
682 5589 904 5643 quorum
938 5577 1224 5644 triumphis
1256 5587 1346 5633 tuo
1376 5582 1572 5634 nomini
1605 5580 1734 5636 offe-

237 5711 257 5737 ε
282 5704 470 5759 iisdem
499 5705 676 5760 verbis
708 5708 934 5763 habetur
959 5709 1010 5762 in
1043 5711 1460 5770 Benedictionali
1507 5733 1602 5787 pro
1637 5719 1920 5776 nativitate
1952 5719 2300 5789 plurimorum
2335 5717 2548 5774 confess
2573 5734 2730 5778 :rum.

489 5801 762 5860 Ρλτιιοι..
808 5802 1150 5866 LXXVIII.

1911 4620 2046 4672 Alia.
2072 4648 2137 4658 -—
2164 4619 2379 4684 Tribue,
2411 4636 2740 4689 qumsumus,
2779 4621 3021 4686 Domine,
3055 4633 3267 4680 sanctos
3293 4633 3420 4682 tuos

1836 4714 2034 4782 jngiter
2062 4727 2219 4767 orare
2264 4730 2358 4781 pro
2408 4716 2591 4779 nobis;
2641 4727 2696 4769 et
2744 4731 2957 4785 semper
2983 4731 3077 4772 eos
3122 4719 3426 4781 clementer

1840 4804 2076 4874 digneris
2101 4805 2304 4858 audire.
2332 4804 2436 4861 Pe?
2468 4806 2746 4862 Dominum
2775 4815 3036 4864 nostrum.

1913 4894 2143 4945 Alia.—-
2169 4893 2349 4949 Sancti
2395 4895 2504 4958 tui,
2547 4911 2880 4965 quaesumus,
2929 4897 3182 4964 Domine,
3223 4901 3440 4970 jiigitet“

1839 4987 1994 5043 nobis
2025 5003 2054 5041 a
2085 4996 2134 5041 te
2165 4998 2214 5042 et
2248 4991 2455 5042 veniam
2489 4990 2775 5056 postulent,
2805 5001 2854 5042 et
2889 4988 3206 5057 profectum.
3240 4993 3361 5051 Per.

2333 5117 2381 5155 tu
2423 5116 2618 5156 νιθιιιλ
2657 5117 2931 5155 VIRGIVUII.

1915 5217 2125 5271 Sancta:
2156 5215 2409 5281 martyris
2435 5225 2536 5266 [the
2568 5211 2658 5267 Ill.
2681 5251 2696 5276 ,
2732 5213 2987 5280 Domino,
3019 5217 3420 5285 supplicationi.

1844 5310 1941 5363 bus
1971 5308 2142 5362 tribue
2164 5321 2261 5358 nos
2285 5305 2476 5370 foveri,
2506 5314 2566 5357 ut
2589 5305 2751 5373 cujus
2779 5310 3142 5363 venerabilem
3169 5309 3420 5363 solemni-

1844 5409 2004 5454 tatem
2039 5399 2396 5467 prievenimus
2436 5396 2724 5466 obsequio,
2781 5397 2902 5464 ejus
2951 5401 3419 5457 intercessionibus

1844 5487 2281 5545 commendemur
2307 5496 2363 5540 et
2387 5487 2609 5541 meritis.
2643 5488 2742 5542 Per
2771 5489 3065 5547 Christum.

1916 5579 2085 5648 Super
2157 5560 2343 5631 oblata.
2378 5607 2445 5618 —-
2490 5577 2797 5638 Muneribus
2859 5583 3094 5652 nostris,
3160 5583 3422 5652 Domine,

3192 5784 3225 5835 ϐ
