4026 6374
589 321 681 375 fil

1779 310 2019 367 SANCTI
2062 306 2387 362 GREGORII
2422 309 2633 364 MAGNI

3777 311 3903 366 I71!

588 440 785 484 sancta:
832 427 921 481 lu.
954 427 1202 496 martyris
1244 434 1347 478 tua:
1378 422 1508 479 festa
1540 424 1909 494 prtecedimus,
1959 431 2147 493 praesta
2181 426 2228 483 Α
2259 422 2441 475 mundi
2485 424 2640 488 huius
2688 425 2911 481 adversa
2964 424 3115 481 nobis
3165 436 3378 497 praestet
3409 428 3671 484 auxilium
3774 430 3896 484 Per

589 532 893 586 qumsumus
945 526 1001 568 ut
1053 531 1169 583 (111ίὲ
1213 524 1552 581 peccatorum
1600 524 1903 569 Ποτίτοτιιηι
1952 529 2151 583 praepe-

588 611 807 660 diuntur
843 604 1132 658 ob~taculis
1172 602 1310 657 illius
1346 603 1555 658 meritis
1597 603 1886 659 reddantur
1913 613 2151 673 accepta.

594 699 692 751 Per
720 696 997 749 Dominum
1037 703 1298 747 nostrum.

662 784 927 853 Prwfatio.
951 812 1019 823 —-
1049 781 1185 836 Vere
1209 782 1422 850 dignum
1445 790 1501 836 et
1522 781 1721 849 justum
1741 791 1843 846 est,
1874 796 2083 848 atquum
2106 792 2156 837 ei

588 882 843 943 salutare,
888 892 983 932 nos
1022 877 1117 932 tibi
1163 892 1374 945 semper
1408 888 1461 931 et
1503 876 1699 946 ultique
1738 878 1934 947 gratias
1975 892 2153 948 agere,

589 969 812 1024 Domine
840 976 1044 1032 sancte,
1096 967 1256 1022 Pater,
1278 968 1634 1034 omnipotens,
1664 980 1863 1023 aeterne
1891 967 2032 1024 Deus
2061 985 2075 1021 :
2101 978 2156 1023 et

590 1074 643 1118 te
683 1066 850 1119 beatae
881 1062 974 1116 ιιι.
1015 1060 1257 1119 natalitia
1290 1061 1666 1127 praeveniendo
1694 1059 1932 1123 laudare,
1964 1061 2158 1129 praedi-

588 1173 709 1213 eire
728 1168 780 1212 et
807 1156 1138 1218 benedicere,
1165 1169 1322 1220 quant
1349 1161 1495 1207 tanto
1513 1167 1732 1208 munere
1754 1152 2073 1214 sulilimasti,
2102 1162 2158 1206 ut

587 1242 637 1298 ei
663 1244 934 1296 conferres
962 1253 1014 1294 et
1045 1238 1362 1308 virginitatis
1401 1253 1651 1292 coronam
1679 1248 1733 1292 et
1761 1239 1998 1308 martyrii
2045 1238 2154 1306 pal-

590 1349 751 1387 mam.
784 1330 951 1402 Cujus
980 1332 1312 1386 interventus
1354 1346 1479 1396 nos,
1512 1345 1850 1400 quaesumus,
1883 1345 1913 1384 a
1956 1330 2157 1385 nostris

588 1424 812 1489 mundet
842 1422 1071 1486 deliCIis.
1100 1433 1155 1477 et
1180 1437 1533 1490 supernorum
1560 1423 1757 1476 civium
1781 1421 1936 1476 faciat
1964 1420 2154 1476 ascisci

587 1511 896 1569 consiirtiis.
926 1512 1028 1568 Per
1055 1512 1346 1566 Christum.

663 1623 816 1695 165
845 1623 964 1676 Alia
985 1622 1332 1693 Prwfatio.-—
1347 1622 1484 1677 Vere
1503 1622 1716 1691 dignum
1759 1631 1814 1677 et
1834 1622 2031 1690 justum
2053 1632 2155 1687 est,

587 1729 795 1784 aequum
818 1723 872 1769 et
898 1713 1150 1778 salutare,
1182 1726 1278 1766 nos
1309 1712 1401 1767 tibi
1430 1727 1640 1782 semper
1660 1722 1713 1767 et
1744 1712 1935 1783 ubique
1961 1714 2158 1783 gratias

586 1820 779 1874 agere,
824 1803 1045 1858 Domine
1090 1811 1293 1868 sancte,
1349 1802 1502 1856 Pater
1551 1805 1904 1871 omnipotens,
1961 1811 2159 1857 atterite

592 1896 765 1948 Deus:
794 1902 849 1949 et
880 1904 951 1957 te,
1001 1894 1166 1947 beatae
1198 1890 1287 1945 Ill.
1322 1891 1553 1947 natalitia
1602 1892 1997 1961 praeveniendo,
2043 1894 2158 1946 lau-

586 1985 737 2047 dare,
765 1982 1052 2051 pﬂedicare
1089 1990 1144 2035 et
1188 1981 1522 2047 benedicere,
1555 1995 1710 2048 quam
1743 1990 1890 2035 tanto
1936 1997 2159 2037 munere

586 2075 903 2141 sublimasti,
928 2083 987 2129 ut
1025 2075 1075 2128 ei
1116 2074 1386 2129 conferres
1427 2072 1739 2142 virginitatis
1784 2088 2057 2139 coronam,
2102 2082 2161 2128 et

587 2166 825 2235 martyrii
857 2166 1116 2233 palmam;
1146 2164 1329 2231 sicque
1360 2165 1549 2216 virtute
1581 2162 1700 2215 fidei
1746 2171 1801 2217 et
1828 2162 2023 2217 decore
2066 2179 2157 2232 puo

586 2256 779 2312 dicitize
811 2255 1049 2322 polleret,
1083 2261 1140 2307 ut
1160 2253 1224 2306 ad
1255 2252 1490 2306 οωιυειίει
1521 2266 1679 2320 regna
1709 2252 1853 2321 virgo
1880 2252 2077 2321 pariter
2104 2260 2161 2307 et

585 2357 785 2415 martyr
807 2346 1047 2399 intraret.
1080 2344 1181 2398 Per
1206 2341 1497 2396 Christum.

656 2458 734 2510 Ad
770 2453 1159 2526 Complendum.
1178 2483 1248 2492 —
1266 2453 1603 2518 Quaasumus,
1632 2451 1968 2520 omnipotens
1996 2451 2154 2515 Deus,

585 2556 645 2602 ut
664 2563 886 2615 quorum
933 2562 1028 2601 nos
1059 2545 1245 2600 tribuis
1275 2544 1669 2601 communicare
1715 2545 2007 2611 memoriis,
2059 2560 2155 2599 eo-

585 2652 703 2692 rum
736 2637 898 2691 facias
931 2636 1192 2691 veraciter
1221 2636 1537 2690 imitatores.
1570 2634 1691 2690 Per.

1076 2761 1127 2801 IN
1165 2762 1353 2801 ΝΑΤΔιι
1392 2762 1660 2802 νιιωιιηωι.

661 2858 820 2927 Deus,
845 2858 932 2929 qui
957 2858 1094 2914 inter
1109 2868 1300 2913 caitera
1323 2857 1571 2925 potentia:
1595 2866 1699 2913 tuac
1719 2856 1973 2914 miracula
1999 2857 2159 2913 etiam

593 2952 645 3005 in
668 2966 795 3004 sexu
827 2950 996 3020 fragili
1029 2948 1306 3003 victoriam
1338 2948 1576 3018 martyrii
1604 2947 1895 3015 contulisti,
1925 2948 2160 3005 concede

589 3040 846 3112 propitius
875 3052 928 3095 ut
973 3041 1121 3111 cujus
1166 3042 1402 3096 natalitia
1431 3042 1677 3107 colimus,
1712 3055 1804 3109 per
1850 3041 1967 3111 ejus
2010 3041 2077 3096 ad
2104 3050 2159 3097 te

588 3135 832 3207 excuipla
861 3133 1185 3205 gradiantur.
1218 3133 1316 3188 Per
1346 3131 1625 3188 Dominum
1649 3141 1913 3190 nostrum.

662 3225 833 3295 Super
860 3224 1047 3278 oblata.
1080 3252 1147 3263 -
1170 3223 1222 3277 In
1251 3232 1448 3278 sancta:
1475 3222 1695 3293 virginis
1720 3220 1813 3276 Ιιι.
1871 3221 2157 3278 ΐθδιὶιιίιθιο

592 3318 845 3387 pretiosa,
878 3325 986 3379 tua,
1041 3314 1283 3380 Domine,
1324 3314 1585 3369 mirabilia
1634 3314 2000 3383 praedicantes,
2044 3328 2161 3367 mu-

592 3421 720 3462 nera
751 3406 920 3460 votiva
950 3406 1274 3471 deferimus;
1309 3417 1521 3473 prtesta,
1552 3419 1876 3473 quaesumus,
1926 3414 1982 3458 ut
2025 3405 2162 3460 sicut

590 3497 706 3567 ejus
737 3496 827 3551 tibi
867 3504 1013 3564 grata
1058 3504 1183 3549 sunt
1212 3496 1421 3561 merita,
1453 3495 1531 3548 sic
1559 3505 1754 3548 ausu-.1:
1777 3496 2045 3553 servientis
2074 3508 2165 3550 ac-

590 3601 742 3658 cepta
767 3588 1051 3643 reddantur
1073 3587 1272 3645 ofﬁcia.
1296 3588 1392 3647 Per
1426 3586 1711 3643 Dominum
1742 3598 2006 3643 nuarum.

664 3678 931 3748 Prwfatio.
958 3708 1025 3718 -—
1052 3678 1185 3734 Vere
1206 3679 1421 3749 dignum
1449 3689 1505 3734 et
1522 3680 1717 3747 justum
1739 3688 1843 3745 est,
1867 3693 2077 3747 :eqttum
2105 3687 2161 3733 et

592 3772 843 3838 salutare,
886 3786 982 3826 nos
1020 3771 1112 3825 tibi
1158 3785 1368 3839 semper
1415 3780 1469 3826 et
1505 3772 1698 3841 ubique
1743 3772 1937 3839 gratias
1980 3784 2162 3839 agere,

596 3864 816 3919 Domine
844 3873 1043 3928 sancte,
1067 3863 1224 3917 Pater
1249 3864 1605 3933 omnipotens,
1645 3875 1845 3919 aeterne
1875 3864 2035 3928 Deus,
2066 3878 2165 3933 per

592 3950 861 4011 Christum
891 3952 1170 4007 Dominum
1202 3962 1464 4008 nostrum.
1494 3954 1663 4021 Quem
1694 3952 1842 4009 beata
1891 3956 2040 4023 virgo
2068 3968 2162 4022 pa-

592 4042 721 4099 riter
750 4050 805 4098 et
831 4051 1029 4112 martyr
1059 4041 1153 4097 Ill.
1185 4053 1241 4099 et
1283 4043 1556 4115 diligendo
1597 4044 1787 4112 timuit,
1832 4054 1889 4100 et
1929 4046 2164 4101 timendo

592 4134 811 4198 dilexit;
841 4134 1020 4205 illique
1044 4133 1326 4207 conjuncta
1363 4144 1448 4191 est
1488 4135 1786 4202 moriendo,
1817 4137 1901 4193 cui
1939 4150 2001 4192 se
2036 4151 2165 4193 con-

591 4232 1058 4279 secraveratcaste
1082 4224 1344 4290 vivendo;
1376 4234 1429 4280 et
1461 4240 1556 4293 pro
1591 4240 1659 4281 eo
1690 4228 2031 4296 temporalem
2052 4239 2163 4284 stu-

590 4314 702 4367 duit
730 4314 993 4370 sustinere
1024 4329 1255 4384 pinnam,
1286 4326 1341 4371 ut
1384 4316 1453 4371 ab
1498 4330 1564 4370 eo
1610 4317 1905 4386 perciperet
1940 4320 2161 4388 gloriam

592 4402 988 4470 sempiternam.
1019 4403 1170 4470 Quae,
1201 4404 1326 4459 dum
1356 4404 1622 4472 duplicem
1654 4406 1764 4460 vult
1802 4422 2014 4462 sumere
2041 4408 2165 4475 pal-

594 4509 732 4547 mum
766 4495 815 4546 in
846 4496 982 4548 sacri
1013 4495 1317 4549 certaminis
1344 4509 1534 4564 agone,
1564 4504 1617 4549 et
1641 4497 1709 4551 de
1736 4500 1977 4564 corporis
2019 4500 2164 4554 inte-

592 4586 807 4651 gritate,
838 4594 893 4637 et
921 4584 986 4637 de
1027 4584 1152 4639 fidei
1201 4585 1451 4654 puritate,
1480 4585 1795 4642 laboriosius
1821 4587 1972 4642 duxit
2008 4589 2163 4660 longa

591 4670 791 4739 antiqui
843 4672 1012 4725 hostis
1068 4672 1333 4728 sustinere
1382 4683 1737 4742 tentamenta,
1796 4693 1952 4745 quam
2002 4681 2164 4735 vitam

592 4771 905 4825 praesentem
934 4760 1039 4814 cito
1068 4762 1313 4817 amittere
1344 4778 1434 4832 per
1455 4773 1735 4819 tormenta.
1759 4766 2016 4833 Quoniam
2042 4786 2163 4825 cum

590 4854 642 4902 in
676 4848 931 4920 martyrio
963 4860 1321 4920 proponantur
1351 4867 1412 4907 ea
1444 4868 1561 4922 quae
1605 4862 1857 4924 terreant,
1909 4856 1960 4911 in
1995 4861 2171 4914 carnis

590 4955 716 4994 vero
744 4941 1144 4997 delectamentis
1167 4957 1226 4996 ea
1249 4959 1366 5014 qua:
1395 4945 1679 5011 mulceant,
1706 4948 1978 5004 molestius
2006 4953 2165 5006 susti-

586 5039 742 5085 netur
768 5029 932 5087 hostis
962 5032 1222 5099 occultus,
1259 5050 1414 5104 quam
1440 5047 1721 5106 superatur
1749 5038 1992 5096 infestus.
2025 5042 2159 5097 Cum

584 5136 710 5191 ergo
740 5122 790 5176 in
828 5133 1049 5192 utroque
1082 5124 1155 5178 tui
1187 5126 1256 5179 sit
1288 5130 1521 5181 muneris
1561 5130 1700 5197 quod
1734 5130 1877 5193 vicit,
1922 5134 2043 5201 quia
2073 5134 2164 5188 ni-

585 5214 657 5268 hil
688 5214 828 5270 valet
876 5215 1104 5269 humana
1152 5215 1432 5286 fragilitas,
1487 5219 1585 5272 nisi
1631 5228 1715 5275 tua
1767 5223 1902 5275 hanc
1947 5222 2163 5293 adjuvet

582 5307 769 5372 pietas,
800 5322 894 5374 pro
928 5308 1103 5375 nobis,
1136 5324 1463 5376 quaesumus,
1496 5323 1636 5365 tuam
1676 5313 1927 5381 pietatem
1948 5330 2162 5380 exoret,

579 5410 699 5461 quae
725 5410 754 5448 a
788 5406 838 5451 te
865 5399 1069 5469 accepit
1128 5406 1186 5452 ut
1232 5399 1486 5455 vinceret.
1522 5402 1582 5456 Et
1621 5418 1738 5471 qua:
1771 5403 2034 5474 Unigeuiti
2084 5407 2158 5461 tui

583 5485 778 5539 intrare
832 5489 1025 5543 meruit
1078 5488 1402 5557 thalamum,
1454 5492 1833 5548 intercessione
1879 5509 1972 5549 sua
2021 5497 2162 5551 inter

2259 527 2415 578 quem
2445 512 2769 582 Maiestatem
2794 523 2960 570 tuam.

2330 604 2445 657 Alia
2507 604 2753 671 Pra'fario
2803 635 2859 644 —
2905 606 3043 661 Vere
3104 605 3318 675 dignum
3370 616 3425 663 et
3483 608 3695 677 justum
3765 617 3895 671 est,

2258 709 2465 763 acquum
2505 703 2559 747 et
2586 696 2833 762 salutare,
2875 711 2971 749 nos
3004 696 3096 750 tibi
3141 711 3354 765 semper
3382 706 3439 752 et
3468 699 3665 767 ubique
3723 711 3893 767 gra-

2260 785 2359 839 tias
2381 800 2562 855 agere,
2588 786 2810 841 Domine
2838 796 3045 850 sancte,
3073 785 3232 842 Pater
3252 788 3612 856 omnipotens,
3636 801 3894 844 aeterne

2260 874 2421 941 Deus,
2452 890 2532 942 per
2571 877 2839 929 Christum
2888 877 3168 931 Dominum
3200 886 3441 932 nostrum
3473 895 3489 931 :
3517 880 3677 947 cujus
3720 880 3889 935 cha-

2258 966 2432 1021 ritatis
2458 967 2649 1022 ardore
2678 967 2798 1029 ista,
2830 978 2883 1022 et
2912 983 3099 1023 oinm-s
3122 977 3318 1023 sanctae
3340 970 3592 1039 virgines,
3622 986 3650 1024 a
3688 970 3888 1026 beata

2260 1056 2421 1111 Maria
2459 1057 2765 1126 exemplum
2802 1057 3120 1125 virginitatis
3166 1058 3507 1127 accipientes,
3558 1063 3885 1128 prmsemis

2259 1147 2443 1207 saeculi
2483 1147 2784 1216 voluptates
2821 1162 2883 1202 ac
2928 1147 3144 1202 delicias
3192 1158 3647 1219 contempserunt.
3703 1152 3884 1219 Quo-

2259 1238 2401 1290 niam
2432 1245 2524 1292 tuo
2553 1238 2693 1291 dono
2719 1246 2893 1291 actum
2939 1247 3023 1291 est
3070 1239 3221 1307 (597)
3262 1248 3318 1291 ut
3365 1249 3644 1309 pestquam
3678 1241 3879 1309 Virgo

2258 1327 2330 1382 de
2349 1326 2565 1397 Virgine
2588 1327 2803 1396 prodiit,
2830 1342 2990 1382 sexus
3022 1329 3220 1395 fragilis
3241 1340 3381 1384 cssct
3403 1329 3581 1398 fortis,
3610 1342 3666 1385 et
3686 1331 3874 1401 (598)

2261 1417 2314 1470 in
2345 1430 2451 1485 quo
2485 1418 2640 1488 166
2684 1416 2781 1471 fuit
2826 1417 3081 1487 peccandi
3122 1417 3366 1485 facilitas,
3416 1430 3561 1475 esset
3590 1420 3874 1478 vincendi

2260 1505 2503 1563 felicitas.
2536 1508 2905 1578 Antiquusque
2935 1510 3124 1573 hostis,
3158 1510 3244 1577 qui
3276 1526 3371 1580 per
3416 1514 3689 1582 antiquam
3744 1516 3873 1569 vir-

2258 1600 2436 1669 ginem
2467 1614 2634 1670 genus
2682 1600 2968 1654 humanum
3008 1616 3067 1655 se
3116 1602 3305 1656 vicisse
3344 1603 3694 1671 gloriabatur,
3754 1619 3868 1674 per

2261 1700 2473 1745 sanctas
2502 1705 2640 1746 nunc
2669 1692 2919 1761 virgines,
2954 1707 3208 1760 sequaces
3249 1695 3422 1763 potius
3454 1694 3633 1750 Maria:
3676 1714 3864 1767 quam

2189 1786 2233 1844 Β
2265 1781 2411 1846 Erae,
2447 1783 2705 1836 vincatur.
2741 1784 2804 1836 Et
2834 1783 2886 1836 in
2915 1797 2980 1843 eo
3029 1782 3199 1851 majnr
3242 1789 3289 1838 ei
3338 1786 3579 1840 confusio
3605 1799 3860 1855 crescat,

2262 1873 2400 1941 quod
2429 1873 2497 1928 de
2525 1888 2590 1928 eo
2617 1878 2775 1929 etiam
2806 1888 2967 1929 sexus
2994 1876 3191 1946 fragilis
3216 1875 3325 1947 jam
3349 1877 3659 1947 triumphat.
3692 1882 3860 1949 Qua-

2264 1976 2482 2033 propter
2509 1966 2823 2021 immensam
2855 1966 3103 2036 pietatem
3149 1976 3292 2021 tuam
3326 1968 3599 2024 humiliter
3641 1986 3858 2040 expos-

2259 2058 2453 2121 cimus,
2487 2067 2543 2111 ut
2571 2073 2667 2127 per
2701 2072 2883 2112 earum
2926 2059 3378 2127 intercessionem,
3416 2074 3534 2128 quae
3568 2071 3619 2115 et
3647 2075 3856 2115 sexum

2262 2155 2501 2207 vicerunt
2528 2160 2582 2207 et
2626 2152 2911 2218 saeculum,
2946 2152 3141 2218 tibique
3187 2151 3501 2220 placuerunt
3525 2162 3580 2207 et
3623 2154 3857 2223 virgini-

2262 2245 2383 2298 tatis
2411 2244 2625 2310 decore,
2673 2254 2731 2299 et
2775 2246 3035 2313 passionis
3065 2245 3266 2314 vigore,
3313 2260 3410 2300 nos
3455 2263 3768 2302 mereamur
3795 2259 3857 2303 et

2260 2335 2582 2390 invisibilem
2630 2336 2835 2390 hostem
2885 2352 3157 2404 superare,
3189 2346 3245 2390 et
3272 2337 3556 2408 Unigeuito
3588 2349 3680 2394 tuo
3727 2341 3848 2395 Du-

2260 2425 2405 2479 niino
2436 2436 2619 2480 nostro
2649 2426 2941 2480 adhaerere.
2974 2425 3077 2480 Per
3101 2441 3256 2493 quem
3292 2426 3643 2493 Maiestatem.

2330 2522 2355 2549 ⁸
2395 2512 2708 2568 Benedictio.
2733 2541 2804 2556 -—-
2822 2514 3107 2570 Benedicat
3136 2514 3289 2568 vobis
3320 2515 3575 2571 Dominus
3599 2517 3687 2587 qui
3712 2517 3853 2575 bea-

2261 2604 2540 2673 tzcvirgini
2575 2604 2666 2658 ιιι.
2705 2605 2973 2660 concessit
3019 2613 3071 2660 et
3119 2605 3364 2660 decorem
3416 2607 3733 2677 virginitatis
3790 2622 3851 2669 ct

2260 2697 2482 2766 gloiam
2515 2697 2799 2767 passionis.
2830 2695 3018 2752 Amen.
3058 2698 3125 2751 Et
3152 2697 3306 2768 cujus
3352 2700 3705 2768 opitulatione
3751 2704 3847 2760 illa

2262 2787 2452 2842 meruit
2480 2796 2535 2842 et
2561 2802 2720 2843 sexus
2741 2787 3075 2858 fragilitatem
3096 2796 3151 2843 et
3173 2791 3599 2859 persequentium
3629 2793 3843 2848 rabiem

2260 2878 2564 2942 devincere,
2594 2891 2690 2933 vos
2739 2876 2952 2947 possitis
2979 2886 3031 2933 et
3059 2885 3357 2933 vestrorum
3395 2894 3681 2949 corporum
3714 2881 3844 2935 ille-

2263 2968 2452 3023 cebras
2498 2978 2556 3024 et
2614 2969 2815 3036 antiqui
2868 2967 3034 3023 hostis
3088 2967 3509 3024 machinamenta
3559 2986 3847 3042 superare.

2262 3062 2454 3116 Amen.
2487 3060 2602 3126 Quo
2628 3063 2764 3113 sicut
2805 3059 2890 3113 illa
2918 3072 3050 3113 sexu
3094 3059 3261 3129 fragili
3290 3060 3445 3117 virile
3472 3063 3588 3118 uisa
3610 3076 3693 3117 est
3718 3077 3848 3118 eer-

2179 3143 2227 3208 C
2265 3162 2437 3207 tamen
2479 3151 2651 3213 adire,
2692 3160 2748 3205 et
2790 3160 2907 3219 post
2949 3162 3218 3207 certamen
3264 3152 3330 3207 de
3368 3152 3603 3210 hostibus
3650 3155 3845 3209 trium-

2265 3242 2451 3314 pbare,
2480 3242 2551 3295 ita
2574 3255 2669 3296 vos
2717 3240 2771 3295 in
2803 3242 2900 3295 hac
2928 3241 3248 3297 mortalitate
3269 3243 3504 3298 viventes
3531 3244 3765 3299 Valeatis
3793 3255 3851 3299 ct

2264 3336 2535 3404 antiquum
2578 3332 2788 3389 hostem
2830 3332 3133 3397 devincere,
3182 3344 3236 3388 et
3278 3333 3343 3387 ad
3391 3348 3554 3402 regna
3597 3335 3849 3391 calestia

2267 3425 2566 3495 pervenire.
2597 3425 2788 3478 Amen.
2811 3422 2964 3490 Quod
2995 3424 3109 3493 ipse
3138 3433 3410 3493 praestare.

2335 3521 2452 3574 Ah’a
2481 3518 2795 3574 Benedictio.
2821 3547 2893 3560 —-
2918 3518 3268 3589 Omnipotens
3298 3517 3573 3585 Dominus,
3618 3517 3849 3573 interc-

2268 3614 2518 3669 dentibus
2545 3612 2742 3667 sanctis
2785 3612 3077 3681 virginibus
3128 3611 3237 3666 suis
3270 3608 3404 3676 111.,
3452 3625 3545 3665 vos
3595 3610 3850 3679 dignetur

2269 3706 2606 3771 benedicere,
2638 3706 2726 3776 qui
2774 3705 2844 3760 de
2869 3706 3088 3775 antiquo
3129 3706 3279 3761 hoste
3310 3719 3415 3761 non
3445 3706 3615 3760 solum
3648 3720 3743 3775 per
3771 3710 3849 3758 vi—

2267 3811 2378 3863 ros,
2421 3812 2600 3851 verum
2652 3797 2810 3852 etiam
2858 3813 2950 3866 per
2996 3798 3218 3853 feminas
3272 3799 3440 3853 voluit
3491 3800 3844 3868 triumphare.

2269 3890 2462 3942 Amen.
2501 3886 2568 3941 Et
2615 3886 2704 3956 qni
2750 3887 2857 3944 illis
2886 3886 3051 3942 voluit
3091 3889 3366 3943 centesimi
3407 3889 3615 3944 fructus
3644 3889 3843 3943 donum

2268 3980 2461 4035 decore
2490 3980 2801 4050 virginitatis
2855 3991 2906 4036 et
2951 3995 3122 4050 agone
3170 3982 3408 4052 martyrii
3454 3980 3723 4047 conferre,
3752 3995 3846 4033 vos

2270 4070 2517 4140 dignetur
2540 4080 2596 4125 et
2623 4070 2871 4125 vitiorum
2901 4071 3235 4140 squaloribus
3262 4086 3579 4141 ex1urgare,
3604 4081 3660 4126 et
3684 4073 3845 4125 virtu-

2273 4171 2384 4218 tum
2420 4161 2749 4231 lampadibus
2770 4176 3051 4216 exornare.
3078 4165 3269 4217 Amen.
3292 4166 3563 4227 Quatenus
3590 4162 3845 4217 virtutum

2270 4253 2389 4308 oleo
2420 4254 2492 4308 ita
2534 4262 2805 4323 pectorum
2858 4262 3155 4309 vestrorum
3200 4250 3470 4323 lampades
3515 4257 3720 4323 possint
3767 4268 3846 4307 re-

2274 4345 2426 4409 pleri,
2457 4355 2517 4400 ut
2544 4360 2665 4399 cum
2713 4345 2793 4401 eis
2826 4344 3061 4400 caelestis
3101 4345 3283 4413 sponsi
3313 4346 3599 4399 thalamum
3631 4345 3847 4399 valeatis

2272 4437 2498 4500 ingredi.
2527 4438 2716 4492 Amen.
2748 4437 2899 4502 Quod
2946 4438 3058 4507 ipse
3104 4449 3359 4507 praestare
3386 4439 3655 4508 dignetur,
3696 4440 3847 4508 cujus

2198 4516 2248 4577 Ι)
2271 4543 2493 4596 rengum
2522 4538 2578 4582 et
2603 4526 2906 4598 imperium.

2339 4642 2429 4695 Ad
2461 4640 2852 4709 Complendum.
2891 4669 2959 4680 -
2988 4642 3330 4696 Auxilientur
3377 4642 3546 4706 nobis,
3600 4642 3843 4707 Domine,

2269 4744 2482 4797 sumpta
2507 4732 2777 4797 mysteria,
2805 4738 2878 4795 et,
2917 4730 3278 4786 intercedente
3306 4732 3457 4787 beata
3484 4730 3578 4785 ιιι.
3612 4742 3846 4803 martyre

2273 4829 2382 4886 tua,
2411 4820 2734 4891 sempiterna
2783 4823 3113 4891 proiectione
3149 4822 3484 4880 confirment.
3521 4824 3618 4878 Per
3666 4826 3844 4878 Domi-

2273 4929 2400 4967 num
2428 4922 2691 4969 nostrum.

2344 5021 2976 5093 Alia.—lndulgenti:iin
3029 5025 3202 5092 nobis,
3252 5025 3502 5088 Domine,
3553 5028 3706 5083 beata
3752 5025 3840 5081 Ill.

2274 5124 2476 5177 martyr
2509 5113 2781 5182 imploret.
2818 5129 2940 5184 qua:
2979 5114 3071 5170 tibi
3111 5130 3322 5183 semper
3350 5124 3499 5184 grata
3539 5117 3762 5181 exstitit,
3788 5128 3843 5171 et

2273 5208 2464 5259 merito
2511 5204 2792 5268 castitatis.
2842 5217 2897 5262 et
2945 5218 3048 5261 tua;
3103 5207 3432 5275 professione
3472 5207 3707 5263 virtutis.
3748 5208 3845 5264 Per

2272 5297 2554 5352 Dominum
2584 5308 2819 5353 uestrum
2863 5298 3033 5354 lestnn
3061 5301 3326 5354 Christum
3360 5301 3551 5355 Fitium
3579 5310 3752 5356 tuum.

2334 5409 2482 5477 (599)
2513 5408 2628 5461 Atia
2668 5407 2851 5462 Missa.
2913 5437 2950 5448 -
2977 5411 3132 5473 Deus,
3181 5412 3267 5480 qui
3308 5426 3406 5465 nos
3442 5411 3601 5466 hodie
3650 5422 3843 5467 sanitas

2266 5499 2485 5568 virginis
2538 5497 2631 5551 Ill.
2685 5514 2856 5552 annua
2903 5500 3243 5555 solemnitate
3284 5500 3547 5564 laetificas,
3613 5504 3844 5557 emicede

652 5637 828 5732 fult-hcc
861 5638 1053 5694 Bcncd.
1082 5643 1377 5717 assignatur
1401 5645 1451 5698 in
1477 5645 1888 5705 Bcucdictionali
1919 5667 2013 5720 pro
2042 5662 2149 5708 nat.
2194 5656 2347 5711 unius
2392 5658 2637 5728 virginis,
2687 5668 2739 5713 et
2788 5674 3016 5728 sequens
3056 5657 3109 5713 in
3151 5660 3430 5717 nativitatc
3476 5662 3700 5732 plurim.
3743 5664 3845 5718 vir-

580 5710 781 5777 ginum.
