4026 6314
191 342 305 394 1ῖῦ

1415 331 1612 389 LIBER
1655 329 2279 387 SACRAMENTORUM.

3358 338 3456 399 ιη

186 476 245 523 ιη
266 456 457 523 opitins
490 463 545 507 ut
591 453 714 522 ejus
771 452 1078 520 adjuvemur
1111 448 1336 516 meritis,
1385 449 1535 515 cujus
1567 448 1777 501 castita-
1812 449 1857 505 Α
1888 446 2102 500 strictos
2144 445 2317 500 adhuc
2343 446 2649 500 conditione
2682 446 2981 527 mortalium
3022 447 3130 517 jam
3159 450 3226 504 ad
3273 453 3461 507 simili-

187 552 266 602 tis
300 547 619 602 irradiatnur
648 544 925 610 exemplis.
962 542 1061 594 Per
1088 540 1366 594 Dominum
1400 550 1663 593 nostrum.

272 639 441 705 Super
470 635 664 688 oblata.
690 662 761 672 —
785 632 942 685 Grata
974 630 1043 682 sit
1070 630 1185 692 tibi,
1220 629 1458 687 Domine.
1488 628 1601 681 lucc
1629 628 1781 680 ohla-

187 734 279 781 tio
329 729 494 798 picbis
549 735 680 793 luat,
740 738 898 791 quant
947 720 1038 773 tibi
1101 719 1370 774 oderimus
1421 719 1471 771 in
1527 718 1783 771 honorem

187 833 377 875 santm
406 820 491 873 ιιι.
525 817 769 887 virginis,
805 824 861 871 ut
905 814 1112 867 cunctis
1160 811 1398 879 proficiat
1428 811 1493 864 ad
1533 806 1783 864 salutem.

190 915 327 973 Per.

272 1006 356 1059 Ad
407 1003 799 1072 Complendum.
841 1030 909 1043 -—
956 998 1221 1067 Adjuvent
1272 1011 1392 1063 nos,
1461 1008 1783 1061 qttzesumus,

188 1095 451 1160 Domine,
482 1102 535 1147 et
558 1094 669 1146 hate
699 1091 946 1160 mysteria
969 1098 1175 1149 sancta,
1207 1100 1326 1154 quat
1353 1086 1700 1153 sumpsimus,
1731 1093 1787 1138 et
1816 1128 1819 1131 .

190 1186 370 1238 basta!
404 1183 495 1236 Ill.
532 1182 748 1252 virginis
780 1179 1093 1234 intercessio
1121 1177 1445 1235 veneranda.
1481 1176 1601 1232 Per.

276 1273 432 1340 167
477 1270 774 1324 Benedictio
811 1268 1021 1327 vestium
1056 1265 1284 1335 virginis,
1488 1264 1566 1318 vel
1602 1263 1784 1322 vidule.

188 1390 265 1401 --
296 1362 461 1425 Deus,
498 1370 823 1413 aeternorum
855 1357 1115 1409 bonorum
1141 1354 1447 1408 lidelissime
1471 1354 1784 1419 promissor,

191 1462 251 1506 et
282 1451 593 1506 certissime
630 1449 951 1518 persolutor,
998 1446 1088 1516 qui
1134 1446 1511 1499 vestimentum
1557 1445 1789 1499 salutare

192 1554 250 1597 et
304 1543 680 1597 indumentum
738 1550 952 1593 (eterna:
997 1536 1344 1605 iucunditatis
1392 1536 1495 1589 tuis
1542 1535 1787 1588 ﬁdi-libus

197 1633 526 1701 promisisti,
557 1631 898 1685 clementiam
951 1640 1089 1680 tuam
1121 1625 1433 1694 suppliciter
1480 1639 1784 1688 exoramus,

197 1736 257 1779 ut
290 1726 409 1777 ha‘c
441 1722 749 1778 indumenta
774 1718 1126 1774 humilitatem
1147 1715 1326 1768 cordis
1345 1723 1399 1767 et
1425 1723 1785 1782 contemptum

1891 537 2124 589 tudncm
2175 537 2434 604 prorehas
2476 538 2813 606 angelorum;
2864 539 3071 604 respice
3113 554 3275 608 super
3324 542 3464 597 hanc

1888 625 2136 683 famulam
2179 633 2320 679 tuam
2355 625 2443 680 Ill.
2472 627 2624 697 (609)
2651 642 2768 696 qua}
2810 626 2903 697 tibi
2931 628 3268 685 demtiottem
3307 645 3459 684 suam

1886 715 2063 780 offert,
2095 734 2123 768 a
2153 726 2339 785 quoet
2376 694 2491 785 ipsa
2534 694 2679 774 idem
2724 694 2876 787 (lilii)
2922 727 3100 773 votum
3149 719 3455 787 assumpsit.

1886 805 1925 860 S
1950 815 1966 858 ι
1996 806 2049 858 io
2078 820 2163 872 ea,
2196 806 2442 874 Domine,
2472 821 2567 874 per
2587 808 2786 862 d0num
2823 806 3052 875 Spiritus
3083 809 3179 870 tui,
3224 811 3458 876 prudens

1888 897 2174 964 modestia,
2221 899 2435 963 sapiens
2478 898 2796 966 benignitas,
2846 900 3028 966 gravis
3072 900 3155 953 lett
3181 909 3280 962 tas,
3311 909 3458 955 casta

1889 987 2133 1047 libertas;
2169 986 2375 1039 ferveat
2428 986 2479 1041 itt
2514 987 2794 1048 charitate,
2827 996 2880 1040 et
2909 988 3037 1045 nihil
3087 998 3235 1043 extra
3266 998 3317 1043 to
3340 989 3461 1044 dili-

1886 1085 1995 1144 gat,
2046 1076 2485 1143 laudabiliterque
2514 1076 2672 1140 vivat,
2706 1086 2761 1131 et
2809 1076 3013 1139 laudari
3077 1092 3179 1133 non
3222 1090 3461 1148 appetat,

1891 1177 1942 1221 te
1968 1165 2175 1223 timeat.
2224 1166 2314 1220 tibi
2355 1179 2537 1219 amore
2579 1165 2811 1230 serviat;
2850 1175 2904 1220 tu
2945 1165 2992 1219 ei
3023 1169 3211 1233 honor,
3256 1180 3309 1225 tu
3337 1184 3464 1239 gau-

1889 1260 2058 1321 dium,
2079 1268 2133 1310 tu
2167 1258 2221 1309 in
2238 1270 2467 1315 maerore
2500 1256 2770 1326 solatium,
2793 1258 2948 1333 168
2965 1270 3017 1312 tu
3044 1262 3093 1317 in
3115 1262 3462 1330 ambiguitate

1892 1348 2198 1408 Consilium,
2226 1356 2276 1400 tu
2306 1346 2356 1399 in
2386 1345 2576 1412 injuria
2609 1346 2869 1412 defensio,
2901 1349 2953 1401 in
2986 1350 3329 1405 tribulatione
3370 1367 3464 1420 pa-

1893 1440 2101 1504 tientia,
2146 1438 2199 1493 in
2241 1449 2549 1507 paupertate
2594 1438 2939 1510 abundantia,
2970 1438 3123 1510 (6H)
3170 1442 3223 1493 in
3258 1442 3464 1510 jejunio

1889 1544 1919 1583 c
1940 1530 2059 1595 bus,
2107 1530 2159 1583 in
2191 1529 2497 1596 infirmitate
2524 1529 2598 1583 sis
2630 1530 2927 1597 medicina;
2961 1547 3053 1599 per
3086 1538 3155 1597 te,
3194 1550 3350 1602 quem
3379 1535 3462 1588 di-

1892 1626 2058 1694 ligere
2103 1641 2263 1693 super
2299 1626 2477 1680 omnia
2516 1624 2738 1694 appetit,
2770 1627 2909 1696 quod
2959 1635 3043 1679 est
3088 1629 3321 1697 professa
3368 1644 3465 1683 cu-

1891 1718 2110 1785 stodiat,
2146 1728 2203 1772 ut
2248 1731 2301 1772 et
2350 1722 2555 1773 hostem
2595 1719 2868 1787 antiquum
2911 1720 3177 1787 dcvincat,
3215 1733 3268 1776 et
3308 1722 3465 1775 vitiu-

199 1815 393 1875 ninndi
426 1813 803 1883 significantia,
842 1809 1031 1879 quibus
1080 1808 1275 1866 famula
1326 1813 1413 1860 tua
1464 1803 1556 1859 Ill.
1601 1816 1786 1865 saneto
1820 1818 2005 1876 Brum
2033 1812 2309 1878 squalores
2357 1822 2648 1881 expurget;
2683 1810 2833 1880 (61‘2)
2878 1823 3138 1881 quatenus
3179 1815 3463 1869 centesimi

198 1906 495 1960 visibliter
524 1911 606 1957 est
636 1900 966 1955 informanda
999 1899 1299 1967 proposito,
1335 1896 1591 1966 propitius
1622 1897 1788 1950 bene-

198 1998 423 2069 filicas,
454 2006 509 2051 et
541 1996 710 2049 lieatte
752 1990 1011 2046 castitatis
1051 1990 1287 2050 habitum
1320 2005 1477 2059 quem
1527 1999 1579 2043 te
1626 1989 1790 2055 inspi-

199 2099 359 2141 rante
392 2085 707 2149 susceperit,
751 2093 805 2138 te
834 2091 1145 2152 protegente
1181 2081 1474 2145 custodiat;
1523 2090 1577 2135 et
1618 2095 1780 2149 quam

199 2179 445 2232 vestibus
471 2176 789 2231 venerandae
813 2174 1156 2240 professionis
1183 2173 1359 2227 induis
1401 2171 1785 2239 temporaliter,

203 2272 362 2321 beata
395 2267 558 2320 facias
590 2263 986 2325 immortalitate
1016 2262 1217 2319 vestiri.
1245 2260 1347 2315 Per
1378 2260 1659 2314 Dominum
1687 2275 1786 2315 no-

204 2365 405 2419 strum.
436 2388 439 2389 ν

278 2445 418 2499 Item
467 2445 873 2511 alim—Deus,
924 2444 1183 2500 bonarum
1232 2442 1485 2496 virtutum
1527 2442 1702 2507 dator,
1735 2453 1791 2499 et

204 2538 453 2591 omnium
482 2536 913 2591 benedictionem
936 2533 1115 2603 largus
1137 2533 1360 2600 infusor,
1392 2532 1581 2586 exaudi
1607 2547 1791 2601 preces

206 2637 443 2691 nostras,
467 2635 522 2682 et
544 2628 677 2680 hanc
705 2636 933 2690 vestem,
957 2640 1058 2695 qua
1086 2624 1279 2678 famula
1302 2633 1388 2676 tua
1418 2620 1510 2687 ιιι.
1542 2638 1637 2692 pro
1662 2638 1791 2678 con-

204 2718 489 2773 servandae
514 2718 776 2773 castitatis
800 2718 951 2785 signo
980 2731 1039 2770 se
1082 2714 1492 2782 adotteriendam
1525 2715 1786 2783 exposcit,

207 2809 445 2880 δίκηθῇάί
481 2825 573 2865 ere
602 2818 656 2865 et
685 2808 1022 2863 sattctilicare
1058 2807 1311 2876 digneris.
1355 2806 1453 2861 Per
1485 2805 1789 2872 Dominum,

277 2900 583 2954 Benedictio
623 2900 772 2958 vestis
823 2899 1053 2968 rirginis.
1077 2925 1147 2939 -
1176 2897 1403 2961 Exaudi,
1456 2899 1792 2966 omnipotens

213 2992 375 3054 Deus,
399 3006 591 3060 preces
613 2999 842 3056 nostras,
866 3000 921 3043 et
944 2990 1080 3043 hanc
1105 3000 1328 3053 vestem,
1358 3004 1460 3057 qua
1485 2988 1679 3047 famula
1703 2998 1790 3043 tua

218 3085 304 3141 ιιι.
329 3101 394 3140 se
411 3083 829 3154 adoperiendam
852 3085 1113 3151 exposcit,
1140 3082 1420 3136 uberrimze
1465 3080 1796 3135 benedictio-

212 3179 293 3231 nis
323 3178 499 3230 imbre
526 3175 812 3245 perfunde,
855 3176 993 3229 sicut
1036 3172 1311 3242 perfodisti
1342 3188 1464 3233 oras
1502 3174 1789 3238 vestimen-
1819 3166 1865 3228 Ω

213 3276 395 3321 torum
427 3270 605 3320 Aaron
631 3265 1005 3321 benedictione
1033 3263 1326 3331 profluente
1349 3278 1376 3315 a
1402 3264 1575 3329 capite
1602 3264 1654 3318 in
1678 3264 1798 3318 bar-

217 3362 338 3413 bam
392 3358 670 3429 unguenti.
714 3357 779 3413 Et.
805 3357 945 3413 sicut
986 3355 1300 3411 beneditisti
1343 3366 1522 3413 vestes
1559 3356 1794 3422 omnium

213 3453 588 3522 religiosorum
605 3451 700 3506 tibi
722 3465 818 3522 per
838 3450 1015 3503 omnia
1046 3447 1382 3516 placentium,
1404 3448 1471 3500 ita
1490 3461 1605 3501 eam
1632 3446 1797 3501 bene-

212 3544 396 3597 dicere
424 3544 649 3611 dignare
671 3556 738 3603 ac
758 3549 970 3610 pnesta,
989 3540 1405 3599 clementissime
1430 3538 1606 3603 Pater,
1628 3548 1685 3592 ut
1707 3554 1796 3593 su-

214 3635 470 3701 pradicta:
500 3631 715 3691 famula:
736 3642 839 3686 tua:
865 3631 978 3689 haec
991 3631 1060 3683 sit
1085 3629 1248 3685 veStis
1268 3628 1494 3691 salubris
1514 3629 1792 3699 protectio,

216 3726 333 3779 hmo
360 3725 599 3795 cognitio
626 3723 919 3793 religionis,
950 3723 1064 3776 haec
1100 3723 1305 3776 initium
1337 3721 1654 3784 sanctitatis,
1682 3719 1798 3776 haec

212 3831 400 3873 contra
432 3819 613 3872 omnia
644 3819 750 3874 tela
782 3815 981 3871 inimici
1025 3816 1241 3868 robusta
1296 3812 1559 3879 defensio,
1590 3824 1647 3870 ut
1671 3828 1799 3869 cen-

221 3911 396 3963 lcsimi
458 3909 698 3963 muneris
745 3906 1013 3977 opulentia
1063 3905 1426 3975 perseveranti
1474 3906 1797 3967 continentia

215 4002 441 4056 uitetur.
479 3998 585 4053 Per
615 3999 893 4059 Dominum
918 4006 1177 4052 nostrum.

284 4092 441 4162 (601)
482 4090 773 4145 Benedictio
803 4090 1010 4159 virginis
1032 4088 1095 4143 ab
1124 4086 1273 4157 (602)
1294 4089 1532 4159 episcopo
1561 4090 1796 4156 dicenda,

216 4183 509 4253 (605)111112
555 4183 613 4250 ﬁt
660 4182 713 4234 in
760 4178 1074 4249 Epiphania,
1107 4180 1254 4251 (604)
1284 4183 1360 4235 vel
1399 4183 1622 4237 secunda
1668 4183 1797 4251 feria

220 4273 455 4337 Pascha,
485 4283 576 4327 aut
630 4270 785 4345 (605)
814 4274 1018 4342 quando
1062 4274 1408 4341 apostolorum
1449 4274 1685 4335 natalitia
1712 4290 1796 4331 cev

220 4368 509 4434 lebrantur;
553 4375 602 4421 et
649 4366 801 4439 (606)
831 4369 1122 4420 vestimenta
1171 4368 1318 4436 nigra
1368 4365 1648 4436 forinsecus
1683 4383 1795 4437 ges-

221 4469 341 4513 ιαιιι.

294 4504 545 4617 Despice,
572 4546 823 4612 Domine,
870 4548 1128 4616 propitius
1174 4562 1337 4617 super
1368 4549 1503 4602 hanc
1545 4548 1793 4607 famulam
1823 4524 1878 4593 Ῑ)
1905 4504 1960 4557 D‘

223 4650 358 4691 tuam
390 4637 516 4703 ιιι..
547 4647 606 4691 ιιι
652 4647 851 4692 sancta:
896 4639 1212 4707 virginitatis
1250 4640 1601 4707 propositum,
1652 4640 1793 4709 quod

224 4739 273 4782 te
316 4729 619 4799 inspirante
682 4730 954 4799 suscepit,
1024 4740 1076 4784 te
1127 4730 1456 4799 gubernante
1508 4732 1791 4792 custodiat.

226 4819 337 4874 Per.
1358 4830 1361 4831 '

289 4912 638 4971 Consecratio.
680 4940 750 4951 —
787 4910 945 4977 Deus,
994 4921 1260 4966 castorum
1310 4925 1590 4979 corporum
1642 4911 1793 4967 heni-

225 5017 352 5067 gnus
377 5002 730 5066 inhabitator,
745 5012 799 5055 et
816 5004 1236 5070 incorruptarum
1259 5011 1467 5055 amator
1485 5002 1800 5071 animarum,

228 5096 307 5159 qui
337 5095 629 5153 humanam
660 5094 1010 5148 substantiam
1043 5096 1093 5147 in
1140 5095 1324 5161 primis
1365 5094 1665 5151 hominibus
1689 5096 1803 5159 dia-

228 5184 393 5237 bolica
423 5184 612 5241 fraude
648 5184 909 5246 vitiatam,
942 5185 1011 5236 ita
1053 5184 1103 5237 in
1154 5182 1332 5238 Verbo
1379 5193 1491 5248 tuo,
1541 5198 1633 5251 per
1657 5184 1798 5253 quod

228 5276 396 5335 munia
443 5275 581 5328 facta
632 5281 777 5336 sunt,
818 5288 1057 5341 reparas,
1092 5282 1148 5327 ut
1184 5289 1303 5329 eam
1354 5287 1457 5328 non
1513 5274 1680 5329 solum
1731 5275 1797 5331 ad

230 5366 408 5429 prima:
437 5364 664 5436 originis
711 5364 1067 5421 innocentiam
1109 5378 1349 5426 revoces,
1399 5363 1493 5419 sed
1542 5367 1698 5418 etiam
1728 5366 1796 5423 ad

228 5460 609 5526 experientiam
654 5459 809 5530 (607)
856 5458 1205 5526 quorumdam
1255 5459 1539 5521 bonorum,
1587 5474 1704 5528 quae
1748 5459 1800 5513 in

228 5548 373 5616 (608)
402 5566 546 5605 novo
584 5552 784 5605 Sarculo
825 5558 951 5606 sunt
995 5550 1257 5614 habenda,
1301 5550 1583 5616 perducas,
1623 5560 1675 5608 et
1703 5553 1797 5607 ob-

293 5693 317 5720 ἐ
356 5685 412 5738 1η
440 5694 551 5740 vet.
584 5686 825 5741 Sacram.
856 5685 992 5739 Gall.
1019 5694 1191 5739 exstat
1218 5685 1342 5736 ordo
1390 5685 1458 5738 ad
1505 5698 1801 5743 consecran-

234 5754 318 5809 das
350 5756 648 5821 monachos,
679 5771 730 5811 et
759 5756 825 5809 ad
874 5756 1149 5810 velandatn
1184 5758 1313 5822 Virg.
1359 5752 1605 5821 Sequitur
1645 5751 1801 5805 Beric-

1894 1900 2093 1954 fructus
2114 1899 2254 1957 dono
2295 1900 2610 1970 virginitatis
2642 1901 2905 1967 decorari,
2942 1903 3301 1972 virtutumque
3330 1902 3466 1957 lam-

1894 1991 2114 2061 pedibus
2163 1996 2433 2059 exornari,
2491 2004 2545 2048 et
2593 1994 2883 2051 eiecturum
2944 1996 3205 2066 virginum
3255 2005 3463 2051 tuarum

1890 2083 2181 2147 consortio,
2206 2091 2259 2137 te
2283 2083 2536 2147 donante,
2568 2095 2840 2139 mereatur
2861 2086 3021 2139 uttiri.
3062 2086 3164 2140 Per
3195 2085 3465 2147 eumdem.

2188 2210 2333 2251 IISSA
2374 2210 2426 2249 IN
2462 2210 2894 2262 CONSECRATIONE
2933 2214 3183 2262 VIBGINIS.

1964 2304 2061 2370 Da,
2109 2320 2435 2376 qutesnmus,
2466 2306 2710 2373 Domine,
2759 2306 2964 2370 famula:
2998 2318 3099 2362 tua:
3139 2305 3253 2373 Ill.,
3305 2323 3463 2381 quam

1893 2394 2212 2465 virginitatis
2258 2396 2457 2449 honore
2487 2395 2732 2471 dignatus
2785 2410 2846 2453 es
2900 2394 3173 2462 decorare,
3234 2395 3469 2457 inchoati

1891 2486 2069 2560 operis
2128 2494 2556 2547 consummatum
2614 2485 2880 2550 effectum,
2939 2495 3009 2549 et,
3077 2496 3131 2539 ut
3178 2486 3466 2557 perfectam

1896 2576 1988 2631 tibi
2026 2575 2212 2630 oll'erat
2254 2574 2665 2646 plenitudinem,
2707 2574 2854 2641 initia
2901 2589 2996 2637 sua
3035 2575 3327 2645 perducere
3355 2593 3470 2646 me-

1895 2676 2072 2723 reatur
2101 2667 2167 2722 ad
2198 2668 2378 2731 linem.
2411 2666 2533 2723 Per.

1965 2757 2134 2827 Super
2162 2757 2353 2811 oblata.
2384 2756 2669 2814 —0blatis
2712 2758 2923 2824 hostiis,
2964 2758 3220 2828 Domine,
3259 2776 3471 2833 quaten-

1895 2866 2032 2915 mus,
2096 2851 2378 2919 praesentis
2434 2850 2645 2904 famulae
2702 2859 2805 2908 tua:
2867 2851 2958 2906 Ill.
3018 2855 3470 2922 perseverantiam

1897 2950 2166 3011 perpetua:
2194 2941 2512 3011 virginitatis
2542 2941 2912 3009 accommoda,
2945 2953 3002 3000 ut
3038 2945 3233 3011 apertis
3270 2943 3471 3013 ianuis,

1894 3034 2090 3093 summi
2122 3022 2283 3103 Regis
2320 3035 2370 3088 in
2400 3034 2656 3100 adventu,
2703 3049 2925 3104 regnum
2954 3036 3174 3090 cteleste
3219 3020 3339 3103 cum
3383 3036 3475 3097 la:-

1901 3130 2011 3184 titia
2046 3136 2311 3193 mereatur
2340 3128 2558 3192 intrare.
2608 3127 2728 3181 l’er.

1972 3219 2052 3285 Ad
2076 3218 2454 3290 Complmdum.
2482 3247 2547 3258 —
2571 3217 2818 3287 Respice,
2849 3218 3095 3282 Domine,
3127 3218 3337 3287 famulae
3367 3227 3471 3274 tute

1900 3312 1991 3366 Ill.
2021 3312 2249 3365 debitam
2282 3311 2613 3374 servitutem,
2650 3319 2708 3365 ut
2735 3309 2877 3367 inter
2904 3309 3148 3373 humana:
3176 3312 3473 3381 fragilitatis

1899 3406 2100 3471 incerta
2165 3403 2325 3465 nullis
2370 3403 2783 3464 adversitatibus
2833 3403 3183 3472 opprimatur,
3230 3419 3349 3483 quas
3403 3405 3472 3463 de

1899 3506 1986 3555 tua
2020 3494 2347 3564 protectione
2373 3492 2610 3553 conlidit.
2646 3493 2765 3549 Per.

1972 3586 2147 3653 Oratio
2173 3586 2241 3638 ad
2282 3585 2590 3650 abbatissam
2635 3584 2944 3654 faciendam.
2987 3612 3057 3639 -..-
3097 3583 3326 3653 Exaudi,
3372 3585 3474 3644 Do,-

1900 3680 2061 3741 mine,
2095 3689 2281 3746 preces
2326 3686 2555 3739 nostras,
2590 3681 2647 3739 et
2679 3688 2841 3745 super
2870 3677 3006 3728 hanc
3036 3672 3284 3730 famulam
3327 3683 3471 3739 tuam

1900 3769 1991 3829 ιιι.
2030 3768 2286 3838 Spiritum
2328 3776 2432 3826 tua:
2473 3763 2858 3827 benedictionis
2900 3763 3105 3828 emitte,
3139 3773 3219 3831 ut,
3265 3766 3474 3835 cmlesti

1900 3874 2120 3916 munere
2148 3858 2333 3920 ditata.
2365 3864 2421 3911 et
2467 3864 2568 3910 tua:
2603 3854 2827 3925 gratiam
2861 3856 3029 3924 possit
3072 3854 3363 3923 Mijestatis
3389 3872 3475 3911 ac-

1898 3953 2132 4022 quirere,
2174 3958 2229 4004 et
2277 3948 2413 4003 bene
2452 3948 2662 4005 vivendi
2708 3947 2826 4009 aliis
2866 3946 3169 4014 exemplum
3211 3949 3472 4017 prtebere.

1900 4047 2003 4099 Per
2030 4043 2313 4097 Dominum
2356 4051 2594 4099 nostrum
2622 4038 2802 4094 Jcsutn
2827 4039 3119 4092 Christum.

1974 4135 2154 4199 Oratio
2179 4133 2325 4203 (615)
2366 4132 2433 4183 ad
2464 4140 2486 4167 ⁸
2521 4130 2739 4197 ancillas
2775 4130 2866 4185 Dii
2897 4131 3157 4197 velandus.
3189 4158 3257 4167 —
3288 4129 3479 4190 Fan.t_t-

1901 4228 1978 4280 las
2010 4236 2149 4291 tuas,
2188 4225 2431 4286 Domine,
2465 4233 2567 4275 tua:
2604 4222 2845 4281 custodia
2890 4222 3090 4274 muniat
3129 4220 3375 4290 pietatis,
3420 4233 3477 4284 ut

1899 4317 2220 4389 virginitatis
2264 4328 2465 4371 saneta:
2522 4315 2871 4383 propo~itum,
2916 4313 3057 4387 quod
3091 4323 3143 4367 te
3188 4314 3478 4381 ins‘pirante

1899 4418 2275 4481 susceperunt,
2319 4418 2369 4462 te
2410 4415 2726 4477 protegente
2771 4405 2993 4459 illaesum
3026 4404 3346 4471 cuStodiant.
3378 4405 3479 4469 Per

1963 4503 2207 4557 )tninum.

1976 4588 2127 4663 (6M)
2172 4589 2351 4649 Oratio
2396 4588 2461 4641 ad
2509 4586 2741 4649 abbatem
2775 4587 3081 4657 faciendum.
3110 4616 3180 4639 —
3207 4587 3478 4656 Concede,

1902 4697 2227 4756 qut-sumus,
2255 4681 2593 4749 omnipotens
2625 4680 2784 4749 Deus,
2810 4689 2861 4733 et
2883 4678 3141 4735 famulum
3170 4688 3319 4743 tuum
3361 4678 3477 4750 lll.,

1903 4792 2061 4847 quem
2105 4776 2167 4830 ad
2216 4776 2450 4845 regimen
2498 4774 2795 4827 animarum
2840 4771 3121 4842 elegimus,
3166 4774 3351 4840 gratia:
3378 4783 3479 4829 tua:

1904 4871 2046 4933 dono
2078 4882 2419 4936 prosequere,
2450 4873 2528 4932 ut,
2561 4875 2611 4921 te
2644 4865 2923 4933 largiente,
2964 4879 3084 4925 cunt
3122 4865 3232 4931 ipsa
3268 4864 3357 4924 tibi
3385 4882 3479 4917 ttu-

1905 4969 2014 5014 stra
2042 4958 2303 5019 electione
2328 4957 2657 5033 placeamus.
2700 4952 2801 5009 Per
2837 4953 3138 5015 Dominum.

2056 5070 2082 5109 ι)
2122 5070 2275 5139 (lilii)
2318 5083 2633 5128 ll‘rlltDOMADA
2674 5080 2713 5121 tt
2752 5079 2881 5123 posr
2922 5077 3318 5121 resrscosran.

1978 5187 2136 5247 Deus,
2166 5174 2218 5240 in
2247 5196 2297 5237 te
2335 5181 2662 5249 sperantium
2698 5176 2977 5242 fortitudo,
3003 5181 3190 5231 adesto
3222 5176 3480 5244 propitius

1904 5276 2327 5335 invocationibtts
2358 5273 2587 5333 nostris;
2629 5278 2685 5322 et
2722 5268 2844 5335 quia
2889 5268 3005 5322 sine
3058 5276 3109 5320 te
3138 5268 3268 5320 nihil
3306 5276 3481 5336 potest

1905 5367 2144 5426 morialis
2198 5363 2498 5422 inﬁrmitas,
2549 5366 2740 5427 praesta
2796 5356 3052 5411 auxilium
3104 5357 3289 5422 gratiae
3348 5368 3475 5422 tute,

1904 5474 1961 5515 ω
2005 5461 2059 5515 in
2096 5455 2378 5524 sequcmlis
2429 5450 2692 5507 mandatis
2723 5449 2829 5509 luis
2874 5457 2932 5504 et
2980 5447 3251 5510 votltttttale
3295 5454 3385 5514 tibi
3429 5466 3484 5510 et

1909 5551 2113 5609 actione
2144 5546 2463 5613 placeamus.
2497 5540 2620 5595 Per.

1911 5682 2062 5735 dictio
2091 5677 2376 5737 abbatissa}.
2409 5684 2453 5725 et
2484 5687 2635 5737 super
2664 5671 2871 5733 uiduam
2908 5684 3037 5729 veste
3066 5677 3383 5744 mutandam.

1981 5750 2008 5786 ι)
2052 5749 2106 5803 ltt
2143 5748 2284 5803 Edit.
2319 5747 2512 5805 Patttel.
2550 5743 2682 5809 nihil
2710 5750 2779 5801 de
2811 5745 3100 5813 Dominicis
3144 5758 3260 5815 post
3302 5750 3487 5803 l’eute—
