  <div class='ocr_page' id='page_1' title='image "/cluster/home/n/w/nwhite01/storage/ocr_20150623/78/uva.x000827090/095.png"; bbox 0 0 4026 6306; ppageno 0'>
   <div class='ocr_carea' id='block_1_1' title="bbox 558 292 2139 374">
    <p class='ocr_par' dir='ltr' id='par_1_1' title="bbox 558 301 2139 374">
     <span class='ocr_line' id='line_1_1' title="bbox 558 301 2139 374; baseline -0.014 -1"><span class='ocrx_word' id='word_1_1' title='bbox 558 321 654 374; x_wconf 63' lang='grc' dir='ltr'><strong>ιτπ</strong></span> <span class='ocrx_word' id='word_1_2' title='bbox 1747 302 1992 359; x_wconf 63' lang='grc' dir='ltr'><strong>δΑΝατι</strong></span> <span class='ocrx_word' id='word_1_3' title='bbox 2035 301 2139 355; x_wconf 67' lang='grc' dir='ltr'>(ὶιὶι</span> 
     </span>
    </p>
   </div>
   <div class='ocr_carea' id='block_1_2' title="bbox 2263 292 2612 374">
    <p class='ocr_par' dir='ltr' id='par_1_2' title="bbox 2263 292 2612 351">
     <span class='ocr_line' id='line_1_2' title="bbox 2263 292 2612 351; baseline -0.006 -1"><span class='ocrx_word' id='word_1_4' title='bbox 2263 297 2359 350; x_wconf 67' lang='grc' dir='ltr'><strong>ιΙὶΙΙ</strong></span> <span class='ocrx_word' id='word_1_5' title='bbox 2404 292 2612 351; x_wconf 73' lang='lat' dir='ltr'><strong>MAGNI</strong></span> 
     </span>
    </p>
   </div>
   <div class='ocr_carea' id='block_1_3' title="bbox 3720 287 3839 343">
    <p class='ocr_par' dir='ltr' id='par_1_3' title="bbox 3720 287 3839 343">
     <span class='ocr_line' id='line_1_3' title="bbox 3720 287 3839 343; baseline 0.084 -10"><span class='ocrx_word' id='word_1_6' title='bbox 3720 287 3839 343; x_wconf 70' lang='grc' dir='ltr'><strong>ιιτῦ</strong></span> 
     </span>
    </p>
   </div>
   <div class='ocr_carea' id='block_1_4' title="bbox 630 401 3837 501">
    <p class='ocr_par' dir='ltr' id='par_1_4' title="bbox 630 401 3837 501">
     <span class='ocr_line' id='line_1_4' title="bbox 630 401 3837 501; baseline -0.01 -18"><span class='ocrx_word' id='word_1_7' title='bbox 630 431 787 501; x_wconf 73' lang='lat'><strong>169</strong></span> <span class='ocrx_word' id='word_1_8' title='bbox 807 429 977 497; x_wconf 85' lang='lat' dir='ltr'><strong>Super</strong></span> <span class='ocrx_word' id='word_1_9' title='bbox 997 418 1616 479; x_wconf 69' lang='lat' dir='ltr'><strong>oblata.-()blationem</strong></span> <span class='ocrx_word' id='word_1_10' title='bbox 1639 426 1898 479; x_wconf 86' lang='lat' dir='ltr'><strong>nostram,</strong></span> <span class='ocrx_word' id='word_1_11' title='bbox 1917 430 2128 484; x_wconf 75' lang='lat' dir='ltr'><strong>qntesu-</strong></span> <span class='ocrx_word' id='word_1_12' title='bbox 2161 415 2205 472; x_wconf 82' lang='grc' dir='ltr'><strong>Α</strong></span> <span class='ocrx_word' id='word_1_13' title='bbox 2235 421 2313 463; x_wconf 88' lang='lat' dir='ltr'><strong>rat</strong></span> <span class='ocrx_word' id='word_1_14' title='bbox 2345 426 2374 463; x_wconf 91' lang='lat' dir='ltr'><strong>a</strong></span> <span class='ocrx_word' id='word_1_15' title='bbox 2414 410 2562 463; x_wconf 78' lang='lat' dir='ltr'><strong>rubis</strong></span> <span class='ocrx_word' id='word_1_16' title='bbox 2586 424 2678 460; x_wconf 87' lang='lat' dir='ltr'><strong>cor</strong></span> <span class='ocrx_word' id='word_1_17' title='bbox 2706 406 2996 476; x_wconf 89' lang='lat' dir='ltr'><strong>lapideum,</strong></span> <span class='ocrx_word' id='word_1_18' title='bbox 3018 412 3071 459; x_wconf 91' lang='lat' dir='ltr'><strong>et</strong></span> <span class='ocrx_word' id='word_1_19' title='bbox 3097 402 3189 458; x_wconf 88' lang='lat' dir='ltr'><strong>det</strong></span> <span class='ocrx_word' id='word_1_20' title='bbox 3232 401 3381 457; x_wconf 91' lang='lat' dir='ltr'><strong>vobis</strong></span> <span class='ocrx_word' id='word_1_21' title='bbox 3410 415 3502 456; x_wconf 89' lang='lat' dir='ltr'><strong>cor</strong></span> <span class='ocrx_word' id='word_1_22' title='bbox 3544 414 3837 455; x_wconf 79' lang='lat' dir='ltr'><strong>rartteum.</strong></span> 
     </span>
    </p>
   </div>
   <div class='ocr_carea' id='block_1_5' title="bbox 556 504 2131 584">
    <p class='ocr_par' dir='ltr' id='par_1_5' title="bbox 556 504 2131 584">
     <span class='ocr_line' id='line_1_5' title="bbox 556 504 2131 584; baseline -0.012 -9"><span class='ocrx_word' id='word_1_23' title='bbox 556 538 697 584; x_wconf 89' lang='lat' dir='ltr'><strong>mus,</strong></span> <span class='ocrx_word' id='word_1_24' title='bbox 750 518 973 573; x_wconf 83' lang='lat' dir='ltr'><strong>Domine</strong></span> <span class='ocrx_word' id='word_1_25' title='bbox 999 557 1016 583; x_wconf 90' lang='lat'><strong>,</strong></span> <span class='ocrx_word' id='word_1_26' title='bbox 1060 504 1478 568; x_wconf 81' lang='lat' dir='ltr'><strong>misericorditer</strong></span> <span class='ocrx_word' id='word_1_27' title='bbox 1515 518 1795 578; x_wconf 76' lang='lat' dir='ltr'><strong>acceptare</strong></span> <span class='ocrx_word' id='word_1_28' title='bbox 1834 516 1890 559; x_wconf 85' lang='lat' dir='ltr'><strong>et</strong></span> <span class='ocrx_word' id='word_1_29' title='bbox 1936 504 2131 560; x_wconf 87' lang='lat' dir='ltr'><strong>sancti-</strong></span> 
     </span>
    </p>
   </div>
   <div class='ocr_carea' id='block_1_6' title="bbox 552 597 2130 678">
    <p class='ocr_par' dir='ltr' id='par_1_6' title="bbox 552 597 2130 678">
     <span class='ocr_line' id='line_1_6' title="bbox 552 597 2130 678; baseline -0.011 -13"><span class='ocrx_word' id='word_1_30' title='bbox 552 617 713 665; x_wconf 80' lang='lat' dir='ltr'><strong>lica‘re</strong></span> <span class='ocrx_word' id='word_1_31' title='bbox 753 610 988 678; x_wconf 76' lang='lat' dir='ltr'><strong>digneris</strong></span> <span class='ocrx_word' id='word_1_32' title='bbox 1013 646 1027 669; x_wconf 87' lang='lat'><strong>,</strong></span> <span class='ocrx_word' id='word_1_33' title='bbox 1061 616 1115 657; x_wconf 91' lang='lat' dir='ltr'><strong>ut</strong></span> <span class='ocrx_word' id='word_1_34' title='bbox 1146 603 1264 673; x_wconf 86' lang='lat' dir='ltr'><strong>ejus</strong></span> <span class='ocrx_word' id='word_1_35' title='bbox 1313 600 1737 655; x_wconf 72' lang='lat' dir='ltr'><strong>sanctificatione</strong></span> <span class='ocrx_word' id='word_1_36' title='bbox 1785 598 1939 652; x_wconf 84' lang='lat' dir='ltr'><strong>nobis</strong></span> <span class='ocrx_word' id='word_1_37' title='bbox 1983 597 2130 650; x_wconf 87' lang='lat' dir='ltr'><strong>salus</strong></span> 
     </span>
    </p>
   </div>
   <div class='ocr_carea' id='block_1_7' title="bbox 552 690 1716 772">
    <p class='ocr_par' dir='ltr' id='par_1_7' title="bbox 552 690 1716 772">
     <span class='ocr_line' id='line_1_7' title="bbox 552 690 1716 772; baseline -0.009 -18"><span class='ocrx_word' id='word_1_38' title='bbox 552 701 842 772; x_wconf 75' lang='lat' dir='ltr'><strong>proveniat,</strong></span> <span class='ocrx_word' id='word_1_39' title='bbox 864 707 917 750; x_wconf 90' lang='lat' dir='ltr'><strong>et</strong></span> <span class='ocrx_word' id='word_1_40' title='bbox 942 694 1184 750; x_wconf 80' lang='lat' dir='ltr'><strong>defeu-io</strong></span> <span class='ocrx_word' id='word_1_41' title='bbox 1214 692 1562 757; x_wconf 88' lang='lat' dir='ltr'><strong>sempiterna.</strong></span> <span class='ocrx_word' id='word_1_42' title='bbox 1597 690 1716 743; x_wconf 81' lang='lat' dir='ltr'><strong>Per.</strong></span> 
     </span>
    </p>
   </div>
   <div class='ocr_carea' id='block_1_8' title="bbox 624 779 2130 859">
    <p class='ocr_par' dir='ltr' id='par_1_8' title="bbox 624 779 2130 859">
     <span class='ocr_line' id='line_1_8' title="bbox 624 779 2130 859; baseline -0.011 -15"><span class='ocrx_word' id='word_1_43' title='bbox 624 786 1136 859; x_wconf 70' lang='lat' dir='ltr'><strong>Prwfatio.——Vere</strong></span> <span class='ocrx_word' id='word_1_44' title='bbox 1178 782 1396 851; x_wconf 87' lang='lat' dir='ltr'><strong>dignum</strong></span> <span class='ocrx_word' id='word_1_45' title='bbox 1446 790 1501 834; x_wconf 87' lang='lat' dir='ltr'><strong>et</strong></span> <span class='ocrx_word' id='word_1_46' title='bbox 1533 779 1733 848; x_wconf 88' lang='lat' dir='ltr'><strong>justum</strong></span> <span class='ocrx_word' id='word_1_47' title='bbox 1773 787 1874 842; x_wconf 87' lang='lat' dir='ltr'><strong>est,</strong></span> <span class='ocrx_word' id='word_1_48' title='bbox 1922 789 2130 844; x_wconf 66' lang='lat' dir='ltr'><strong>acquum</strong></span> 
     </span>
    </p>
   </div>
   <div class='ocr_carea' id='block_1_9' title="bbox 548 870 2131 945">
    <p class='ocr_par' dir='ltr' id='par_1_9' title="bbox 548 870 2131 945">
     <span class='ocr_line' id='line_1_9' title="bbox 548 870 2131 945; baseline -0.011 -8"><span class='ocrx_word' id='word_1_49' title='bbox 548 896 600 937; x_wconf 91' lang='lat' dir='ltr'><strong>et</strong></span> <span class='ocrx_word' id='word_1_50' title='bbox 630 884 882 945; x_wconf 84' lang='lat' dir='ltr'><strong>salutare,</strong></span> <span class='ocrx_word' id='word_1_51' title='bbox 926 894 1022 933; x_wconf 93' lang='lat' dir='ltr'><strong>nos</strong></span> <span class='ocrx_word' id='word_1_52' title='bbox 1053 876 1144 930; x_wconf 89' lang='lat' dir='ltr'><strong>tibi</strong></span> <span class='ocrx_word' id='word_1_53' title='bbox 1173 889 1385 943; x_wconf 82' lang='lat' dir='ltr'><strong>semper</strong></span> <span class='ocrx_word' id='word_1_54' title='bbox 1410 883 1464 926; x_wconf 89' lang='lat' dir='ltr'><strong>et</strong></span> <span class='ocrx_word' id='word_1_55' title='bbox 1487 872 1681 939; x_wconf 88' lang='lat' dir='ltr'><strong>ubique</strong></span> <span class='ocrx_word' id='word_1_56' title='bbox 1708 870 1905 939; x_wconf 89' lang='lat' dir='ltr'><strong>gratias</strong></span> <span class='ocrx_word' id='word_1_57' title='bbox 1948 880 2131 935; x_wconf 86' lang='lat' dir='ltr'><strong>agere,</strong></span> 
     </span>
    </p>
   </div>
   <div class='ocr_carea' id='block_1_10' title="bbox 551 956 2131 1033">
    <p class='ocr_par' dir='ltr' id='par_1_10' title="bbox 551 956 2131 1033">
     <span class='ocr_line' id='line_1_10' title="bbox 551 956 2131 1033; baseline -0.012 -5"><span class='ocrx_word' id='word_1_58' title='bbox 551 975 771 1029; x_wconf 81' lang='lat' dir='ltr'><strong>Domine</strong></span> <span class='ocrx_word' id='word_1_59' title='bbox 820 978 1025 1033; x_wconf 88' lang='lat' dir='ltr'><strong>sancte,</strong></span> <span class='ocrx_word' id='word_1_60' title='bbox 1088 968 1241 1021; x_wconf 79' lang='lat' dir='ltr'><strong>Pater</strong></span> <span class='ocrx_word' id='word_1_61' title='bbox 1285 963 1658 1033; x_wconf 78' lang='lat' dir='ltr'><strong>uiiiuipotens,</strong></span> <span class='ocrx_word' id='word_1_62' title='bbox 1714 967 1916 1012; x_wconf 63' lang='lat' dir='ltr'><strong>aeterne</strong></span> <span class='ocrx_word' id='word_1_63' title='bbox 1954 956 2131 1010; x_wconf 85' lang='lat' dir='ltr'><strong>Deus:</strong></span> 
     </span>
    </p>
   </div>
   <div class='ocr_carea' id='block_1_11' title="bbox 550 1047 2132 1135">
    <p class='ocr_par' dir='ltr' id='par_1_11' title="bbox 550 1047 2132 1135">
     <span class='ocr_line' id='line_1_11' title="bbox 550 1047 2132 1135; baseline -0.011 -16"><span class='ocrx_word' id='word_1_64' title='bbox 550 1066 638 1135; x_wconf 87' lang='lat' dir='ltr'><strong>qui</strong></span> <span class='ocrx_word' id='word_1_65' title='bbox 668 1062 917 1118; x_wconf 70' lang='lat' dir='ltr'><strong>Ecclesia:</strong></span> <span class='ocrx_word' id='word_1_66' title='bbox 942 1070 1045 1113; x_wconf 65' lang='lat' dir='ltr'><strong>tua:</strong></span> <span class='ocrx_word' id='word_1_67' title='bbox 1077 1056 1212 1111; x_wconf 83' lang='lat' dir='ltr'><strong>ﬁlios</strong></span> <span class='ocrx_word' id='word_1_68' title='bbox 1258 1056 1397 1109; x_wconf 85' lang='lat' dir='ltr'><strong>sicut</strong></span> <span class='ocrx_word' id='word_1_69' title='bbox 1434 1068 1538 1106; x_wconf 93' lang='lat' dir='ltr'><strong>non</strong></span> <span class='ocrx_word' id='word_1_70' title='bbox 1569 1066 1750 1106; x_wconf 82' lang='lat' dir='ltr'><strong>cessas</strong></span> <span class='ocrx_word' id='word_1_71' title='bbox 1784 1048 2028 1113; x_wconf 88' lang='lat' dir='ltr'><strong>erudire,</strong></span> <span class='ocrx_word' id='word_1_72' title='bbox 2062 1047 2132 1101; x_wconf 89' lang='lat' dir='ltr'><strong>ita</strong></span> 
     </span>
    </p>
   </div>
   <div class='ocr_carea' id='block_1_12' title="bbox 549 1145 2131 1221">
    <p class='ocr_par' dir='ltr' id='par_1_12' title="bbox 549 1145 2131 1221">
     <span class='ocr_line' id='line_1_12' title="bbox 549 1145 2131 1221; baseline -0.01 -8"><span class='ocrx_word' id='word_1_73' title='bbox 549 1174 656 1213; x_wconf 83' lang='lat' dir='ltr'><strong>non</strong></span> <span class='ocrx_word' id='word_1_74' title='bbox 699 1155 900 1211; x_wconf 86' lang='lat' dir='ltr'><strong>desinis</strong></span> <span class='ocrx_word' id='word_1_75' title='bbox 938 1152 1226 1221; x_wconf 83' lang='lat' dir='ltr'><strong>adjuvare.</strong></span> <span class='ocrx_word' id='word_1_76' title='bbox 1258 1160 1318 1204; x_wconf 89' lang='lat' dir='ltr'><strong>ut</strong></span> <span class='ocrx_word' id='word_1_77' title='bbox 1357 1149 1668 1211; x_wconf 88' lang='lat' dir='ltr'><strong>scientiam,</strong></span> <span class='ocrx_word' id='word_1_78' title='bbox 1704 1156 1757 1201; x_wconf 88' lang='lat' dir='ltr'><strong>te</strong></span> <span class='ocrx_word' id='word_1_79' title='bbox 1806 1145 2131 1205; x_wconf 87' lang='lat' dir='ltr'><strong>miserante,</strong></span> 
     </span>
    </p>
   </div>
   <div class='ocr_carea' id='block_1_13' title="bbox 549 1233 2132 1308">
    <p class='ocr_par' dir='ltr' id='par_1_13' title="bbox 549 1233 2132 1308">
     <span class='ocr_line' id='line_1_13' title="bbox 549 1233 2132 1308; baseline -0.009 -8"><span class='ocrx_word' id='word_1_80' title='bbox 549 1256 693 1300; x_wconf 86' lang='lat' dir='ltr'><strong>recta</strong></span> <span class='ocrx_word' id='word_1_81' title='bbox 723 1242 975 1307; x_wconf 81' lang='lat' dir='ltr'><strong>faciendi,</strong></span> <span class='ocrx_word' id='word_1_82' title='bbox 1012 1252 1063 1295; x_wconf 87' lang='lat' dir='ltr'><strong>et</strong></span> <span class='ocrx_word' id='word_1_83' title='bbox 1106 1238 1513 1308; x_wconf 77' lang='lat' dir='ltr'><strong>possibilitatem</strong></span> <span class='ocrx_word' id='word_1_84' title='bbox 1541 1237 1748 1306; x_wconf 85' lang='lat' dir='ltr'><strong>capiant</strong></span> <span class='ocrx_word' id='word_1_85' title='bbox 1778 1233 2132 1307; x_wconf 67' lang='lat' dir='ltr'><strong>exsequendi.</strong></span> 
     </span>
    </p>
   </div>
   <div class='ocr_carea' id='block_1_14' title="bbox 551 1335 966 1392">
    <p class='ocr_par' dir='ltr' id='par_1_14' title="bbox 551 1335 966 1392">
     <span class='ocr_line' id='line_1_14' title="bbox 551 1335 966 1392; baseline -0.019 0"><span class='ocrx_word' id='word_1_86' title='bbox 551 1337 652 1392; x_wconf 81' lang='lat' dir='ltr'><strong>Per</strong></span> <span class='ocrx_word' id='word_1_87' title='bbox 674 1335 966 1390; x_wconf 81' lang='lat' dir='ltr'><strong>Christum.</strong></span> 
     </span>
    </p>
   </div>
   <div class='ocr_carea' id='block_1_15' title="bbox 624 1417 2134 1483">
    <p class='ocr_par' dir='ltr' id='par_1_15' title="bbox 624 1417 2134 1483">
     <span class='ocr_line' id='line_1_15' title="bbox 624 1417 2134 1483; baseline -0.009 -5"><span class='ocrx_word' id='word_1_88' title='bbox 624 1436 648 1460; x_wconf 79' lang='grc' dir='ltr'><strong>ιι</strong></span> <span class='ocrx_word' id='word_1_89' title='bbox 676 1423 987 1479; x_wconf 82' lang='lat' dir='ltr'><strong>Benedictio.</strong></span> <span class='ocrx_word' id='word_1_90' title='bbox 1004 1450 1071 1464; x_wconf 79' lang='lat'><strong>—-</strong></span> <span class='ocrx_word' id='word_1_91' title='bbox 1096 1418 1392 1475; x_wconf 84' lang='lat' dir='ltr'><strong>Benedicat</strong></span> <span class='ocrx_word' id='word_1_92' title='bbox 1413 1417 1561 1473; x_wconf 84' lang='lat' dir='ltr'><strong>vobis</strong></span> <span class='ocrx_word' id='word_1_93' title='bbox 1585 1417 1861 1483; x_wconf 89' lang='lat' dir='ltr'><strong>Dominus,</strong></span> <span class='ocrx_word' id='word_1_94' title='bbox 1884 1422 1938 1469; x_wconf 89' lang='lat' dir='ltr'><strong>et</strong></span> <span class='ocrx_word' id='word_1_95' title='bbox 1951 1421 2134 1468; x_wconf 85' lang='lat' dir='ltr'><strong>custo-</strong></span> 
     </span>
    </p>
   </div>
   <div class='ocr_carea' id='block_1_16' title="bbox 550 1507 2137 1572">
    <p class='ocr_par' dir='ltr' id='par_1_16' title="bbox 550 1507 2137 1572">
     <span class='ocr_line' id='line_1_16' title="bbox 550 1507 2137 1572; baseline -0.008 -4"><span class='ocrx_word' id='word_1_96' title='bbox 550 1518 660 1570; x_wconf 83' lang='lat' dir='ltr'><strong>dial</strong></span> <span class='ocrx_word' id='word_1_97' title='bbox 687 1529 803 1568; x_wconf 85' lang='lat' dir='ltr'><strong>vos.</strong></span> <span class='ocrx_word' id='word_1_98' title='bbox 836 1516 1028 1567; x_wconf 84' lang='lat' dir='ltr'><strong>Amen.</strong></span> <span class='ocrx_word' id='word_1_99' title='bbox 1062 1512 1329 1565; x_wconf 81' lang='lat' dir='ltr'><strong>liluminet</strong></span> <span class='ocrx_word' id='word_1_100' title='bbox 1359 1507 1548 1562; x_wconf 81' lang='lat' dir='ltr'><strong>faciem</strong></span> <span class='ocrx_word' id='word_1_101' title='bbox 1573 1522 1724 1561; x_wconf 91' lang='lat' dir='ltr'><strong>suam</strong></span> <span class='ocrx_word' id='word_1_102' title='bbox 1751 1519 1913 1572; x_wconf 90' lang='lat' dir='ltr'><strong>super</strong></span> <span class='ocrx_word' id='word_1_103' title='bbox 1940 1519 2056 1568; x_wconf 87' lang='lat' dir='ltr'><strong>vos,</strong></span> <span class='ocrx_word' id='word_1_104' title='bbox 2082 1511 2137 1556; x_wconf 88' lang='lat' dir='ltr'><strong>et</strong></span> 
     </span>
    </p>
   </div>
   <div class='ocr_carea' id='block_1_17' title="bbox 551 1592 2133 1660">
    <p class='ocr_par' dir='ltr' id='par_1_17' title="bbox 551 1592 2133 1660">
     <span class='ocr_line' id='line_1_17' title="bbox 551 1592 2133 1660; baseline -0.008 0"><span class='ocrx_word' id='word_1_105' title='bbox 551 1608 866 1660; x_wconf 79' lang='lat' dir='ltr'><strong>misereatur</strong></span> <span class='ocrx_word' id='word_1_106' title='bbox 894 1603 1077 1658; x_wconf 75' lang='lat' dir='ltr'><strong>ve~tri.</strong></span> <span class='ocrx_word' id='word_1_107' title='bbox 1108 1603 1299 1657; x_wconf 84' lang='lat' dir='ltr'><strong>Amen.</strong></span> <span class='ocrx_word' id='word_1_108' title='bbox 1330 1598 1619 1653; x_wconf 84' lang='lat' dir='ltr'><strong>Convertat</strong></span> <span class='ocrx_word' id='word_1_109' title='bbox 1646 1596 1847 1650; x_wconf 87' lang='lat' dir='ltr'><strong>vultum</strong></span> <span class='ocrx_word' id='word_1_110' title='bbox 1876 1607 2030 1647; x_wconf 86' lang='lat' dir='ltr'><strong>suum</strong></span> <span class='ocrx_word' id='word_1_111' title='bbox 2068 1592 2133 1647; x_wconf 86' lang='lat' dir='ltr'><strong>ad</strong></span> 
     </span>
    </p>
   </div>
   <div class='ocr_carea' id='block_1_18' title="bbox 555 1683 2136 1758">
    <p class='ocr_par' dir='ltr' id='par_1_18' title="bbox 555 1683 2136 1758">
     <span class='ocr_line' id='line_1_18' title="bbox 555 1683 2136 1758; baseline -0.007 -13"><span class='ocrx_word' id='word_1_112' title='bbox 555 1711 645 1746; x_wconf 60' lang='lat' dir='ltr'><strong>vn.-</strong></span> <span class='ocrx_word' id='word_1_113' title='bbox 665 1735 680 1757; x_wconf 88' lang='lat'><strong>,</strong></span> <span class='ocrx_word' id='word_1_114' title='bbox 710 1705 758 1747; x_wconf 79' lang='lat' dir='ltr'><strong>et</strong></span> <span class='ocrx_word' id='word_1_115' title='bbox 790 1692 951 1745; x_wconf 91' lang='lat' dir='ltr'><strong>donet</strong></span> <span class='ocrx_word' id='word_1_116' title='bbox 985 1690 1136 1745; x_wconf 88' lang='lat' dir='ltr'><strong>vobis</strong></span> <span class='ocrx_word' id='word_1_117' title='bbox 1183 1702 1385 1758; x_wconf 83' lang='lat' dir='ltr'><strong>pacem.</strong></span> <span class='ocrx_word' id='word_1_118' title='bbox 1436 1689 1629 1741; x_wconf 83' lang='lat' dir='ltr'><strong>Amen.</strong></span> <span class='ocrx_word' id='word_1_119' title='bbox 1671 1684 1822 1751; x_wconf 87' lang='lat' dir='ltr'><strong>Quod</strong></span> <span class='ocrx_word' id='word_1_120' title='bbox 1854 1683 1969 1748; x_wconf 89' lang='lat' dir='ltr'><strong>ipse</strong></span> <span class='ocrx_word' id='word_1_121' title='bbox 2000 1697 2136 1749; x_wconf 67' lang='lat' dir='ltr'><strong>prai-</strong></span> 
     </span>
    </p>
   </div>
   <div class='ocr_carea' id='block_1_19' title="bbox 2236 499 3061 566">
    <p class='ocr_par' dir='ltr' id='par_1_19' title="bbox 2236 499 3061 566">
     <span class='ocr_line' id='line_1_19' title="bbox 2236 499 3061 566; baseline -0.013 -10"><span class='ocrx_word' id='word_1_122' title='bbox 2236 506 2428 556; x_wconf 81' lang='lat' dir='ltr'><strong>Amen.</strong></span> <span class='ocrx_word' id='word_1_123' title='bbox 2469 499 2618 566; x_wconf 81' lang='lat' dir='ltr'><strong>Quod</strong></span> <span class='ocrx_word' id='word_1_124' title='bbox 2644 499 2756 564; x_wconf 86' lang='lat' dir='ltr'><strong>ipse</strong></span> <span class='ocrx_word' id='word_1_125' title='bbox 2783 506 3061 565; x_wconf 63' lang='lat' dir='ltr'><strong>praestare.</strong></span> 
     </span>
    </p>
   </div>
   <div class='ocr_carea' id='block_1_20' title="bbox 2306 579 3838 657">
    <p class='ocr_par' dir='ltr' id='par_1_20' title="bbox 2306 579 3838 657">
     <span class='ocr_line' id='line_1_20' title="bbox 2306 579 3838 657; baseline -0.009 -13"><span class='ocrx_word' id='word_1_126' title='bbox 2306 593 2383 644; x_wconf 80' lang='lat' dir='ltr'><strong>Ad</strong></span> <span class='ocrx_word' id='word_1_127' title='bbox 2412 588 2805 657; x_wconf 83' lang='lat' dir='ltr'><strong>Compleudum.</strong></span> <span class='ocrx_word' id='word_1_128' title='bbox 2834 615 2905 626; x_wconf 93' lang='lat'><strong>—</strong></span> <span class='ocrx_word' id='word_1_129' title='bbox 2930 584 3164 653; x_wconf 87' lang='lat' dir='ltr'><strong>Sumptis</strong></span> <span class='ocrx_word' id='word_1_130' title='bbox 3196 582 3529 645; x_wconf 74' lang='lat' dir='ltr'><strong>muneribus;</strong></span> <span class='ocrx_word' id='word_1_131' title='bbox 3574 579 3838 641; x_wconf 83' lang='lat' dir='ltr'><strong>Domine,</strong></span> 
     </span>
    </p>
   </div>
   <div class='ocr_carea' id='block_1_21' title="bbox 2234 671 3841 752">
    <p class='ocr_par' dir='ltr' id='par_1_21' title="bbox 2234 671 3841 752">
     <span class='ocr_line' id='line_1_21' title="bbox 2234 671 3841 752; baseline -0.009 -16"><span class='ocrx_word' id='word_1_132' title='bbox 2234 699 2539 752; x_wconf 61' lang='lat' dir='ltr'><strong>quaesumus</strong></span> <span class='ocrx_word' id='word_1_133' title='bbox 2581 691 2637 734; x_wconf 91' lang='lat' dir='ltr'><strong>ut</strong></span> <span class='ocrx_word' id='word_1_134' title='bbox 2674 694 2794 734; x_wconf 90' lang='lat' dir='ltr'><strong>cum</strong></span> <span class='ocrx_word' id='word_1_135' title='bbox 2859 676 3289 746; x_wconf 74' lang='lat' dir='ltr'><strong>frequentatione</strong></span> <span class='ocrx_word' id='word_1_136' title='bbox 3338 671 3577 744; x_wconf 86' lang='lat' dir='ltr'><strong>mysterii</strong></span> <span class='ocrx_word' id='word_1_137' title='bbox 3617 678 3841 724; x_wconf 77' lang='lat' dir='ltr'><strong>crescat</strong></span> 
     </span>
    </p>
   </div>
   <div class='ocr_carea' id='block_1_22' title="bbox 2236 766 3391 829">
    <p class='ocr_par' dir='ltr' id='par_1_22' title="bbox 2236 766 3391 829">
     <span class='ocr_line' id='line_1_22' title="bbox 2236 766 3391 829; baseline -0.01 -1"><span class='ocrx_word' id='word_1_138' title='bbox 2236 784 2433 829; x_wconf 70' lang='lat' dir='ltr'><strong>nostra:</strong></span> <span class='ocrx_word' id='word_1_139' title='bbox 2461 772 2646 826; x_wconf 89' lang='lat' dir='ltr'><strong>salutis</strong></span> <span class='ocrx_word' id='word_1_140' title='bbox 2676 772 2917 824; x_wconf 82' lang='lat' dir='ltr'><strong>eiiecms.</strong></span> <span class='ocrx_word' id='word_1_141' title='bbox 2953 768 3055 822; x_wconf 89' lang='lat' dir='ltr'><strong>Per</strong></span> <span class='ocrx_word' id='word_1_142' title='bbox 3083 766 3391 819; x_wconf 89' lang='lat' dir='ltr'><strong>Dominum.</strong></span> 
     </span>
    </p>
   </div>
   <div class='ocr_carea' id='block_1_23' title="bbox 2308 852 3841 933">
    <p class='ocr_par' dir='ltr' id='par_1_23' title="bbox 2308 852 3841 933">
     <span class='ocr_line' id='line_1_23' title="bbox 2308 852 3841 933; baseline -0.007 -16"><span class='ocrx_word' id='word_1_143' title='bbox 2308 864 2475 933; x_wconf 84' lang='lat' dir='ltr'><strong>Super</strong></span> <span class='ocrx_word' id='word_1_144' title='bbox 2505 862 2771 933; x_wconf 84' lang='lat' dir='ltr'><strong>populum.</strong></span> <span class='ocrx_word' id='word_1_145' title='bbox 2794 888 2860 899; x_wconf 89' lang='lat'><strong>-—</strong></span> <span class='ocrx_word' id='word_1_146' title='bbox 2886 859 3046 921; x_wconf 89' lang='lat' dir='ltr'><strong>Deus,</strong></span> <span class='ocrx_word' id='word_1_147' title='bbox 3085 855 3176 926; x_wconf 87' lang='lat' dir='ltr'><strong>qui</strong></span> <span class='ocrx_word' id='word_1_148' title='bbox 3205 867 3254 910; x_wconf 91' lang='lat' dir='ltr'><strong>te</strong></span> <span class='ocrx_word' id='word_1_149' title='bbox 3282 855 3333 908; x_wconf 93' lang='lat' dir='ltr'><strong>in</strong></span> <span class='ocrx_word' id='word_1_150' title='bbox 3366 852 3525 908; x_wconf 89' lang='lat' dir='ltr'><strong>rectis</strong></span> <span class='ocrx_word' id='word_1_151' title='bbox 3555 867 3618 908; x_wconf 89' lang='lat' dir='ltr'><strong>ac</strong></span> <span class='ocrx_word' id='word_1_152' title='bbox 3650 852 3841 907; x_wconf 82' lang='lat' dir='ltr'><strong>since-</strong></span> 
     </span>
    </p>
   </div>
   <div class='ocr_carea' id='block_1_24' title="bbox 2241 946 3838 1020">
    <p class='ocr_par' dir='ltr' id='par_1_24' title="bbox 2241 946 3838 1020">
     <span class='ocr_line' id='line_1_24' title="bbox 2241 946 3838 1020; baseline -0.007 -11"><span class='ocrx_word' id='word_1_153' title='bbox 2241 958 2317 1009; x_wconf 91' lang='lat' dir='ltr'><strong>ris</strong></span> <span class='ocrx_word' id='word_1_154' title='bbox 2342 968 2561 1007; x_wconf 85' lang='lat' dir='ltr'><strong>manere</strong></span> <span class='ocrx_word' id='word_1_155' title='bbox 2602 950 2910 1020; x_wconf 79' lang='lat' dir='ltr'><strong>pectoribus</strong></span> <span class='ocrx_word' id='word_1_156' title='bbox 2947 948 3180 1012; x_wconf 80' lang='lat' dir='ltr'><strong>asseris,</strong></span> <span class='ocrx_word' id='word_1_157' title='bbox 3221 947 3287 1001; x_wconf 91' lang='lat' dir='ltr'><strong>da</strong></span> <span class='ocrx_word' id='word_1_158' title='bbox 3336 946 3490 1000; x_wconf 89' lang='lat' dir='ltr'><strong>nobis</strong></span> <span class='ocrx_word' id='word_1_159' title='bbox 3528 956 3613 999; x_wconf 88' lang='lat' dir='ltr'><strong>tua</strong></span> <span class='ocrx_word' id='word_1_160' title='bbox 3655 947 3838 1015; x_wconf 74' lang='lat' dir='ltr'><strong>gratia</strong></span> 
     </span>
    </p>
   </div>
   <div class='ocr_carea' id='block_1_25' title="bbox 2236 1034 3842 1110">
    <p class='ocr_par' dir='ltr' id='par_1_25' title="bbox 2236 1034 3842 1110">
     <span class='ocr_line' id='line_1_25' title="bbox 2236 1034 3842 1110; baseline -0.006 -10"><span class='ocrx_word' id='word_1_161' title='bbox 2236 1046 2371 1103; x_wconf 75' lang='lat' dir='ltr'><strong>tales</strong></span> <span class='ocrx_word' id='word_1_162' title='bbox 2395 1044 2647 1107; x_wconf 78' lang='lat' dir='ltr'><strong>existere,</strong></span> <span class='ocrx_word' id='word_1_163' title='bbox 2678 1041 2728 1095; x_wconf 92' lang='lat' dir='ltr'><strong>in</strong></span> <span class='ocrx_word' id='word_1_164' title='bbox 2763 1041 2959 1110; x_wconf 77' lang='lat' dir='ltr'><strong>Quibus</strong></span> <span class='ocrx_word' id='word_1_165' title='bbox 2997 1038 3237 1092; x_wconf 81' lang='lat' dir='ltr'><strong>habitare</strong></span> <span class='ocrx_word' id='word_1_166' title='bbox 3267 1037 3529 1107; x_wconf 85' lang='lat' dir='ltr'><strong>digneris.</strong></span> <span class='ocrx_word' id='word_1_167' title='bbox 3568 1034 3675 1090; x_wconf 83' lang='lat' dir='ltr'><strong>Per</strong></span> <span class='ocrx_word' id='word_1_168' title='bbox 3725 1034 3842 1090; x_wconf 81' lang='lat' dir='ltr'><strong>Do-</strong></span> 
     </span>
    </p>
   </div>
   <div class='ocr_carea' id='block_1_26' title="bbox 2238 1128 3253 1188">
    <p class='ocr_par' dir='ltr' id='par_1_26' title="bbox 2238 1128 3253 1188">
     <span class='ocr_line' id='line_1_26' title="bbox 2238 1128 3253 1188; baseline -0.006 0"><span class='ocrx_word' id='word_1_169' title='bbox 2238 1137 2441 1188; x_wconf 87' lang='lat' dir='ltr'><strong>tuinutn</strong></span> <span class='ocrx_word' id='word_1_170' title='bbox 2467 1142 2709 1187; x_wconf 86' lang='lat' dir='ltr'><strong>nostrqu</strong></span> <span class='ocrx_word' id='word_1_171' title='bbox 2740 1130 2924 1184; x_wconf 84' lang='lat' dir='ltr'><strong>.Iesum</strong></span> <span class='ocrx_word' id='word_1_172' title='bbox 2957 1128 3253 1183; x_wconf 82' lang='lat' dir='ltr'><strong>Chrismm.</strong></span> 
     </span>
    </p>
   </div>
   <div class='ocr_carea' id='block_1_27' title="bbox 2521 1233 3537 1281">
    <p class='ocr_par' dir='ltr' id='par_1_27' title="bbox 2521 1233 3537 1281">
     <span class='ocr_line' id='line_1_27' title="bbox 2521 1233 3537 1281; baseline -0.007 -2"><span class='ocrx_word' id='word_1_173' title='bbox 2521 1238 2839 1281; x_wconf 73' lang='lat' dir='ltr'><strong>BEBDOIADA</strong></span> <span class='ocrx_word' id='word_1_174' title='bbox 2869 1237 2922 1275; x_wconf 84' lang='lat' dir='ltr'><strong>IV</strong></span> <span class='ocrx_word' id='word_1_175' title='bbox 2970 1234 3098 1276; x_wconf 79' lang='lat' dir='ltr'><strong>POS‘I&#39;</strong></span> <span class='ocrx_word' id='word_1_176' title='bbox 3142 1233 3537 1274; x_wconf 69' lang='lat' dir='ltr'><strong>PENTECOSTEN.</strong></span> 
     </span>
    </p>
   </div>
   <div class='ocr_carea' id='block_1_28' title="bbox 2310 1310 3838 1389">
    <p class='ocr_par' dir='ltr' id='par_1_28' title="bbox 2310 1310 3838 1389">
     <span class='ocr_line' id='line_1_28' title="bbox 2310 1310 3838 1389; baseline -0.006 -15"><span class='ocrx_word' id='word_1_177' title='bbox 2310 1319 2748 1389; x_wconf 83' lang='lat' dir='ltr'><strong>Deprecationem</strong></span> <span class='ocrx_word' id='word_1_178' title='bbox 2771 1324 3046 1381; x_wconf 86' lang='lat' dir='ltr'><strong>nostram,</strong></span> <span class='ocrx_word' id='word_1_179' title='bbox 3075 1325 3386 1383; x_wconf 62' lang='lat' dir='ltr'><strong>quaesumus</strong></span> <span class='ocrx_word' id='word_1_180' title='bbox 3406 1354 3421 1379; x_wconf 89' lang='lat'><strong>,</strong></span> <span class='ocrx_word' id='word_1_181' title='bbox 3454 1310 3705 1377; x_wconf 83' lang='lat' dir='ltr'><strong>Domine,</strong></span> <span class='ocrx_word' id='word_1_182' title='bbox 3739 1310 3838 1365; x_wconf 79' lang='lat' dir='ltr'><strong>be-</strong></span> 
     </span>
    </p>
   </div>
   <div class='ocr_carea' id='block_1_29' title="bbox 2239 1404 3839 1493">
    <p class='ocr_par' dir='ltr' id='par_1_29' title="bbox 2239 1404 3839 1493">
     <span class='ocr_line' id='line_1_29' title="bbox 2239 1404 3839 1493; baseline -0.008 -25"><span class='ocrx_word' id='word_1_183' title='bbox 2239 1413 2432 1483; x_wconf 83' lang='lat' dir='ltr'><strong>nignus</strong></span> <span class='ocrx_word' id='word_1_184' title='bbox 2459 1411 2689 1493; x_wconf 77' lang='lat' dir='ltr'><strong>exaudi.</strong></span> <span class='ocrx_word' id='word_1_185' title='bbox 2734 1418 2788 1465; x_wconf 91' lang='lat' dir='ltr'><strong>et</strong></span> <span class='ocrx_word' id='word_1_186' title='bbox 2828 1408 3022 1478; x_wconf 89' lang='lat' dir='ltr'><strong>quibus</strong></span> <span class='ocrx_word' id='word_1_187' title='bbox 3049 1405 3380 1475; x_wconf 90' lang='lat' dir='ltr'><strong>supplicandi</strong></span> <span class='ocrx_word' id='word_1_188' title='bbox 3421 1412 3651 1473; x_wconf 67' lang='lat' dir='ltr'><strong>prrestas</strong></span> <span class='ocrx_word' id='word_1_189' title='bbox 3700 1404 3839 1458; x_wconf 66' lang='grc' dir='ltr'><strong>δῆθε</strong></span> 
     </span>
    </p>
   </div>
   <div class='ocr_carea' id='block_1_30' title="bbox 2239 1496 3758 1571">
    <p class='ocr_par' dir='ltr' id='par_1_30' title="bbox 2239 1496 3758 1571">
     <span class='ocr_line' id='line_1_30' title="bbox 2239 1496 3758 1571; baseline -0.007 -11"><span class='ocrx_word' id='word_1_190' title='bbox 2239 1514 2407 1571; x_wconf 85' lang='lat' dir='ltr'><strong>ctum,</strong></span> <span class='ocrx_word' id='word_1_191' title='bbox 2439 1504 2611 1558; x_wconf 87' lang='lat' dir='ltr'><strong>tribue</strong></span> <span class='ocrx_word' id='word_1_192' title='bbox 2649 1500 2977 1557; x_wconf 81' lang='lat' dir='ltr'><strong>defensionis</strong></span> <span class='ocrx_word' id='word_1_193' title='bbox 3015 1498 3294 1554; x_wconf 78' lang='lat' dir='ltr'><strong>auxilium.</strong></span> <span class='ocrx_word' id='word_1_194' title='bbox 3325 1496 3425 1551; x_wconf 86' lang='lat' dir='ltr'><strong>Per</strong></span> <span class='ocrx_word' id='word_1_195' title='bbox 3448 1496 3758 1550; x_wconf 87' lang='lat' dir='ltr'><strong>Dominum.</strong></span> 
     </span>
    </p>
   </div>
   <div class='ocr_carea' id='block_1_31' title="bbox 2311 1584 3833 1665">
    <p class='ocr_par' dir='ltr' id='par_1_31' title="bbox 2311 1584 3833 1665">
     <span class='ocr_line' id='line_1_31' title="bbox 2311 1584 3833 1665; baseline -0.009 -14"><span class='ocrx_word' id='word_1_196' title='bbox 2311 1595 2480 1665; x_wconf 84' lang='lat' dir='ltr'><strong>Super</strong></span> <span class='ocrx_word' id='word_1_197' title='bbox 2523 1593 2717 1647; x_wconf 84' lang='lat' dir='ltr'><strong>oblata.</strong></span> <span class='ocrx_word' id='word_1_198' title='bbox 2748 1621 2816 1632; x_wconf 95' lang='lat'>—</span> <span class='ocrx_word' id='word_1_199' title='bbox 2849 1591 3095 1657; x_wconf 77' lang='lat' dir='ltr'><strong>Munera,</strong></span> <span class='ocrx_word' id='word_1_200' title='bbox 3144 1588 3387 1652; x_wconf 85' lang='lat' dir='ltr'><strong>Domine,</strong></span> <span class='ocrx_word' id='word_1_201' title='bbox 3419 1584 3596 1640; x_wconf 84' lang='lat' dir='ltr'><strong>oblata</strong></span> <span class='ocrx_word' id='word_1_202' title='bbox 3627 1584 3833 1640; x_wconf 63' lang='grc' dir='ltr'><strong>δεηθή-</strong></span> 
     </span>
    </p>
   </div>
   <div class='ocr_carea' id='block_1_32' title="bbox 2239 1675 3833 1752">
    <p class='ocr_par' dir='ltr' id='par_1_32' title="bbox 2239 1675 3833 1752">
     <span class='ocr_line' id='line_1_32' title="bbox 2239 1675 3833 1752; baseline -0.006 -11"><span class='ocrx_word' id='word_1_203' title='bbox 2239 1688 2369 1752; x_wconf 81' lang='lat' dir='ltr'><strong>(ica,</strong></span> <span class='ocrx_word' id='word_1_204' title='bbox 2403 1696 2458 1739; x_wconf 94' lang='lat' dir='ltr'><strong>ut</strong></span> <span class='ocrx_word' id='word_1_205' title='bbox 2508 1684 2579 1738; x_wconf 91' lang='lat' dir='ltr'><strong>tui</strong></span> <span class='ocrx_word' id='word_1_206' title='bbox 2613 1682 2766 1738; x_wconf 87' lang='lat' dir='ltr'><strong>nobis</strong></span> <span class='ocrx_word' id='word_1_207' title='bbox 2810 1679 3073 1750; x_wconf 89' lang='lat' dir='ltr'><strong>Unigeniti</strong></span> <span class='ocrx_word' id='word_1_208' title='bbox 3111 1691 3306 1748; x_wconf 88' lang='lat' dir='ltr'><strong>corpus</strong></span> <span class='ocrx_word' id='word_1_209' title='bbox 3334 1685 3390 1733; x_wconf 90' lang='lat' dir='ltr'><strong>et</strong></span> <span class='ocrx_word' id='word_1_210' title='bbox 3428 1677 3645 1747; x_wconf 81' lang='lat' dir='ltr'><strong>sanguis</strong></span> <span class='ocrx_word' id='word_1_211' title='bbox 3677 1675 3833 1732; x_wconf 64' lang='lat' dir='ltr'><strong>fiant.</strong></span> 
     </span>
    </p>
   </div>
   <div class='ocr_carea' id='block_1_33' title="bbox 548 1770 2672 1852">
    <p class='ocr_par' dir='ltr' id='par_1_33' title="bbox 548 1770 2672 1852">
     <span class='ocr_line' id='line_1_33' title="bbox 548 1770 2672 1852; baseline -0.007 -14"><span class='ocrx_word' id='word_1_212' title='bbox 548 1796 689 1838; x_wconf 85' lang='lat' dir='ltr'><strong>stare</strong></span> <span class='ocrx_word' id='word_1_213' title='bbox 720 1782 999 1852; x_wconf 78' lang='lat' dir='ltr'><strong>dignetur,</strong></span> <span class='ocrx_word' id='word_1_214' title='bbox 1032 1779 1183 1847; x_wconf 78' lang='lat' dir='ltr'><strong>cujus</strong></span> <span class='ocrx_word' id='word_1_215' title='bbox 1233 1792 1451 1846; x_wconf 82' lang='lat' dir='ltr'><strong>regnum</strong></span> <span class='ocrx_word' id='word_1_216' title='bbox 1484 1784 1538 1828; x_wconf 83' lang='lat' dir='ltr'><strong>et</strong></span> <span class='ocrx_word' id='word_1_217' title='bbox 1567 1774 1848 1841; x_wconf 86' lang='lat' dir='ltr'><strong>imperium</strong></span> <span class='ocrx_word' id='word_1_218' title='bbox 1885 1772 1999 1826; x_wconf 87' lang='lat' dir='ltr'><strong>sine</strong></span> <span class='ocrx_word' id='word_1_219' title='bbox 2031 1770 2133 1825; x_wconf 84' lang='lat' dir='ltr'><strong>line</strong></span> <span class='ocrx_word' id='word_1_220' title='bbox 2161 1776 2213 1834; x_wconf 80' lang='grc' dir='ltr'><strong>Β</strong></span> <span class='ocrx_word' id='word_1_221' title='bbox 2243 1783 2341 1837; x_wconf 70' lang='lat' dir='ltr'><strong>rer</strong></span> <span class='ocrx_word' id='word_1_222' title='bbox 2367 1778 2672 1834; x_wconf 75' lang='lat' dir='ltr'><strong>Dominum.</strong></span> 
     </span>
    </p>
   </div>
   <div class='ocr_carea' id='block_1_34' title="bbox 550 1866 2129 1943">
    <p class='ocr_par' dir='ltr' id='par_1_34' title="bbox 550 1866 2129 1943">
     <span class='ocr_line' id='line_1_34' title="bbox 550 1866 2129 1943; baseline -0.008 -14"><span class='ocrx_word' id='word_1_223' title='bbox 550 1885 859 1943; x_wconf 84' lang='lat' dir='ltr'><strong>permanet,</strong></span> <span class='ocrx_word' id='word_1_224' title='bbox 912 1887 1007 1942; x_wconf 90' lang='lat' dir='ltr'><strong>per</strong></span> <span class='ocrx_word' id='word_1_225' title='bbox 1055 1872 1232 1925; x_wconf 88' lang='lat' dir='ltr'><strong>omnia</strong></span> <span class='ocrx_word' id='word_1_226' title='bbox 1293 1870 1488 1923; x_wconf 63' lang='lat' dir='ltr'><strong>saecula</strong></span> <span class='ocrx_word' id='word_1_227' title='bbox 1540 1867 1884 1925; x_wconf 63' lang='lat' dir='ltr'><strong>smvulorum.</strong></span> <span class='ocrx_word' id='word_1_228' title='bbox 1940 1866 2129 1919; x_wconf 81' lang='lat' dir='ltr'><strong>Amen.</strong></span> 
     </span>
    </p>
   </div>
   <div class='ocr_carea' id='block_1_35' title="bbox 553 1956 2137 2026">
    <p class='ocr_par' dir='ltr' id='par_1_35' title="bbox 553 1956 2137 2026">
     <span class='ocr_line' id='line_1_35' title="bbox 553 1956 2137 2026; baseline -0.008 -8"><span class='ocrx_word' id='word_1_229' title='bbox 553 1963 859 2018; x_wconf 82' lang='lat' dir='ltr'><strong>Benedictio</strong></span> <span class='ocrx_word' id='word_1_230' title='bbox 902 1962 995 2016; x_wconf 85' lang='lat' dir='ltr'><strong>Dei</strong></span> <span class='ocrx_word' id='word_1_231' title='bbox 1041 1960 1214 2014; x_wconf 81' lang='lat' dir='ltr'><strong>Patris</strong></span> <span class='ocrx_word' id='word_1_232' title='bbox 1260 1968 1313 2013; x_wconf 87' lang='lat' dir='ltr'><strong>et</strong></span> <span class='ocrx_word' id='word_1_233' title='bbox 1352 1958 1467 2012; x_wconf 86' lang='lat' dir='ltr'><strong>Filii</strong></span> <span class='ocrx_word' id='word_1_234' title='bbox 1493 1966 1549 2013; x_wconf 92' lang='lat' dir='ltr'><strong>et</strong></span> <span class='ocrx_word' id='word_1_235' title='bbox 1575 1958 1803 2026; x_wconf 85' lang='lat' dir='ltr'><strong>Spiritus</strong></span> <span class='ocrx_word' id='word_1_236' title='bbox 1852 1956 2051 2019; x_wconf 82' lang='lat' dir='ltr'><strong>sancti,</strong></span> <span class='ocrx_word' id='word_1_237' title='bbox 2083 1966 2137 2009; x_wconf 88' lang='lat' dir='ltr'><strong>et</strong></span> 
     </span>
    </p>
   </div>
   <div class='ocr_carea' id='block_1_36' title="bbox 552 2044 2135 2122">
    <p class='ocr_par' dir='ltr' id='par_1_36' title="bbox 552 2044 2135 2122">
     <span class='ocr_line' id='line_1_36' title="bbox 552 2044 2135 2122; baseline -0.007 -15"><span class='ocrx_word' id='word_1_238' title='bbox 552 2070 649 2122; x_wconf 76' lang='lat' dir='ltr'><strong>pax</strong></span> <span class='ocrx_word' id='word_1_239' title='bbox 702 2051 911 2107; x_wconf 84' lang='lat' dir='ltr'><strong>Domini</strong></span> <span class='ocrx_word' id='word_1_240' title='bbox 950 2050 1020 2106; x_wconf 89' lang='lat' dir='ltr'><strong>sit</strong></span> <span class='ocrx_word' id='word_1_241' title='bbox 1060 2064 1272 2118; x_wconf 79' lang='lat' dir='ltr'><strong>semper</strong></span> <span class='ocrx_word' id='word_1_242' title='bbox 1318 2048 1611 2102; x_wconf 79' lang='lat' dir='ltr'><strong>vobiscum.</strong></span> <span class='ocrx_word' id='word_1_243' title='bbox 1672 2046 1741 2101; x_wconf 84' lang='lat' dir='ltr'><strong>Et</strong></span> <span class='ocrx_word' id='word_1_244' title='bbox 1784 2060 1905 2099; x_wconf 82' lang='lat' dir='ltr'><strong>cum</strong></span> <span class='ocrx_word' id='word_1_245' title='bbox 1945 2044 2135 2112; x_wconf 85' lang='lat' dir='ltr'><strong>spiritu</strong></span> 
     </span>
    </p>
   </div>
   <div class='ocr_carea' id='block_1_37' title="bbox 548 2154 661 2201">
    <p class='ocr_par' dir='ltr' id='par_1_37' title="bbox 548 2154 661 2201">
     <span class='ocr_line' id='line_1_37' title="bbox 548 2154 661 2201; baseline 0.027 -3"><span class='ocrx_word' id='word_1_246' title='bbox 548 2154 661 2201; x_wconf 87' lang='lat' dir='ltr'><strong>tuo.</strong></span> 
     </span>
    </p>
   </div>
   <div class='ocr_carea' id='block_1_38' title="bbox 622 2226 2189 2304">
    <p class='ocr_par' dir='ltr' id='par_1_38' title="bbox 622 2226 2189 2304">
     <span class='ocr_line' id='line_1_38' title="bbox 622 2226 2189 2304; baseline -0.004 -18"><span class='ocrx_word' id='word_1_247' title='bbox 622 2235 701 2288; x_wconf 77' lang='lat' dir='ltr'><strong>Ad</strong></span> <span class='ocrx_word' id='word_1_248' title='bbox 739 2228 1441 2304; x_wconf 84' lang='lat' dir='ltr'><strong>Complendum.-—-Tantis,</strong></span> <span class='ocrx_word' id='word_1_249' title='bbox 1482 2227 1742 2292; x_wconf 81' lang='lat' dir='ltr'><strong>Domine,</strong></span> <span class='ocrx_word' id='word_1_250' title='bbox 1788 2226 1974 2296; x_wconf 80' lang='lat' dir='ltr'><strong>repleti</strong></span> <span class='ocrx_word' id='word_1_251' title='bbox 2021 2240 2137 2280; x_wconf 91' lang='lat' dir='ltr'><strong>mu-</strong></span> <span class='ocrx_word' id='word_1_252' title='bbox 2186 2234 2189 2235; x_wconf 71' lang='lat'><strong><em>&#39;</em></strong></span> 
     </span>
    </p>
   </div>
   <div class='ocr_carea' id='block_1_39' title="bbox 552 2316 2131 2393">
    <p class='ocr_par' dir='ltr' id='par_1_39' title="bbox 552 2316 2131 2393">
     <span class='ocr_line' id='line_1_39' title="bbox 552 2316 2131 2393; baseline -0.007 -14"><span class='ocrx_word' id='word_1_253' title='bbox 552 2325 800 2388; x_wconf 82' lang='lat' dir='ltr'><strong>aeribus,</strong></span> <span class='ocrx_word' id='word_1_254' title='bbox 824 2337 1129 2393; x_wconf 61' lang='lat' dir='ltr'><strong>quaesumus</strong></span> <span class='ocrx_word' id='word_1_255' title='bbox 1170 2330 1225 2373; x_wconf 90' lang='lat' dir='ltr'><strong>ut</strong></span> <span class='ocrx_word' id='word_1_256' title='bbox 1272 2330 1327 2375; x_wconf 92' lang='lat' dir='ltr'><strong>et</strong></span> <span class='ocrx_word' id='word_1_257' title='bbox 1362 2319 1610 2374; x_wconf 87' lang='lat' dir='ltr'><strong>salutaria</strong></span> <span class='ocrx_word' id='word_1_258' title='bbox 1644 2317 1783 2373; x_wconf 88' lang='lat' dir='ltr'><strong>dona</strong></span> <span class='ocrx_word' id='word_1_259' title='bbox 1824 2316 2131 2385; x_wconf 85' lang='lat' dir='ltr'><strong>capiamus,</strong></span> 
     </span>
    </p>
   </div>
   <div class='ocr_carea' id='block_1_40' title="bbox 547 2410 1709 2482">
    <p class='ocr_par' dir='ltr' id='par_1_40' title="bbox 547 2410 1709 2482">
     <span class='ocr_line' id='line_1_40' title="bbox 547 2410 1709 2482; baseline -0.008 -11"><span class='ocrx_word' id='word_1_260' title='bbox 547 2426 599 2471; x_wconf 90' lang='lat' dir='ltr'><strong>et</strong></span> <span class='ocrx_word' id='word_1_261' title='bbox 626 2431 655 2469; x_wconf 87' lang='lat' dir='ltr'><strong>a</strong></span> <span class='ocrx_word' id='word_1_262' title='bbox 685 2425 768 2469; x_wconf 84' lang='lat' dir='ltr'><strong>tua</strong></span> <span class='ocrx_word' id='word_1_263' title='bbox 794 2427 1057 2482; x_wconf 86' lang='lat' dir='ltr'><strong>nunquam</strong></span> <span class='ocrx_word' id='word_1_264' title='bbox 1083 2411 1238 2465; x_wconf 77' lang='lat' dir='ltr'><strong>laude</strong></span> <span class='ocrx_word' id='word_1_265' title='bbox 1265 2424 1556 2463; x_wconf 84' lang='lat' dir='ltr'><strong>cessemus.</strong></span> <span class='ocrx_word' id='word_1_266' title='bbox 1590 2410 1709 2463; x_wconf 85' lang='lat' dir='ltr'><strong>Per.</strong></span> 
     </span>
    </p>
   </div>
   <div class='ocr_carea' id='block_1_41' title="bbox 622 2498 2138 2577">
    <p class='ocr_par' dir='ltr' id='par_1_41' title="bbox 622 2498 2138 2577">
     <span class='ocr_line' id='line_1_41' title="bbox 622 2498 2138 2577; baseline -0.004 -18"><span class='ocrx_word' id='word_1_267' title='bbox 622 2505 791 2577; x_wconf 79' lang='lat' dir='ltr'><strong>Super</strong></span> <span class='ocrx_word' id='word_1_268' title='bbox 830 2505 1092 2576; x_wconf 77' lang='lat' dir='ltr'><strong>populum.</strong></span> <span class='ocrx_word' id='word_1_269' title='bbox 1121 2530 1191 2540; x_wconf 93' lang='lat'><strong>-—</strong></span> <span class='ocrx_word' id='word_1_270' title='bbox 1224 2499 1435 2554; x_wconf 78' lang='lat' dir='ltr'><strong>Fideles</strong></span> <span class='ocrx_word' id='word_1_271' title='bbox 1489 2511 1626 2560; x_wconf 83' lang='lat' dir='ltr'><strong>tuos.</strong></span> <span class='ocrx_word' id='word_1_272' title='bbox 1675 2498 1925 2562; x_wconf 88' lang='lat' dir='ltr'><strong>Domine,</strong></span> <span class='ocrx_word' id='word_1_273' title='bbox 1974 2498 2138 2553; x_wconf 84' lang='lat' dir='ltr'><strong>bene-</strong></span> 
     </span>
    </p>
   </div>
   <div class='ocr_carea' id='block_1_42' title="bbox 551 2588 2138 2658">
    <p class='ocr_par' dir='ltr' id='par_1_42' title="bbox 551 2588 2138 2658">
     <span class='ocr_line' id='line_1_42' title="bbox 551 2588 2138 2658; baseline -0.007 -7"><span class='ocrx_word' id='word_1_274' title='bbox 551 2596 717 2651; x_wconf 88' lang='lat' dir='ltr'><strong>dictio</strong></span> <span class='ocrx_word' id='word_1_275' title='bbox 744 2593 1040 2648; x_wconf 85' lang='lat' dir='ltr'><strong>desiderata</strong></span> <span class='ocrx_word' id='word_1_276' title='bbox 1063 2589 1373 2655; x_wconf 81' lang='lat' dir='ltr'><strong>conﬁrmet,</strong></span> <span class='ocrx_word' id='word_1_277' title='bbox 1408 2605 1526 2658; x_wconf 66' lang='lat' dir='ltr'><strong>quae</strong></span> <span class='ocrx_word' id='word_1_278' title='bbox 1554 2604 1647 2643; x_wconf 85' lang='lat' dir='ltr'><strong>eos</strong></span> <span class='ocrx_word' id='word_1_279' title='bbox 1672 2598 1727 2644; x_wconf 90' lang='lat' dir='ltr'><strong>et</strong></span> <span class='ocrx_word' id='word_1_280' title='bbox 1757 2605 1783 2641; x_wconf 91' lang='lat' dir='ltr'><strong>a</strong></span> <span class='ocrx_word' id='word_1_281' title='bbox 1818 2597 1905 2642; x_wconf 90' lang='lat' dir='ltr'><strong>tua</strong></span> <span class='ocrx_word' id='word_1_282' title='bbox 1950 2588 2138 2641; x_wconf 90' lang='lat' dir='ltr'><strong>volun-</strong></span> 
     </span>
    </p>
   </div>
   <div class='ocr_carea' id='block_1_43' title="bbox 552 2682 2127 2749">
    <p class='ocr_par' dir='ltr' id='par_1_43' title="bbox 552 2682 2127 2749">
     <span class='ocr_line' id='line_1_43' title="bbox 552 2682 2127 2749; baseline -0.004 -9"><span class='ocrx_word' id='word_1_283' title='bbox 552 2695 660 2740; x_wconf 88' lang='lat' dir='ltr'><strong>tate</strong></span> <span class='ocrx_word' id='word_1_284' title='bbox 702 2684 860 2739; x_wconf 82' lang='lat' dir='ltr'><strong>faciat</strong></span> <span class='ocrx_word' id='word_1_285' title='bbox 899 2697 1166 2749; x_wconf 81' lang='lat' dir='ltr'><strong>nunquam</strong></span> <span class='ocrx_word' id='word_1_286' title='bbox 1198 2682 1533 2748; x_wconf 65' lang='lat' dir='ltr'><strong>discrepare,</strong></span> <span class='ocrx_word' id='word_1_287' title='bbox 1576 2692 1629 2735; x_wconf 92' lang='lat' dir='ltr'><strong>et</strong></span> <span class='ocrx_word' id='word_1_288' title='bbox 1670 2682 1773 2734; x_wconf 92' lang='lat' dir='ltr'><strong>tuis</strong></span> <span class='ocrx_word' id='word_1_289' title='bbox 1803 2694 2018 2749; x_wconf 79' lang='lat' dir='ltr'><strong>semper</strong></span> <span class='ocrx_word' id='word_1_290' title='bbox 2046 2682 2127 2733; x_wconf 83' lang='lat' dir='ltr'><strong>in-</strong></span> 
     </span>
    </p>
   </div>
   <div class='ocr_carea' id='block_1_44' title="bbox 550 2771 2136 2845">
    <p class='ocr_par' dir='ltr' id='par_1_44' title="bbox 550 2771 2136 2845">
     <span class='ocr_line' id='line_1_44' title="bbox 550 2771 2136 2845; baseline -0.004 -14"><span class='ocrx_word' id='word_1_291' title='bbox 550 2775 769 2845; x_wconf 84' lang='lat' dir='ltr'><strong>dulgeat</strong></span> <span class='ocrx_word' id='word_1_292' title='bbox 807 2771 1078 2827; x_wconf 81' lang='lat' dir='ltr'><strong>beneﬁciis</strong></span> <span class='ocrx_word' id='word_1_293' title='bbox 1115 2772 1390 2842; x_wconf 83' lang='lat' dir='ltr'><strong>gratulari.</strong></span> <span class='ocrx_word' id='word_1_294' title='bbox 1425 2771 1525 2826; x_wconf 87' lang='lat' dir='ltr'><strong>Per</strong></span> <span class='ocrx_word' id='word_1_295' title='bbox 1557 2772 1806 2827; x_wconf 83' lang='lat' dir='ltr'><strong>eumdem</strong></span> <span class='ocrx_word' id='word_1_296' title='bbox 1854 2772 2136 2825; x_wconf 85' lang='lat' dir='ltr'><strong>Dominum</strong></span> 
     </span>
    </p>
   </div>
   <div class='ocr_carea' id='block_1_45' title="bbox 554 2873 816 2920">
    <p class='ocr_par' dir='ltr' id='par_1_45' title="bbox 554 2873 816 2920">
     <span class='ocr_line' id='line_1_45' title="bbox 554 2873 816 2920; baseline -0.011 -1"><span class='ocrx_word' id='word_1_297' title='bbox 554 2873 816 2920; x_wconf 87' lang='lat' dir='ltr'><strong>nostrum.</strong></span> 
     </span>
    </p>
   </div>
   <div class='ocr_carea' id='block_1_46' title="bbox 844 2967 1846 3011">
    <p class='ocr_par' dir='ltr' id='par_1_46' title="bbox 844 2967 1846 3011">
     <span class='ocr_line' id='line_1_46' title="bbox 844 2967 1846 3011; baseline -0.003 -2"><span class='ocrx_word' id='word_1_298' title='bbox 844 2969 1156 3010; x_wconf 61' lang='lat' dir='ltr'><strong>ﬂEBl‘OMtDA</strong></span> <span class='ocrx_word' id='word_1_299' title='bbox 1198 2968 1252 3006; x_wconf 88' lang='lat' dir='ltr'><strong>Ill</strong></span> <span class='ocrx_word' id='word_1_300' title='bbox 1294 2968 1419 3008; x_wconf 77' lang='lat' dir='ltr'><strong>POST</strong></span> <span class='ocrx_word' id='word_1_301' title='bbox 1450 2967 1846 3011; x_wconf 65' lang='lat' dir='ltr'><strong>PINTECOSTEN.</strong></span> 
     </span>
    </p>
   </div>
   <div class='ocr_carea' id='block_1_47' title="bbox 626 3044 2139 3113">
    <p class='ocr_par' dir='ltr' id='par_1_47' title="bbox 626 3044 2139 3113">
     <span class='ocr_line' id='line_1_47' title="bbox 626 3044 2139 3113; baseline -0.005 -8"><span class='ocrx_word' id='word_1_302' title='bbox 626 3046 809 3105; x_wconf 81' lang='lat' dir='ltr'><strong>Sancti</strong></span> <span class='ocrx_word' id='word_1_303' title='bbox 848 3044 1080 3100; x_wconf 89' lang='lat' dir='ltr'><strong>nominis</strong></span> <span class='ocrx_word' id='word_1_304' title='bbox 1116 3044 1190 3099; x_wconf 91' lang='lat' dir='ltr'><strong>tui</strong></span> <span class='ocrx_word' id='word_1_305' title='bbox 1214 3084 1230 3111; x_wconf 91' lang='lat'><strong>,</strong></span> <span class='ocrx_word' id='word_1_306' title='bbox 1282 3045 1535 3109; x_wconf 75' lang='lat' dir='ltr'><strong>Domine,</strong></span> <span class='ocrx_word' id='word_1_307' title='bbox 1566 3044 1810 3099; x_wconf 69' lang='lat' dir='ltr'><strong>timenem</strong></span> <span class='ocrx_word' id='word_1_308' title='bbox 1852 3045 2047 3113; x_wconf 89' lang='lat' dir='ltr'><strong>pariter</strong></span> <span class='ocrx_word' id='word_1_309' title='bbox 2086 3052 2139 3098; x_wconf 92' lang='lat' dir='ltr'><strong>et</strong></span> 
     </span>
    </p>
   </div>
   <div class='ocr_carea' id='block_1_48' title="bbox 2316 1861 3831 1937">
    <p class='ocr_par' dir='ltr' id='par_1_48' title="bbox 2316 1861 3831 1937">
     <span class='ocr_line' id='line_1_48' title="bbox 2316 1861 3831 1937; baseline -0.009 -14"><span class='ocrx_word' id='word_1_310' title='bbox 2316 1865 2830 1937; x_wconf 67' lang='grc' dir='ltr'><strong>ΡηιιῙαιίο.-Υθι“θ</strong></span> <span class='ocrx_word' id='word_1_311' title='bbox 2874 1864 3092 1933; x_wconf 76' lang='lat' dir='ltr'><strong>dignum</strong></span> <span class='ocrx_word' id='word_1_312' title='bbox 3120 1872 3177 1917; x_wconf 89' lang='lat' dir='ltr'><strong>et</strong></span> <span class='ocrx_word' id='word_1_313' title='bbox 3220 1861 3421 1930; x_wconf 78' lang='lat' dir='ltr'><strong>justum</strong></span> <span class='ocrx_word' id='word_1_314' title='bbox 3466 1870 3572 1925; x_wconf 87' lang='lat' dir='ltr'><strong>est,</strong></span> <span class='ocrx_word' id='word_1_315' title='bbox 3616 1873 3831 1927; x_wconf 65' lang='lat' dir='ltr'><strong>aequum</strong></span> 
     </span>
    </p>
   </div>
   <div class='ocr_carea' id='block_1_49' title="bbox 2238 1954 3832 2026">
    <p class='ocr_par' dir='ltr' id='par_1_49' title="bbox 2238 1954 3832 2026">
     <span class='ocr_line' id='line_1_49' title="bbox 2238 1954 3832 2026; baseline -0.011 -9"><span class='ocrx_word' id='word_1_316' title='bbox 2238 1974 2293 2017; x_wconf 89' lang='lat' dir='ltr'><strong>et</strong></span> <span class='ocrx_word' id='word_1_317' title='bbox 2336 1963 2595 2025; x_wconf 78' lang='lat' dir='ltr'><strong>salu&#39;are,</strong></span> <span class='ocrx_word' id='word_1_318' title='bbox 2625 1974 2721 2013; x_wconf 85' lang='lat' dir='ltr'><strong>nos</strong></span> <span class='ocrx_word' id='word_1_319' title='bbox 2751 1957 2842 2011; x_wconf 89' lang='lat' dir='ltr'><strong>tibi</strong></span> <span class='ocrx_word' id='word_1_320' title='bbox 2868 1970 3084 2026; x_wconf 87' lang='lat' dir='ltr'><strong>semper</strong></span> <span class='ocrx_word' id='word_1_321' title='bbox 3112 1964 3165 2011; x_wconf 90' lang='lat' dir='ltr'><strong>et</strong></span> <span class='ocrx_word' id='word_1_322' title='bbox 3189 1954 3387 2025; x_wconf 90' lang='lat' dir='ltr'><strong>ubique</strong></span> <span class='ocrx_word' id='word_1_323' title='bbox 3414 1954 3614 2023; x_wconf 85' lang='lat' dir='ltr'><strong>gratias</strong></span> <span class='ocrx_word' id='word_1_324' title='bbox 3645 1966 3832 2021; x_wconf 80' lang='lat' dir='ltr'><strong>agere,</strong></span> 
     </span>
    </p>
   </div>
   <div class='ocr_carea' id='block_1_50' title="bbox 2244 2042 3832 2115">
    <p class='ocr_par' dir='ltr' id='par_1_50' title="bbox 2244 2042 3832 2115">
     <span class='ocr_line' id='line_1_50' title="bbox 2244 2042 3832 2115; baseline -0.007 -11"><span class='ocrx_word' id='word_1_325' title='bbox 2244 2051 2466 2105; x_wconf 85' lang='lat' dir='ltr'><strong>Domine</strong></span> <span class='ocrx_word' id='word_1_326' title='bbox 2524 2057 2743 2111; x_wconf 81' lang='lat' dir='ltr'><strong>sancte,</strong></span> <span class='ocrx_word' id='word_1_327' title='bbox 2796 2046 2951 2101; x_wconf 84' lang='lat' dir='ltr'><strong>Pater</strong></span> <span class='ocrx_word' id='word_1_328' title='bbox 2992 2045 3363 2115; x_wconf 89' lang='lat' dir='ltr'><strong>omnipotens,</strong></span> <span class='ocrx_word' id='word_1_329' title='bbox 3405 2052 3609 2097; x_wconf 77' lang='lat' dir='ltr'><strong>:eterne</strong></span> <span class='ocrx_word' id='word_1_330' title='bbox 3656 2042 3832 2096; x_wconf 75' lang='lat' dir='ltr'><strong>Deus:</strong></span> 
     </span>
    </p>
   </div>
   <div class='ocr_carea' id='block_1_51' title="bbox 2239 2132 3835 2210">
    <p class='ocr_par' dir='ltr' id='par_1_51' title="bbox 2239 2132 3835 2210">
     <span class='ocr_line' id='line_1_51' title="bbox 2239 2132 3835 2210; baseline -0.008 -13"><span class='ocrx_word' id='word_1_331' title='bbox 2239 2142 2389 2210; x_wconf 76' lang='lat' dir='ltr'><strong>cujus</strong></span> <span class='ocrx_word' id='word_1_332' title='bbox 2423 2143 2521 2194; x_wconf 83' lang='lat' dir='ltr'><strong>hoc</strong></span> <span class='ocrx_word' id='word_1_333' title='bbox 2549 2139 2830 2193; x_wconf 86' lang='lat' dir='ltr'><strong>miritlcum</strong></span> <span class='ocrx_word' id='word_1_334' title='bbox 2855 2150 2991 2205; x_wconf 87' lang='lat' dir='ltr'><strong>opus</strong></span> <span class='ocrx_word' id='word_1_335' title='bbox 3025 2150 3089 2189; x_wconf 90' lang='lat' dir='ltr'><strong>ac</strong></span> <span class='ocrx_word' id='word_1_336' title='bbox 3118 2134 3351 2189; x_wconf 90' lang='lat' dir='ltr'><strong>salutare</strong></span> <span class='ocrx_word' id='word_1_337' title='bbox 3381 2133 3696 2203; x_wconf 83' lang='lat' dir='ltr'><strong>mysterium</strong></span> <span class='ocrx_word' id='word_1_338' title='bbox 3737 2132 3835 2185; x_wconf 70' lang='lat' dir='ltr'><strong>fuit</strong></span> 
     </span>
    </p>
   </div>
   <div class='ocr_carea' id='block_1_52' title="bbox 2241 2223 3833 2301">
    <p class='ocr_par' dir='ltr' id='par_1_52' title="bbox 2241 2223 3833 2301">
     <span class='ocr_line' id='line_1_52' title="bbox 2241 2223 3833 2301; baseline -0.007 -14"><span class='ocrx_word' id='word_1_339' title='bbox 2241 2244 2298 2287; x_wconf 89' lang='lat' dir='ltr'><strong>ut</strong></span> <span class='ocrx_word' id='word_1_340' title='bbox 2337 2231 2525 2301; x_wconf 82' lang='lat' dir='ltr'><strong>perditi</strong></span> <span class='ocrx_word' id='word_1_341' title='bbox 2556 2230 2757 2283; x_wconf 90' lang='lat' dir='ltr'><strong>dudum</strong></span> <span class='ocrx_word' id='word_1_342' title='bbox 2792 2238 2953 2297; x_wconf 89' lang='lat' dir='ltr'><strong>atque</strong></span> <span class='ocrx_word' id='word_1_343' title='bbox 2983 2225 3236 2296; x_wconf 86' lang='lat' dir='ltr'><strong>prostrati</strong></span> <span class='ocrx_word' id='word_1_344' title='bbox 3264 2224 3333 2281; x_wconf 88' lang='lat' dir='ltr'><strong>de</strong></span> <span class='ocrx_word' id='word_1_345' title='bbox 3361 2223 3573 2279; x_wconf 85' lang='lat' dir='ltr'><strong>diabolo</strong></span> <span class='ocrx_word' id='word_1_346' title='bbox 3603 2233 3657 2276; x_wconf 88' lang='lat' dir='ltr'><strong>et</strong></span> <span class='ocrx_word' id='word_1_347' title='bbox 3687 2237 3833 2277; x_wconf 85' lang='lat' dir='ltr'><strong>mor-</strong></span> 
     </span>
    </p>
   </div>
   <div class='ocr_carea' id='block_1_53' title="bbox 2243 2319 3833 2389">
    <p class='ocr_par' dir='ltr' id='par_1_53' title="bbox 2243 2319 3833 2389">
     <span class='ocr_line' id='line_1_53' title="bbox 2243 2319 3833 2389; baseline -0.004 -14"><span class='ocrx_word' id='word_1_348' title='bbox 2243 2324 2307 2377; x_wconf 90' lang='lat' dir='ltr'><strong>tis</strong></span> <span class='ocrx_word' id='word_1_349' title='bbox 2330 2322 2515 2376; x_wconf 89' lang='lat' dir='ltr'><strong>aculeo</strong></span> <span class='ocrx_word' id='word_1_350' title='bbox 2544 2320 2608 2374; x_wconf 86' lang='lat' dir='ltr'><strong>ad</strong></span> <span class='ocrx_word' id='word_1_351' title='bbox 2640 2320 2774 2373; x_wconf 88' lang='lat' dir='ltr'><strong>hanc</strong></span> <span class='ocrx_word' id='word_1_352' title='bbox 2816 2319 3039 2389; x_wconf 80' lang='lat' dir='ltr'><strong>gloriam</strong></span> <span class='ocrx_word' id='word_1_353' title='bbox 3071 2331 3405 2379; x_wconf 82' lang='lat' dir='ltr'><strong>vocaremur,</strong></span> <span class='ocrx_word' id='word_1_354' title='bbox 3436 2329 3540 2385; x_wconf 89' lang='lat' dir='ltr'><strong>qua</strong></span> <span class='ocrx_word' id='word_1_355' title='bbox 3564 2328 3708 2370; x_wconf 89' lang='lat' dir='ltr'><strong>nunc</strong></span> <span class='ocrx_word' id='word_1_356' title='bbox 3733 2329 3833 2384; x_wconf 84' lang='lat' dir='ltr'><strong>ge-</strong></span> 
     </span>
    </p>
   </div>
   <div class='ocr_carea' id='block_1_54' title="bbox 2242 2406 3835 2479">
    <p class='ocr_par' dir='ltr' id='par_1_54' title="bbox 2242 2406 3835 2479">
     <span class='ocr_line' id='line_1_54' title="bbox 2242 2406 3835 2479; baseline -0.007 -9"><span class='ocrx_word' id='word_1_357' title='bbox 2242 2430 2342 2470; x_wconf 89' lang='lat' dir='ltr'><strong>nus</strong></span> <span class='ocrx_word' id='word_1_358' title='bbox 2368 2415 2597 2470; x_wconf 90' lang='lat' dir='ltr'><strong>electum</strong></span> <span class='ocrx_word' id='word_1_359' title='bbox 2638 2410 3101 2479; x_wconf 80' lang='lat' dir='ltr'><strong>sacerdotiumqne</strong></span> <span class='ocrx_word' id='word_1_360' title='bbox 3142 2408 3340 2479; x_wconf 87' lang='lat' dir='ltr'><strong>regale,</strong></span> <span class='ocrx_word' id='word_1_361' title='bbox 3370 2406 3601 2476; x_wconf 81' lang='lat' dir='ltr'><strong>pepulus</strong></span> <span class='ocrx_word' id='word_1_362' title='bbox 3646 2407 3835 2476; x_wconf 83' lang='lat' dir='ltr'><strong>acqui-</strong></span> 
     </span>
    </p>
   </div>
   <div class='ocr_carea' id='block_1_55' title="bbox 2241 2498 3837 2575">
    <p class='ocr_par' dir='ltr' id='par_1_55' title="bbox 2241 2498 3837 2575">
     <span class='ocr_line' id='line_1_55' title="bbox 2241 2498 3837 2575; baseline -0.008 -12"><span class='ocrx_word' id='word_1_363' title='bbox 2241 2508 2449 2563; x_wconf 68' lang='lat' dir='ltr'><strong>s‘tionis</strong></span> <span class='ocrx_word' id='word_1_364' title='bbox 2477 2514 2532 2559; x_wconf 89' lang='lat' dir='ltr'><strong>et</strong></span> <span class='ocrx_word' id='word_1_365' title='bbox 2586 2520 2717 2575; x_wconf 82' lang='lat' dir='ltr'><strong>gens</strong></span> <span class='ocrx_word' id='word_1_366' title='bbox 2762 2511 2944 2559; x_wconf 89' lang='lat' dir='ltr'><strong>sancta</strong></span> <span class='ocrx_word' id='word_1_367' title='bbox 3000 2515 3339 2557; x_wconf 87' lang='lat' dir='ltr'><strong>vocaremur.</strong></span> <span class='ocrx_word' id='word_1_368' title='bbox 3387 2501 3622 2569; x_wconf 81' lang='lat' dir='ltr'><strong>Agentes</strong></span> <span class='ocrx_word' id='word_1_369' title='bbox 3671 2498 3837 2568; x_wconf 86' lang='lat' dir='ltr'><strong>igitur</strong></span> 
     </span>
    </p>
   </div>
   <div class='ocr_carea' id='block_1_56' title="bbox 2243 2589 3833 2667">
    <p class='ocr_par' dir='ltr' id='par_1_56' title="bbox 2243 2589 3833 2667">
     <span class='ocr_line' id='line_1_56' title="bbox 2243 2589 3833 2667; baseline -0.008 -13"><span class='ocrx_word' id='word_1_370' title='bbox 2243 2600 2535 2655; x_wconf 80' lang='lat' dir='ltr'><strong>indefessas</strong></span> <span class='ocrx_word' id='word_1_371' title='bbox 2582 2600 2779 2667; x_wconf 84' lang='lat' dir='ltr'><strong>gratias</strong></span> <span class='ocrx_word' id='word_1_372' title='bbox 2814 2604 3158 2664; x_wconf 82' lang='lat' dir='ltr'><strong>sanctamque</strong></span> <span class='ocrx_word' id='word_1_373' title='bbox 3219 2589 3639 2647; x_wconf 77' lang='lat' dir='ltr'><strong>muniﬁcentiam</strong></span> <span class='ocrx_word' id='word_1_374' title='bbox 3686 2598 3833 2642; x_wconf 85' lang='lat' dir='ltr'><strong>tuam</strong></span> 
     </span>
    </p>
   </div>
   <div class='ocr_carea' id='block_1_57' title="bbox 2244 2680 3833 2759">
    <p class='ocr_par' dir='ltr' id='par_1_57' title="bbox 2244 2680 3833 2759">
     <span class='ocr_line' id='line_1_57' title="bbox 2244 2680 3833 2759; baseline -0.006 -16"><span class='ocrx_word' id='word_1_375' title='bbox 2244 2690 2619 2759; x_wconf 67' lang='lat' dir='ltr'><strong>prmdicantes,</strong></span> <span class='ocrx_word' id='word_1_376' title='bbox 2675 2687 2938 2754; x_wconf 80' lang='lat' dir='ltr'><strong>Majestati</strong></span> <span class='ocrx_word' id='word_1_377' title='bbox 2986 2694 3092 2741; x_wconf 71' lang='lat' dir='ltr'><strong>tua:</strong></span> <span class='ocrx_word' id='word_1_378' title='bbox 3141 2684 3257 2738; x_wconf 75' lang='lat' dir='ltr'><strong>tunc</strong></span> <span class='ocrx_word' id='word_1_379' title='bbox 3305 2696 3461 2738; x_wconf 87' lang='lat' dir='ltr'><strong>sacra</strong></span> <span class='ocrx_word' id='word_1_380' title='bbox 3512 2680 3833 2742; x_wconf 73' lang='lat' dir='ltr'><strong>deferimus,</strong></span> 
     </span>
    </p>
   </div>
   <div class='ocr_carea' id='block_1_58' title="bbox 2241 2771 3832 2848">
    <p class='ocr_par' dir='ltr' id='par_1_58' title="bbox 2241 2771 3832 2848">
     <span class='ocr_line' id='line_1_58' title="bbox 2241 2771 3832 2848; baseline -0.006 -15"><span class='ocrx_word' id='word_1_381' title='bbox 2241 2798 2358 2848; x_wconf 74' lang='lat' dir='ltr'><strong>quze</strong></span> <span class='ocrx_word' id='word_1_382' title='bbox 2391 2780 2543 2834; x_wconf 87' lang='lat' dir='ltr'><strong>nobis</strong></span> <span class='ocrx_word' id='word_1_383' title='bbox 2569 2782 2680 2848; x_wconf 90' lang='lat' dir='ltr'><strong>ipse</strong></span> <span class='ocrx_word' id='word_1_384' title='bbox 2722 2778 2913 2831; x_wconf 87' lang='lat' dir='ltr'><strong>salutis</strong></span> <span class='ocrx_word' id='word_1_385' title='bbox 2937 2786 3134 2831; x_wconf 62' lang='lat' dir='ltr'><strong>nostra:</strong></span> <span class='ocrx_word' id='word_1_386' title='bbox 3172 2784 3361 2829; x_wconf 88' lang='lat' dir='ltr'><strong>auctor</strong></span> <span class='ocrx_word' id='word_1_387' title='bbox 3387 2771 3635 2828; x_wconf 77' lang='lat' dir='ltr'><strong>Christus</strong></span> <span class='ocrx_word' id='word_1_388' title='bbox 3674 2772 3832 2827; x_wconf 79' lang='lat' dir='ltr'><strong>iusti-</strong></span> 
     </span>
    </p>
   </div>
   <div class='ocr_carea' id='block_1_59' title="bbox 2242 2868 3273 2937">
    <p class='ocr_par' dir='ltr' id='par_1_59' title="bbox 2242 2868 3273 2937">
     <span class='ocr_line' id='line_1_59' title="bbox 2242 2868 3273 2937; baseline -0.004 -10"><span class='ocrx_word' id='word_1_389' title='bbox 2242 2871 2358 2927; x_wconf 85' lang='lat' dir='ltr'><strong>tuit.</strong></span> <span class='ocrx_word' id='word_1_390' title='bbox 2409 2870 2511 2925; x_wconf 86' lang='lat' dir='ltr'><strong>Per</strong></span> <span class='ocrx_word' id='word_1_391' title='bbox 2536 2885 2692 2937; x_wconf 87' lang='lat' dir='ltr'><strong>quem</strong></span> <span class='ocrx_word' id='word_1_392' title='bbox 2725 2868 3054 2937; x_wconf 55' lang='lat' dir='ltr'><strong>Maiestatem</strong></span> <span class='ocrx_word' id='word_1_393' title='bbox 3105 2876 3273 2923; x_wconf 88' lang='lat' dir='ltr'><strong>tuam.</strong></span> 
     </span>
    </p>
   </div>
   <div class='ocr_carea' id='block_1_60' title="bbox 2318 2956 3836 3014">
    <p class='ocr_par' dir='ltr' id='par_1_60' title="bbox 2318 2956 3836 3014">
     <span class='ocr_line' id='line_1_60' title="bbox 2318 2956 3836 3014; baseline -0.003 0"><span class='ocrx_word' id='word_1_394' title='bbox 2318 2974 2341 3000; x_wconf 70' lang='grc' dir='ltr'><strong>π</strong></span> <span class='ocrx_word' id='word_1_395' title='bbox 2384 2960 2696 3014; x_wconf 74' lang='lat' dir='ltr'><strong>Benedictio.</strong></span> <span class='ocrx_word' id='word_1_396' title='bbox 2727 2988 2798 3001; x_wconf 87' lang='grc'><strong>--</strong></span> <span class='ocrx_word' id='word_1_397' title='bbox 2826 2957 3111 3013; x_wconf 84' lang='lat' dir='ltr'><strong>Denedieat</strong></span> <span class='ocrx_word' id='word_1_398' title='bbox 3158 2959 3308 3013; x_wconf 86' lang='lat' dir='ltr'><strong>vobis</strong></span> <span class='ocrx_word' id='word_1_399' title='bbox 3355 2957 3612 3013; x_wconf 85' lang='lat' dir='ltr'><strong>Dominus</strong></span> <span class='ocrx_word' id='word_1_400' title='bbox 3663 2956 3836 3011; x_wconf 82' lang='lat' dir='ltr'><strong>nostri</strong></span> 
     </span>
    </p>
   </div>
   <div class='ocr_carea' id='block_1_61' title="bbox 2248 3047 3839 3119">
    <p class='ocr_par' dir='ltr' id='par_1_61' title="bbox 2248 3047 3839 3119">
     <span class='ocr_line' id='line_1_61' title="bbox 2248 3047 3839 3119; baseline -0.001 -14"><span class='ocrx_word' id='word_1_401' title='bbox 2248 3052 2359 3106; x_wconf 87' lang='lat' dir='ltr'><strong>oris</strong></span> <span class='ocrx_word' id='word_1_402' title='bbox 2386 3051 2642 3119; x_wconf 85' lang='lat' dir='ltr'><strong>alloquio,</strong></span> <span class='ocrx_word' id='word_1_403' title='bbox 2676 3059 2730 3104; x_wconf 90' lang='lat' dir='ltr'><strong>et</strong></span> <span class='ocrx_word' id='word_1_404' title='bbox 2769 3065 2862 3102; x_wconf 81' lang='lat' dir='ltr'><strong>cor</strong></span> <span class='ocrx_word' id='word_1_405' title='bbox 2891 3058 3125 3103; x_wconf 83' lang='lat' dir='ltr'><strong>vestrum</strong></span> <span class='ocrx_word' id='word_1_406' title='bbox 3165 3048 3356 3103; x_wconf 91' lang='lat' dir='ltr'><strong>sinceri</strong></span> <span class='ocrx_word' id='word_1_407' title='bbox 3388 3047 3589 3104; x_wconf 54' lang='lat' dir='ltr'><strong>amori.-</strong></span> <span class='ocrx_word' id='word_1_408' title='bbox 3616 3049 3839 3116; x_wconf 82' lang='lat' dir='ltr'><strong>copulet</strong></span> 
     </span>
    </p>
   </div>
   <div class='ocr_carea' id='block_1_62' title="bbox 556 3131 2139 3208">
    <p class='ocr_par' dir='ltr' id='par_1_62' title="bbox 556 3137 2135 3207">
     <span class='ocr_line' id='line_1_62' title="bbox 556 3137 2135 3207; baseline -0.006 -8"><span class='ocrx_word' id='word_1_409' title='bbox 556 3157 793 3199; x_wconf 87' lang='lat' dir='ltr'><strong>amorem</strong></span> <span class='ocrx_word' id='word_1_410' title='bbox 840 3140 923 3194; x_wconf 79' lang='lat' dir='ltr'><strong>fac</strong></span> <span class='ocrx_word' id='word_1_411' title='bbox 954 3153 1051 3193; x_wconf 89' lang='lat' dir='ltr'><strong>nos</strong></span> <span class='ocrx_word' id='word_1_412' title='bbox 1082 3137 1279 3192; x_wconf 87' lang='lat' dir='ltr'><strong>habere</strong></span> <span class='ocrx_word' id='word_1_413' title='bbox 1310 3150 1621 3207; x_wconf 91' lang='lat' dir='ltr'><strong>perpetuum</strong></span> <span class='ocrx_word' id='word_1_414' title='bbox 1644 3176 1659 3201; x_wconf 89' lang='lat'><strong>,</strong></span> <span class='ocrx_word' id='word_1_415' title='bbox 1699 3140 1824 3206; x_wconf 70' lang='lat' dir='ltr'><strong>quia</strong></span> <span class='ocrx_word' id='word_1_416' title='bbox 1869 3152 2135 3205; x_wconf 81' lang='lat' dir='ltr'><strong>nunquam</strong></span> 
     </span>
    </p>
   </div>
   <div class='ocr_carea' id='block_1_63' title="bbox 2263 3131 3837 3208">
    <p class='ocr_par' dir='ltr' id='par_1_63' title="bbox 2263 3137 3837 3208">
     <span class='ocr_line' id='line_1_63' title="bbox 2263 3137 3837 3208; baseline -0.003 -13"><span class='ocrx_word' id='word_1_417' title='bbox 2263 3157 2389 3195; x_wconf 77' lang='lat' dir='ltr'><strong>texu</strong></span> <span class='ocrx_word' id='word_1_418' title='bbox 2436 3148 2710 3208; x_wconf 61' lang='lat' dir='ltr'><strong>perpetuo.</strong></span> <span class='ocrx_word' id='word_1_419' title='bbox 2756 3141 2947 3193; x_wconf 82' lang='lat' dir='ltr'><strong>Amen.</strong></span> <span class='ocrx_word' id='word_1_420' title='bbox 2982 3137 3246 3193; x_wconf 85' lang='lat' dir='ltr'><strong>Floreatis</strong></span> <span class='ocrx_word' id='word_1_421' title='bbox 3274 3152 3452 3193; x_wconf 86' lang='lat' dir='ltr'><strong>rerum</strong></span> <span class='ocrx_word' id='word_1_422' title='bbox 3488 3138 3837 3206; x_wconf 61' lang='lat' dir='ltr'><strong>praesentium</strong></span> 
     </span>
    </p>
   </div>
   <div class='ocr_carea' id='block_1_64' title="bbox 564 3226 2138 3303">
    <p class='ocr_par' dir='ltr' id='par_1_64' title="bbox 564 3226 2138 3303">
     <span class='ocr_line' id='line_1_64' title="bbox 564 3226 2138 3303; baseline -0.006 -14"><span class='ocrx_word' id='word_1_423' title='bbox 564 3245 651 3289; x_wconf 75' lang='lat' dir='ltr'><strong>tua</strong></span> <span class='ocrx_word' id='word_1_424' title='bbox 700 3228 1083 3303; x_wconf 88' lang='lat' dir='ltr'><strong>gubernatione</strong></span> <span class='ocrx_word' id='word_1_425' title='bbox 1129 3226 1409 3291; x_wconf 55' lang='lat' dir='ltr'><strong>destituis,</strong></span> <span class='ocrx_word' id='word_1_426' title='bbox 1445 3242 1577 3294; x_wconf 86' lang='lat' dir='ltr'><strong>quos</strong></span> <span class='ocrx_word' id='word_1_427' title='bbox 1622 3227 1673 3280; x_wconf 90' lang='lat' dir='ltr'><strong>in</strong></span> <span class='ocrx_word' id='word_1_428' title='bbox 1713 3226 1984 3280; x_wconf 87' lang='lat' dir='ltr'><strong>soliditate</strong></span> <span class='ocrx_word' id='word_1_429' title='bbox 2035 3236 2138 3281; x_wconf 80' lang='lat' dir='ltr'><strong>tua:</strong></span> 
     </span>
    </p>
   </div>
   <div class='ocr_carea' id='block_1_65' title="bbox 557 3315 1586 3377">
    <p class='ocr_par' dir='ltr' id='par_1_65' title="bbox 557 3315 1586 3377">
     <span class='ocr_line' id='line_1_65' title="bbox 557 3315 1586 3377; baseline -0.008 0"><span class='ocrx_word' id='word_1_430' title='bbox 557 3322 856 3377; x_wconf 74' lang='lat' dir='ltr'><strong>dilectionis</strong></span> <span class='ocrx_word' id='word_1_431' title='bbox 879 3318 1134 3373; x_wconf 88' lang='lat' dir='ltr'><strong>instituis.</strong></span> <span class='ocrx_word' id='word_1_432' title='bbox 1163 3316 1262 3371; x_wconf 85' lang='lat' dir='ltr'><strong>Per</strong></span> <span class='ocrx_word' id='word_1_433' title='bbox 1282 3315 1586 3369; x_wconf 83' lang='lat' dir='ltr'><strong>Dominum.</strong></span> 
     </span>
    </p>
   </div>
   <div class='ocr_carea' id='block_1_66' title="bbox 628 3405 2138 3483">
    <p class='ocr_par' dir='ltr' id='par_1_66' title="bbox 628 3405 2138 3483">
     <span class='ocr_line' id='line_1_66' title="bbox 628 3405 2138 3483; baseline -0.005 -15"><span class='ocrx_word' id='word_1_434' title='bbox 628 3413 796 3483; x_wconf 82' lang='lat' dir='ltr'><strong>Super</strong></span> <span class='ocrx_word' id='word_1_435' title='bbox 824 3410 1013 3464; x_wconf 84' lang='lat' dir='ltr'><strong>oblata.</strong></span> <span class='ocrx_word' id='word_1_436' title='bbox 1040 3439 1107 3448; x_wconf 86' lang='lat'><strong>—-</strong></span> <span class='ocrx_word' id='word_1_437' title='bbox 1135 3407 1343 3463; x_wconf 82' lang='lat' dir='ltr'><strong>Oblatio</strong></span> <span class='ocrx_word' id='word_1_438' title='bbox 1375 3420 1503 3473; x_wconf 88' lang='lat' dir='ltr'><strong>nos,</strong></span> <span class='ocrx_word' id='word_1_439' title='bbox 1534 3405 1776 3469; x_wconf 86' lang='lat' dir='ltr'><strong>Domine,</strong></span> <span class='ocrx_word' id='word_1_440' title='bbox 1808 3414 1898 3459; x_wconf 90' lang='lat' dir='ltr'><strong>tuo</strong></span> <span class='ocrx_word' id='word_1_441' title='bbox 1939 3405 2138 3460; x_wconf 89' lang='lat' dir='ltr'><strong>nomini</strong></span> 
     </span>
    </p>
   </div>
   <div class='ocr_carea' id='block_1_67' title="bbox 553 3497 2141 3570">
    <p class='ocr_par' dir='ltr' id='par_1_67' title="bbox 553 3497 2141 3570">
     <span class='ocr_line' id='line_1_67' title="bbox 553 3497 2141 3570; baseline -0.001 -17"><span class='ocrx_word' id='word_1_442' title='bbox 553 3503 779 3558; x_wconf 85' lang='lat' dir='ltr'><strong>dicanda</strong></span> <span class='ocrx_word' id='word_1_443' title='bbox 808 3500 1070 3570; x_wconf 82' lang='lat' dir='ltr'><strong>purilicet,</strong></span> <span class='ocrx_word' id='word_1_444' title='bbox 1094 3507 1150 3554; x_wconf 92' lang='lat' dir='ltr'><strong>et</strong></span> <span class='ocrx_word' id='word_1_445' title='bbox 1176 3498 1242 3552; x_wconf 91' lang='lat' dir='ltr'><strong>de</strong></span> <span class='ocrx_word' id='word_1_446' title='bbox 1268 3498 1353 3552; x_wconf 87' lang='lat' dir='ltr'><strong>die</strong></span> <span class='ocrx_word' id='word_1_447' title='bbox 1394 3498 1446 3551; x_wconf 90' lang='lat' dir='ltr'><strong>in</strong></span> <span class='ocrx_word' id='word_1_448' title='bbox 1468 3497 1610 3552; x_wconf 89' lang='lat' dir='ltr'><strong>diem</strong></span> <span class='ocrx_word' id='word_1_449' title='bbox 1637 3497 1702 3551; x_wconf 88' lang='lat' dir='ltr'><strong>ad</strong></span> <span class='ocrx_word' id='word_1_450' title='bbox 1728 3498 1978 3553; x_wconf 75' lang='lat' dir='ltr'><strong>&#39;cmlestis</strong></span> <span class='ocrx_word' id='word_1_451' title='bbox 2020 3500 2141 3552; x_wconf 60' lang='lat' dir='ltr'><strong>vita:</strong></span> 
     </span>
    </p>
   </div>
   <div class='ocr_carea' id='block_1_68' title="bbox 558 3590 1321 3650">
    <p class='ocr_par' dir='ltr' id='par_1_68' title="bbox 558 3590 1321 3650">
     <span class='ocr_line' id='line_1_68' title="bbox 558 3590 1321 3650; baseline -0.009 0"><span class='ocrx_word' id='word_1_452' title='bbox 558 3593 838 3650; x_wconf 76' lang='lat' dir='ltr'><strong>transferat</strong></span> <span class='ocrx_word' id='word_1_453' title='bbox 859 3595 1149 3648; x_wconf 80' lang='lat' dir='ltr'><strong>actionem.</strong></span> <span class='ocrx_word' id='word_1_454' title='bbox 1198 3590 1321 3645; x_wconf 87' lang='lat' dir='ltr'><strong>Per.</strong></span> 
     </span>
    </p>
   </div>
   <div class='ocr_carea' id='block_1_69' title="bbox 630 3682 2138 3756">
    <p class='ocr_par' dir='ltr' id='par_1_69' title="bbox 630 3682 2138 3756">
     <span class='ocr_line' id='line_1_69' title="bbox 630 3682 2138 3756; baseline -0.002 -18"><span class='ocrx_word' id='word_1_455' title='bbox 630 3684 1139 3756; x_wconf 63' lang='lat' dir='ltr'><strong>Parthum—Vere</strong></span> <span class='ocrx_word' id='word_1_456' title='bbox 1175 3682 1391 3751; x_wconf 75' lang='lat' dir='ltr'><strong>dignum</strong></span> <span class='ocrx_word' id='word_1_457' title='bbox 1427 3693 1483 3735; x_wconf 90' lang='lat' dir='ltr'><strong>et</strong></span> <span class='ocrx_word' id='word_1_458' title='bbox 1522 3682 1728 3750; x_wconf 89' lang='lat' dir='ltr'><strong>justum</strong></span> <span class='ocrx_word' id='word_1_459' title='bbox 1765 3689 1875 3743; x_wconf 87' lang='lat' dir='ltr'><strong>est.</strong></span> <span class='ocrx_word' id='word_1_460' title='bbox 1930 3697 2138 3751; x_wconf 67' lang='lat' dir='ltr'><strong>mquam</strong></span> 
     </span>
    </p>
   </div>
   <div class='ocr_carea' id='block_1_70' title="bbox 558 3770 2138 3844">
    <p class='ocr_par' dir='ltr' id='par_1_70' title="bbox 558 3770 2138 3844">
     <span class='ocr_line' id='line_1_70' title="bbox 558 3770 2138 3844; baseline -0.003 -13"><span class='ocrx_word' id='word_1_461' title='bbox 558 3785 613 3831; x_wconf 89' lang='lat' dir='ltr'><strong>et</strong></span> <span class='ocrx_word' id='word_1_462' title='bbox 642 3776 896 3839; x_wconf 80' lang='lat' dir='ltr'><strong>salutate,</strong></span> <span class='ocrx_word' id='word_1_463' title='bbox 927 3787 1026 3827; x_wconf 87' lang='lat' dir='ltr'><strong>nos</strong></span> <span class='ocrx_word' id='word_1_464' title='bbox 1053 3770 1146 3826; x_wconf 90' lang='lat' dir='ltr'><strong>tibi</strong></span> <span class='ocrx_word' id='word_1_465' title='bbox 1177 3786 1392 3840; x_wconf 84' lang='lat' dir='ltr'><strong>semper</strong></span> <span class='ocrx_word' id='word_1_466' title='bbox 1419 3782 1473 3826; x_wconf 86' lang='lat' dir='ltr'><strong>et</strong></span> <span class='ocrx_word' id='word_1_467' title='bbox 1497 3776 1691 3843; x_wconf 70' lang='lat' dir='ltr'><strong>ubique</strong></span> <span class='ocrx_word' id='word_1_468' title='bbox 1718 3774 1917 3843; x_wconf 82' lang='lat' dir='ltr'><strong>gratias</strong></span> <span class='ocrx_word' id='word_1_469' title='bbox 1948 3789 2138 3844; x_wconf 52' lang='lat' dir='ltr'><strong>agere,</strong></span> 
     </span>
    </p>
   </div>
   <div class='ocr_carea' id='block_1_71' title="bbox 561 3864 2139 3933">
    <p class='ocr_par' dir='ltr' id='par_1_71' title="bbox 561 3864 2139 3933">
     <span class='ocr_line' id='line_1_71' title="bbox 561 3864 2139 3933; baseline -0.001 -12"><span class='ocrx_word' id='word_1_470' title='bbox 561 3867 784 3921; x_wconf 79' lang='lat' dir='ltr'><strong>Doane</strong></span> <span class='ocrx_word' id='word_1_471' title='bbox 808 3875 1013 3931; x_wconf 86' lang='lat' dir='ltr'><strong>sancte,</strong></span> <span class='ocrx_word' id='word_1_472' title='bbox 1045 3864 1198 3917; x_wconf 82' lang='lat' dir='ltr'><strong>Pater</strong></span> <span class='ocrx_word' id='word_1_473' title='bbox 1227 3864 1587 3933; x_wconf 85' lang='lat' dir='ltr'><strong>omnipotens,</strong></span> <span class='ocrx_word' id='word_1_474' title='bbox 1622 3872 1820 3919; x_wconf 73' lang='lat' dir='ltr'><strong>teter-ne</strong></span> <span class='ocrx_word' id='word_1_475' title='bbox 1858 3866 2015 3929; x_wconf 86' lang='lat' dir='ltr'><strong>Deus,</strong></span> <span class='ocrx_word' id='word_1_476' title='bbox 2046 3880 2139 3933; x_wconf 88' lang='lat' dir='ltr'><strong>per</strong></span> 
     </span>
    </p>
   </div>
   <div class='ocr_carea' id='block_1_72' title="bbox 570 3956 2140 4026">
    <p class='ocr_par' dir='ltr' id='par_1_72' title="bbox 570 3956 2140 4026">
     <span class='ocr_line' id='line_1_72' title="bbox 570 3956 2140 4026; baseline -0.002 -13"><span class='ocrx_word' id='word_1_477' title='bbox 570 3959 844 4013; x_wconf 75' lang='lat' dir='ltr'><strong>Christum</strong></span> <span class='ocrx_word' id='word_1_478' title='bbox 881 3956 1160 4010; x_wconf 87' lang='lat' dir='ltr'><strong>Dominutn</strong></span> <span class='ocrx_word' id='word_1_479' title='bbox 1192 3966 1433 4010; x_wconf 78' lang='lat' dir='ltr'><strong>nostrum</strong></span> <span class='ocrx_word' id='word_1_480' title='bbox 1462 3973 1473 4007; x_wconf 87' lang='lat'><strong>:</strong></span> <span class='ocrx_word' id='word_1_481' title='bbox 1508 3972 1598 4025; x_wconf 89' lang='lat' dir='ltr'><strong>per</strong></span> <span class='ocrx_word' id='word_1_482' title='bbox 1620 3972 1778 4026; x_wconf 91' lang='lat' dir='ltr'><strong>quem</strong></span> <span class='ocrx_word' id='word_1_483' title='bbox 1810 3956 2140 4025; x_wconf 67' lang='lat' dir='ltr'><strong>Maiesatem</strong></span> 
     </span>
    </p>
   </div>
   <div class='ocr_carea' id='block_1_73' title="bbox 560 4046 2141 4118">
    <p class='ocr_par' dir='ltr' id='par_1_73' title="bbox 560 4046 2141 4118">
     <span class='ocr_line' id='line_1_73' title="bbox 560 4046 2141 4118; baseline -0.002 -15"><span class='ocrx_word' id='word_1_484' title='bbox 560 4062 703 4104; x_wconf 88' lang='lat' dir='ltr'><strong>tuam</strong></span> <span class='ocrx_word' id='word_1_485' title='bbox 726 4051 1036 4118; x_wconf 81' lang='lat' dir='ltr'><strong>suppliciter</strong></span> <span class='ocrx_word' id='word_1_486' title='bbox 1064 4062 1350 4101; x_wconf 78' lang='lat' dir='ltr'><strong>exoramus</strong></span> <span class='ocrx_word' id='word_1_487' title='bbox 1370 4087 1386 4116; x_wconf 89' lang='lat'><strong>,</strong></span> <span class='ocrx_word' id='word_1_488' title='bbox 1419 4059 1474 4100; x_wconf 92' lang='lat' dir='ltr'><strong>ut</strong></span> <span class='ocrx_word' id='word_1_489' title='bbox 1503 4046 1571 4102; x_wconf 90' lang='lat' dir='ltr'><strong>ab</strong></span> <span class='ocrx_word' id='word_1_490' title='bbox 1602 4047 1839 4100; x_wconf 78' lang='lat' dir='ltr'><strong>Ecclesia</strong></span> <span class='ocrx_word' id='word_1_491' title='bbox 1872 4057 1958 4100; x_wconf 88' lang='lat' dir='ltr'><strong>tua</strong></span> <span class='ocrx_word' id='word_1_492' title='bbox 1988 4046 2141 4118; x_wconf 79' lang='lat' dir='ltr'><strong>quid-</strong></span> 
     </span>
    </p>
   </div>
   <div class='ocr_carea' id='block_1_74' title="bbox 560 4141 2142 4214">
    <p class='ocr_par' dir='ltr' id='par_1_74' title="bbox 560 4141 2142 4214">
     <span class='ocr_line' id='line_1_74' title="bbox 560 4141 2142 4214; baseline 0.001 -17"><span class='ocrx_word' id='word_1_493' title='bbox 560 4144 689 4214; x_wconf 89' lang='lat' dir='ltr'><strong>quid</strong></span> <span class='ocrx_word' id='word_1_494' title='bbox 715 4154 798 4198; x_wconf 88' lang='lat' dir='ltr'><strong>est</strong></span> <span class='ocrx_word' id='word_1_495' title='bbox 828 4141 1044 4197; x_wconf 79' lang='lat' dir='ltr'><strong>noxium</strong></span> <span class='ocrx_word' id='word_1_496' title='bbox 1078 4152 1132 4196; x_wconf 89' lang='lat' dir='ltr'><strong>tu</strong></span> <span class='ocrx_word' id='word_1_497' title='bbox 1166 4141 1417 4212; x_wconf 85' lang='lat' dir='ltr'><strong>repellas,</strong></span> <span class='ocrx_word' id='word_1_498' title='bbox 1456 4152 1508 4196; x_wconf 91' lang='lat' dir='ltr'><strong>et</strong></span> <span class='ocrx_word' id='word_1_499' title='bbox 1537 4142 1679 4211; x_wconf 90' lang='lat' dir='ltr'><strong>quod</strong></span> <span class='ocrx_word' id='word_1_500' title='bbox 1708 4142 1880 4197; x_wconf 91' lang='lat' dir='ltr'><strong>eidem</strong></span> <span class='ocrx_word' id='word_1_501' title='bbox 1910 4145 2023 4196; x_wconf 83' lang='lat' dir='ltr'><strong>salu</strong></span> <span class='ocrx_word' id='word_1_502' title='bbox 2050 4160 2142 4199; x_wconf 91' lang='lat' dir='ltr'><strong>are</strong></span> 
     </span>
    </p>
   </div>
   <div class='ocr_carea' id='block_1_75' title="bbox 560 4234 2144 4302">
    <p class='ocr_par' dir='ltr' id='par_1_75' title="bbox 560 4234 2144 4302">
     <span class='ocr_line' id='line_1_75' title="bbox 560 4234 2144 4302; baseline -0.001 -15"><span class='ocrx_word' id='word_1_503' title='bbox 560 4248 638 4287; x_wconf 86' lang='lat' dir='ltr'><strong>est</strong></span> <span class='ocrx_word' id='word_1_504' title='bbox 673 4235 941 4301; x_wconf 78' lang='lat' dir='ltr'><strong>largiaris;</strong></span> <span class='ocrx_word' id='word_1_505' title='bbox 976 4248 1177 4302; x_wconf 88' lang='lat' dir='ltr'><strong>nosque</strong></span> <span class='ocrx_word' id='word_1_506' title='bbox 1203 4241 1391 4287; x_wconf 79' lang='lat' dir='ltr'><strong>contra</strong></span> <span class='ocrx_word' id='word_1_507' title='bbox 1432 4234 1691 4300; x_wconf 87' lang='lat' dir='ltr'><strong>superbos</strong></span> <span class='ocrx_word' id='word_1_508' title='bbox 1720 4234 1939 4301; x_wconf 83' lang='lat' dir='ltr'><strong>spiritus</strong></span> <span class='ocrx_word' id='word_1_509' title='bbox 1970 4234 2144 4286; x_wconf 83' lang='lat' dir='ltr'><strong>humi-</strong></span> 
     </span>
    </p>
   </div>
   <div class='ocr_carea' id='block_1_76' title="bbox 561 4322 2141 4391">
    <p class='ocr_par' dir='ltr' id='par_1_76' title="bbox 561 4322 2141 4391">
     <span class='ocr_line' id='line_1_76' title="bbox 561 4322 2141 4391; baseline -0.002 -14"><span class='ocrx_word' id='word_1_510' title='bbox 561 4324 763 4377; x_wconf 69' lang='grc' dir='ltr'><strong>Ιίωιυιιι</strong></span> <span class='ocrx_word' id='word_1_511' title='bbox 795 4323 1386 4379; x_wconf 72' lang='lat' dir='ltr'><strong>tt&#39;ibuaSIationabilem</strong></span> <span class='ocrx_word' id='word_1_512' title='bbox 1427 4322 1717 4389; x_wconf 86' lang='lat' dir='ltr'><strong>custodire,</strong></span> <span class='ocrx_word' id='word_1_513' title='bbox 1759 4341 1878 4377; x_wconf 82' lang='lat' dir='ltr'><strong>cum</strong></span> <span class='ocrx_word' id='word_1_514' title='bbox 1918 4326 2141 4391; x_wconf 68' lang='lat' dir='ltr'><strong>gratiam</strong></span> 
     </span>
    </p>
   </div>
   <div class='ocr_carea' id='block_1_77' title="bbox 560 4414 2142 4482">
    <p class='ocr_par' dir='ltr' id='par_1_77' title="bbox 560 4414 2142 4482">
     <span class='ocr_line' id='line_1_77' title="bbox 560 4414 2142 4482; baseline -0.004 -13"><span class='ocrx_word' id='word_1_515' title='bbox 560 4427 705 4469; x_wconf 85' lang='lat' dir='ltr'><strong>luant</strong></span> <span class='ocrx_word' id='word_1_516' title='bbox 734 4415 1026 4467; x_wconf 69' lang='lat' dir='ltr'><strong>clrnwnter</strong></span> <span class='ocrx_word' id='word_1_517' title='bbox 1054 4415 1210 4468; x_wconf 60' lang='lat' dir='ltr'><strong>nobis</strong></span> <span class='ocrx_word' id='word_1_518' title='bbox 1234 4414 1531 4482; x_wconf 88' lang='lat' dir='ltr'><strong>impendis;</strong></span> <span class='ocrx_word' id='word_1_519' title='bbox 1565 4428 1663 4468; x_wconf 89' lang='lat' dir='ltr'><strong>nec</strong></span> <span class='ocrx_word' id='word_1_520' title='bbox 1704 4414 1925 4466; x_wconf 83' lang='lat' dir='ltr'><strong>humani</strong></span> <span class='ocrx_word' id='word_1_521' title='bbox 1970 4414 2142 4467; x_wconf 84' lang='lat' dir='ltr'><strong>incer-</strong></span> 
     </span>
    </p>
   </div>
   <div class='ocr_carea' id='block_1_78' title="bbox 2244 3227 3839 3298">
    <p class='ocr_par' dir='ltr' id='par_1_78' title="bbox 2244 3227 3839 3298">
     <span class='ocr_line' id='line_1_78' title="bbox 2244 3227 3839 3298; baseline -0.001 -14"><span class='ocrx_word' id='word_1_522' title='bbox 2244 3230 2432 3298; x_wconf 89' lang='lat' dir='ltr'><strong>copiis,</strong></span> <span class='ocrx_word' id='word_1_523' title='bbox 2455 3230 2663 3298; x_wconf 86' lang='lat' dir='ltr'><strong>jnslitia</strong></span> <span class='ocrx_word' id='word_1_524' title='bbox 2686 3229 2984 3298; x_wconf 84' lang='lat' dir='ltr'><strong>acquisitis,</strong></span> <span class='ocrx_word' id='word_1_525' title='bbox 3016 3227 3292 3297; x_wconf 79' lang='lat' dir='ltr'><strong>gaudeatis</strong></span> <span class='ocrx_word' id='word_1_526' title='bbox 3319 3230 3623 3298; x_wconf 86' lang='lat' dir='ltr'><strong>perenniter</strong></span> <span class='ocrx_word' id='word_1_527' title='bbox 3645 3228 3839 3283; x_wconf 77' lang='lat' dir='ltr'><strong>fructi—</strong></span> 
     </span>
    </p>
   </div>
   <div class='ocr_carea' id='block_1_79' title="bbox 2244 3318 3840 3377">
    <p class='ocr_par' dir='ltr' id='par_1_79' title="bbox 2244 3318 3840 3377">
     <span class='ocr_line' id='line_1_79' title="bbox 2244 3318 3840 3377; baseline -0.003 -1"><span class='ocrx_word' id='word_1_528' title='bbox 2244 3322 2342 3377; x_wconf 87' lang='lat' dir='ltr'><strong>bus</strong></span> <span class='ocrx_word' id='word_1_529' title='bbox 2392 3322 2769 3374; x_wconf 77' lang='lat' dir='ltr'><strong>sincerissimte</strong></span> <span class='ocrx_word' id='word_1_530' title='bbox 2821 3318 3115 3374; x_wconf 62' lang='lat' dir='ltr'><strong>charitatis.</strong></span> <span class='ocrx_word' id='word_1_531' title='bbox 3166 3320 3359 3374; x_wconf 82' lang='lat' dir='ltr'><strong>Amen.</strong></span> <span class='ocrx_word' id='word_1_532' title='bbox 3411 3318 3637 3373; x_wconf 79' lang='lat' dir='ltr'><strong>Tribuat</strong></span> <span class='ocrx_word' id='word_1_533' title='bbox 3681 3319 3840 3373; x_wconf 82' lang='lat' dir='ltr'><strong>vobis</strong></span> 
     </span>
    </p>
   </div>
   <div class='ocr_carea' id='block_1_80' title="bbox 2248 3410 3838 3481">
    <p class='ocr_par' dir='ltr' id='par_1_80' title="bbox 2248 3410 3838 3481">
     <span class='ocr_line' id='line_1_80' title="bbox 2248 3410 3838 3481; baseline -0.002 -15"><span class='ocrx_word' id='word_1_534' title='bbox 2248 3414 2501 3469; x_wconf 83' lang='lat' dir='ltr'><strong>Dominus</strong></span> <span class='ocrx_word' id='word_1_535' title='bbox 2525 3412 2663 3465; x_wconf 88' lang='lat' dir='ltr'><strong>dona</strong></span> <span class='ocrx_word' id='word_1_536' title='bbox 2694 3410 2980 3478; x_wconf 63' lang='lat' dir='ltr'><strong>prrennia,</strong></span> <span class='ocrx_word' id='word_1_537' title='bbox 3013 3421 3068 3465; x_wconf 89' lang='lat' dir='ltr'><strong>ut</strong></span> <span class='ocrx_word' id='word_1_538' title='bbox 3090 3413 3106 3479; x_wconf 90' lang='lat'><strong>(</strong></span> <span class='ocrx_word' id='word_1_539' title='bbox 3130 3410 3269 3481; x_wconf 84' lang='lat' dir='ltr'><strong>6l6)</strong></span> <span class='ocrx_word' id='word_1_540' title='bbox 3298 3420 3417 3481; x_wconf 90' lang='lat' dir='ltr'><strong>post</strong></span> <span class='ocrx_word' id='word_1_541' title='bbox 3449 3421 3690 3481; x_wconf 86' lang='lat' dir='ltr'><strong>tempora</strong></span> <span class='ocrx_word' id='word_1_542' title='bbox 3713 3410 3838 3466; x_wconf 77' lang='lat' dir='ltr'><strong>feli-</strong></span> 
     </span>
    </p>
   </div>
   <div class='ocr_carea' id='block_1_81' title="bbox 2243 3500 3834 3570">
    <p class='ocr_par' dir='ltr' id='par_1_81' title="bbox 2243 3500 3834 3570">
     <span class='ocr_line' id='line_1_81' title="bbox 2243 3500 3834 3570; baseline -0.003 -11"><span class='ocrx_word' id='word_1_543' title='bbox 2243 3503 2378 3559; x_wconf 90' lang='lat' dir='ltr'><strong>citer</strong></span> <span class='ocrx_word' id='word_1_544' title='bbox 2397 3502 2613 3556; x_wconf 68' lang='lat' dir='ltr'><strong>dilatata</strong></span> <span class='ocrx_word' id='word_1_545' title='bbox 2647 3502 2953 3570; x_wconf 53' lang='lat' dir='ltr'><strong>pirripiatis</strong></span> <span class='ocrx_word' id='word_1_546' title='bbox 2998 3501 3186 3569; x_wconf 86' lang='lat' dir='ltr'><strong>gaudia</strong></span> <span class='ocrx_word' id='word_1_547' title='bbox 3238 3500 3589 3569; x_wconf 88' lang='lat' dir='ltr'><strong>sempiterna.</strong></span> <span class='ocrx_word' id='word_1_548' title='bbox 3635 3500 3834 3555; x_wconf 77' lang='lat' dir='ltr'><strong>Amen.</strong></span> 
     </span>
    </p>
   </div>
   <div class='ocr_carea' id='block_1_82' title="bbox 2246 3591 3138 3661">
    <p class='ocr_par' dir='ltr' id='par_1_82' title="bbox 2246 3591 3138 3661">
     <span class='ocr_line' id='line_1_82' title="bbox 2246 3591 3138 3661; baseline -0.003 -13"><span class='ocrx_word' id='word_1_549' title='bbox 2246 3594 2398 3661; x_wconf 85' lang='lat' dir='ltr'><strong>Quod</strong></span> <span class='ocrx_word' id='word_1_550' title='bbox 2444 3593 2555 3661; x_wconf 90' lang='lat' dir='ltr'><strong>ipse</strong></span> <span class='ocrx_word' id='word_1_551' title='bbox 2584 3604 2840 3661; x_wconf 64' lang='lat' dir='ltr'><strong>praestate</strong></span> <span class='ocrx_word' id='word_1_552' title='bbox 2869 3591 3138 3660; x_wconf 86' lang='lat' dir='ltr'><strong>dignetur.</strong></span> 
     </span>
    </p>
   </div>
   <div class='ocr_carea' id='block_1_83' title="bbox 2315 3680 3834 3753">
    <p class='ocr_par' dir='ltr' id='par_1_83' title="bbox 2315 3680 3834 3753">
     <span class='ocr_line' id='line_1_83' title="bbox 2315 3680 3834 3753; baseline -0.002 -15"><span class='ocrx_word' id='word_1_553' title='bbox 2315 3684 2396 3738; x_wconf 78' lang='lat' dir='ltr'><strong>Ad</strong></span> <span class='ocrx_word' id='word_1_554' title='bbox 2444 3682 2836 3753; x_wconf 83' lang='lat' dir='ltr'><strong>Complendunt.</strong></span> <span class='ocrx_word' id='word_1_555' title='bbox 2869 3682 3143 3737; x_wconf 77' lang='lat' dir='ltr'><strong>-—-Sacris</strong></span> <span class='ocrx_word' id='word_1_556' title='bbox 3195 3684 3525 3749; x_wconf 74' lang='lat' dir='ltr'><strong>muneribus,</strong></span> <span class='ocrx_word' id='word_1_557' title='bbox 3578 3680 3834 3746; x_wconf 85' lang='lat' dir='ltr'><strong>Domine,</strong></span> 
     </span>
    </p>
   </div>
   <div class='ocr_carea' id='block_1_84' title="bbox 2246 3774 3840 3845">
    <p class='ocr_par' dir='ltr' id='par_1_84' title="bbox 2246 3774 3840 3845">
     <span class='ocr_line' id='line_1_84' title="bbox 2246 3774 3840 3845; baseline -0.003 -14"><span class='ocrx_word' id='word_1_558' title='bbox 2246 3776 2544 3845; x_wconf 87' lang='lat' dir='ltr'><strong>perceptis,</strong></span> <span class='ocrx_word' id='word_1_559' title='bbox 2598 3789 2910 3843; x_wconf 76' lang='lat' dir='ltr'><strong>quzesumus</strong></span> <span class='ocrx_word' id='word_1_560' title='bbox 2962 3782 3018 3826; x_wconf 92' lang='lat' dir='ltr'><strong>ut</strong></span> <span class='ocrx_word' id='word_1_561' title='bbox 3070 3788 3169 3828; x_wconf 72' lang='lat' dir='ltr'><strong>nr-s</strong></span> <span class='ocrx_word' id='word_1_562' title='bbox 3225 3789 3411 3828; x_wconf 88' lang='lat' dir='ltr'><strong>eorum</strong></span> <span class='ocrx_word' id='word_1_563' title='bbox 3458 3774 3676 3837; x_wconf 83' lang='lat' dir='ltr'><strong>virtute.</strong></span> <span class='ocrx_word' id='word_1_564' title='bbox 3706 3782 3765 3828; x_wconf 87' lang='lat' dir='ltr'><strong>ct</strong></span> <span class='ocrx_word' id='word_1_565' title='bbox 3808 3787 3840 3826; x_wconf 81' lang='lat' dir='ltr'><strong>a</strong></span> 
     </span>
    </p>
   </div>
   <div class='ocr_carea' id='block_1_85' title="bbox 2247 3866 3842 3937">
    <p class='ocr_par' dir='ltr' id='par_1_85' title="bbox 2247 3866 3842 3937">
     <span class='ocr_line' id='line_1_85' title="bbox 2247 3866 3842 3937; baseline -0.001 -15"><span class='ocrx_word' id='word_1_566' title='bbox 2247 3868 2385 3923; x_wconf 75' lang='lat' dir='ltr'><strong>vitiis</strong></span> <span class='ocrx_word' id='word_1_567' title='bbox 2432 3867 2684 3921; x_wconf 88' lang='lat' dir='ltr'><strong>omnibus</strong></span> <span class='ocrx_word' id='word_1_568' title='bbox 2736 3867 2941 3933; x_wconf 83' lang='lat' dir='ltr'><strong>expies,</strong></span> <span class='ocrx_word' id='word_1_569' title='bbox 2989 3876 3041 3919; x_wconf 90' lang='lat' dir='ltr'><strong>et</strong></span> <span class='ocrx_word' id='word_1_570' title='bbox 3086 3866 3243 3921; x_wconf 88' lang='lat' dir='ltr'><strong>donis</strong></span> <span class='ocrx_word' id='word_1_571' title='bbox 3288 3877 3391 3920; x_wconf 74' lang='lat' dir='ltr'><strong>tua:</strong></span> <span class='ocrx_word' id='word_1_572' title='bbox 3422 3867 3607 3937; x_wconf 73' lang='lat' dir='ltr'><strong>gratite</strong></span> <span class='ocrx_word' id='word_1_573' title='bbox 3631 3866 3842 3936; x_wconf 82' lang='lat' dir='ltr'><strong>jugiter</strong></span> 
     </span>
    </p>
   </div>
   <div class='ocr_carea' id='block_1_86' title="bbox 2249 3957 3228 4028">
    <p class='ocr_par' dir='ltr' id='par_1_86' title="bbox 2249 3957 3228 4028">
     <span class='ocr_line' id='line_1_86' title="bbox 2249 3957 3228 4028; baseline -0.002 -15"><span class='ocrx_word' id='word_1_574' title='bbox 2249 3959 2476 4028; x_wconf 89' lang='lat' dir='ltr'><strong>repleas.</strong></span> <span class='ocrx_word' id='word_1_575' title='bbox 2512 3957 2612 4011; x_wconf 80' lang='lat' dir='ltr'><strong>Per</strong></span> <span class='ocrx_word' id='word_1_576' title='bbox 2640 3957 2918 4011; x_wconf 87' lang='lat' dir='ltr'><strong>Dominum</strong></span> <span class='ocrx_word' id='word_1_577' title='bbox 2965 3969 3228 4011; x_wconf 79' lang='lat' dir='ltr'><strong>nostrum.</strong></span> 
     </span>
    </p>
   </div>
   <div class='ocr_carea' id='block_1_87' title="bbox 2318 4051 3841 4121">
    <p class='ocr_par' dir='ltr' id='par_1_87' title="bbox 2318 4051 3841 4121">
     <span class='ocr_line' id='line_1_87' title="bbox 2318 4051 3841 4121; baseline 0 -14"><span class='ocrx_word' id='word_1_578' title='bbox 2318 4052 2488 4121; x_wconf 88' lang='lat' dir='ltr'><strong>Super</strong></span> <span class='ocrx_word' id='word_1_579' title='bbox 2516 4051 2780 4120; x_wconf 84' lang='lat' dir='ltr'><strong>populum.</strong></span> <span class='ocrx_word' id='word_1_580' title='bbox 2814 4080 2882 4091; x_wconf 84' lang='lat'><strong>-—</strong></span> <span class='ocrx_word' id='word_1_581' title='bbox 2910 4051 3170 4118; x_wconf 81' lang='lat' dir='ltr'><strong>&#39;I‘cmpora</strong></span> <span class='ocrx_word' id='word_1_582' title='bbox 3219 4060 3399 4105; x_wconf 87' lang='lat' dir='ltr'><strong>nostra</strong></span> <span class='ocrx_word' id='word_1_583' title='bbox 3421 4092 3435 4117; x_wconf 91' lang='lat'><strong>,</strong></span> <span class='ocrx_word' id='word_1_584' title='bbox 3487 4065 3801 4120; x_wconf 67' lang='lat' dir='ltr'><strong>qumsnmus</strong></span> <span class='ocrx_word' id='word_1_585' title='bbox 3820 4091 3841 4121; x_wconf 87' lang='lat'><strong>,</strong></span> 
     </span>
    </p>
   </div>
   <div class='ocr_carea' id='block_1_88' title="bbox 2250 4142 3842 4212">
    <p class='ocr_par' dir='ltr' id='par_1_88' title="bbox 2250 4142 3842 4212">
     <span class='ocr_line' id='line_1_88' title="bbox 2250 4142 3842 4212; baseline -0.002 -14"><span class='ocrx_word' id='word_1_586' title='bbox 2250 4144 2514 4207; x_wconf 84' lang='lat' dir='ltr'><strong>Domine,</strong></span> <span class='ocrx_word' id='word_1_587' title='bbox 2561 4143 2646 4212; x_wconf 88' lang='lat' dir='ltr'><strong>pio</strong></span> <span class='ocrx_word' id='word_1_588' title='bbox 2673 4142 2855 4197; x_wconf 66' lang='lat' dir='ltr'><strong>favore</strong></span> <span class='ocrx_word' id='word_1_589' title='bbox 2899 4158 3247 4211; x_wconf 66' lang='lat' dir='ltr'><strong>DI&#39;antltlel‘e,</strong></span> <span class='ocrx_word' id='word_1_590' title='bbox 3278 4153 3332 4195; x_wconf 89' lang='lat' dir='ltr'><strong>et</strong></span> <span class='ocrx_word' id='word_1_591' title='bbox 3380 4143 3575 4212; x_wconf 91' lang='lat' dir='ltr'><strong>quibus</strong></span> <span class='ocrx_word' id='word_1_592' title='bbox 3621 4158 3842 4197; x_wconf 87' lang='lat' dir='ltr'><strong>cursum</strong></span> 
     </span>
    </p>
   </div>
   <div class='ocr_carea' id='block_1_89' title="bbox 2252 4232 3834 4303">
    <p class='ocr_par' dir='ltr' id='par_1_89' title="bbox 2252 4232 3834 4303">
     <span class='ocr_line' id='line_1_89' title="bbox 2252 4232 3834 4303; baseline 0.001 -14"><span class='ocrx_word' id='word_1_593' title='bbox 2252 4234 2438 4289; x_wconf 77' lang='lat' dir='ltr'><strong>tribuis</strong></span> <span class='ocrx_word' id='word_1_594' title='bbox 2470 4234 2773 4303; x_wconf 88' lang='lat' dir='ltr'><strong>largiorem,</strong></span> <span class='ocrx_word' id='word_1_595' title='bbox 2807 4242 2996 4301; x_wconf 68' lang='lat' dir='ltr'><strong>prtesta</strong></span> <span class='ocrx_word' id='word_1_596' title='bbox 3025 4234 3334 4288; x_wconf 86' lang='lat' dir='ltr'><strong>continuum</strong></span> <span class='ocrx_word' id='word_1_597' title='bbox 3381 4232 3645 4303; x_wconf 86' lang='lat' dir='ltr'><strong>benignus</strong></span> <span class='ocrx_word' id='word_1_598' title='bbox 3674 4233 3834 4291; x_wconf 82' lang='lat' dir='ltr'><strong>auxi-</strong></span> 
     </span>
    </p>
   </div>
   <div class='ocr_carea' id='block_1_90' title="bbox 2248 4325 3156 4381">
    <p class='ocr_par' dir='ltr' id='par_1_90' title="bbox 2248 4325 3156 4381">
     <span class='ocr_line' id='line_1_90' title="bbox 2248 4325 3156 4381; baseline -0.007 0"><span class='ocrx_word' id='word_1_599' title='bbox 2248 4327 2399 4381; x_wconf 86' lang='lat' dir='ltr'><strong>lium.</strong></span> <span class='ocrx_word' id='word_1_600' title='bbox 2434 4326 2533 4380; x_wconf 88' lang='lat' dir='ltr'><strong>Per</strong></span> <span class='ocrx_word' id='word_1_601' title='bbox 2559 4325 2840 4378; x_wconf 57' lang='lat' dir='ltr'><strong>Dominum</strong></span> <span class='ocrx_word' id='word_1_602' title='bbox 2895 4333 3156 4381; x_wconf 78' lang='lat' dir='ltr'><strong>nostrum.</strong></span> 
     </span>
    </p>
   </div>
   <div class='ocr_carea' id='block_1_91' title="bbox 2452 4417 3602 4487">
    <p class='ocr_par' dir='ltr' id='par_1_91' title="bbox 2452 4417 3602 4487">
     <span class='ocr_line' id='line_1_91' title="bbox 2452 4417 3602 4487; baseline -0.003 -15"><span class='ocrx_word' id='word_1_603' title='bbox 2452 4417 2604 4487; x_wconf 68' lang='lat'><strong>171</strong></span> <span class='ocrx_word' id='word_1_604' title='bbox 2647 4430 2962 4469; x_wconf 58' lang='lat' dir='ltr'><strong>uenenum</strong></span> <span class='ocrx_word' id='word_1_605' title='bbox 2995 4430 3023 4464; x_wconf 86' lang='lat' dir='ltr'><strong>v</strong></span> <span class='ocrx_word' id='word_1_606' title='bbox 3057 4430 3182 4468; x_wconf 80' lang='lat' dir='ltr'><strong>rosr</strong></span> <span class='ocrx_word' id='word_1_607' title='bbox 3209 4428 3602 4469; x_wconf 65' lang='lat' dir='ltr'><strong>resrtzcos&#39;rex.</strong></span> 
     </span>
    </p>
   </div>
   <div class='ocr_carea' id='block_1_92' title="bbox 558 4504 3847 4575">
    <p class='ocr_par' dir='ltr' id='par_1_92' title="bbox 558 4504 3847 4575">
     <span class='ocr_line' id='line_1_92' title="bbox 558 4504 3847 4575; baseline -0 -15"><span class='ocrx_word' id='word_1_608' title='bbox 558 4519 646 4560; x_wconf 88' lang='lat' dir='ltr'><strong>tos</strong></span> <span class='ocrx_word' id='word_1_609' title='bbox 666 4506 876 4559; x_wconf 61' lang='lat' dir='ltr'><strong>consilii</strong></span> <span class='ocrx_word' id='word_1_610' title='bbox 902 4506 1265 4573; x_wconf 86' lang='lat' dir='ltr'><strong>derelinquas,</strong></span> <span class='ocrx_word' id='word_1_611' title='bbox 1309 4507 1402 4558; x_wconf 91' lang='lat' dir='ltr'><strong>sed</strong></span> <span class='ocrx_word' id='word_1_612' title='bbox 1450 4517 1560 4569; x_wconf 84' lang='lat' dir='ltr'><strong>tua,</strong></span> <span class='ocrx_word' id='word_1_613' title='bbox 1588 4520 1708 4572; x_wconf 76' lang='lat' dir='ltr'><strong>qua:</strong></span> <span class='ocrx_word' id='word_1_614' title='bbox 1750 4504 1857 4556; x_wconf 74' lang='lat' dir='ltr'><strong>falli</strong></span> <span class='ocrx_word' id='word_1_615' title='bbox 1907 4520 2012 4557; x_wconf 85' lang='lat' dir='ltr'><strong>non</strong></span> <span class='ocrx_word' id='word_1_616' title='bbox 2048 4521 2139 4573; x_wconf 75' lang='grc' dir='ltr'><strong>νο·-</strong></span> <span class='ocrx_word' id='word_1_617' title='bbox 2175 4513 2222 4571; x_wconf 85' lang='lat' dir='ltr'><strong>D</strong></span> <span class='ocrx_word' id='word_1_618' title='bbox 2322 4506 2596 4560; x_wconf 83' lang='lat' dir='ltr'><strong>Protector</strong></span> <span class='ocrx_word' id='word_1_619' title='bbox 2624 4506 2673 4559; x_wconf 91' lang='lat' dir='ltr'><strong>in</strong></span> <span class='ocrx_word' id='word_1_620' title='bbox 2706 4518 2757 4559; x_wconf 89' lang='lat' dir='ltr'><strong>te</strong></span> <span class='ocrx_word' id='word_1_621' title='bbox 2801 4507 3070 4573; x_wconf 62' lang='lat' dir='ltr'><strong>sperantiu</strong></span> <span class='ocrx_word' id='word_1_622' title='bbox 3097 4524 3149 4570; x_wconf 74' lang='grc' dir='ltr'><strong>ιο,</strong></span> <span class='ocrx_word' id='word_1_623' title='bbox 3187 4506 3348 4570; x_wconf 86' lang='lat' dir='ltr'><strong>Deus,</strong></span> <span class='ocrx_word' id='word_1_624' title='bbox 3396 4506 3515 4561; x_wconf 85' lang='lat' dir='ltr'><strong>sine</strong></span> <span class='ocrx_word' id='word_1_625' title='bbox 3560 4520 3669 4575; x_wconf 89' lang='lat' dir='ltr'><strong>quo</strong></span> <span class='ocrx_word' id='word_1_626' title='bbox 3710 4505 3847 4560; x_wconf 88' lang='lat' dir='ltr'><strong>nihil</strong></span> 
     </span>
    </p>
   </div>
   <div class='ocr_carea' id='block_1_93' title="bbox 557 4594 1744 4665">
    <p class='ocr_par' dir='ltr' id='par_1_93' title="bbox 557 4594 1744 4665">
     <span class='ocr_line' id='line_1_93' title="bbox 557 4594 1744 4665; baseline 0.001 -17"><span class='ocrx_word' id='word_1_627' title='bbox 557 4607 685 4661; x_wconf 65' lang='lat' dir='ltr'><strong>test,</strong></span> <span class='ocrx_word' id='word_1_628' title='bbox 705 4594 1086 4665; x_wconf 88' lang='lat' dir='ltr'><strong>gubernatione</strong></span> <span class='ocrx_word' id='word_1_629' title='bbox 1115 4595 1386 4664; x_wconf 81' lang='lat' dir='ltr'><strong>dispOuas.</strong></span> <span class='ocrx_word' id='word_1_630' title='bbox 1435 4595 1536 4650; x_wconf 82' lang='lat' dir='ltr'><strong>[’er</strong></span> <span class='ocrx_word' id='word_1_631' title='bbox 1564 4610 1744 4665; x_wconf 88' lang='lat' dir='ltr'><strong>quem.</strong></span> 
     </span>
    </p>
   </div>
   <div class='ocr_carea' id='block_1_94' title="bbox 633 4686 2141 4754">
    <p class='ocr_par' dir='ltr' id='par_1_94' title="bbox 633 4686 2141 4754">
     <span class='ocr_line' id='line_1_94' title="bbox 633 4686 2141 4754; baseline -0.001 -15"><span class='ocrx_word' id='word_1_632' title='bbox 633 4688 659 4725; x_wconf 70' lang='grc' dir='ltr'><strong>ι)</strong></span> <span class='ocrx_word' id='word_1_633' title='bbox 702 4687 1020 4741; x_wconf 83' lang='lat' dir='ltr'><strong>Benedictio.</strong></span> <span class='ocrx_word' id='word_1_634' title='bbox 1043 4716 1113 4727; x_wconf 82' lang='lat'><strong>—-</strong></span> <span class='ocrx_word' id='word_1_635' title='bbox 1144 4687 1467 4754; x_wconf 74' lang='lat' dir='ltr'><strong>l’ropitictur</strong></span> <span class='ocrx_word' id='word_1_636' title='bbox 1516 4686 1770 4739; x_wconf 89' lang='lat' dir='ltr'><strong>Dominus</strong></span> <span class='ocrx_word' id='word_1_637' title='bbox 1801 4686 2008 4741; x_wconf 83' lang='lat' dir='ltr'><strong>eunetis</strong></span> <span class='ocrx_word' id='word_1_638' title='bbox 2042 4687 2141 4740; x_wconf 90' lang='lat' dir='ltr'><strong>ini-</strong></span> 
     </span>
    </p>
   </div>
   <div class='ocr_carea' id='block_1_95' title="bbox 562 4778 2144 4849">
    <p class='ocr_par' dir='ltr' id='par_1_95' title="bbox 562 4778 2144 4849">
     <span class='ocr_line' id='line_1_95' title="bbox 562 4778 2144 4849; baseline -0.001 -18"><span class='ocrx_word' id='word_1_639' title='bbox 562 4780 849 4847; x_wconf 81' lang='lat' dir='ltr'><strong>quitatibus</strong></span> <span class='ocrx_word' id='word_1_640' title='bbox 893 4780 1114 4839; x_wconf 83' lang='lat' dir='ltr'><strong>vestris,</strong></span> <span class='ocrx_word' id='word_1_641' title='bbox 1162 4778 1320 4849; x_wconf 79' lang='lat'><strong>170</strong></span> <span class='ocrx_word' id='word_1_642' title='bbox 1353 4786 1405 4831; x_wconf 89' lang='lat' dir='ltr'><strong>et</strong></span> <span class='ocrx_word' id='word_1_643' title='bbox 1440 4791 1591 4831; x_wconf 87' lang='lat' dir='ltr'><strong>sanet</strong></span> <span class='ocrx_word' id='word_1_644' title='bbox 1632 4791 1820 4831; x_wconf 90' lang='lat' dir='ltr'><strong>omnes</strong></span> <span class='ocrx_word' id='word_1_645' title='bbox 1863 4781 2144 4847; x_wconf 73' lang='lat' dir='ltr'><strong>languores</strong></span> 
     </span>
    </p>
   </div>
   <div class='ocr_carea' id='block_1_96' title="bbox 560 4867 2141 4936">
    <p class='ocr_par' dir='ltr' id='par_1_96' title="bbox 560 4867 2141 4936">
     <span class='ocr_line' id='line_1_96' title="bbox 560 4867 2141 4936; baseline 0.001 -16"><span class='ocrx_word' id='word_1_646' title='bbox 560 4872 785 4922; x_wconf 85' lang='lat' dir='ltr'><strong>vestros.</strong></span> <span class='ocrx_word' id='word_1_647' title='bbox 812 4871 1004 4925; x_wconf 88' lang='lat' dir='ltr'><strong>Amen.</strong></span> <span class='ocrx_word' id='word_1_648' title='bbox 1032 4868 1277 4921; x_wconf 72' lang='lat' dir='ltr'><strong>ltediznat</strong></span> <span class='ocrx_word' id='word_1_649' title='bbox 1304 4869 1371 4921; x_wconf 89' lang='lat' dir='ltr'><strong>de</strong></span> <span class='ocrx_word' id='word_1_650' title='bbox 1398 4867 1611 4921; x_wconf 82' lang='lat' dir='ltr'><strong>interitu</strong></span> <span class='ocrx_word' id='word_1_651' title='bbox 1632 4867 1861 4921; x_wconf 89' lang='lat' dir='ltr'><strong>animam</strong></span> <span class='ocrx_word' id='word_1_652' title='bbox 1889 4878 2141 4936; x_wconf 68' lang='lat' dir='ltr'><strong>vestram,</strong></span> 
     </span>
    </p>
   </div>
   <div class='ocr_carea' id='block_1_97' title="bbox 564 4959 2140 5016">
    <p class='ocr_par' dir='ltr' id='par_1_97' title="bbox 564 4959 2140 5016">
     <span class='ocr_line' id='line_1_97' title="bbox 564 4959 2140 5016; baseline -0.001 -2"><span class='ocrx_word' id='word_1_653' title='bbox 564 4972 621 5015; x_wconf 88' lang='lat' dir='ltr'><strong>et</strong></span> <span class='ocrx_word' id='word_1_654' title='bbox 656 4964 812 5016; x_wconf 80' lang='lat' dir='ltr'><strong>saliet</strong></span> <span class='ocrx_word' id='word_1_655' title='bbox 842 4961 893 5013; x_wconf 91' lang='lat' dir='ltr'><strong>in</strong></span> <span class='ocrx_word' id='word_1_656' title='bbox 925 4960 1077 5013; x_wconf 89' lang='lat' dir='ltr'><strong>bonis</strong></span> <span class='ocrx_word' id='word_1_657' title='bbox 1101 4960 1423 5013; x_wconf 71' lang='lat' dir='ltr'><strong>desiderium</strong></span> <span class='ocrx_word' id='word_1_658' title='bbox 1460 4970 1712 5013; x_wconf 71' lang='lat' dir='ltr'><strong>Vestrum.</strong></span> <span class='ocrx_word' id='word_1_659' title='bbox 1750 4959 1939 5012; x_wconf 84' lang='lat' dir='ltr'><strong>Amen.</strong></span> <span class='ocrx_word' id='word_1_660' title='bbox 1982 4960 2140 5013; x_wconf 78' lang='lat' dir='ltr'><strong>Aufe-</strong></span> 
     </span>
    </p>
   </div>
   <div class='ocr_carea' id='block_1_98' title="bbox 560 5092 1178 5153">
    <p class='ocr_par' dir='ltr' id='par_1_98' title="bbox 560 5092 1178 5153">
     <span class='ocr_line' id='line_1_98' title="bbox 560 5092 1178 5153; baseline -0.008 0"><span class='ocrx_word' id='word_1_661' title='bbox 560 5106 744 5153; x_wconf 90' lang='lat' dir='ltr'><strong>costen</strong></span> <span class='ocrx_word' id='word_1_662' title='bbox 768 5092 1018 5150; x_wconf 88' lang='lat' dir='ltr'><strong>occurrit.</strong></span> <span class='ocrx_word' id='word_1_663' title='bbox 1052 5094 1178 5150; x_wconf 85' lang='lat' dir='ltr'><strong>Sed.</strong></span> 
     </span>
    </p>
   </div>
   <div class='ocr_carea' id='block_1_99' title="bbox 560 5165 2144 5237">
    <p class='ocr_par' dir='ltr' id='par_1_99' title="bbox 560 5165 2144 5237">
     <span class='ocr_line' id='line_1_99' title="bbox 560 5165 2144 5237; baseline -0.001 -13"><span class='ocrx_word' id='word_1_664' title='bbox 560 5168 798 5237; x_wconf 79' lang='lat' dir='ltr'><strong>sequitur</strong></span> <span class='ocrx_word' id='word_1_665' title='bbox 825 5186 838 5219; x_wconf 86' lang='lat'><strong>:</strong></span> <span class='ocrx_word' id='word_1_666' title='bbox 869 5165 934 5220; x_wconf 81' lang='lat' dir='ltr'><strong>In</strong></span> <span class='ocrx_word' id='word_1_667' title='bbox 981 5168 1143 5219; x_wconf 64' lang='lat' dir='ltr'><strong>natali</strong></span> <span class='ocrx_word' id='word_1_668' title='bbox 1187 5165 1353 5236; x_wconf 68' lang='lat' dir='ltr'><strong>pupis.</strong></span> <span class='ocrx_word' id='word_1_669' title='bbox 1382 5166 1454 5237; x_wconf 16' lang='lat' dir='ltr'><strong>&quot;In</strong></span> <span class='ocrx_word' id='word_1_670' title='bbox 1481 5168 1803 5220; x_wconf 70' lang='lat' dir='ltr'><strong>ordinatione</strong></span> <span class='ocrx_word' id='word_1_671' title='bbox 1850 5170 2144 5237; x_wconf 63' lang='lat' dir='ltr'><strong>presbyteri.</strong></span> 
     </span>
    </p>
   </div>
   <div class='ocr_carea' id='block_1_100' title="bbox 560 5235 2144 5309">
    <p class='ocr_par' dir='ltr' id='par_1_100' title="bbox 560 5235 2144 5309">
     <span class='ocr_line' id='line_1_100' title="bbox 560 5235 2144 5309; baseline -0.003 -15"><span class='ocrx_word' id='word_1_672' title='bbox 560 5235 899 5309; x_wconf 33' lang='lat' dir='ltr'><strong>Att—sponsam</strong></span> <span class='ocrx_word' id='word_1_673' title='bbox 930 5235 1334 5291; x_wconf 77' lang='lat' dir='ltr'><strong>benedicendum.</strong></span> <span class='ocrx_word' id='word_1_674' title='bbox 1367 5235 1636 5309; x_wconf 74' lang='lat' dir='ltr'><strong>Orationes</strong></span> <span class='ocrx_word' id='word_1_675' title='bbox 1659 5254 1750 5304; x_wconf 91' lang='lat' dir='ltr'><strong>pro</strong></span> <span class='ocrx_word' id='word_1_676' title='bbox 1781 5235 2024 5302; x_wconf 63' lang='lat' dir='ltr'><strong>peccatis}</strong></span> <span class='ocrx_word' id='word_1_677' title='bbox 2039 5249 2144 5294; x_wconf 89' lang='lat' dir='ltr'><strong>etc.</strong></span> 
     </span>
    </p>
   </div>
   <div class='ocr_carea' id='block_1_101' title="bbox 562 5307 2143 5379">
    <p class='ocr_par' dir='ltr' id='par_1_101' title="bbox 562 5307 2143 5379">
     <span class='ocr_line' id='line_1_101' title="bbox 562 5307 2143 5379; baseline -0.001 -14"><span class='ocrx_word' id='word_1_678' title='bbox 562 5314 653 5366; x_wconf 80' lang='lat' dir='ltr'><strong>Sic</strong></span> <span class='ocrx_word' id='word_1_679' title='bbox 682 5307 840 5362; x_wconf 86' lang='lat' dir='ltr'><strong>etiam</strong></span> <span class='ocrx_word' id='word_1_680' title='bbox 876 5310 1066 5379; x_wconf 70' lang='lat' dir='ltr'><strong>legitur</strong></span> <span class='ocrx_word' id='word_1_681' title='bbox 1097 5309 1148 5361; x_wconf 88' lang='lat' dir='ltr'><strong>in</strong></span> <span class='ocrx_word' id='word_1_682' title='bbox 1180 5309 1310 5362; x_wconf 72' lang='lat' dir='ltr'><strong>Cod.</strong></span> <span class='ocrx_word' id='word_1_683' title='bbox 1339 5310 1469 5376; x_wconf 72' lang='lat' dir='ltr'><strong>Reg.</strong></span> <span class='ocrx_word' id='word_1_684' title='bbox 1500 5307 1724 5373; x_wconf 75' lang='lat' dir='ltr'><strong>Succite,</strong></span> <span class='ocrx_word' id='word_1_685' title='bbox 1756 5325 1818 5364; x_wconf 61' lang='lat' dir='ltr'><strong>ex</strong></span> <span class='ocrx_word' id='word_1_686' title='bbox 1846 5326 1950 5379; x_wconf 87' lang='lat' dir='ltr'><strong>quo</strong></span> <span class='ocrx_word' id='word_1_687' title='bbox 1982 5310 2143 5364; x_wconf 77' lang='lat' dir='ltr'><strong>multa</strong></span> 
     </span>
    </p>
   </div>
   <div class='ocr_carea' id='block_1_102' title="bbox 564 5378 2149 5446">
    <p class='ocr_par' dir='ltr' id='par_1_102' title="bbox 564 5378 2149 5446">
     <span class='ocr_line' id='line_1_102' title="bbox 564 5378 2149 5446; baseline 0 -13"><span class='ocrx_word' id='word_1_688' title='bbox 564 5379 825 5433; x_wconf 76' lang='lat' dir='ltr'><strong>Editionis</strong></span> <span class='ocrx_word' id='word_1_689' title='bbox 883 5378 1196 5431; x_wconf 69' lang='lat' dir='ltr'><strong>Pameliana&#39;.</strong></span> <span class='ocrx_word' id='word_1_690' title='bbox 1238 5388 1412 5432; x_wconf 87' lang='lat' dir='ltr'><strong>errata</strong></span> <span class='ocrx_word' id='word_1_691' title='bbox 1467 5379 1745 5435; x_wconf 87' lang='lat' dir='ltr'><strong>emendari</strong></span> <span class='ocrx_word' id='word_1_692' title='bbox 1794 5378 2034 5446; x_wconf 71' lang='lat' dir='ltr'><strong>poSsunt,</strong></span> <span class='ocrx_word' id='word_1_693' title='bbox 2092 5390 2149 5433; x_wconf 90' lang='lat' dir='ltr'><strong>ut</strong></span> 
     </span>
    </p>
   </div>
   <div class='ocr_carea' id='block_1_103' title="bbox 565 5448 2147 5517">
    <p class='ocr_par' dir='ltr' id='par_1_103' title="bbox 565 5448 2147 5517">
     <span class='ocr_line' id='line_1_103' title="bbox 565 5448 2147 5517; baseline 0.004 -20"><span class='ocrx_word' id='word_1_694' title='bbox 565 5464 685 5517; x_wconf 85' lang='lat' dir='ltr'><strong>pag.</strong></span> <span class='ocrx_word' id='word_1_695' title='bbox 736 5448 863 5516; x_wconf 76' lang='grc'><strong>⁸534,</strong></span> <span class='ocrx_word' id='word_1_696' title='bbox 908 5448 961 5501; x_wconf 86' lang='lat' dir='ltr'><strong>in</strong></span> <span class='ocrx_word' id='word_1_697' title='bbox 1003 5449 1255 5503; x_wconf 85' lang='lat' dir='ltr'><strong>Oratione</strong></span> <span class='ocrx_word' id='word_1_698' title='bbox 1302 5450 1370 5501; x_wconf 85' lang='lat' dir='ltr'><strong>ad</strong></span> <span class='ocrx_word' id='word_1_699' title='bbox 1415 5450 1815 5517; x_wconf 83' lang='lat' dir='ltr'><strong>capillaluram:</strong></span> <span class='ocrx_word' id='word_1_700' title='bbox 1847 5451 1926 5502; x_wconf 76' lang='lat' dir='ltr'><strong>Ad</strong></span> <span class='ocrx_word' id='word_1_701' title='bbox 1969 5467 2147 5503; x_wconf 77' lang='lat' dir='ltr'><strong>nocant</strong></span> 
     </span>
    </p>
   </div>
   <div class='ocr_carea' id='block_1_104' title="bbox 566 5519 2146 5588">
    <p class='ocr_par' dir='ltr' id='par_1_104' title="bbox 566 5519 2146 5588">
     <span class='ocr_line' id='line_1_104' title="bbox 566 5519 2146 5588; baseline 0.003 -20"><span class='ocrx_word' id='word_1_702' title='bbox 566 5519 808 5569; x_wconf 84' lang='lat' dir='ltr'><strong>tondendi</strong></span> <span class='ocrx_word' id='word_1_703' title='bbox 831 5520 1046 5587; x_wconf 82' lang='lat' dir='ltr'><strong>gratiam</strong></span> <span class='ocrx_word' id='word_1_704' title='bbox 1088 5533 1265 5571; x_wconf 85' lang='lat' dir='ltr'><strong>vocare</strong></span> <span class='ocrx_word' id='word_1_705' title='bbox 1305 5520 1545 5588; x_wconf 77' lang='lat' dir='ltr'><strong>dignatus</strong></span> <span class='ocrx_word' id='word_1_706' title='bbox 1589 5536 1661 5584; x_wconf 72' lang='grc' dir='ltr'><strong>ιε,</strong></span> <span class='ocrx_word' id='word_1_707' title='bbox 1698 5535 1794 5588; x_wconf 90' lang='lat' dir='ltr'><strong>pro</strong></span> <span class='ocrx_word' id='word_1_708' title='bbox 1843 5522 1921 5573; x_wconf 76' lang='lat' dir='ltr'><strong>Ad</strong></span> <span class='ocrx_word' id='word_1_709' title='bbox 1949 5537 2146 5574; x_wconf 80' lang='lat' dir='ltr'><strong>comam</strong></span> 
     </span>
    </p>
   </div>
   <div class='ocr_carea' id='block_1_105' title="bbox 565 5588 2147 5652">
    <p class='ocr_par' dir='ltr' id='par_1_105' title="bbox 565 5588 2147 5652">
     <span class='ocr_line' id='line_1_105' title="bbox 565 5588 2147 5652; baseline 0.004 -13"><span class='ocrx_word' id='word_1_710' title='bbox 565 5588 831 5649; x_wconf 79' lang='lat' dir='ltr'><strong>tondendi,</strong></span> <span class='ocrx_word' id='word_1_711' title='bbox 860 5598 987 5652; x_wconf 89' lang='lat' dir='ltr'><strong>etc.,</strong></span> <span class='ocrx_word' id='word_1_712' title='bbox 1016 5590 1088 5640; x_wconf 90' lang='lat' dir='ltr'><strong>uti</strong></span> <span class='ocrx_word' id='word_1_713' title='bbox 1118 5588 1333 5641; x_wconf 76' lang='lat' dir='ltr'><strong>exhibet</strong></span> <span class='ocrx_word' id='word_1_714' title='bbox 1364 5588 1449 5642; x_wconf 89' lang='lat' dir='ltr'><strong>hic</strong></span> <span class='ocrx_word' id='word_1_715' title='bbox 1468 5590 1645 5643; x_wconf 77' lang='lat' dir='ltr'><strong>Codex</strong></span> <span class='ocrx_word' id='word_1_716' title='bbox 1684 5606 1786 5643; x_wconf 78' lang='lat' dir='ltr'><strong>tus.</strong></span> <span class='ocrx_word' id='word_1_717' title='bbox 1817 5592 2147 5647; x_wconf 82' lang='lat' dir='ltr'><strong>Omittnntur</strong></span> 
     </span>
    </p>
   </div>
   <div class='ocr_carea' id='block_1_106' title="bbox 564 5658 2142 5735">
    <p class='ocr_par' dir='ltr' id='par_1_106' title="bbox 564 5658 2142 5735">
     <span class='ocr_line' id='line_1_106' title="bbox 564 5658 2142 5735; baseline 0.004 -26"><span class='ocrx_word' id='word_1_718' title='bbox 564 5672 775 5735; x_wconf 72' lang='lat' dir='ltr'><strong>quoque</strong></span> <span class='ocrx_word' id='word_1_719' title='bbox 804 5660 1089 5735; x_wconf 58' lang='lat' dir='ltr'><strong>Domini”:</strong></span> <span class='ocrx_word' id='word_1_720' title='bbox 1121 5668 1237 5724; x_wconf 84' lang='lat' dir='ltr'><strong>post</strong></span> <span class='ocrx_word' id='word_1_721' title='bbox 1268 5659 1614 5735; x_wconf 76' lang='lat' dir='ltr'><strong>l‘etitecnsten</strong></span> <span class='ocrx_word' id='word_1_722' title='bbox 1648 5658 1950 5735; x_wconf 24' lang='lat' dir='ltr'><strong>inhlialcnd.</strong></span> <span class='ocrx_word' id='word_1_723' title='bbox 1986 5661 2142 5716; x_wconf 69' lang='lat' dir='ltr'><strong>ltum.</strong></span> 
     </span>
    </p>
   </div>
   <div class='ocr_carea' id='block_1_107' title="bbox 564 5729 2143 5799">
    <p class='ocr_par' dir='ltr' id='par_1_107' title="bbox 564 5729 2143 5799">
     <span class='ocr_line' id='line_1_107' title="bbox 564 5729 2143 5799; baseline 0.003 -17"><span class='ocrx_word' id='word_1_724' title='bbox 564 5731 762 5782; x_wconf 66' lang='lat' dir='ltr'><strong>Earum</strong></span> <span class='ocrx_word' id='word_1_725' title='bbox 810 5729 982 5781; x_wconf 71' lang='lat' dir='ltr'><strong>Missa:</strong></span> <span class='ocrx_word' id='word_1_726' title='bbox 1022 5739 1360 5799; x_wconf 73' lang='lat' dir='ltr'><strong>assignantur</strong></span> <span class='ocrx_word' id='word_1_727' title='bbox 1394 5729 1583 5784; x_wconf 81' lang='lat' dir='ltr'><strong>eodem</strong></span> <span class='ocrx_word' id='word_1_728' title='bbox 1626 5732 1813 5785; x_wconf 83' lang='lat' dir='ltr'><strong>ordine</strong></span> <span class='ocrx_word' id='word_1_729' title='bbox 1857 5732 1907 5787; x_wconf 87' lang='lat' dir='ltr'><strong>in</strong></span> <span class='ocrx_word' id='word_1_730' title='bbox 1935 5732 2143 5787; x_wconf 70' lang='lat' dir='ltr'><strong>duobus</strong></span> 
     </span>
    </p>
   </div>
   <div class='ocr_carea' id='block_1_108' title="bbox 1203 5094 2144 5167">
    <p class='ocr_par' dir='ltr' id='par_1_108' title="bbox 1203 5094 2144 5167">
     <span class='ocr_line' id='line_1_108' title="bbox 1203 5094 2144 5167; baseline 0.004 -19"><span class='ocrx_word' id='word_1_731' title='bbox 1203 5105 1323 5167; x_wconf 88' lang='lat' dir='ltr'><strong>post</strong></span> <span class='ocrx_word' id='word_1_732' title='bbox 1364 5094 1597 5167; x_wconf 65' lang='lat' dir='ltr'><strong>ofﬁcium</strong></span> <span class='ocrx_word' id='word_1_733' title='bbox 1630 5095 1983 5149; x_wconf 64' lang='lat' dir='ltr'><strong>dedicationis</strong></span> <span class='ocrx_word' id='word_1_734' title='bbox 2007 5098 2144 5152; x_wconf 86' lang='lat' dir='ltr'><strong>eccl.</strong></span> 
     </span>
    </p>
   </div>
   <div class='ocr_carea' id='block_1_109' title="bbox 2253 4597 3847 4665">
    <p class='ocr_par' dir='ltr' id='par_1_109' title="bbox 2253 4597 3847 4665">
     <span class='ocr_line' id='line_1_109' title="bbox 2253 4597 3847 4665; baseline -0.003 -11"><span class='ocrx_word' id='word_1_735' title='bbox 2253 4611 2334 4654; x_wconf 91' lang='lat' dir='ltr'><strong>est</strong></span> <span class='ocrx_word' id='word_1_736' title='bbox 2366 4598 2621 4661; x_wconf 83' lang='lat' dir='ltr'><strong>validum,</strong></span> <span class='ocrx_word' id='word_1_737' title='bbox 2657 4597 2786 4651; x_wconf 87' lang='lat' dir='ltr'><strong>nilnl</strong></span> <span class='ocrx_word' id='word_1_738' title='bbox 2810 4606 3074 4658; x_wconf 81' lang='lat' dir='ltr'><strong>sanctum,</strong></span> <span class='ocrx_word' id='word_1_739' title='bbox 3105 4597 3395 4664; x_wconf 11' lang='lat' dir='ltr'><strong>multiplica</strong></span> <span class='ocrx_word' id='word_1_740' title='bbox 3427 4611 3589 4665; x_wconf 90' lang='lat' dir='ltr'><strong>super</strong></span> <span class='ocrx_word' id='word_1_741' title='bbox 3619 4610 3720 4650; x_wconf 85' lang='lat' dir='ltr'><strong>nos</strong></span> <span class='ocrx_word' id='word_1_742' title='bbox 3749 4598 3847 4650; x_wconf 80' lang='lat' dir='ltr'><strong>ni-</strong></span> 
     </span>
    </p>
   </div>
   <div class='ocr_carea' id='block_1_110' title="bbox 2254 4690 3843 4756">
    <p class='ocr_par' dir='ltr' id='par_1_110' title="bbox 2254 4690 3843 4756">
     <span class='ocr_line' id='line_1_110' title="bbox 2254 4690 3843 4756; baseline -0.001 -11"><span class='ocrx_word' id='word_1_743' title='bbox 2254 4690 2601 4745; x_wconf 75' lang='lat' dir='ltr'><strong>sericordiam</strong></span> <span class='ocrx_word' id='word_1_744' title='bbox 2632 4698 2807 4753; x_wconf 90' lang='lat' dir='ltr'><strong>tuam,</strong></span> <span class='ocrx_word' id='word_1_745' title='bbox 2833 4696 2911 4754; x_wconf 86' lang='lat' dir='ltr'><strong>ut,</strong></span> <span class='ocrx_word' id='word_1_746' title='bbox 2953 4700 3004 4743; x_wconf 92' lang='lat' dir='ltr'><strong>te</strong></span> <span class='ocrx_word' id='word_1_747' title='bbox 3030 4698 3258 4756; x_wconf 86' lang='lat' dir='ltr'><strong>rectore,</strong></span> <span class='ocrx_word' id='word_1_748' title='bbox 3294 4700 3345 4745; x_wconf 87' lang='lat' dir='ltr'><strong>te</strong></span> <span class='ocrx_word' id='word_1_749' title='bbox 3372 4692 3528 4753; x_wconf 67' lang='lat' dir='ltr'><strong>duce,</strong></span> <span class='ocrx_word' id='word_1_750' title='bbox 3558 4690 3638 4742; x_wconf 84' lang='lat' dir='ltr'><strong>sic</strong></span> <span class='ocrx_word' id='word_1_751' title='bbox 3664 4697 3843 4743; x_wconf 82' lang='lat' dir='ltr'><strong>trans-</strong></span> 
     </span>
    </p>
   </div>
   <div class='ocr_carea' id='block_1_111' title="bbox 2254 4781 3848 4850">
    <p class='ocr_par' dir='ltr' id='par_1_111' title="bbox 2254 4781 3848 4850">
     <span class='ocr_line' id='line_1_111' title="bbox 2254 4781 3848 4850; baseline 0 -15"><span class='ocrx_word' id='word_1_752' title='bbox 2254 4796 2440 4835; x_wconf 85' lang='lat' dir='ltr'><strong>eamus</strong></span> <span class='ocrx_word' id='word_1_753' title='bbox 2476 4796 2568 4849; x_wconf 84' lang='lat' dir='ltr'><strong>per</strong></span> <span class='ocrx_word' id='word_1_754' title='bbox 2600 4781 2734 4836; x_wconf 91' lang='lat' dir='ltr'><strong>bona</strong></span> <span class='ocrx_word' id='word_1_755' title='bbox 2779 4782 3114 4850; x_wconf 31' lang='lat' dir='ltr'><strong>tetnporali‘t,</strong></span> <span class='ocrx_word' id='word_1_756' title='bbox 3144 4791 3200 4837; x_wconf 90' lang='lat' dir='ltr'><strong>ut</strong></span> <span class='ocrx_word' id='word_1_757' title='bbox 3230 4797 3335 4835; x_wconf 90' lang='lat' dir='ltr'><strong>non</strong></span> <span class='ocrx_word' id='word_1_758' title='bbox 3363 4781 3671 4835; x_wconf 87' lang='lat' dir='ltr'><strong>amittamus</strong></span> <span class='ocrx_word' id='word_1_759' title='bbox 3687 4791 3848 4835; x_wconf 74' lang='lat' dir='ltr'><strong>teter-</strong></span> 
     </span>
    </p>
   </div>
   <div class='ocr_carea' id='block_1_112' title="bbox 2258 4871 3097 4926">
    <p class='ocr_par' dir='ltr' id='par_1_112' title="bbox 2258 4871 3097 4926">
     <span class='ocr_line' id='line_1_112' title="bbox 2258 4871 3097 4926; baseline 0 0"><span class='ocrx_word' id='word_1_760' title='bbox 2258 4888 2341 4926; x_wconf 21' lang='lat' dir='ltr'><strong>na.</strong></span> <span class='ocrx_word' id='word_1_761' title='bbox 2382 4871 2482 4926; x_wconf 85' lang='lat' dir='ltr'><strong>l’er</strong></span> <span class='ocrx_word' id='word_1_762' title='bbox 2530 4872 2807 4926; x_wconf 89' lang='lat' dir='ltr'><strong>Dominum</strong></span> <span class='ocrx_word' id='word_1_763' title='bbox 2836 4884 3097 4926; x_wconf 79' lang='lat' dir='ltr'><strong>nos:runt.</strong></span> 
     </span>
    </p>
   </div>
   <div class='ocr_carea' id='block_1_113' title="bbox 2326 4964 3848 5034">
    <p class='ocr_par' dir='ltr' id='par_1_113' title="bbox 2326 4964 3848 5034">
     <span class='ocr_line' id='line_1_113' title="bbox 2326 4964 3848 5034; baseline 0 -15"><span class='ocrx_word' id='word_1_764' title='bbox 2326 4966 2493 5033; x_wconf 66' lang='lat' dir='ltr'><strong>Super</strong></span> <span class='ocrx_word' id='word_1_765' title='bbox 2520 4964 2712 5017; x_wconf 80' lang='lat' dir='ltr'><strong>oblata.</strong></span> <span class='ocrx_word' id='word_1_766' title='bbox 2738 4993 2807 5003; x_wconf 93' lang='lat'><strong>—</strong></span> <span class='ocrx_word' id='word_1_767' title='bbox 2840 4964 3093 5033; x_wconf 74' lang='lat' dir='ltr'><strong>Respice,</strong></span> <span class='ocrx_word' id='word_1_768' title='bbox 3141 4965 3392 5030; x_wconf 78' lang='lat' dir='ltr'><strong>Domine,</strong></span> <span class='ocrx_word' id='word_1_769' title='bbox 3444 4978 3666 5020; x_wconf 80' lang='lat' dir='ltr'><strong>munera</strong></span> <span class='ocrx_word' id='word_1_770' title='bbox 3714 4980 3848 5034; x_wconf 78' lang='lat' dir='ltr'><strong>snp-</strong></span> 
     </span>
    </p>
   </div>
   <div class='ocr_carea' id='block_1_114' title="bbox 2252 5100 3849 5158">
    <p class='ocr_par' dir='ltr' id='par_1_114' title="bbox 2252 5100 3849 5158">
     <span class='ocr_line' id='line_1_114' title="bbox 2252 5100 3849 5158; baseline 0.002 -4"><span class='ocrx_word' id='word_1_771' title='bbox 2252 5100 2567 5156; x_wconf 88' lang='lat' dir='ltr'><strong>Theoderic.</strong></span> <span class='ocrx_word' id='word_1_772' title='bbox 2601 5116 2663 5155; x_wconf 89' lang='lat' dir='ltr'><strong>ac</strong></span> <span class='ocrx_word' id='word_1_773' title='bbox 2694 5102 2744 5154; x_wconf 93' lang='lat' dir='ltr'><strong>in</strong></span> <span class='ocrx_word' id='word_1_774' title='bbox 2796 5102 2993 5155; x_wconf 87' lang='lat' dir='ltr'><strong>nostris</strong></span> <span class='ocrx_word' id='word_1_775' title='bbox 3032 5102 3217 5157; x_wconf 58' lang='lat' dir='ltr'><strong>Editis.</strong></span> <span class='ocrx_word' id='word_1_776' title='bbox 3250 5101 3302 5157; x_wconf 94' lang='lat' dir='ltr'><strong>In</strong></span> <span class='ocrx_word' id='word_1_777' title='bbox 3344 5101 3539 5158; x_wconf 77' lang='lat' dir='ltr'><strong>Codice</strong></span> <span class='ocrx_word' id='word_1_778' title='bbox 3573 5118 3705 5155; x_wconf 75' lang='lat' dir='ltr'><strong>Vero</strong></span> <span class='ocrx_word' id='word_1_779' title='bbox 3739 5102 3849 5157; x_wconf 77' lang='lat' dir='ltr'><strong>Ge-</strong></span> 
     </span>
    </p>
   </div>
   <div class='ocr_carea' id='block_1_115' title="bbox 2252 5173 3847 5243">
    <p class='ocr_par' dir='ltr' id='par_1_115' title="bbox 2252 5173 3847 5243">
     <span class='ocr_line' id='line_1_115' title="bbox 2252 5173 3847 5243; baseline 0.003 -20"><span class='ocrx_word' id='word_1_780' title='bbox 2252 5182 2384 5226; x_wconf 91' lang='lat' dir='ltr'><strong>met.</strong></span> <span class='ocrx_word' id='word_1_781' title='bbox 2432 5174 2769 5240; x_wconf 85' lang='lat' dir='ltr'><strong>reperiuntur</strong></span> <span class='ocrx_word' id='word_1_782' title='bbox 2818 5173 3121 5229; x_wconf 76' lang='lat' dir='ltr'><strong>immediate</strong></span> <span class='ocrx_word' id='word_1_783' title='bbox 3164 5184 3282 5243; x_wconf 87' lang='lat' dir='ltr'><strong>post</strong></span> <span class='ocrx_word' id='word_1_784' title='bbox 3340 5182 3583 5229; x_wconf 66' lang='lat' dir='ltr'><strong>cetavam</strong></span> <span class='ocrx_word' id='word_1_785' title='bbox 3647 5174 3847 5228; x_wconf 83' lang='lat' dir='ltr'><strong>Pente-</strong></span> 
     </span>
    </p>
   </div>
   <div class='ocr_carea' id='block_1_116' title="bbox 2249 5254 2446 5297">
    <p class='ocr_par' dir='ltr' id='par_1_116' title="bbox 2249 5254 2446 5297">
     <span class='ocr_line' id='line_1_116' title="bbox 2249 5254 2446 5297; baseline -0.02 0"><span class='ocrx_word' id='word_1_786' title='bbox 2249 5254 2446 5297; x_wconf 63' lang='lat' dir='ltr'><strong>COSWS.</strong></span> 
     </span>
    </p>
   </div>
   <div class='ocr_carea' id='block_1_117' title="bbox 2310 5311 3848 5383">
    <p class='ocr_par' dir='ltr' id='par_1_117' title="bbox 2310 5311 3848 5383">
     <span class='ocr_line' id='line_1_117' title="bbox 2310 5311 3848 5383; baseline -0.001 -16"><span class='ocrx_word' id='word_1_787' title='bbox 2310 5322 2347 5347; x_wconf 51' lang='grc' dir='ltr'><strong>κί’</strong></span> <span class='ocrx_word' id='word_1_788' title='bbox 2383 5313 2599 5383; x_wconf 71' lang='lat' dir='ltr'><strong>Legitur</strong></span> <span class='ocrx_word' id='word_1_789' title='bbox 2638 5316 2687 5367; x_wconf 91' lang='lat' dir='ltr'><strong>in</strong></span> <span class='ocrx_word' id='word_1_790' title='bbox 2731 5316 3100 5371; x_wconf 67' lang='lat' dir='ltr'><strong>lienediction.</strong></span> <span class='ocrx_word' id='word_1_791' title='bbox 3145 5314 3589 5383; x_wconf 80' lang='lat' dir='ltr'><strong>inscrititurque:</strong></span> <span class='ocrx_word' id='word_1_792' title='bbox 3619 5311 3848 5368; x_wconf 79' lang='lat' dir='ltr'><strong>Benedi-</strong></span> 
     </span>
    </p>
   </div>
   <div class='ocr_carea' id='block_1_118' title="bbox 2250 5383 2927 5454">
    <p class='ocr_par' dir='ltr' id='par_1_118' title="bbox 2250 5383 2927 5454">
     <span class='ocr_line' id='line_1_118' title="bbox 2250 5383 2927 5454; baseline 0.004 -19"><span class='ocrx_word' id='word_1_793' title='bbox 2250 5383 2349 5454; x_wconf 82' lang='lat' dir='ltr'><strong>ctio</strong></span> <span class='ocrx_word' id='word_1_794' title='bbox 2375 5385 2689 5454; x_wconf 74' lang='lat' dir='ltr'><strong>quotidianus</strong></span> <span class='ocrx_word' id='word_1_795' title='bbox 2734 5388 2927 5438; x_wconf 69' lang='lat' dir='ltr'><strong>limbus.</strong></span> 
     </span>
    </p>
   </div>
   <div class='ocr_carea' id='block_1_119' title="bbox 2322 5452 3355 5525">
    <p class='ocr_par' dir='ltr' id='par_1_119' title="bbox 2322 5452 3355 5525">
     <span class='ocr_line' id='line_1_119' title="bbox 2322 5452 3355 5525; baseline 0.002 -18"><span class='ocrx_word' id='word_1_796' title='bbox 2322 5452 2348 5490; x_wconf 70' lang='grc' dir='ltr'>δ</span> <span class='ocrx_word' id='word_1_797' title='bbox 2388 5452 2819 5508; x_wconf 74' lang='lat' dir='ltr'><strong>Bettcdictinnem</strong></span> <span class='ocrx_word' id='word_1_798' title='bbox 2854 5458 2987 5509; x_wconf 90' lang='lat' dir='ltr'><strong>hanc</strong></span> <span class='ocrx_word' id='word_1_799' title='bbox 3016 5454 3201 5509; x_wconf 88' lang='lat' dir='ltr'><strong>nullihi</strong></span> <span class='ocrx_word' id='word_1_800' title='bbox 3232 5455 3355 5525; x_wconf 82' lang='lat' dir='ltr'><strong>legi.</strong></span> 
     </span>
    </p>
   </div>
   <div class='ocr_carea' id='block_1_120' title="bbox 2328 5524 3849 5594">
    <p class='ocr_par' dir='ltr' id='par_1_120' title="bbox 2328 5524 3849 5594">
     <span class='ocr_line' id='line_1_120' title="bbox 2328 5524 3849 5594; baseline -0.001 -16"><span class='ocrx_word' id='word_1_801' title='bbox 2328 5535 2349 5561; x_wconf 75' lang='grc' dir='ltr'><strong>ο</strong></span> <span class='ocrx_word' id='word_1_802' title='bbox 2393 5526 2517 5579; x_wconf 69' lang='lat' dir='ltr'><strong>llaec</strong></span> <span class='ocrx_word' id='word_1_803' title='bbox 2553 5540 2765 5594; x_wconf 88' lang='lat' dir='ltr'><strong>quoque</strong></span> <span class='ocrx_word' id='word_1_804' title='bbox 2813 5527 2935 5580; x_wconf 89' lang='lat' dir='ltr'><strong>aliis</strong></span> <span class='ocrx_word' id='word_1_805' title='bbox 2972 5542 3037 5580; x_wconf 78' lang='lat' dir='ltr'><strong>ex</strong></span> <span class='ocrx_word' id='word_1_806' title='bbox 3084 5524 3373 5580; x_wconf 76' lang='lat' dir='ltr'><strong>Codicibus</strong></span> <span class='ocrx_word' id='word_1_807' title='bbox 3425 5524 3646 5579; x_wconf 90' lang='lat' dir='ltr'><strong>minime</strong></span> <span class='ocrx_word' id='word_1_808' title='bbox 3694 5533 3849 5579; x_wconf 78' lang='lat' dir='ltr'><strong>nota.</strong></span> 
     </span>
    </p>
   </div>
   <div class='ocr_carea' id='block_1_121' title="bbox 2255 5593 3851 5676">
    <p class='ocr_par' dir='ltr' id='par_1_121' title="bbox 2255 5593 3851 5676">
     <span class='ocr_line' id='line_1_121' title="bbox 2255 5593 3851 5676; baseline 0.002 -28"><span class='ocrx_word' id='word_1_809' title='bbox 2255 5593 2328 5676; x_wconf 77' lang='lat' dir='ltr'><strong>De</strong></span> <span class='ocrx_word' id='word_1_810' title='bbox 2355 5594 2565 5648; x_wconf 71' lang='lat' dir='ltr'><strong>cmteris</strong></span> <span class='ocrx_word' id='word_1_811' title='bbox 2595 5593 2713 5676; x_wconf 73' lang='grc' dir='ltr'><strong>(μιῴ</strong></span> <span class='ocrx_word' id='word_1_812' title='bbox 2748 5607 3057 5676; x_wconf 77' lang='lat' dir='ltr'><strong>sequuntur</strong></span> <span class='ocrx_word' id='word_1_813' title='bbox 3094 5598 3283 5651; x_wconf 86' lang='lat' dir='ltr'><strong>eadem</strong></span> <span class='ocrx_word' id='word_1_814' title='bbox 3324 5597 3464 5652; x_wconf 85' lang='lat' dir='ltr'><strong>dicta</strong></span> <span class='ocrx_word' id='word_1_815' title='bbox 3506 5605 3704 5663; x_wconf 87' lang='lat' dir='ltr'><strong>sunto,</strong></span> <span class='ocrx_word' id='word_1_816' title='bbox 3742 5597 3851 5651; x_wconf 79' lang='lat' dir='ltr'><strong>nisi</strong></span> 
     </span>
    </p>
   </div>
   <div class='ocr_carea' id='block_1_122' title="bbox 2251 5668 3232 5722">
    <p class='ocr_par' dir='ltr' id='par_1_122' title="bbox 2251 5668 3232 5722">
     <span class='ocr_line' id='line_1_122' title="bbox 2251 5668 3232 5722; baseline 0.001 -3"><span class='ocrx_word' id='word_1_817' title='bbox 2251 5668 2406 5721; x_wconf 86' lang='lat' dir='ltr'><strong>aliter</strong></span> <span class='ocrx_word' id='word_1_818' title='bbox 2431 5681 2545 5720; x_wconf 88' lang='lat' dir='ltr'><strong>rem</strong></span> <span class='ocrx_word' id='word_1_819' title='bbox 2576 5681 2635 5720; x_wconf 84' lang='lat' dir='ltr'><strong>se</strong></span> <span class='ocrx_word' id='word_1_820' title='bbox 2677 5670 2871 5720; x_wconf 56' lang='lat' dir='ltr'><strong>habere</strong></span> <span class='ocrx_word' id='word_1_821' title='bbox 2896 5681 3232 5722; x_wconf 81' lang='lat' dir='ltr'><strong>moneuutus.</strong></span> 
     </span>
    </p>
   </div>
  </div>
