4026 6314
192 352 301 402 IT?

186 557 616 612 sanctificatione
639 554 897 610 sumenda
923 555 1174 608 concede.
1206 553 1327 607 Pcr.

272 648 539 715 Prrrfutio.
572 677 645 686 —
681 647 815 701 Vere
858 647 1073 715 dignum
1120 656 1172 699 et
1211 645 1410 712 justum
1443 652 1544 709 cst,
1576 658 1783 711 :eqnum

187 751 249 793 «ιι
292 740 543 801 salutare.
576 752 678 792 nos
704 738 796 792 tibi
829 754 1046 803 semper
1076 745 1130 792 et
1157 737 1352 806 ubique
1379 737 1576 805 gratias
1606 750 1783 803 agere,

192 833 432 887 Domine
472 839 695 893 sancte,
754 830 911 886 Pater
940 830 1279 897 omnipotens
1306 873 1320 893 ,
1369 837 1567 882 aeterne
1607 828 1783 880 Deus:

188 937 248 977 et
281 922 727 991 omnipotentiam
776 929 920 974 tuam
950 922 1145 987 jugiter
1187 919 1496 987 implorare,
1532 929 1590 972 ut
1637 916 1789 970 nobis

186 1026 244 1069 et
278 1015 566 1081 pra-sentis
597 1013 719 1067 vita:
748 1012 1069 1075 subsiJium,
1098 1022 1146 1065 et
1180 1021 1391 1066 mterna:
1419 1010 1624 1065 tribuas
1654 1024 1788 1076 pra:-

188 1100 360 1157 mium
390 1102 795 1171 sempiternum.
839 1101 955 1168 Qno
990 1101 1065 1154 sic
1097 1100 1370 1153 mutabilia
1418 1099 1557 1152 dona
1608 1102 1791 1166 capia-

189 1209 336 1257 mus,
372 1204 432 1247 ut
458 1210 556 1263 pi-r
582 1192 697 1247 hac
738 1193 804 1246 ad
849 1192 1301 1245 inrommntabilia
1350 1190 1487 1244 dona
1515 1190 1793 1258 pervenire

190 1288 478 1340 valeamus
504 1301 521 1351 ;
554 1286 632 1341 sic
663 1284 969 1352 tempora'i-
994 1283 1190 1336 thiliaa
1228 1291 1464 1352 tempora
1493 1289 1788 1346 transeant,

191 1388 251 1430 nt
270 1378 355 1431 eis
404 1377 597 1446 gaudia
645 1377 968 1444 sempiterna
1022 1375 1332 1429 succedant.
1392 1375 1493 1429 Per
1520 1374 1792 1428 Christum

196 1469 492 1521 Dominum
524 1476 791 1521 nostrum.

268 1559 596 1613 Benedictio.
622 1588 692 1599 -—
717 1559 981 1612 Etnnndet
1027 1558 1282 1612 Dominus
1319 1557 1672 1612 conscientias
1696 1572 1792 1611 ve-

204 1661 352 1704 stras
381 1649 454 1703 ab
481 1648 627 1703 omni
656 1649 878 1707 malitia.
908 1658 959 1703 et
987 1648 1191 1717 repleat
1216 1649 1635 1704 sanctificatione
1674 1664 1794 1718 per-

195 1752 383 1807 petua.
434 1742 627 1797 Amen.
676 1741 809 1795 Vota
844 1752 1018 1794 vestra
1065 1742 1360 1795 clementer
1415 1741 1689 1801 intendat.
1742 1750 1795 1795 et

1420 343 1622 401 LIBER
1661 337 2298 399 δΑειςΑΜΕΝτοιιυΜ.

95 510 119 525 ,
187 465 437 536 plieantis
480 464 745 519 Ecclesia:
773 507 788 531 ,
833 474 881 518 et
931 463 1092 519 saluti
1138 464 1467 517 credentium
1517 467 1768 530 perpetua
1799 455 1847 515 Α
1876 457 2156 514 missiones
2178 468 2333 524 tuas,
2391 475 2510 531 (ιη
2558 475 2716 517 omne
2775 459 3096 518 desiderium
3153 472 3456 530 superant,

3371 348 3469 404 ΠΒ

1889 565 2293 621 consequamur.
2322 555 2439 608 Per.

1962 644 2130 714 Super
2156 645 2343 699 oblata.
2368 674 2437 685 --
2464 644 2780 713 Propitiare,
2838 644 3082 709 Domine,
3126 642 3441 710 supplicatio

1891 733 2047 786 nibus
2082 737 2298 801 nostris,
2336 744 2389 788 et
2439 736 2534 789 has
2571 736 2871 790 oblationes
2902 736 3215 788 famulorum
3250 731 3469 785 famula-

1891 840 2116 892 rumque
2157 833 2363 879 tuarum
2393 827 2653 897 benignus
2694 844 2906 882 assume
2929 870 2942 891 ,
2976 837 3034 882 ut
3100 827 3238 897 quod
3271 828 3463 890 singuli

1892 920 2194 974 obtulerunt
2226 921 2290 973 ad
2324 921 2579 974 honorem
2613 923 2843 976 nominis
2875 922 2969 986 tui,
2996 923 3202 976 cuttCtis
3231 920 3475 989 proliciat

1892 1013 1957 1066 ad
1982 1014 2231 1068 salutem.
2264 1012 2365 1067 Per
2410 1014 2689 1068 Dominum
2721 1026 2984 1069 nostrum.
3365 1024 3373 1030 ’

1965 1103 2235 1173 Prwfutio.
2267 1134 2309 1144 —-
2368 1103 2502 1158 Vere
2532 1106 2747 1173 dignum
2793 1115 2842 1159 et
2890 1107 3082 1173 iustum
3113 1114 3219 1167 est,
3263 1120 3471 1174 mqnum

1894 1205 1947 1250 et
1976 1195 2227 1254 salutare.
2261 1209 2358 1248 nos
2388 1196 2479 1248 tibi
2504 1210 2716 1261 semper
2754 1206 2806 1249 et
2854 1198 3048 1264 ubique
3108 1200 3305 1263 gratias
3351 1212 3470 1263 nge-

1897 1302 1976 1353 re,
2010 1286 2235 1340 Domine
2257 1295 2461 1349 sancte,
2498 1285 2655 1339 Pater
2684 1285 3047 1353 omnipotens,
3083 1295 3282 1337 :ctcrne
3313 1285 3473 1348 Deus,

1897 1392 1993 1446 per
2015 1377 2286 1430 Christum
2315 1376 2593 1429 Dominum
2644 1388 2904 1436 nostrum,
2957 1388 3140 1428 verum
3191 1385 3477 1427 :eternnni-

1896 1482 1999 1535 que
2020 1468 2344 1535 pontiﬁcem,
2372 1476 2425 1518 et
2467 1465 2617 1533 (617)
2642 1467 2812 1518 solum
2860 1465 2974 1518 sine
3018 1464 3221 1531 peccati
3271 1464 3474 1516 macula

1895 1560 2253 1617 sacerdotem,
2287 1557 2435 1623 cujus
2466 1557 2723 1625 sanguine
2757 1556 2988 1608 litle‘ium
3016 1554 3173 1607 corda
3205 1552 3466 1605 mundan-

1898 1657 2001 1711 tur,
2053 1647 2203 1716 cujus
2242 1647 2576 1701 institutione
2630 1646 2938 1706 placationis
2991 1643 3081 1696 tibi
3133 1643 3337 1696 hostias
3374 1657 3479 1693 non

1895 1741 2066 1794 solum
2124 1755 2219 1808 pro
2263 1739 2471 1793 doliolis
2503 1739 2717 1805 ponuli,
2760 1737 2851 1790 sed
2916 1736 3077 1789 etiam
3122 1752 3215 1801 pro
3280 1733 3478 1785 nostris

200 1843 425 1901 peccata
456 1833 635 1887 omnia
660 1831 973 1901 propitiatus-
1000 1833 1291 1902 indulgeat.
1321 1835 1512 1888 Amen.
1546 1834 1676 1900 Quae
1709 1834 1792 1901 pie
1828 1826 1870 1886 Β
1897 1832 2282 1887 offensionibus
2318 1832 2656 1885 inunolamus
2684 1848 2696 1892 ;
2739 1839 2880 1881 tuam
2921 1835 3203 1896 poscentes
3244 1825 3480 1879 clemen-

198 1926 403 1990 optatis
431 1923 715 1978 miseratus
738 1924 1015 1985 attribuat,
1065 1940 1125 1978 ac
1155 1940 1275 1993 qua:
1323 1925 1625 1992 pavescitis,
1674 1926 1793 1993 pius

201 2022 576 2082 propugnator
603 2012 787 2080 procul
814 2012 1066 2080 repellat.
1109 2012 1300 2068 Amen.
1335 2014 1484 2079 Quod
1518 2013 1629 2085 ipse
1658 2030 1796 2084 prte-

198 2114 347 2158 stare
374 2105 642 2171 dignetur.

274 2193 358 2246 Ad
390 2193 786 2264 Complenditm.
811 2194 1081 2250 —Sancta
1113 2205 1199 2249 tua
1230 2211 1349 2260 nos,
1378 2195 1620 2260 Domine,
1652 2210 1794 2251 sum-

203 2293 292 2352 pta
343 2284 658 2349 viviticent,
706 2294 758 2337 et
799 2284 1177 2339 misericordia:
1208 2286 1547 2353 sempiternae
1594 2301 1799 2357 praepa-

206 2383 327 2429 rent
353 2376 629 2442 expiatos.
668 2374 769 2430 I‘er
790 2375 1070 2429 Dominum
1122 2387 1384 2432 nostrum.

277 2464 457 2534 Super
495 2467 764 2534 populum.
798 2462 867 2506 -—'-
912 2466 1173 2535 liespice,
1226 2466 1486 2531 Domine,
1540 2469 1800 2537 propitius

209 2557 424 2626 plebem
453 2566 623 2621 tuam,
671 2567 722 2612 et
752 2566 864 2613 toto
896 2558 986 2612 tibi
1011 2558 1175 2613 corde
1213 2559 1505 2628 subjectum
1539 2559 1799 2628 praasidiis

209 2647 425 2704 invicta:
456 2648 673 2718 pietatis
700 2649 905 2703 attolle.
942 2648 1043 2704 Per
1076 2649 1381 2704 Dominum.

497 2754 817 2795 BEBDOIADA
854 2755 906 2794 νι
957 2756 1084 2796 Ροδτ
1116 2756 1511 2797 PENTECOsTEN.

281 2831 359 2883 Da
393 2830 573 2898 nobis,
603 2845 929 2900 quasumus,
978 2832 1220 2895 Domine,
1254 2841 1382 2887 utet
1412 2833 1593 2888 mundi
1615 2847 1803 2889 cursus

212 2919 441 2991 paciﬁce
472 2923 628 2977 nobis
663 2931 754 2975 tuo
794 2922 983 2977 ordine
1018 2922 1298 2992 dirigatur,
1345 2933 1399 2978 et
1439 2925 1674 2980 Ecclesia
1716 2937 1799 2979 tua

221 3013 509 3083 tranquilla
539 3013 824 3069 devotione
853 3014 1080 3069 lattetur.
1115 3014 1216 3069 Per
1246 3014 1550 3070 Dominum.

285 3103 466 3172 Super
491 3103 683 3156 oblata.
716 3133 785 3143 -—
812 3104 1146 3170 Ascendant,
1181 3121 1513 3176 qumsnmus,
1543 3108 1762 3164 Domine
1784 3151 1800 3175 ,

1898 1924 2021 1976 tiam
2056 1933 2111 1975 ut
2138 1937 2297 1975 omne
2326 1931 2598 1989 peccatum
2629 1919 2766 1988 quod
2816 1919 2991 1971 carnis
3026 1916 3310 1985 fragilitate
3345 1929 3475 1968 con-

1896 2013 2153 2066 traximus
2177 2048 2190 2075 ,
2230 2013 2345 2079 ipso
2376 2024 2589 2063 summo
2640 2024 2733 2077 pro
2765 2007 2918 2063 nobis
2954 2007 3210 2062 Antistite
3245 2006 3482 2060 interve-

1899 2104 2103 2165 niente,
2134 2103 2394 2157 solvatur.
2425 2100 2524 2154 Per
2559 2114 2740 2169 quem.

1970 2195 2286 2248 Benedictio.
2327 2222 2397 2233 —
2441 2193 2703 2246 Amoveat
2737 2207 2766 2244 a
2808 2188 2959 2244 vobis
3025 2185 3278 2243 Dominus
3322 2187 3483 2241 totius

1900 2288 2141 2342 maculas
2168 2286 2491 2349 simultatis,
2540 2296 2592 2338 et
2620 2283 2823 2337 imbuat
2877 2281 3029 2335 vobis
3073 2296 3292 2334 munera
3333 2294 3476 2346 pura:

1899 2374 2228 2431 dilectionis.
2260 2378 2447 2428 Amen.
2482 2373 2745 2442 Subjuget
2784 2373 2833 2425 in
2879 2371 3030 2426 vobis
3082 2370 3483 2424 relnctatiunetn

1900 2469 2084 2523 carnis
2124 2476 2178 2522 et
2243 2466 2548 2535 sanguinis,
2609 2474 2664 2519 et
2693 2479 2850 2532 opem
2909 2463 3175 2529 conferat,
3208 2468 3478 2531 perpetua:

1901 2558 2181 2614 castitatis.
2210 2561 2401 2612 Amen.
2433 2557 2593 2627 quue
2640 2570 2736 2610 vos
2775 2555 2825 2609 in
2867 2552 3117 2621 przesenti
3159 2552 3356 2606 satculo
3403 2550 3484 2603 di-

1905 2650 2072 2719 ligere
2127 2649 2319 2714 faciat,
2368 2648 2509 2718 quod
2539 2664 2570 2702 a
2620 2646 2855 2702 caelestis
2893 2644 3122 2713 paradisi
3164 2641 3475 2696 hmredilate

1904 2754 2009 2794 non
2041 2739 2261 2794 dividat.
2292 2743 2485 2795 Amen.
2514 2739 2665 2805 Quod
2701 2737 2816 2806 ipse
2864 2745 3117 2805 pratstare
3144 2735 3409 2804 dignetur.

1975 2830 2059 2883 Ad
2089 2829 2481 2898 Complendum.
2511 2859 2578 2869 —
2603 2829 2749 2895 Quos
2786 2828 3018 2894 caelesti,
3063 2825 3310 2890 Domine,
3345 2823 3484 2876 dono

1905 2922 2131 2985 satiasti,
2164 2929 2381 2991 praesta,
2406 2935 2732 2988 qutcsumus,
2769 2928 2829 2973 ut
2868 2934 2897 2971 a
2945 2917 3140 2972 nostris
3169 2914 3485 2968 mundemur

1906 3015 2155 3076 occultis,
2178 3022 2231 3067 et
2258 3012 2326 3067 ab
2356 3011 2585 3065 hostium
2614 3011 2903 3065 liberemur
2932 3008 3160 3062 insidiis.
3193 3007 3311 3059 Per.

1986 3127 2141 3196 173
2173 3124 2342 3195 Super
2376 3124 2641 3195 pupulum.
2664 3153 2732 3164 —
2763 3123 3032 3191 Protegat,
3064 3119 3307 3183 Domine,
3340 3132 3483 3186 qua»

218 3210 409 3264 preces
462 3194 777 3250 humilitatis
826 3208 1020 3251 nostrae
1069 3200 1118 3251 in
1161 3210 1448 3267 conspectu
1501 3201 1797 3256 clementia:
1825 3181 1879 3247 θ
1909 3181 2486 3281 ευιςιῖςῖιυείάεχίθέα
2530 3213 2780 3282 populum
2813 3181 3237 3280 supplicantem,
3266 3218 3321 3262 ut
3349 3220 3485 3274 plm-

218 3298 325 3341 tua:
351 3304 368 3351 ς
404 3297 456 3341 et
481 3287 771 3343 descendat
806 3304 966 3357 super
990 3290 1104 3342 haec
1131 3288 1304 3343 oblata
1330 3290 1497 3344 virtus
1534 3299 1634 3345 tuae
1656 3293 1797 3346 divi-

216 3378 427 3444 nitat's,
460 3395 623 3447 quam
660 3381 861 3434 nostris
901 3396 1112 3451 quoque
1152 3383 1490 3451 purificandis
1534 3386 1805 3441 mentibus

220 3469 488 3536 Iargiaris.
525 3471 624 3524 l’er
652 3469 957 3524 Dominum.

291 3559 571 3631 Prefatio.
594 3589 665 3601 --
692 3562 827 3617 Vere
854 3563 1071 3632 dignum
1101 3574 1155 3618 et
1193 3563 1396 3632 justum
1428 3574 1506 3618 est
1528 3606 1542 3629 ,
1593 3581 1805 3634 mquam

220 3663 273 3709 et
295 3655 554 3717 salutare,
589 3667 687 3708 nos
716 3652 807 3709 tibi
847 3668 1060 3723 semper
1104 3664 1157 3708 et
1181 3654 1371 3723 ubique
1399 3656 1594 3725 gratias
1622 3671 1805 3723 agere,

223 3742 454 3800 Domine
498 3756 703 3808 sanete,
764 3742 923 3798 Pater
969 3745 1337 3813 omnipotens,
1383 3757 1581 3799 ωερε-ηε
1625 3746 1803 3800 Deus:

220 3835 557 3906 Maiestatem
586 3847 731 3889 tuam
780 3835 1094 3905 suppliciter
1140 3835 1513 3903 deprecantee,
1558 3847 1614 3904 ut
1648 3852 1804 3907 opem

224 3939 371 3982 tuam
428 3929 581 3999 172
614 3927 916 3997 petentibus
944 3927 1224 3996 dignanter
1251 3928 1550 3996 impendas,
1615 3937 1669 3981 et
1713 3928 1802 3983 de-

222 4021 587 4076 siderantibus
646 4020 908 4089 benignus
950 4019 1150 4073 tribuas
1181 4019 1472 4088 profutura.
1519 4019 1617 4072 l‘er
1657 4018 1806 4072 (thri-

220 4123 361 4168 stum
397 4113 702 4166 Dominum.

291 4210 316 4237 ³
352 4200 753 4255 Benedictio.—
781 4201 1128 4271 Omnipotens
1171 4202 1306 4256 Deus
1328 4216 1421 4256 sua
1453 4216 1547 4256 vos
1575 4202 1807 4257 clemen-

227 4297 292 4349 tia
348 4296 672 4358 benedicat,
727 4306 779 4350 et
815 4308 1027 4349 sensum
1060 4294 1210 4349 vobis
1255 4294 1529 4363 sapientiae
1558 4292 1808 4347 salutaris

226 4388 496 4443 infundat.
554 4390 749 4443 Amen.
810 4389 1099 4443 Catholicae
1157 4388 1278 4444 fidei
1335 4402 1426 4443 vos
1470 4388 1807 4443 documentis

226 4479 478 4544 cnuttiat,
510 4489 562 4535 et
609 4479 662 4534 in
692 4480 891 4535 sanctis
936 4480 1185 4546 cperibus
1224 4480 1643 4548 perseverabiles
1688 4480 1806 4533 red-

228 4571 335 4625 dat.
369 4573 564 4625 Amen.
604 4572 832 4627 Gressus
862 4580 1071 4625 vestros
1116 4570 1184 4625 ab
1214 4585 1396 4625 errore
1426 4580 1726 4633 convertat,
1755 4577 1799 4622 et

1918 4550 1998 4595 ter
2028 4540 2280 4609 petimus,

229 4664 363 4716 viam
395 4662 548 4716 vobis
582 4660 727 4729 pacis
766 4671 818 4715 et
846 4661 1118 4714 eharitatis
1146 4660 1411 4715 ostendat.
1440 4660 1629 4715 Amen.
1658 4661 1807 4727 Quod

231 4754 347 4824 ipse
380 4763 639 4823 praestare
669 4752 935 4820 dignetur.

298 4847 379 4900 Ad
420 4846 814 4915 Comploratum.
838 4876 906 4885 --
925 4846 1170 4917 Mysteria
1199 4860 1319 4909 nos,
1352 4844 1593 4909 Domine,
1626 4852 1806 4898 sancta

231 4939 537 5007 purificent,
569 4949 624 4993 et
661 4953 760 4994 suo
789 4955 1013 4993 munere
1062 4949 1329 4993 tueantur.
1366 4938 1483 4991 Per.

301 5030 471 5102 Super
511 5030 782 5099 pupulum.
831 5060 901 5069 -ι
950 5030 1147 5083 Exaudi
1203 5044 1320 5093 nos,
1373 5028 1513 5082 Deus
1561 5028 1807 5083 salutaris

232 5130 441 5187 noster,
492 5129 549 5175 et
592 5121 705 5175 dies
737 5129 948 5175 nostros
978 5120 1029 5173 in
1084 5126 1172 5171 tua
1218 5132 1346 5185 pace
1386 5116 1630 5186 dispone,
1685 5124 1741 5169 ut
1780 5132 1806 5167 a

229 5211 434 5265 cunctis
467 5210 955 5276 perturbationibus
988 5208 1215 5273 liberati,
1260 5208 1539 5279 tranquilla
1567 5207 1657 5262 tibi
1697 5222 1809 5262 ser-

230 5301 390 5356 vitute
420 5300 763 5355 famulemur.

519 5407 835 5446 ΒεθυοκΑυΑ
868 5407 939 5445 VII
972 5405 1099 5444 POST
1128 5403 1524 5445 PENTECOSTEN.

300 5482 458 5547 Deus,
494 5482 585 5551 qui
615 5481 962 5551 diligentibus
992 5491 1040 5535 te
1081 5482 1215 5534 bona
1269 5479 1557 5534 invisibilia
1609 5495 1812 5549 prtepa-

237 5577 381 5640 ιιι-ιί,
406 5574 630 5629 infunde
661 5573 912 5627 cordibus
936 5584 1084 5626 nostr
1111 5587 1137 5625 s
1186 5571 1257 5623 tui
1306 5572 1506 5625 amoris
1545 5571 1808 5631 alTectum,

240 5676 288 5718 Il
320 5668 443 5720 tein
496 5664 772 5727 omnibus,
805 5676 853 5716 et
889 5678 1049 5731 super
1095 5652 1271 5716 omnia
1317 5661 1636 5732 di:igentes,
1687 5677 1811 5730 pro-

1908 3318 2114 3363 sentem
2170 3308 2327 3361 vitam
2377 3305 2477 3360 sub
2520 3314 2612 3360 tua
2640 3304 3022 3374 gubernatione
3069 3314 3438 3355 transcurrens
3468 3338 3483 3359 ,

1910 3410 2181 3453 mereatur
2222 3398 2465 3453 invenire
2514 3406 2845 3466 perpetuam.
2895 3396 2995 3449 Per
3055 3393 3333 3447 Dominum
3386 3406 3483 3444 no-

1908 3500 2100 3546 Struit].

2199 3596 2515 3637 ηειιηοιιλω
2546 3595 2636 3634 VIII
2661 3593 2787 3634 POST
2804 3590 3200 3632 PENTECOSTEN.

1986 3696 2124 3752 Deus
2170 3696 2420 3750 virtutum
2444 3738 2459 3761 ,
2495 3692 2646 3766 (618)
2695 3693 2848 3763 cujus
2894 3703 2978 3747 εει
3032 3699 3201 3745 totum
3228 3689 3370 3760 quod
3400 3699 3482 3742 est

1910 3791 2172 3860 optimum
2202 3831 2215 3850 ,
2250 3788 2427 3844 insere
2463 3787 2769 3858 pectoribus
2788 3786 2986 3842 nostris
3014 3799 3251 3840 amorem
3281 3784 3356 3837 tui
3390 3798 3484 3836 no-

1913 3880 2103 3945 minis,
2131 3887 2186 3935 et
2215 3887 2407 3949 praesta
2438 3878 2491 3933 in
2525 3878 2679 3934 nobis
2706 3878 2980 3946 religionis
3010 3886 3354 3946 augmentum
3378 3916 3395 3940 ,
3427 3883 3483 3928 ut

1910 3988 2027 4042 qua:
2057 3983 2180 4026 sunt
2210 3972 2345 4024 bona
2372 3969 2602 4034 nutrias,
2633 3983 2697 4025 ac
2735 3967 2947 4038 pietatis
2980 3967 3155 4022 studio
3194 3981 3317 4037 quae
3365 3973 3491 4020 sunt

1914 4062 2116 4117 nutrita
2142 4059 2433 4115 custodias.
2466 4059 2589 4113 Per.

1985 4174 2156 4245 Super
2178 4171 2369 4226 oblata.
2394 4200 2463 4211 —
2490 4168 2824 4238 Propitiare,
2856 4160 3112 4235 Domine,
3141 4164 3486 4235 supplicatio-

1912 4265 2067 4321 nibus
2092 4261 2287 4318 nostris
2308 4306 2322 4331 ,
2356 4270 2411 4317 et
2440 4260 2537 4316 has
2563 4258 2748 4331 populi
2791 4260 2864 4315 tui
2895 4258 3197 4314 oblationes
3226 4258 3486 4327 benignus

1913 4370 2146 4421 assume,
2176 4363 2251 4422 et,
2278 4361 2337 4408 ut
2367 4352 2565 4408 nullius
2592 4350 2661 4406 sit
2685 4351 2892 4406 irritum
2924 4360 3105 4403 votum
3132 4389 3149 4414 ,
3197 4356 3256 4404 et
3293 4346 3489 4401 nullius

1916 4461 2079 4503 vacua
2110 4445 2422 4516 postulatio,
2448 4451 2664 4513 praesta,
2693 4454 3020 4510 quazsumus,
3058 4448 3115 4494 ut
3144 4437 3287 4509 quod
3319 4439 3486 4492 fideli-

2298 4535 2592 4591 ellicaciter
2621 4546 3034 4602 consequamur.
3063 4531 3163 4587 Per
3178 4531 3484 4586 Dominum.

1988 4650 2258 4721 Prwfatio.
2301 4678 2372 4690 —
2401 4648 2536 4704 Vere
2561 4646 2778 4717 dignum
2818 4655 2870 4701 et
2896 4646 3096 4715 justum
3124 4654 3227 4709 Bal,
3275 4657 3485 4710 aequum

1913 4753 1967 4799 et
1997 4743 2252 4808 salutare,
2286 4755 2382 4795 nos
2412 4739 2505 4793 tibi
2534 4752 2747 4807 semper
2766 4748 2819 4792 et
2850 4738 3048 4805 ubique
3064 4738 3263 4806 gratias
3284 4746 3444 4802 agere
3469 4773 3484 4793 .

1916 4832 2139 4889 Domine
2164 4840 2371 4896 sancte,
2395 4830 2551 4884 Pater
2580 4829 2923 4897 omnipotens
2949 4870 2965 4892 ,
2996 4837 3193 4881 :eterne
3221 4826 3360 4879 Deus
3387 4840 3400 4876 :
3431 4836 3486 4877 et

1915 4926 2007 4981 tibi
2031 4938 2225 4980 vovere
2245 4922 2457 4978 contriti
2480 4921 2799 4975 sacrilicium
2823 4919 3021 4982 cordis,
3044 4916 3191 4990 (619)
3210 4915 3307 4970 tibi
3332 4916 3486 4968 litare

1918 5018 2176 5072 liumiliati
2198 5016 2470 5071 victimam
2501 5012 2757 5082 pectoris,
2790 5025 2818 5062 a
2850 5024 2956 5078 quo
2979 5022 3139 5061 omne
3163 5008 3359 5060 bonum
3390 5020 3486 5059 su-

1917 5113 2111 5167 mimus
2132 5154 2147 5177 ,
2201 5122 2413 5164 omnem
2441 5102 2834 5175 iucunditatem
2868 5098 3164 5153 haurimus.
3200 5097 3491 5151 Precamur

1916 5205 2095 5274 itaque
2123 5212 2181 5257 ut
2213 5201 2307 5256 tibi
2334 5195 2656 5253 conscientia
2683 5201 2864 5245 nostra
2897 5190 3209 5252 famuletur,
3244 5196 3319 5249 et,
3349 5193 3408 5239 ut
3438 5186 3488 5239 in

1917 5307 1969 5352 te
1991 5297 2057 5350 de
2082 5295 2166 5348 die
2197 5295 2247 5346 in
2278 5292 2417 5343 diem
2441 5286 2716 5341 meliorata
2752 5281 3027 5349 proficiat,
3058 5288 3159 5331 tua:
3194 5276 3378 5346 gratia:
3408 5275 3490 5327 in-

1917 5391 2171 5441 temerata
2202 5377 2477 5433 subdatur.
2510 5374 2715 5428 Nostris
2746 5385 2865 5434 nos,
2887 5384 3217 5439 quaesumus,
3244 5365 3487 5427 Domine,

1919 5485 2115 5531 evacua
2168 5468 2321 5523 malis
2342 5508 2356 5529 ,
2387 5465 2597 5532 tuisque
2644 5464 2791 5531 reple
2816 5476 2911 5531 per
2934 5461 3115 5515 omnia
3151 5460 3341 5523 bonis,
3391 5467 3445 5513 nt
3472 5498 3486 5522 ,

1918 5573 2164 5635 percepta
2189 5557 2381 5629 gratia,
2410 5569 2567 5623 quam
2602 5566 2779 5608 nostra
2810 5570 2916 5607 non
2960 5554 3177 5622 exigunt
3205 5553 3389 5605 merita
3410 5588 3427 5615 ,
3458 5568 3485 5602 :t

1918 5653 2123 5713 cunc'is
2170 5645 2583 5704 adversitatibus
2612 5644 2814 5699 liberati
2840 5684 2855 5709 ,
2887 5656 2940 5697 et
2966 5646 3018 5698 iu
3061 5643 3212 5699 bonis
3243 5641 3487 5696 euntibus

307 5790 328 5815 ⁸
371 5781 557 5836 Exstat
587 5782 637 5837 itt
668 5780 936 5837 licuedict.
984 5790 1105 5851 post
1151 5772 1589 5835 Benedictionem
1636 5778 1956 5848 quotidianis
1983 5769 2169 5825 diebus
