4026 6310
540 304 643 370 ιτς»

541 518 640 572 Per
665 518 960 573 Christum.

609 620 636 648 ⁸
664 610 979 663 Benedictio.
1003 631 1074 649 -ι
1097 607 1315 661 Inclinet
1357 607 1615 662 Dumintts
1646 625 1828 663 aurem
1867 625 2017 665 suam
2046 613 2112 666 ad

539 716 726 770 preces
757 710 946 754 vestra;
977 699 1294 752 humilitatis
1319 742 1332 765 ,
1365 709 1418 753 et
1447 700 1537 752 det
1566 700 1714 754 vobis
1745 703 1968 770 gratiam
1999 716 2112 757 sua!

538 793 968 856 benedictionis,
1034 801 1088 844 et
1155 791 1432 857 prmmium
1503 794 1845 861 sempiterna:
1901 794 2108 849 salutis.

535 886 728 940 Amen.
756 885 981 951 Semper
1009 883 1268 950 etubique
1295 883 1576 937 Dominum
1604 885 1884 953 propitium
1915 887 2110 941 habea-

538 979 626 1039 tis,
669 983 724 1029 et
775 973 827 1028 in
860 974 974 1043 ejus
1016 974 1262 1028 laudibus
1312 976 1610 1029 exsultetis.
1639 978 1830 1031 Amen.
1860 977 2110 1030 Omnium

537 1075 874 1136 peccatorum
904 1075 1204 1121 vestrorum
1244 1065 1450 1119 vincula
1476 1067 1678 1132 solvat,
1707 1076 1766 1120 et
1789 1066 1855 1120 ad
1887 1068 2112 1135 gloriam

533 1157 913 1225 sempiternam
946 1158 1227 1224 pervenire
1258 1171 1354 1209 vos
1383 1155 1559 1210 faciat.
1591 1159 1787 1213 Amen.
1816 1157 1968 1224 Quod
2001 1159 2114 1227 ipse

533 1230 810 1318 praestare.

600 1339 683 1392 Ad
714 1338 1101 1409 Complendum.
1150 1369 1218 1378 —-
1261 1339 1501 1408 ltepleti,
1530 1339 1772 1404 Domine,
1803 1339 2112 1394 muneribus

533 1430 660 1494 tuis,
706 1444 1010 1498 qumsumus
1046 1437 1106 1483 ut
1154 1445 1338 1484 eorum
1368 1440 1420 1482 et
1450 1429 1768 1484 mundemur
1806 1429 2027 1497 eﬂectu,
2058 1439 2113 1485 et

532 1519 836 1574 muniamur
862 1519 1078 1574 auxilio.
1106 1520 1207 1573 Per
1235 1519 1502 1574 eumdem.

604 1611 775 1682 Super
801 1611 1067 1682 populum.
1095 1640 1165 1650 —
1198 1610 1273 1664 Da
1304 1611 1479 1676 nobis,
1503 1624 1835 1678 quarsumus,
1865 1609 2108 1672 Domine,

533 1713 592 1758 ut
617 1705 669 1758 in
703 1713 788 1757 tua
818 1703 986 1773 gratia
1019 1702 1282 1758 veraciter
1315 1701 1645 1757 conﬁdentes
1672 1741 1687 1766 ,
1734 1709 1788 1755 et
1807 1716 1923 1770 qua:
1949 1699 2106 1767 d’goa

532 1803 657 1850 Sunt
687 1795 1035 1864 postulemus,
1058 1801 1113 1850 et
1135 1795 1336 1864 jugiter
1367 1793 1631 1862 postulata
1653 1805 1946 1846 sumamus.
1984 1791 2103 1845 Per.

824 1916 1139 1961 UEBDOIADA
1178 1921 1231 1959 ιι
1270 1919 1399 1959 POST
1434 1917 1826 1958 ηκπιοοετειιι.

603 2012 746 2076 Deus
771 2063 786 2087 ,
835 2021 988 2089 cujus
1035 2019 1368 2089 providentia
1411 2019 1462 2071 in
1501 2019 1582 2071 sui
1622 2017 1973 2086 dispositione
2003 2032 2108 2070 non

532 2104 763 2173 fallitur,
825 2119 879 2165 te
928 2109 1194 2178 supplices
1248 2116 1655 2174 exoramus,ut
1710 2105 1866 2160 noxia
1916 2113 2108 2161 cuncta

528 2199 868 2264 submoveas,
902 2207 954 2253 et
972 2197 1148 2251 omnia
1181 2198 1333 2252 nobis
1364 2197 1641 2264 profutura
1673 2196 1955 2250 concedas.
1985 2198 2103 2249 Per.

605 2287 764 2358 174
791 2285 960 2357 Super
990 2287 1181 2341 oblata.
1230 2317 1296 2326 -—
1330 2287 1490 2350 Deus,
1519 2286 1608 2356 qui
1654 2285 1898 2353 legalium
1950 2284 2108 2340 diffe-

529 2379 731 2433 rentias
773 2378 1068 2432 hostiarum
1110 2377 1264 2431 unius
1313 2378 1559 2430 sacriﬁcii
1605 2377 1930 2444 perfectione
1955 2375 2108 2446 (620)

529 2471 780 2533 Sanxisti,
803 2471 985 2536 accipe
1011 2469 1332 2523 sacriﬁcium
1355 2485 1385 2521 a
1414 2467 1618 2522 devotis
1649 2468 1742 2522 tibi
1764 2466 1972 2522 famulis
1993 2507 2008 2531 ,
2051 2476 2109 2522 et

530 2562 645 2629 pari
676 2560 1069 2621 benedictione,
1103 2560 1239 2613 sicut
1262 2572 1482 2613 munera
1528 2559 1687 2622 Abel,
1715 2559 2016 2622 sanctiﬁca,
2049 2567 2107 2612 ut

526 2649 682 2719 (62!)
707 2652 844 2720 quod
873 2649 1066 2718 singuli
1097 2650 1422 2716 obtulerunt,
1457 2648 1523 2703 ad
1550 2649 1844 2717 Majestatis
1875 2658 1979 2702 tua:
2010 2647 2105 2702 ho-

533 2755 719 2796 norem
745 2780 760 2804 ,
793 2742 1001 2796 cunctis
1031 2740 1273 2808 proﬁciat
1313 2740 1381 2794 ad
1411 2740 1662 2796 salutem.
1691 2740 1793 2795 Per
1817 2740 2105 2794 Dominum

528 2837 792 2887 uestrum.

598 2920 872 2992 Prwfatio.
913 2953 984 2964 -—
1017 2923 1154 2976 Vere
1183 2922 1399 2991 dignum
1431 2930 1484 2976 et
1508 2922 1711 2988 justum
1737 2929 1862 2991 est,
1891 2931 2103 2991 aequum

528 3017 584 3068 et
608 3015 860 3077 salutare,
893 3029 992 3066 nos
1021 3013 1110 3066 tibi
1140 3027 1354 3080 semper
1378 3022 1433 3067 et
1461 3012 1658 3080 ubique
1683 3009 1885 3081 gratias
1913 3025 2101 3080 agere,

534 3105 758 3159 Domine
781 3114 965 3158 sancte
993 3147 1006 3170 ,
1038 3106 1194 3158 Pater
1225 3105 1584 3171 omnipotens,
1615 3113 1817 3158 aeterne
1843 3102 1982 3158 Deus
2006 3119 2018 3155 :
2047 3109 2102 3157 et
2131 3107 2178 3170 C

530 3203 676 3248 tuam
727 3195 1151 3249 misericordiam
1191 3197 1318 3248 totis
1356 3194 1559 3248 nis-ibin
1584 3208 1842 3257 csorare,
1892 3209 1961 3248 ne
2005 3209 2103 3261 pro

533 3298 714 3340 nostra
751 3302 848 3340 nos
873 3284 1149 3354 iniquitate
1180 3287 1520 3348 condemnes,
1546 3285 1637 3339 sed
1667 3299 1764 3354 pro
1793 3294 1876 3337 tua
1911 3284 2106 3353 pietate

535 3377 589 3430 in
620 3377 703 3429 via
746 3387 887 3429 recta
921 3390 1133 3444 semper
1157 3377 1442 3444 disponas;
1477 3392 1594 3438 nec,
1627 3374 1766 3428 sicut
1794 3389 2067 3430 meremur
2087 3415 2103 3438 ,

535 3465 966 3535 delinquentibus
1007 3465 1253 3520 irascaris
1279 3504 1296 3532 ,
1344 3465 1435 3517 sed
1475 3463 1745 3533 fragilitati
1790 3474 1986 3518 nostra:
2025 3466 2106 3519 in-

535 3560 673 3614 Viela
705 3559 944 3613 bonitate
968 3558 1272 3612 subvenias.
1303 3558 1402 3611 Per
1429 3556 1717 3611 Christum.

603 3648 925 3704 Benedictio.
954 3678 1024 3689 -—
1045 3649 1354 3704 Sanctiﬁcet
1384 3663 1476 3701 vos
1501 3647 1704 3701 Domini
1733 3647 1901 3717 gratia
1925 3687 1940 3710 ,
1967 3656 2020 3700 et
2043 3648 2110 3699 ab

535 3740 678 3794 omni
723 3740 866 3795 malo
913 3741 1196 3794 custodiat.
1235 3741 1424 3791 Amen.
1457 3741 1650 3792 Arceat
1680 3752 1711 3790 a
1756 3736 1906 3791 vobis
1951 3752 2111 3791 omne

534 3831 676 3900 quod
734 3832 930 3884 malum
982 3841 1104 3891 est,
1160 3838 1215 3883 et
1279 3829 1497 3896 spiritus
1523 3838 1731 3882 vestros
1782 3843 2112 3896 corporaque

535 3922 803 3992 puriﬁcet.
836 3925 1027 3977 Amen.
1078 3922 1270 3990 Alliget
1299 3934 1393 3974 vos
1425 3921 1528 3975 sibi
1556 3922 1766 3974 vinculo
1798 3923 2072 3976 cluat-italis
2096 3960 2110 3984 ,

533 4014 588 4068 Et
613 4028 716 4079 pax
747 4013 862 4081 ejus
888 4013 1121 4067 abundet
1150 4012 1200 4066 in
1234 4011 1483 4066 cordibus
1512 4013 1723 4066 ve5tris.
1754 4011 2112 4080 Arnen.Qnod

533 4104 548 4158 l
556 4119 648 4172 pse
680 4113 948 4172 praestare.

606 4198 686 4248 Ad
713 4193 1104 4265 Complendum.
1131 4187 1312 4248 —'l'ua
1348 4205 1466 4258 nos,
1503 4193 1748 4259 Domine,
1781 4191 2114 4247 medicinalis

538 4287 810 4357 Operatio,
865 4295 916 4340 et
946 4302 974 4340 a
1008 4287 1204 4340 nostris
1233 4285 1667 4354 perversitattbus
1696 4285 1986 4338 clementer
2020 4298 2115 4334 ex-

537 4379 734 4449 pediat,
768 4390 822 4434 et
847 4378 914 4433 ad
938 4394 997 4432 ea
1029 4393 1145 4447 qua:
1176 4387 1298 4431 sunt
1326 4389 1469 4431 recta
1505 4378 1780 4444 perducat.
1812 4377 1933 4430 Per.

612 4464 781 4541 Super
812 4471 1081 4541 populum.
1113 4501 1182 4512 -—
1214 4471 1390 4524 Plebis
1421 4480 1543 4533 tum,
1579 4484 1902 4538 quwsunins,

538 4564 626 4627 'oe,
652 4565 716 4616 ad
749 4574 798 4617 te
828 4577 1040 4630 semper
1062 4563 1220 4616 corda
1244 4573 1582 4626 convertc,ul
1609 4577 1763 4632 quam
1798 4564 1957 4616 tantis
1985 4560 2117 4616 facis

541 4655 858 4722 patrociniis
908 4654 1188 4722 adjuvari,
1234 4656 1501 4723 perpetuis
1533 4667 1637 4708 non
1671 4656 1881 4709 desinas
1920 4656 2114 4725 guber-

541 4748 604 4797 ha
614 4760 668 4799 re
699 4744 979 4814 prtesidiis.
1015 4745 1132 4797 Per.

825 4873 1138 4914 ιιεΒῡοιιΑοΑ
1177 4873 1208 4911 x
1247 4871 1375 4912 9051'
1416 4866 1810 4911 Ptzs'rttcosrnx.

612 4959 829 5043 Largire
857 4958 1031 5037 nobis,
1066 4971 1311 5036 Domine,
1343 4985 1653 5039 qumsumus
1679 5009 1693 5034 ,
1723 4984 1932 5038 semper
1965 4966 2117 5038 (622)

541 5067 786 5134 Spiritum
799 5063 1066 5134 cogitandi
1083 5077 1202 5131 qua:
1217 5072 1358 5119 recta
1379 5072 1522 5128 sunt,
1551 5063 1808 5130 pr0pitius
1831 5071 1879 5112 rt
1902 5061 2116 5129 agendi,

541 5168 598 5210 ut
626 5156 713 5226 qui
745 5156 861 5210 sine
894 5167 944 5210 te
973 5169 1093 5210 esse
1124 5170 1229 5208 non
1275 5167 1558 5222 possumus
1586 5194 1602 5217 ,
1631 5151 1921 5205 secundum
1957 5161 2006 5204 te
2037 5153 2115 5203 vi-

540 5261 666 5300 vere
694 5247 984 5299 valeamus.
1016 5245 1135 5298 Per.

616 5334 786 5405 Super
811 5337 1010 5389 oblata.
1041 5365 1112 5376 —
1135 5333 1356 5403 Suscipe
1383 5339 1625 5396 munera,
1657 5340 1990 5400 quan-sumus,
2018 5331 2116 5383 Do.

541 5430 706 5488 mine,
738 5442 857 5496 qua:
885 5427 952 5483 de
982 5437 1072 5481 tua
1103 5428 1346 5494 largitate
1369 5427 1678 5488 deferimus,
1715 5435 1766 5478 ut
1795 5426 1908 5478 haec
1934 5440 2116 5480 sacro-

542 5528 722 5572 sancta
747 5519 1020 5586 mysteria,
1039 5518 1220 5584 gratim
1253 5527 1354 5572 tnze
1381 5531 1635 5586 operante
1662 5516 1877 5581 virtute,
1899 5525 1949 5568 et
1974 5528 2115 5584 prd?-

620 5652 643 5692 ⁸
677 5654 905 5706 liahethr
935 5651 986 5707 iu
1023 5651 1436 5706 Benetlictionali
1468 5655 1657 5703 versus
1688 5648 1867 5700 tinent.

619 5727 642 5764 υ
675 5727 729 5779 In
761 5723 1173 5778 Bettedittiunali
1202 5725 1374 5776 lecum
1398 5719 1574 5785 habet,
1598 5721 1736 5771 inter
1759 5717 1872 5770 illas
1911 5716 2024 5783 qusi:
2049 5714 2114 5769 ds’

1717 313 1956 370 SANCTI
1999 313 2324 372 GRECORII
2367 310 2580 374 MACNi

538 426 841 482 conﬁrmati
867 463 883 495 ,
938 427 1190 496 supernis
1237 425 1445 480 civibus
1489 439 1794 480 mercamur
1839 428 2110 498 conjungi.
2143 427 2192 487 Α
2219 430 2386 484 sentis
2406 431 2529 485 vitae
2559 446 2656 485 nos
2678 434 3084 490 conversatione
3115 437 3468 500 sauctiﬁcent,
3497 445 3552 493 et
3573 439 3638 493 ad
3667 455 3808 510 gau-
3901 489 3908 494 .

2140 1751 2186 1810 Β

3699 330 3808 383 180

2218 519 2303 572 dia
2327 522 2650 589 sempiterna
2683 524 2996 590 perducant.
3031 525 3132 579 Per
3160 526 3440 582 Dominum
3464 539 3733 583 nostrum.

2288 609 2555 679 Praefatio.
2591 641 2660 653 -—
2690 613 2825 667 Vere
2853 614 3069 682 dignum
3093 628 3142 670 et
3164 618 3366 683 justum
3389 628 3492 679 est,
3515 635 3730 687 aquom
3753 631 3809 675 et

2215 700 2476 767 salutare,
2502 718 2597 756 nos
2629 704 2722 756 tibi
2770 719 2983 772 semper
3012 714 3066 758 et
3103 706 3303 775 ubique
3347 709 3548 777 gratias
3593 725 3756 778 agere
3789 753 3806 773 .

2218 790 2441 846 Domine
2471 803 2680 859 sancte,
2714 794 2868 849 Pater
2898 796 3237 863 omnipotens
3263 837 3278 862 ,
3315 809 3515 853 aeterne
3541 801 3720 854 Dens:
3755 813 3810 856 et

2217 894 2362 936 tuam
2398 884 2823 940 misericordiam
2857 903 3080 941 exorare
3101 931 3115 954 ,
3161 900 3217 944 ut
3243 901 3295 943 te
3323 905 3594 946 annuente
3625 893 3808 946 valea-

2217 988 2335 1026 mus
2372 989 2491 1041 qua?
2546 976 2683 1028 mala
2739 988 2863 1029 sunt
2915 978 3187 1032 declinare
3228 988 3282 1032 et
3333 995 3452 1049 qua:
3505 981 3642 1034 bona
3681 993 3809 1035 sunt

2214 1073 2605 1126 consequenter
2635 1067 2875 1134 explere;
2899 1076 2955 1121 et
2977 1068 3097 1135 quia
3131 1084 3227 1122 nos
3277 1068 3450 1123 fecisti
3497 1072 3566 1125 ad
3598 1081 3682 1124 tua
3711 1087 3806 1126 sa-

2215 1161 2486 1204 cramenta
2518 1152 2672 1218 (69.5)
2699 1155 2999 1220 pertinere,
3032 1165 3087 1208 tu
3119 1155 3414 1212 clementer
3440 1159 3494 1213 in
3527 1160 3807 1216 nobiseu-

2215 1255 2330 1293 rum
2361 1255 2552 1294 munus
2582 1255 2832 1309 operare:
2863 1242 2965 1297 Per
3006 1243 3300 1298 Christum.

2289 1332 2315 1370 δ
2339 1333 3048 1405 Βεηεάὶειὶο.-Μιι1ιίριὶςει
3070 1337 3121 1390 in
3145 1338 3294 1393 vobis
3325 1339 3581 1394 Dominus
3593 1341 3804 1410 copiam

2213 1442 2324 1484 suae
2345 1429 2736 1486 benedictionis
2763 1471 2777 1496 ,
2805 1440 2858 1485 et
2885 1432 3166 1487 conﬁrmet
3191 1449 3286 1488 vos
3308 1435 3358 1487 in
3383 1449 3480 1504 spe
3507 1438 3656 1504 regni
3688 1452 3801 1492 caa-

2214 1520 2384 1576 lesﬁs.
2418 1520 2612 1576 Amen.
2637 1521 2799 1576 Actus
2821 1531 3029 1577 vestros
3057 1524 3310 1592 corrigat,
3341 1525 3501 1578 vitam
3523 1527 3797 1591 emendet,

2218 1612 2372 1682 175
2403 1627 2580 1667 mores
2630 1623 2945 1680 componat,
2996 1623 3051 1666 et
3080 1627 3175 1666 vos
3201 1615 3264 1666 ad
3295 1615 3530 1668 caelestis
3563 1617 3802 1684 paradisi

2215 1702 2580 1756 haereditatem
2634 1707 2914 1771 perducat.
2972 1703 3166 1756 Amen.
3222 1703 3446 1772 Talique
3503 1703 3802 1758 intentione

2214 1793 2406 1861 repleri
2433 1793 2672 1860 valeatis,
2702 1808 2803 1863 qua
2835 1793 2887 1848 ei
2917 1793 2968 1846 in
3004 1804 3320 1863 perpetuum
3349 1794 3624 1863 placeatis.
3642 1793 3798 1861 Quod

2212 1884 2323 1954 ipse
2355 1894 2628 1954 praestare.

2281 2000 2360 2053 Ad
2388 1999 2776 2068 Complendum.
2802 2029 2872 2041 —
2902 1998 3161 2068 Sumptis,
3192 1998 3418 2054 Domine
3441 2040 3456 2065 ,
3497 2007 3606 2053 tute
3645 1998 3796 2052 insti-

2212 2090 2432 2145 tutionis
2462 2088 2797 2154 muneribus,
2825 2103 3131 2157 quaesumus
3156 2098 3212 2143 ut
3238 2105 3334 2143 nos
3356 2103 3540 2143 eorum
3566 2099 3622 2143 et
3640 2104 3794 2142 mun-

2209 2180 2336 2234 ditia
2369 2193 2580 2250 purges,
2607 2189 2663 2234 et
2691 2181 2890 2248 po:enti
2920 2179 3114 2234 virtute
3161 2177 3438 2236 defendas.
3475 2179 3578 2234 Per
3605 2179 3791 2235 Domi-

2211 2286 2361 2324 num.

2283 2385 2451 2455 Super
2481 2387 2748 2456 papulum.
2771 2409 2840 2426 -——
2870 2384 3138 2450 Concede,
3163 2399 3469 2455 quaesumus
3491 2427 3508 2453 ,
3539 2385 3787 2455 omnipo-

2211 2483 2330 2528 tens
2358 2475 2497 2529 Deus
2523 2517 2538 2541 ,
2572 2484 2664 2541 ut,
2692 2475 2830 2529 viam
2862 2483 3005 2529 tuam
3036 2475 3227 2530 devota
3257 2484 3435 2530 mente
3470 2484 3784 2542 currentes,

2213 2564 2368 2634 (624)
2398 2565 2808 2633 subripientium
2856 2567 3170 2622 delictorum
3219 2566 3435 2634 laqueos
3473 2553 3788 2622 evadamus.

2211 2655 2313 2712 Per
2339 2655 2619 2709 Dominum
2663 2663 2931 2710 nostrum.

2492 2781 2806 2823 IIEBDOIADA
2836 2783 2888 2822 Il
2916 2781 3045 2824 POS'I'
3073 2782 3471 2822 PENTECOSTEN.

2279 2879 2501 2945 Praista,
2521 2891 2848 2949 qumsumus,
2864 2879 3206 2945 omnipotens
3231 2889 3286 2932 et
3303 2878 3613 2932 misericors
3631 2877 3793 2941 Deus,

2209 2978 2268 3026 ut
2293 2973 2434 3026 inter
2465 2971 2619 3041 hujus
2645 2971 2766 3025 vita:
2796 2971 3053 3041 caligines
3073 3010 3090 3036 ,
3121 2985 3220 3025 nec
3249 2971 3546 3041 ignorantia
3579 2970 3797 3024 fallente

2210 3073 2513 3135 mergamur
2538 3105 2553 3130 ,
2583 3079 2682 3118 nec
2710 3064 2963 3133 praecipiti
2991 3063 3300 3118 studeamus
3348 3063 3623 3116 voluntate
3668 3076 3794 3127 pec—

2207 3170 2354 3221 care,
2378 3156 2471 3210 sed
2493 3155 2684 3222 quibus
2712 3155 2958 3209 ﬁduciam
2990 3153 3268 3222 speranda:
3287 3152 3497 3221 pietatis
3521 3151 3793 3218 indulges,

2208 3257 2404 3316 optata:
2443 3246 2825 3301 misericordim
2856 3255 3048 3314 pra-sta
3082 3244 3340 3313 benignus
3369 3242 3644 3296 effectum.
3673 3241 3796 3295 Per.

2282 3339 2452 3407 Super
2473 3339 2664 3392 oblata.
2694 3364 2765 3378 -—-
2791 3336 3036 3391 Concede
3081 3335 3234 3390 nobis
3263 3336 3374 3388 haec
3399 3374 3413 3398 ,
3441 3346 3757 3398 quaesumus
3780 3373 3793 3395 ,

2212 3428 2436 3484 Domine
2463 3472 2477 3498 ,
2513 3429 2672 3499 digne
2719 3428 3060 3497 frequentare
3113 3426 3402 3496 mysteria,
3432 3424 3554 3493 quia
3584 3422 3799 3490 quoties

2214 3520 2370 3589 hujus
2403 3519 2598 3574 llustia:
2627 3519 3065 3573 commemoratio
3088 3518 3389 3572 celebratur
3409 3550 3426 3579 .
3470 3514 3618 3584 (625)
3654 3526 3791 3580 opus

2216 3622 2414 3664 nostra:
2440 3611 2822 3680 redemptionis
2853 3617 3159 3663 exercetur.
3190 3606 3312 3660 Per.

2291 3701 2558 3769 Praefatio.
2581 3723 2654 3739 ά-
2678 3701 2816 3754 Vere
2857 3700 3073 3770 dignum
3123 3707 3176 3752 et
3200 3697 3395 3764 justum
3428 3703 3548 3756 est,
3581 3707 3796 3760 aequum

2215 3800 2270 3844 et
2297 3793 2550 3855 salutare,
2577 3805 2674 3845 nos
2707 3791 2799 3844 tibi
2831 3805 3041 3856 semper
3063 3797 3116 3842 et
3143 3788 3338 3855 ubique
3375 3787 3572 3854 gratias
3602 3798 3798 3851 agere.

2217 3883 2445 3937 Domine
2475 3893 2680 3946 sancte,
2715 3882 2869 3936 l’ater
2897 3882 3263 3947 omnipotens,
3295 3887 3492 3930 misine
3523 3875 3662 3928 Deus
3701 3892 3714 3924 :
3747 3881 3799 3925 et

2218 3972 2309 4025 tibi
2337 3972 2570 4027 debitam
2601 3974 2906 4027 servitutem
2932 4012 2947 4036 ,
2981 3986 3074 4038 per
3103 3967 3386 4023 ministerii
3415 3966 3571 4033 hujus
3600 3965 3794 4032 imple-

2219 4057 2418 4116 tionem
2453 4063 2755 4129 persolvere
2783 4101 2798 4125 ,
2833 4061 2955 4129 quia
2989 4075 3092 4113 n0n
3130 4059 3302 4111 solum
3338 4053 3684 4124 peccantibus
3715 4067 3800 4105 ve.

2221 4153 2361 4204 niam
2389 4151 2578 4205 tribuis
2601 4191 2616 4211 .
2652 4152 2744 4204 sed
2792 4152 2952 4204 etiam
2987 4150 3202 4220 praemia
3233 4149 3534 4216 petentibus
3561 4149 3800 4215 imperti-

2223 4245 2315 4297 tis.
2347 4242 2414 4296 Et
2476 4243 2614 4312 quod
2644 4242 2849 4311 perpeti
2901 4243 3054 4296 malis
3092 4242 3346 4310 operibus
3389 4254 3798 4308 promeremur,

2222 4335 2503 4404 magniﬁca
2529 4334 2723 4402 pietate
2751 4332 2978 4401 depellis
2999 4372 3012 4394 ,
3044 4339 3101 4384 ut
3131 4345 3226 4385 nos
3251 4331 3317 4383 ad
3357 4341 3458 4383 tuze
3486 4329 3804 4383 reverentia:

2222 4427 2420 4481 cultum
2449 4465 2465 4490 ,
2515 4434 2569 4478 et
2593 4423 2745 4494 (626)
2780 4433 2983 4478 terrore
3011 4435 3190 4492 cogas,
3221 4431 3276 4476 et
3302 4436 3483 4475 amore
3515 4420 3801 4490 perducas.

1936 4472 2112 4572 Dim}-
2149 4475 2198 4537 υ
2224 4509 2326 4572 Per
2349 4470 2639 4570 Christum.

2292 4606 2606 4661 Benedictio.
2635 4633 2705 4644 —
2733 4604 2893 4670 Deus,
2917 4604 3003 4671 qui
3030 4613 3112 4658 est
3141 4604 3244 4656 vita
3275 4600 3601 4664 mortalium,
3631 4602 3804 4653 salus-

2221 4713 2324 4767 que
2344 4707 2703 4767 peccatorum,
2759 4698 2962 4750 auierat
2993 4711 3021 4748 a
3045 4696 3195 4748 vobis
3216 4708 3405 4748 omnes
3434 4693 3670 4746 maculas
3705 4691 3801 4744 de-

2223 4789 2492 4844 lictorum.
2526 4790 2716 4840 Amen.
2752 4785 2939 4838 Induat
2965 4800 3061 4838 vos
3086 4786 3280 4838 decore
3306 4789 3582 4845 virtutum,
3613 4778 3806 4832 sancti-

2224 4881 2616 4944 ﬁcetmentes,
2669 4878 2912 4947 puriﬁcet
2957 4880 3289 4940 voluntates,
3350 4886 3404 4930 et
3437 4877 3600 4928 donet
3655 4872 3806 4922 Vobis

2225 4979 2527 5024 Sanctorum
2552 4969 2878 5022 consortium
2909 4951 3240 5034 angelorum.
3267 4965 3329 5020 Ut
3359 4964 3656 5033 probabilet
3682 4963 3804 5020 ﬁde.

2225 5077 2276 5117 ct
2306 5077 2467 5130 Opere
2496 5061 2840 5121 immaculati,
2873 5059 3195 5128 pcrvcniatis
3212 5058 3276 5111 ad
3310 5068 3562 5111 mternam
3586 5055 3807 5124 gaudio-

2223 5166 2340 5207 rum
2368 5151 2668 5208 cu-lestium
2695 5150 3082 5206 haereditatem.
3117 5153 3306 5202 Amen.
3337 5146 3490 5214 Quod
3525 5148 3640 5214 ipse
3674 5160 3804 5213 prat-

2220 5255 2385 5298 stare.

2294 5338 2371 5390 Ad
2399 5335 2789 5404 Complendum.
2819 5363 2889 5375 --
2917 5331 3018 5387 Tui
3048 5323 3196 5386 nobis
3221 5371 3236 5396 ,
3267 5318 3488 5384 Domine
3514 5365 3530 5390 ,
3569 5338 3810 5379 cemmu-

2223 5429 2310 5481 nio
2334 5426 2676 5492 sacramenti,
2707 5434 2762 5480 ct
2790 5423 3216 5494 puriﬁcationem
3245 5419 3505 5485 conferat,
3533 5427 3588 5472 et
3613 5419 3810 5471 tribuat

2221 5517 2497 5570 unitatem.
2531 5517 2648 5571 Per.

2228 5646 2497 5702 communi
2525 5647 2788 5714 legentum
