4026 6348
170 365 287 421 181

1414 352 1628 419 Lmen
1660 348 2298 418 'sacnaueu'ro'ttuu.

3364 358 3465 414 ΠΒ

260 482 444 548 Super
468 483 751 549 populum.
783 512 851 523 —
878 481 1168 545 Conserva,
1199 492 1524 549 quasumus,
1550 475 1790 543 Domine,
1823 480 1871 537 Α
1899 476 2136 530 intendat
2159 516 2174 540 ,
2224 484 2281 530 et
2323 474 2598 543 culparum
2622 476 2859 530 omnium
2906 472 3057 531 vobis
3100 473 3312 529 veniam
3360 477 3472 530 cle-

172 583 418 627 tuorum
445 574 620 628 corda
655 574 885 629 lldelium
911 614 928 638 ,
974 582 1027 627 et
1054 573 1239 643 gratia:
1259 582 1364 626 tua
1391 571 1586 624 virtute
1608 583 1792 624 corro-
1896 577 2101 621 tnenter
2129 566 2399 621 attribuat.
2430 569 2622 621 Amen.
2649 566 2803 633 Quod
2837 567 2951 635 ipse
2977 574 3256 635 praestare.

174 666 361 727 hora,
391 674 452 719 ut
478 674 537 721 et
564 665 618 718 in
648 673 734 719 tua
755 666 861 718 sint
884 662 1271 732 supplicatione
1292 660 1494 727 devoti,
1516 666 1574 714 et
1604 667 1787 714 mutua

172 754 499 811 dilectione
524 755 745 810 sinceri.
769 755 870 808 Per
894 753 1174 807 Dominum
1198 758 1461 805 nostram.

480 882 798 921 ιιειιυοιιλωι
841 882 912 919 ιιι
953 878 1081 919 ιιοετ
1120 878 1507 918 PENTECOSTEN.

273 976 449 1041 Deus,
476 978 570 1047 qui
598 973 1036 1044 omnipotentiam
1067 984 1208 1027 tuam
1242 972 1509 1041 parcendo
1537 968 1789 1036 maxime,

198 1064 380 1137 176
405 1076 466 1121 et
491 1064 795 1133 miserando
826 1061 1155 1126 manifestas,
1186 1061 1479 1129 multiplica
1502 1073 1665 1129 super
1694 1072 1792 1113 nos

182 1156 641 1209 misericordiam
673 1165 841 1217 tuam,
875 1162 954 1218 ut,
987 1152 1051 1205 ad
1081 1160 1167 1204 tua
1195 1150 1457 1219 promissa
1483 1157 1789 1214 currentes,

180 1245 511 1298 caelestium
564 1244 825 1298 bonorum
872 1239 1037 1296 facias
1064 1256 1185 1297 esse
1231 1249 1527 1296 consortes.
1560 1239 1661 1294 Per
1690 1240 1790 1293 Do-

179 1334 415 1387 urinam
460 1349 556 1388 nos
565 1344 644 1386 tru
653 1349 722 1386 nt.

271 1425 462 1493 Super
507 1425 701 1479 abluta.
728 1454 797 1464 -——
828 1422 969 1489 Tibi,
1002 1422 1223 1478 Domine
1246 1462 1264 1490 ,
1310 1421 1578 1477 sacriﬁcia
1610 1419 1781 1475 dicata

185 1516 511 1570 reddantur
534 1554 551 1578 ,
594 1530 712 1582 qua:
735 1516 811 1569 sic
840 1515 905 1568 ad
939 1516 1193 1567 honorem
1246 1512 1475 1566 nominis
1514 1512 1584 1566 tui
1635 1512 1781 1567 dele-

186 1607 375 1659 renda
411 1604 687 1672 tribuisti,
727 1614 785 1659 ut
806 1605 994 1660 eadem
1023 1604 1259 1658 remedia
1288 1602 1400 1659 lieri
1431 1612 1615 1657 nostra
1644 1618 1784 1672 prce-

193 1708 410 1751 stares.
443 1697 548 1751 Per
579 1696 883 1751 Dominum.

1963 658 2043 712 Ad
2072 657 2458 729 Complendnm.
2492 684 2562 698 -—
2593 657 2898 714 Sentiamus
2920 698 2935 724 ,
2964 656 3188 711 Domine
3212 695 3227 720 ,
3253 668 3470 723 quaesit-

1896 768 2044 817 mas,
2088 753 2163 805 tui
2196 751 2538 820 perceptione
2578 750 2901 805 sacramenti
2941 748 3232 805 subsidium
3276 748 3470 802 mentis

1893 844 2233 911 et‘corporis,
2286 851 2345 896 nt
2390 843 2443 896 in
2473 851 2695 909 utroque
2721 842 2906 896 salvati
2931 882 2947 907 ,
2988 841 3107 896 οωιι
3126 840 3224 894 stis
3247 836 3469 893 remedii

1894 934 2223 1004 plenitudine
2250 932 2562 1002 gloriemur.
2591 934 2713 987 Per.

1967 1021 2138 1090 Super
2166 1023 2427 1089 populant.
2451 1040 2523 1061 έ-
2544 1014 2737 1087 Tuere,
2768 1017 3003 1087 Domine,
3022 1023 3276 1091 populum
3295 1030 3465 1086 tuum.

1893 1120 1949 1167 et
1991 1112 2317 1167 salutaribus
2347 1110 2608 1181 praesidiis
2653 1125 2865 1178 semper
2906 1112 3145 1180 adjutmn
3197 1114 3470 1169 beneﬁciis

1893 1202 2076 1257 attolle
2098 1203 2363 1257 continuis
2388 1214 2436 1256 et
2470 1203 2663 1256 mentis
2682 1214 2731 1256 et
2761 1206 3025 1271 corporis.
3056 1205 3179 1258 Per.

2178 1319 2491 1367 ﬁEBDOIMDA
2521 1322 2611 1366 xw
2639 1327 2769 1366 rosr
2796 1327 3187 1367 mxrecosreu.

1964 1422 2314 1493 Omnipotens
2335 1423 2661 1491 sempiternae
2684 1424 2841 1487 Deus,
2873 1439 2966 1493 per
2992 1438 3150 1492 quem
3172 1426 3331 1491 ctepit
3352 1440 3471 1482 esse

1894 1513 2034 1584 quod
2060 1530 2161 1568 non
2193 1523 2327 1575 erat,
2358 1528 2410 1568 et
2444 1513 2595 1583 (627)
2621 1513 2819 1566 factum
2858 1522 2940 1568 est
2984 1512 3189 1567 visibile
3218 1515 3356 1581 quod
3387 1514 3474 1566 lae-

1896 1603 2061 1672 tebat,
2096 1601 2376 1657 Stultitiatn
2402 1603 2568 1656 nostri
2599 1602 2777 1656 cordis
2800 1603 3046 1667 etnttttda,
3074 1611 3127 1657 et
3152 1620 3267 1671 quae
3292 1604 3342 1657 iit
3376 1618 3471 1657 no-

1896 1693 1979 1748 bis
2006 1702 2128 1747 sunt
2162 1694 2416 1747 vitiorum
2447 1702 2652 1748 secreta
2708 1692 2949 1762 purificn,
2991 1703 3046 1746 ut
3091 1694 3354 1762 possimus
3381 1693 3472 1749 tibi

273 1785 561 1856 Ρτωριιὶο.
594 1814 663 1825 -
705 1785 844 1840 Vere
866 1784 1080 1854 dignum
1127 1793 1182 1838 et
1215 1784 1417 1853 justum
1449 1792 1553 1847 est,
1586 1796 1793 1853 :rguttm
1827 1835 1870 1856 ἢ
1898 1782 2123 1839 Domino
2159 1798 2289 1854 pura
2322 1793 2500 1838 mente
2529 1784 2752 1839 servire.
2788 1784 2888 1839 l’er
2912 1776 3223 1839 Dominum.

186 1886 255 1931 et
287 1876 557 1942 salutare,
586 1892 684 1930 nos
711 1875 806 1930 tibi
835 1889 1048 1944 semper
1071 1884 1126 1928 et
1150 1873 1348 1942 ubique
1368 1874 1564 1943 gratias
1592 1887 1786 1943 agere,

192 1968 445 2024 Domine
466 1979 677 2033 sancte,
704 1969 863 2023 Pater
882 1970 1239 2036 omnipmens,
1270 1976 1471 2021 teterne
1497 1963 1665 2020 Dens:
1691 1981 1786 2021 cu-

184 2059 289 2129 jus
322 2060 562 2128 primum
585 2068 689 2112 tua:
718 2056 927 2127 pietatis
958 2057 1209 2111 indicium
1229 2065 1344 2120 est,
1381 2058 1424 2110 si
1456 2056 1550 2110 tibi
1582 2072 1677 2110 nos
1707 2058 1784 2111 fa-

192 2151 318 2205 cias
358 2161 478 2205 toto
507 2151 672 2205 corde
720 2149 989 2219 subjectos
1014 2193 1030 2218 ,
1062 2157 1117 2203 et
1161 2148 1404 2217 spiritum
1450 2149 1605 2202 nobis
1630 2156 1791 2203 tantm

197 2242 523 2298 devotionis
576 2242 865 2305 infundas,
923 2251 981 2297 ut
1028 2241 1286 2311 propitius
1334 2239 1575 2311 largiaris
1605 2255 1793 2297 conse-

193 2344 441 2404 quenter
468 2333 748 2387 auxilium.
781 2332 881 2387 Per
902 2333 1196 2388 Christum.

274 2433 301 2457 ει
324 2422 656 2476 Bmedr‘ctio.
688 2452 758 2465 -—
782 2419 1131 2478 Devotionem
1163 2434 1392 2477 vestram
1424 2420 1682 2475 Dominus
1715 2420 1796 2476 di-

202 2524 446 2584 gnanter
489 2512 772 2581 intendat,
829 2518 884 2567 et
911 2527 1022 2568 suae
1046 2512 1195 2567 vobis
1222 2512 1611 2567 benedictionis
1657 2511 1795 2567 dona

199 2605 502 2660 concedat.
559 2606 752 2659 Amen.
798 2602 1020 2673 Talique
1072 2618 1168 2659 vos
1198 2603 1251 2657 in
1303 2605 1549 2673 praesenti
1599 2604 1797 2658 saeculo

204 2695 463 2750 subsidio
493 2695 742 2758 muniat,
774 2703 829 2749 ut
854 2694 1085 2763 paradisi
1115 2706 1211 2747 vos
1239 2693 1291 2747 in
1324 2694 1503 2748 futuro
1534 2693 1797 2747 habitato-

209 2802 303 2841 res
324 2787 557 2841 el’lieiat.
586 2787 779 2841 Arnen.
808 2785 1003 2855 Sicque
1024 2786 1186 2841 corda
1210 2796 1387 2840 vestra
1417 2784 1799 2842 sanctiﬁcando

202 2874 523 2941 benedicat,
559 2885 615 2933 et
636 2875 1001 2931 benedicendo
1023 2876 1322 2932 sanctiﬁcet
1346 2918 1361 2942 ,
1403 2878 1796 2947 ut.vobiscum,

206 2969 322 3023 imo
368 2970 427 3023 in
459 2969 616 3024 vobis
644 2981 768 3023 eum
821 2970 1064 3026 habitare
1115 2970 1371 3028 delec1et.
1404 2972 1596 3027 Amen.
1642 2971 1797 3039 Quod

204 3061 325 3127 ipse
348 3072 640 3130 praestare.

283 3153 364 3204 Ad
393 3150 788 3221 Complendum.
814 3180 883 3191 —
912 3151 1247 3218 Quaesumus,
1284 3152 1504 3208 Domine
1535 3152 1675 3208 Deus
1701 3168 1800 3207 nn-

1970 1876 2139 1945 Super
2166 1876 2354 1931 oblata.
2386 1907 2456 1917 —
2495 1876 2781 1931 OlTerimus
2809 1876 2927 1941 tibi,
2961 1876 3203 1943 Domine,
3238 1876 3473 1931 llostiam

1898 1965 2211 2035 placationis
2252 1975 2312 2021 'et
2355 1965 2549 2033 laudis,
2596 1968 2869 2022 humiliter
2897 1966 3266 2035 implorantes,
3313 1978 3372 2023 ut
3420 1981 3474 2024 et

1897 2072 2013 2112 eam
2046 2057 2289 2126 placabiii
2310 2058 2512 2126 pietate
2543 2058 2822 2128 respicias,
2852 2069 2906 2115 et
2926 2060 3260 2119 omercntium
3289 2076 3474 2131 preces

1898 2146 2144 2201 clementi
2175 2147 2417 2217 largitate
2445 2149 2720 2203 exauilias.
2755 2149 2874 2203 Per.

1970 2236 2329 2306 Prmfatio.—-
2347 2239 2479 2292 \‘ere
2507 2237 2724 2308 dignum
2755 2248 2807 2292 et
2830 2237 3031 2308 justum
3059 2248 3160 2306 est,
3191 2254 3399 2310 mquum
3423 2250 3479 2297 et

1900 2330 2154 2395 salutare,
2200 2345 2301 2384 nos
2331 2331 2425 2385 tibi
2458 2346 2669 2399 semper
2715 2339 2769 2386 et
2812 2332 3009 2395 ubique
3048 2333 3245 2401 giatias
3294 2348 3473 2402 agere,

1903 2421 2124 2473 Domine
2174 2428 2398 2487 sancte,
2432 2420 2589 2475 Pater
2628 2420 3005 2487 omnipotens,
3044 2432 3244 2477 aeterne
3297 2423 3474 2477 Deus:

1899 2510 2023 2579 quia
2055 2518 2109 2564 tu
2152 2511 2202 2565 in
2251 2518 2433 2564 nostra
2478 2522 2690 2579 semper
2717 2510 2920 2565 iaciens
2949 2512 3260 2568 inﬁrmitate
3304 2513 3476 2568 virtu-

1901 2612 2029 2666 ti-m,
2062 2600 2213 2673 (623)
2250 2603 2543 2659 Ecclesiam
2593 2614 2736 2659 tuam
2776 2603 2917 2658 inter
2964 2604 3184 2659 adversa
3232 2620 3479 2661 crescere

1902 2693 2155 2757 tribuisti,
2189 2703 2247 2747 ut
2292 2710 2412 2749 cum
2454 2702 2730 2763 putaretur
2780 2678 3070 2763 oppressa,
3125 2704 3250 2750 tunc
3299 2701 3479 2766 potius

1902 2785 2216 2850 praevaleret
2238 2785 2489 2849 esaltata,
2516 2785 2641 2839 dum
2672 2785 2832 2840 simul
2856 2794 2914 2839 et
2941 2786 3324 2855 experientiam
3353 2786 3475 2842 ﬁdei

1894 2872 2136 2929 declarat
2156 2874 2394 2941 afﬂictio,
2424 2885 2481 2930 et
2517 2877 2952 2930 victoriosissima
2995 2887 3207 2946 semper
3238 2891 3479 2948 perseve-

1902 2975 2004 3031 ret,
2040 2977 2091 3022 te
2119 2969 2425 3039 adjuvante,
2459 2969 2692 3025 devotio.
2728 2971 2829 3025 Per
2850 2970 3153 3025 Christum.

1976 3056 2289 3113 Benedictio.
2325 3088 2389 3100 -
2418 3060 2515 3114 Det
2546 3061 2696 3114 vobis
2731 3062 2981 3114 Dominus
3004 3073 3199 3116 munus
3238 3076 3349 3117 suae
3378 3065 3477 3119 be-

1905 3150 2243 3216 nedictionis,
2274 3159 2329 3205 et
2352 3152 2561 3219 reptant
2588 3167 2681 3205 vos
2727 3154 2917 3221 spiritu
2963 3153 3202 3207 veritatis
3227 3160 3283 3208 et
3310 3153 3474 3223 pacis.

401 3202 493 3206 νη
918 3202 1247 3218 ...νη-ψη,
1285 3202 1503 3208 ---------
1535 3202 1672 3208 --ν-
1702 3202 1734 3207 --
2178 3202 2243 3216 τ.
2281 3202 2326 3205 --
2357 3202 2500 3219 --τνν
2545 3202 2560 3206 ν
2976 3202 3199 3207 mw"—
3232 3202 3280 3208 ν-
3313 3202 3474 3223 τ--η

206 3249 353 3304 ater,
381 3248 442 3294 ut
468 3254 606 3309 quos
626 3241 824 3295 divinis
846 3254 1103 3309 reparare
1130 3257 1235 3295 non
1264 3242 1467 3298 desinis
1494 3257 1798 3298 sacramen-
1828 3202 1873 3263 Β
1904 3238 2096 3293 Amen.
2129 3238 2401 3304 Quatenus
2429 3240 2506 3295 sic
2540 3256 2631 3310 tier
2666 3244 2802 3295 viam
2829 3242 3017 3297 salutis
3063 3242 3255 3298 devota
3299 3251 3479 3300 mente

202 3331 303 3396 tis,
333 3331 437 3384 tuis
463 3346 571 3385 non
599 3330 863 3386 destitnas
893 3332 1153 3401 benignus
1182 3334 1417 3388 auxiliis.
1452 3334 1577 3389 Per.

284 3418 459 3488 Super
486 3421 757 3491 populum.
786 3448 856 3461 ---
879 3421 1086 3477 Fideles
1118 3431 1267 3486 tuos,
1303 3424 1525 3478 Domine
1548 3465 1562 3488 ,
1588 3440 1797 3493 quasn-

208 3523 363 3575 snus,
396 3524 623 3579 corpore
654 3512 853 3578 pariter
873 3522 927 3567 et
942 3522 1123 3568 mente
1155 3517 1371 3583 purilica
1394 3556 1409 3580 ,
1437 3526 1495 3569 ιιι
1518 3558 1533 3583 ,
1593 3525 1680 3571 tua
1712 3519 1797 3571 in-

210 3602 509 3669 spiratione
552 3604 898 3672 CotnpunCIi,
951 3606 1137 3660 noxias
1190 3606 1571 3663 delectationes
1624 3609 1796 3666 vitare

206 3692 547 3759 wcvaleant
572 3734 591 3759 ,
641 3706 819 3762 atque,
851 3703 909 3747 ut
942 3709 1124 3748 earum
1158 3710 1261 3748 non
1303 3697 1581 3764 capiantur
1611 3698 1797 3754 illece-

207 3781 348 3849 bris,
374 3789 469 3836 tua
498 3797 713 3849 senipi-r
738 3784 999 3838 suavitate
1026 3794 1330 3852 pascantur.
1357 3786 1479 3841 Per.
1620 3767 1627 3775 ⁸

467 3890 785 3931 HEBDOIMDA
824 3893 917 3932 IIII
956 3894 1083 3934 POST
1121 3896 1521 3939 Ρειιιτεοοδτεη.

282 3966 642 4036 Omnipotens
661 3970 988 4038 sempiterne
1020 3970 1179 4037 Deus,
1212 3974 1301 4042 qui
1329 3975 1652 4030 abundantia
1680 3978 1791 4045 pie-

206 4058 340 4111 ta'is
374 4066 482 4112 tua:
524 4068 579 4112 et
623 4062 813 4114 merita
843 4062 1139 4130 supplicum
1170 4064 1385 4118 excedis
1430 4076 1483 4118 et
1526 4076 1642 4119 vota
1668 4106 1684 4130 ,
1715 4066 1796 4121 ei-

215 4151 381 4202 funde
428 4163 589 4218 super
631 4167 727 4204 nos
778 4152 1196 4207 misericordiam
1248 4163 1430 4218 tuam,
1486 4165 1541 4211 ut
1565 4156 1800 4213 dimittas

218 4256 340 4307 quae
371 4241 703 4295 conscientia
732 4244 916 4297 metuit
937 4283 953 4311 ,
1000 4254 1053 4299 et
1073 4244 1290 4313 atljicias
1324 4247 1463 4316 quod
1494 4250 1664 4302 oratio
1693 4263 1798 4303 non

217 4333 520 4396 prrsum“.
556 4332 682 4388 Per.

295 4426 469 4495 Super
497 4428 693 4482 oblata.
742 4456 811 4468 --
847 4427 1106 4499 Respice,
1138 4429 1360 4485 Domine
1380 4467 1398 4497 ,
1449 4446 1758 4500 quaesumus
1779 4475 1796 4498 ,

224 4528 465 4570 nostram
496 4517 760 4586 propitius
788 4521 1133 4580 servitutem,
1166 4531 1223 4573 ut
1252 4520 1394 4589 quod
1424 4520 1699 4577 oderimus
1724 4524 1796 4577 sit

220 4608 320 4661 tibi
365 4624 563 4663 munus
605 4620 878 4679 acceptum
904 4650 919 4675 ,
962 4612 1032 4665 sit
1060 4622 1255 4667 nostra
1276 4610 1578 4682 fragilitatis
1627 4612 1796 4669 subsio

216 4700 381 4753 dium.
415 4698 544 4754 Per.

292 4787 570 4857 Praefatio.
605 4820 674 4830 —
705 4790 843 4845 Vere
880 4792 1096 4862 dignum
1122 4804 1175 4849 et
1197 4794 1396 4863 justum
1421 4805 1505 4850 est
1526 4832 1543 4863 ,
1589 4811 1799 4865 aequum

217 4881 551 4946 etsalutare,
587 4897 686 4935 nos
715 4882 805 4937 tibi
836 4898 1049 4953 semper
1069 4894 1124 4938 et
1164 4885 1357 4954 ubique
1386 4889 1584 4956 gratias
1611 4904 1801 4957 agere,

223 4968 443 5025 Domine
486 4982 698 5035 sancte,
727 4973 884 5028 Pater
932 4977 1276 5044 omnipotens
1301 5019 1315 5040 ,
1361 4988 1562 5034 teterne
1612 4978 1753 5033 Deus
1787 4996 1799 5033 :

218 5061 306 5123 qui
335 5077 435 5116 nos
455 5064 777 5134 castigando
800 5080 977 5125 sanas.
1005 5076 1061 5120 et
1084 5067 1376 5123 refovendo
1400 5069 1659 5137 benignus
1678 5084 1802 5123 eru-

220 5151 326 5216 dis,
356 5153 483 5207 dum
510 5157 679 5223 magis
706 5157 785 5210 vis
816 5158 993 5211 salvos
1018 5173 1141 5212 esse
1159 5169 1430 5215 correctos
1444 5176 1603 5230 quam
1629 5163 1801 5231 perire

217 5241 475 5311 dejectos.
505 5245 610 5300 Per
636 5248 905 5301 Christum
936 5248 1219 5302 Dominum
1250 5259 1515 5304 nostrum.

291 5331 612 5389 Benedictio.
640 5366 705 5378 ——
737 5337 917 5391 Gratia
948 5353 1044 5391 sua
1067 5352 1163 5393 vos
1188 5339 1442 5393 Dominus
1473 5341 1756 5408 locupletet
1781 5380 1797 5402 ,

224 5433 278 5475 et
302 5425 507 5479 coalein
538 5426 915 5483 benedictione
942 5429 1279 5497 multiplicet.
1312 5431 1501 5485 Amen.
1530 5431 1611 5485 Ab
1654 5432 1798 5485 omni

222 5525 315 5565 vos
342 5514 668 5570 adversitate
700 5517 853 5587 177
875 5517 1159 5580 defendat,
1200 5528 1251 5571 et
1276 5519 1358 5586 pia
1389 5533 1602 5588 semper
1635 5522 1799 5574 mise-

222 5603 427 5660 ratione
446 5606 736 5661 custodiat.
782 5609 974 5663 Amen.
1010 5608 1302 5663 Petitiones
1330 5622 1533 5665 vestras
1565 5614 1801 5679 pinea-tus

1873 3332 2134 3386 'curratis
2161 3342 2216 3386 ut
2236 3332 2638 3400 subrepentium
2664 3335 2983 3389 delictorum
3007 3336 3223 3405 laqueos
3250 3339 3480 3392 sa'uhri-

1906 3431 1988 3477 ter
2002 3421 2257 3476 evadatis.
2288 3426 2475 3480 Amen.
2519 3424 2714 3492 Sicque
2733 3424 3036 3481 elliciamini
3058 3426 3108 3480 in
3135 3427 3250 3495 ejus
3277 3428 3479 3495 suppli-

1904 3511 2114 3567 catione
2132 3514 2331 3577 devoti,
2358 3525 2404 3568 et
2434 3514 2485 3569 in
2520 3525 2699 3569 mutua
2749 3516 3034 3571 dilectione
3064 3517 3277 3586 sinceri,
3326 3530 3382 3571 nt
3410 3518 3477 3572 ad

1902 3604 2123 3658 cmleste
2172 3619 2394 3674 regnum
2447 3606 2728 3675 pervenire
2774 3608 2992 3678 possitis
3038 3609 3235 3664 secari.
3285 3612 3478 3666 Amen.

1904 3693 2055 3759 Quod
2088 3694 2201 3761 ipse
2226 3706 2500 3762 prmstare.

1974 3785 2055 3837 Ad
2080 3782 2472 3853 Complendttm.
2505 3814 2574 3827 --
2606 3786 2847 3843 Vivilicet
2871 3803 2988 3850 nos,
3014 3801 3346 3859 qm'sumus,
3379 3791 3482 3845 Do-

1905 3873 2066 3938 mine,
2117 3875 2275 3942 hujus
2324 3875 2653 3946 participatio
2681 3886 2864 3932 sancta
2896 3880 3137 3951 mysterii
3158 3920 3172 3945 ,
3202 3891 3256 3936 et
3286 3883 3480 3951 pariter

1904 3966 2060 4021 nobis
2091 3967 2447 4037 expiationem
2479 3969 2677 4024 tribuat
2699 3979 2753 4024 et
2782 3974 3073 4027 mun‘men.
3104 3972 3226 4028 Per.

1979 4056 2146 4126 Super
2166 4058 2435 4126 populum.
2461 4089 2529 4099 —-
2551 4060 2897 4128 Omnipotens
2913 4072 2966 4113 et
2989 4063 3294 4117 misericors
3316 4064 3476 4131 licus,

1904 4146 1971 4202 de
1998 4148 2152 4216 cujus
2182 4163 2404 4202 munere
2443 4151 2583 4202 venit
2613 4158 2669 4203 ut
2715 4149 2809 4204 tibi
2840 4165 2866 4203 a
2898 4151 3143 4207 ﬁdelibus
3174 4155 3279 4208 tuis
3322 4155 3481 4221 digne

1906 4247 1960 4291 et
1988 4237 2324 4293 laudabiliter
2353 4241 2636 4303 serviatur,
2677 4240 2873 4309 tribue,
2918 4256 3242 4310 quaesumus,
3285 4245 3437 4299 nobis
3462 4290 3478 4314 ,

1906 4339 1963 4380 ut
2011 4329 2075 4382 ad
2126 4329 2508 4396 promissioncs
2541 4342 2656 4384 uias
2700 4332 2815 4387 sine
2858 4331 3153 4388 offensione
3180 4348 3480 4391 curramus.

1909 4418 2029 4473 Per.

2199 4524 2520 4565 ﬂEBDOlIATtA
2553 4527 2623 4565 ιιν
2655 4527 2783 4568 POST
2814 4528 3208 4570 PENTECOSTEN.

1975 4602 2328 4669 Omnipotens
2340 4602 2669 4671 sempiterna
2688 4604 2849 4668 Dens,
2873 4606 2938 4659 da
2965 4606 3120 4661 nobis
3147 4606 3288 4672 tidei,
3324 4609 3479 4679 178

1904 4692 2019 4760 spei
2044 4701 2100 4746 et
2125 4692 2401 4749 cbaritatis
2428 4705 2794 4763 augmentum,
2825 4707 2879 4751 et
2909 4705 2967 4751 ut
2994 4712 3298 4753 mereamur
3335 4713 3480 4754 asse-

1904 4785 1991 4855 qui
2024 4774 2166 4856 quod
2199 4785 2501 4855 promittis,
2553 4787 2635 4843 fac
2660 4801 2758 4842 nos
2801 4804 2984 4846 amare
3030 4789 3173 4859 quod
3214 4791 3479 4861 pmcipis.

1904 4873 2029 4930 Per.

1982 4967 2152 5036 Super
2181 4967 2375 5022 oblata.
2397 4998 2465 5008 -—
2491 4968 2821 5039 Pr0pitiare,
2859 4972 3100 5039 Domine,
3142 4974 3341 5042 popqu
3371 4982 3483 5039 tuo,

1908 5061 2203 5128 propitiare
2235 5062 2566 5125 muneribus,
2620 5071 2676 5115 ut
2726 5063 2827 5117 hac
2866 5062 3138 5118 oblatione
3168 5065 3401 5133 placatus
3429 5076 3484 5122 ct

1906 5150 2286 5219 indulgentiam
2338 5152 2491 5206 nobis
2536 5151 2737 5206 tribuas
2776 5160 2832 5208 et
2881 5155 3143 5223 postulata
3191 5156 3475 5211 concedis.

1906 5242 2025 5297 Per.

1980 5332 2248 5401 Praefatio.
2279 5362 2346 5372 —
2379 5332 2513 5388 Vere
2551 5332 2768 5399 dignum
2810 5343 2863 5387 et
2902 5334 3103 5402 justum
3144 5345 3246 5399 est,
3276 5349 3483 5403 aequum

1906 5435 1959 5478 et
1985 5424 2240 5488 salutare,
2273 5438 2370 5476 nos
2396 5423 2491 5477 tibi
2537 5436 2755 5493 semper
2775 5435 2831 5479 et
2860 5424 3055 5494 ubique
3084 5426 3280 5495 gratias
3301 5440 3483 5495 agerc,

1910 5517 2131 5570 Domine
2182 5524 2388 5578 sancte,
2424 5513 2584 5568 Pater
2631 5517 3013 5584 omnipotens,
3061 5526 3258 5571 aeterne
3302 5518 3478 5575 Dens;

1907 5609 1994 5677 qui
2026 5621 2123 5661 nos
2152 5605 2219 5659 de
2256 5604 2410 5658 donis
2453 5604 2713 5659 bonorum
2761 5606 3135 5674 temporalium
3168 5605 3231 5658 ad
3262 5621 3481 5675 percep-

294 5751 317 5778 ⁸
350 5744 641 5800 Eshibetur
663 5745 715 5799 in
737 5743 1153 5801 Benedictionali
1176 5744 1312 5800 inter
1333 5760 1668 5811 communes,
1689 5761 1782 5801 seu
1806 5746 1935 5801 nulli
1964 5742 2071 5800 dici
2101 5739 2361 5798 addictas.
