3988 6366
534 342 561 396 ‘l
572 346 649 401 ςιιὸ

1733 336 1978 396 SANCTI
2015 337 2343 394 GREGORII
2383 338 2599 396 MAGNI

3718 340 3847 394 184

533 452 743 513 tionem
774 454 1029 527 provcltis
1072 461 1393 509 internarum
1415 493 1430 517 ,
1480 461 1532 506 ct
1580 451 1696 506 haec
1726 451 1914 506 tribuis
1942 459 1997 505 et
2026 452 2111 505 illa
2141 466 2187 519 Α
2216 451 2533 519 consistere,
2558 460 2649 507 tuo
2667 466 2884 522 semper
2906 451 3059 524 (650)
3080 467 3300 510 munere
3320 453 3681 525 gubernetur.
3715 456 3841 510 Per

535 547 770 621 largiris,
797 561 851 603 ut
874 556 930 604 et
950 545 1213 601 mansuris
1228 546 1337 613 jam
1358 544 1669 613 incipiamus
1694 542 1877 607 inseri,
1905 554 1957 598 ct
1981 559 2107 612 prm-

543 641 872 697 tereuntibus
897 652 1003 692 non
1020 635 1213 692 teneri.
1238 636 1408 689 Tuum
1435 643 1517 689 est
1536 634 1678 689 enim
1700 633 1841 702 quod
1861 633 2108 698 vivimus,

537 734 661 802 quia
693 733 813 787 licet
862 730 1067 798 peccati
1116 729 1339 783 vulnere
1369 737 1556 782 natura
1583 737 1765 781 nostra
1799 727 1870 781 sit
1906 726 2111 790 vitiata,

539 824 614 877 tui
639 832 812 878 tamen
840 831 924 877 est
960 822 1139 888 cperis
1170 830 1228 874 ut
1269 831 1463 874 terrent
1500 820 1737 891 generati
1775 820 1840 874 ad
1869 819 2110 875 ctelcstia

535 926 897 969 renascamur.
929 910 1031 966 Per
1055 909 1352 965 Christum.

604 1000 918 1055 Benedictio.
970 1029 1041 1043 -—
1087 1001 1397 1056 Benedictio
1444 1014 1540 1054 vos
1586 1000 1796 1056 Domini
1827 1002 2111 1056 comitetur

536 1094 756 1164 ubique,
785 1095 995 1165 sibique
1021 1109 1239 1164 semper
1269 1096 1426 1149 faciat
1448 1095 1749 1151 adhaerere.
1769 1100 1960 1151 Amen.
1994 1097 2111 1165 Ipse

534 1202 630 1242 vos
661 1201 755 1241 sua
786 1187 1161 1243 benedictione
1177 1188 1455 1256 salviﬁcet,
1485 1189 1573 1257 qui
1592 1188 1841 1258 dignatus
1869 1199 1949 1242 est
1972 1189 2111 1257 plas-

535 1292 683 1332 mare
712 1285 975 1347 potenter.
1000 1280 1195 1332 Amen.
1223 1280 1395 1345 Atque
1422 1278 1493 1332 ita
1521 1291 1619 1331 vos
1649 1287 1863 1345 praestet
1882 1277 2110 1332 feliciter

533 1372 742 1437 vivere,
775 1380 833 1425 ut
879 1371 1113 1426 caelestis
1145 1370 1489 1425 beatitudinis
1531 1368 1729 1425 efﬁciat
1776 1371 2102 1425 cohzeredes.

533 1466 723 1517 Amen.
752 1460 904 1527 Quod
926 1456 1039 1530 ipse
1066 1472 1339 1531 prmstare.

603 1552 683 1607 Ad
705 1549 1098 1625 Compleudum.
1120 1583 1190 1592 —
1209 1551 1548 1616 lecstibus,
1580 1549 1825 1617 Domine,
1849 1550 2005 1605 donis
2025 1564 2110 1604 sa-

533 1645 714 1711 tiatos,
730 1658 1038 1714 quzesumus
1052 1654 1110 1698 ut
1135 1654 1189 1699 et
1210 1646 1480 1699 voluntate
1509 1644 1593 1713 pie
1610 1653 1858 1713 recteque
1875 1640 2105 1710 vivendi,

533 1743 587 1789 et
617 1736 811 1789 virtute
854 1744 1014 1805 atque
1038 1735 1275 1789 efﬁcacia
1305 1733 1613 1803 perﬁciendi
1655 1748 1754 1789 nos
1779 1732 1978 1803 jugiter
2006 1733 2103 1790 doc

531 1840 664 1882 nare
685 1826 940 1895 digneris.
970 1826 1071 1881 Per
1097 1826 1396 1881 Dominum.

608 1910 780 1987 Super
804 1918 1069 1988 pupulum.
1098 1942 1168 1957 «ει-
1195 1914 1489 1981 Conserva,
1521 1928 1841 1984 quaesumus,
1864 1915 2106 1980 Domine,

533 2009 782 2077 papulum
819 2017 1003 2069 tuum;
1061 2016 1114 2061 et
1142 2021 1298 2075 quem
1355 2006 1680 2059 salutaribus
1711 2006 1972 2074 praasidiis
2003 2021 2106 2058 nou

532 2099 736 2152 desinis
765 2098 1039 2166 adjuvare,
1073 2097 1343 2164 perpetuis
1371 2097 1541 2149 tribue
1569 2096 1805 2164 gaudere
1834 2095 2109 2151 beneﬁciis

532 2197 585 2243 ct
612 2189 809 2243 mentis
839 2199 892 2241 et
924 2188 1188 2256 corporis.
1221 2187 1323 2241 Per
1351 2186 1635 2240 Dominum
1668 2197 1931 2242 nostrum.

792 2314 1106 2354 REDDOIIADA
1143 2315 1232 2353 ινι
1262 2313 1389 2354 POST
1420 2315 1810 2355 PENTECOSTEN.

597 2405 838 2475 Custodi,
872 2410 1114 2475 Domine,
1147 2424 1454 2479 quaesumus
1486 2409 1782 2464 Ecclesiam
1817 2417 1959 2464 tuam
1990 2425 2110 2480 pro-

530 2500 810 2569 pitiatione
850 2510 1129 2570 perpetua,
1156 2512 1211 2554 et
1246 2501 1365 2569 quia
1402 2501 1520 2555 sine
1566 2509 1618 2555 te
1660 2500 1853 2554 labitur
1885 2502 2109 2554 humana

531 2593 848 2649 mortalitas.
873 2593 979 2649 tuis
998 2608 1212 2662 semper
1228 2593 1439 2648 auxiliis
1464 2602 1518 2647 et
1532 2592 1873 2647 abstrahatur
1890 2608 1919 2645 a
1940 2592 2111 2647 noxiis

531 2698 586 2739 et
612 2688 677 2737 ad
705 2684 952 2737 salutaria
982 2684 1261 2753 dirigatur.
1298 2683 1400 2738 Per
1427 2684 1728 2738 Dominum.

602 2774 770 2842 ,ξυνα
796 2775 986 2830 oblata.
1014 2801 1079 2815 -
1115 2775 1352 2830 Hostiam
1382 2775 1630 2829 sacriﬁcii
1663 2774 1948 2843 singularis
1971 2775 2064 2829 tibi
2090 2814 2107 2841 ,

530 2867 769 2930 Domine,
801 2864 1104 2921 deterentes
1131 2866 1381 2935 petimus,
1413 2874 1470 2919 ut
1497 2866 1614 2934 ejus
1646 2866 1839 2919 virtute
1866 2880 1963 2919 nos
1994 2874 2051 2919 et
2077 2880 2106 2918 a

529 2954 763 3023 peccatis
792 2956 1082 3022 emacules,
1110 2964 1165 3011 et
1192 2965 1278 3010 tua
1326 2954 1749 3011 sanctiﬁcatione
1771 2956 1959 3027 dignos
1988 2956 2108 3011 elﬁ-

528 3044 661 3101 cias.
691 3046 794 3099 Per
825 3045 1127 3100 Dominum.

600 3134 874 3205 Praefatio.
906 3166 975 3176 —
1004 3136 1143 3239 vero
1179 3136 1395 3205 dignum
1422 3145 1478 3191 et
1516 3134 1715 3204 justqu
1760 3143 1862 3203 est,
1894 3152 2103 3206 aequum
2134 3177 2180 3239 ϐ

535 3236 588 3280 et
615 3227 867 3292 salutare,
901 3241 999 3281 nos
1031 3226 1123 3281 tibi
1150 3242 1366 3295 semper
1394 3235 1448 3282 et
1474 3229 1669 3297 ubique
1698 3230 1892 3296 gratias
1922 3244 2101 3298 agere,

533 3314 759 3371 Domine
782 3325 985 3382 sancte,
1020 3317 1177 3373 Pater
1206 3318 1568 3387 omnipotens,
1595 3334 1624 3372 a
1643 3327 1794 3374 terne
1826 3320 1982 3382 Deus,
2014 3326 2129 3386 per'

533 3403 805 3462 Christum
837 3407 1121 3463 Dominum
1158 3418 1396 3463 nostrum
1424 3427 1437 3463 :
1465 3409 1557 3479 qui
1586 3409 1883 3464 aeternitate
1926 3424 2106 3464 sacer-

532 3499 664 3554 dotii
690 3502 772 3555 sui
801 3515 988 3556 omnes
1019 3500 1112 3556 tibi
1134 3501 1433 3557 servientes
1460 3502 1754 3555 sanctiﬁcat
1775 3501 2103 3567 sacerdotes,

530 3591 782 3662 quoniam
829 3592 1042 3647 mortali
1074 3608 1234 3648 carne
1277 3594 1630 3659 circumdati,
1662 3594 1737 3649 ita
1783 3593 2107 3663 quotidianis

534 3689 870 3749 peccatorum
901 3684 1302 3738 remissionibus
1346 3683 1673 3753 indigemus,
1705 3694 1761 3737 ut
1792 3698 1898 3737 non
1930 3684 2105 3738 solum

535 3787 632 3837 pro
658 3773 873 3842 popula,
904 3773 999 3829 sed
1027 3774 1188 3829 etiam
1221 3789 1317 3841 pro
1346 3774 1500 3828 nobis
1526 3773 1767 3844 ejusdem
1801 3784 1852 3830 te
1883 3773 2105 3831 Pontili-

530 3863 610 3917 cis
639 3864 852 3934 sanguis
880 3873 1089 3919 exoret.
1123 3863 1225 3918 Per
1253 3879 1431 3932 quem.

610 3955 769 4025 179
798 3962 822 3989 ⁸
849 3953 1166 4009 Benedictio.
1193 3983 1267 4003 α-
1284 3954 1725 4011 Concedat'vobis
1767 3958 2109 4025 omuipo:ens

537 4045 678 4099 Dcus
698 4060 893 4101 munus
911 4061 1020 4101 sure
1040 4047 1445 4114 benedictionis,
1462 4049 1547 4118 qui
1569 4058 1757 4103 vestrae
1770 4059 1852 4104 est
1864 4050 2109 4103 conscius

533 4137 885 4192 inﬁrmitatis.
918 4140 1110 4195 Amen.
1144 4139 1382 4211 Et(629)
1402 4140 1491 4207 qui
1519 4141 1669 4195 vobis
1700 4142 1883 4195 tribuit
1910 4142 2109 4211 suppli-

529 4229 683 4283 candi
706 4229 980 4297 allectum,
1000 4233 1194 4286 tribuat
1215 4232 1595 4288 consolationis
1616 4234 1889 4288 auxilium.
1914 4236 2106 4291 Amen.

533 4317 600 4375 Ut
630 4321 698 4375 ab
724 4334 793 4376 eo
818 4331 875 4376 et
905 4325 1183 4391 pra'sentis
1237 4331 1294 4377 et
1324 4323 1513 4378 futurae
1543 4324 1664 4378 vita:
1693 4325 1989 4378 subsidium
2020 4339 2110 4379 ca-

531 4410 708 4477 piatis,
730 4411 883 4479 cujus
906 4428 998 4465 vos
1021 4413 1257 4468 bonitate
1278 4424 1487 4468 creatos
1508 4428 1629 4469 esse
1649 4414 1886 4469 creditis.
1912 4415 2102 4469 Arnen.

531 4502 681 4567 Quod
714 4502 827 4569 ipse
854 4511 1126 4570 praestare.

602 4591 685 4644 Ad
713 4591 1099 4662 Complmdum.
1114 4620 1186 4634 -—
1204 4593 1399 4648 Prasla
1430 4594 1600 4659 nobis,
1624 4596 1925 4652 misericors
1942 4596 2105 4666 Deus,

461 4706 469 4717 ι
532 4690 591 4737 ιιι
620 4683 970 4750 placatiurtem
1018 4695 1157 4738 tuam
1210 4686 1467 4753 promptis
1512 4687 1778 4742 mentibus
1805 4703 2108 4757 exoremus,

532 4779 608 4837 et,
647 4786 748 4841 per
786 4783 1119 4829 sacramenta
1150 4790 1269 4844 qua:
1294 4775 1618 4844 sumpsimus
1647 4787 1985 4846 peccatorum
2016 4796 2109 4837 ve-

534 4862 675 4915 niam
709 4872 1119 4932 consequentes,
1152 4879 1181 4918 a
1231 4865 1407 4919 noxiis
1448 4864 1737 4921 liberemur
1785 4869 2104 4927 incursibus.

528 4949 632 5005 l’er
660 4949 939 5005 Dominum
969 4963 1233 5007 nostrum.

602 5041 774 5112 Super
794 5044 1061 5111 populum.
1080 5073 1147 5083 —
1169 5044 1483 5114 Propitiare,
1508 5047 1752 5111 Domine.
1778 5049 1971 5117 populo
1988 5058 2102 5116 tuo,

531 5142 583 5186 et
611 5134 679 5188 ab
700 5132 950 5188 omnibus
973 5133 1119 5188 illum
1144 5133 1361 5189 absolve
1385 5136 1634 5203 peccatis,
1666 5136 1882 5206 utquod
1908 5138 2104 5192 nostris

525 5225 915 5282 offensionibus
932 5240 1319 5297 promeremur,
1345 5236 1432 5282 tua
1452 5225 1772 5298 indulgentia
1797 5228 2102 5298 repellatur.

523 5316 645 5372 Per.

786 5423 1099 5465 HEBDOIADA
1131 5425 1237 5465 χνιι
1266 5426 1411 5465 νοεῖν
1425 5426 1822 5467 νεκτεοοετεα.

605 5497 896 5553 Ecclesiam
952 5510 1120 5564 tuam,
1178 5502 1418 5565 Domine,
1472 5501 1745 5556 miseratio
1798 5500 2105 5554 continuata

524 5587 749 5642 muudet
774 5597 830 5644 et
862 5590 1088 5658 muniat,
1119 5601 1173 5645 et
1220 5594 1339 5661 quia
1369 5592 1485 5646 sine
1535 5602 1585 5647 te
1616 5605 1720 5645 non
1752 5597 1926 5661 potest
1955 5589 2102 5645 salva

2219 541 2525 597 Dominum.

2289 632 2459 698 Super
2485 632 2673 686 oblata.
2688 661 2759 674 -—
2775 632 2886 689 Tua
2909 649 3027 699 nos,
3058 634 3301 700 Domine,
3322 648 3663 691 sacramenta
3690 651 3838 690 cus-

2220 720 2442 788 todiant,
2461 730 2515 775 et
2529 731 2713 776 contra
2726 722 3016 778 diabolicos
3037 733 3284 780 tueantur
3298 740 3511 796 semper
3524 727 3830 782 incursus.

2213 806 2316 864 Per
2350 810 2627 864 Dominum
2654 822 2917 866 nostrum.

2286 898 2559 966 Prwfatio.
2588 929 2661 941 —-
2705 899 2843 955 Vere
2868 901 3086 973 dignum
3132 912 3187 959 et
3222 904 3424 973 justum
3454 914 3559 969 est,
3589 919 3833 975 aequum

2213 996 2268 1042 et
2297 988 2550 1055 salutare,
2584 1005 2680 1044 nos
2712 989 2803 1045 tibi
2825 1006 3037 1059 semper
3064 1001 3118 1047 et
3144 993 3340 1062 ubique
3371 996 3568 1064 gratias
3592 1010 3777 1065 agere
3807 1036 3827 1059 ,

2216 1077 2443 1134 Domine
2465 1091 2671 1147 sancte,
2709 1081 2868 1136 Pater
2908 1085 3264 1157 omnipotens,
3298 1095 3505 1139 aeterne
3539 1087 3683 1141 Deus
3717 1102 3733 1138 :
3768 1096 3832 1140 et

2216 1175 2270 1222 te
2299 1169 2628 1224 incessanter
2650 1173 2881 1239 precari,
2912 1181 2971 1225 ut
2994 1174 3084 1242 qui
3113 1183 3164 1227 te
3194 1183 3408 1229 auctore
3435 1176 3824 1241 subsistimus,

2213 1267 2265 1313 te
2296 1257 2642 1327 dispensante
2669 1260 2979 1330 dirigamur.
3005 1261 3117 1316 Non
3143 1262 3292 1332 (651)
3319 1266 3519 1319 nostris
3550 1266 3826 1319 sensibus

2214 1350 2599 1420 relinquamur,
2633 1355 2725 1406 sed
2772 1353 2840 1406 ad
2890 1360 2993 1407 tua:
3024 1354 3230 1409 reducti
3284 1370 3500 1424 semper
3530 1358 3821 1411 tramitem

2213 1443 2479 1509 veritatis,
2512 1443 2626 1497 haec
2664 1443 2973 1499 Studeamus
3011 1459 3264 1501 exercere
3294 1463 3411 1516 qua:
3443 1449 3724 1517 praecipis,
3757 1460 3821 1502 ut

2215 1534 2481 1600 possimus
2510 1535 2647 1589 dona
2696 1535 2969 1606 percipere
3008 1552 3127 1606 quae
3171 1538 3453 1607 promittis.
3508 1539 3611 1594 Per
3651 1540 3822 1595 Chri-

2214 1634 2379 1678 Stum.

2287 1713 2602 1770 Benedictio.
2633 1748 2703 1757 —-
2741 1717 3085 1787 Omnip0tens
3136 1719 3275 1774 Deus
3330 1732 3672 1790 peccatorum
3719 1738 3814 1775 ve-

2145 1813 2189 1869 B
2220 1816 2451 1862 strorum
2481 1806 2719 1862 maculas
2736 1820 2941 1880 purget,
2971 1820 3024 1865 et
3045 1825 3140 1865 sua
3170 1826 3262 1865 vos
3291 1812 3667 1866 benedictione
3686 1813 3814 1865 illu-

2213 1908 2368 1955 strct.
2389 1900 2579 1954 Amen.
2611 1899 2944 1970 Repleatvos
2971 1903 3288 1971 spiritalium
3314 1903 3467 1958 donis
3498 1906 3765 1958 virtutum
3794 1946 3811 1966 ,

2213 1999 2269 2046 et
2304 2006 2649 2059 perseverare
2693 1992 2849 2045 iaciat
2880 1992 2932 2046 in
2978 1992 3012 2047 b
3049 1993 3131 2047 nis
3178 1994 3503 2062 propositum
3538 2005 3805 2047 vestrum.

2214 2088 2403 2143 Amen.
2440 2089 2634 2158 Sicque
2666 2088 3016 2143 liutnililalcm
3061 2100 3291 2143 vestram
3324 2088 3589 2158 benignus
3609 2104 3811 2157 accep.

2216 2189 2311 2244 tet,
2367 2189 2423 2233 ut
2468 2195 2579 2233 suae
2612 2194 2705 2234 vos
2747 2180 2957 2247 pictatis
3002 2182 3433 2235 remuneratione
3483 2182 3805 2253 locupletet.

2214 2271 2402 2323 Amen.
2434 2269 2584 2335 Quod
2613 2270 2723 2338 ipse
2755 2280 3006 2336 praestare
3035 2270 3305 2339 dignetur.

2283 2361 2364 2412 Ad
2407 2358 2794 2431 Complendum.
2840 2390 2911 2400 ——
2951 2359 3154 2416 Montes
3203 2370 3415 2416 nostras
3458 2370 3515 2415 et
3570 2376 3803 2430 corpora

2222 2451 2511 2519 possideat,
2545 2452 2788 2519 Domine,
2820 2466 3150 2521 quaesumus,
3174 2450 3298 2505 doni
3331 2452 3573 2507 cteleStis
3602 2468 3805 2519 opera-

2216 2543 2312 2609 tio,
2346 2538 2495 2613 (652)
2525 2551 2582 2595 ut
2608 2558 2710 2595 non
2744 2553 2927 2598 uoster
2954 2557 3143 2597 sensus
3171 2544 3221 2596 in
3254 2544 3428 2609 nobis,
3477 2543 3572 2597 sed
3601 2542 3808 2612 jugitcr

2213 2631 2330 2700 cjus
2361 2632 2903 2699 pracveniatelfectus.
2936 2633 3041 2689 Per
3062 2632 3364 2687 Dominum.

2285 2722 2456 2792 Super
2484 2725 2753 2795 pupulum.
2784 2757 2851 2766 —
2879 2727 3102 2792 Adesto,
3149 2728 3391 2791 Domine,
3442 2726 3802 2795 supplicatio-

2214 2816 2370 2872 nibus
2400 2821 2619 2883 n05tris,
2642 2830 2695 2873 et
2724 2820 2850 2873 nihil
2880 2819 2949 2874 de
2974 2834 3070 2874 sua
3096 2819 3424 2875 conscientia
3468 2832 3803 2890 praesumen-

2215 2911 2354 2965 tibus
2408 2910 2662 2966 int-ﬁ'abili
2695 2912 3041 2968 miseratione
3086 2927 3363 2980 succurre,
3406 2921 3465 2968 ut
3508 2913 3657 2979 quod
3694 2928 3801 2966 non

2213 2999 2376 3054 habet
2398 2999 2589 3054 ﬁducia
2619 3003 2951 3072 meritorum,
2979 3009 3070 3056 tua
3096 3000 3341 3058 conferat
3356 3003 3578 3073 largitas
3600 3003 3799 3057 invicta

2212 3092 2494 3148 donorum.
2536 3094 2656 3148 Per.

2370 3204 2525 3274 180
2566 3220 2883 3260 ιιειυοιιΑοΑ
2909 3221 3190 3279 XVIII-9081‘
3220 3221 3627 3262 rexrrcosreu.

2283 3314 2536 3380 Absolve,
2568 3331 2891 3385 quinsumus,
2936 3302 3180 3384 Domine,
3217 3326 3422 3372 tuorum
3462 3317 3661 3371 delicta
3705 3333 3797 3386 po-

2209 3408 2478 3476 pulorum,
2511 3418 2563 3463 et
2592 3423 2618 3460 a
2651 3418 2987 3470 peccator:.m
3032 3419 3335 3463 nostrorum
3384 3408 3638 3472 nexibus,
3673 3424 3795 3476 qua:

2213 3512 2308 3563 pro
2334 3508 2511 3553 nostra
2562 3498 2846 3567 fragilitate
2885 3500 3284 3565 contraximus,
3336 3510 3422 3554 tua
3463 3498 3798 3569 benignitate

2210 3587 2517 3643 liberemur.
2550 3589 2671 3643 l‘er.

2279 3679 2450 3757 Super
2478 3679 2668 3733 oblata.
2712 3708 2783 3720 —
2834 3679 2936 3734 Pro
2976 3689 3170 3734 nostrae
3197 3679 3472 3735 servitutis
3501 3689 3794 3749 augmenta

2213 3771 2537 3828 sacriﬁcium
2558 3772 2649 3826 tibi
2667 3770 2838 3826 laudis
2856 3771 3165 3837 oﬁerentes,
3187 3786 3511 3841 quaesumus,
3541 3771 3793 3833 Domine.

2209 3862 2359 3933 (655)
2382 3863 2598 3932 utquod
2631 3863 2909 3918 immeritis
2928 3862 3220 3928 contulisti,
3245 3863 3503 3932 propitius
3525 3878 3799 3932 exsequao

2212 3958 2307 4011 ris.
2335 3956 2439 4011 Per
2464 3957 2767 4011 Dominum.

2286 4045 2555 4112 Prwfatio.
2580 4076 2647 4087 -—
2670 4047 2810 4103 Vere
2848 4047 3064 4114 dignum
3088 4057 3143 4102 et
3167 4045 3368 4116 justum
3400 4055 3484 4102 est
3506 4091 3522 4115 ,
3573 4061 3794 4117 equum

2209 4147 2264 4192 et
2288 4138 2543 4203 salutare,
2571 4152 2667 4192 nos
2698 4138 2788 4192 tibi
2818 4153 3031 4207 semper
3068 4146 3125 4192 et
3153 4138 3345 4208 ubique
3372 4138 3572 4208 gratias
3601 4153 3789 4208 agerc,

2214 4230 2437 4285 Domine
2460 4239 2661 4297 sancte,
2683 4231 2839 4285 Pater
2862 4232 3436 4299 omnipotens,aeterne
3455 4230 3597 4283 Deus
3615 4247 3631 4281 :
3646 4229 3795 4299 quia,

2209 4337 2330 4377 cum
2361 4324 2517 4377 laude
2567 4334 2747 4376 nostra
2796 4337 2903 4377 non
2933 4337 3122 4392 egeas,
3154 4332 3303 4390 grata
3355 4321 3449 4375 tibi
3485 4330 3666 4374 tamen
3715 4332 3794 4374 cst

2213 4422 2426 4468 tuorttm
2466 4414 2685 4468 devotio
2738 4413 3053 4466 famulorum
3086 4428 3100 4477 ;
3149 4426 3245 4466 uec
3274 4420 3325 4464 te
3371 4420 3569 4477 augent
3607 4422 3792 4463 nostra

2214 4504 2501 4572 praeconia,
2534 4503 2631 4557 sed
2662 4502 2815 4557 nobis
2844 4503 3126 4572 proliciuut
3154 4501 3222 4557 ad
3250 4504 3496 4556 salutem.
3523 4503 3791 4567 Quoniam

2210 4596 2349 4649 sicut
2380 4596 2580 4649 fontem
2609 4594 2727 4649 vita:
2753 4596 3026 4665 praeterire
3068 4609 3228 4647 causa
3275 4593 3540 4648 moriendi
3574 4603 3683 4655 est,
3718 4594 3809 4673 sic

2207 4686 2394 4739 eodem
2441 4686 2639 4754 iugiter
2669 4684 2990 4749 redundare,
3036 4684 3260 4739 ellectus
3288 4693 3367 4737 est
3395 4682 3513 4737 sine
3566 4682 3675 4737 ﬁne
3716 4684 3791 4734 vi-

2208 4778 2388 4831 vendi.
2419 4777 2522 4833 Per
2544 4777 2837 4832 Christum.

2275 4865 2591 4919 Benedictio.
2620 4895 2686 4906 —-
2718 4866 3072 4933 Omnipotens
3119 4865 3263 4920 Deus
3290 4864 3497 4920 cmlcsti
3542 4879 3640 4919 vos
3671 4879 3794 4935 pro-

2216 4959 2450 5012 tectione
2480 4955 2799 5021 circumdet,
2828 4967 2883 5010 et
2911 4970 3022 5011 sua:
3051 4956 3438 5011 benedictionis
3464 4955 3610 5008 dono
3642 4955 3787 5009 locu.

2210 5046 2392 5116 pletet.
2437 5049 2628 5101 Amen.
2672 5046 3045 5115 Concedatque
3072 5048 3240 5111 vobis,
3271 5056 3331 5100 ut
3354 5046 3445 5115 qui
3474 5046 3528 5099 in
3553 5046 3674 5099 sola
3700 5059 3791 5113 spe

2207 5137 2393 5207 gratiae
2418 5136 2651 5191 cmlestis
2685 5136 2972 5191 innitimini
2990 5176 3005 5201 ,
3032 5137 3238 5191 cmlesli
3265 5137 3425 5191 etiam
3454 5136 3790 5206 protectione

2208 5224 2544 5281 muniamini.
2592 5227 2787 5281 Amen.
2817 5226 3089 5292 Quatenus
3135 5235 3190 5280 et
3219 5224 3272 5278 in
3307 5224 3557 5294 prmsenti
3593 5225 3789 5280 saeculo

2209 5316 2447 5373 mortalis
2473 5317 2597 5370 vitae
2634 5316 2823 5371 solatia
2851 5315 3099 5381 capiatis,
3142 5324 3192 5369 et
3224 5316 3569 5383 sempiternae
3598 5315 3789 5385 gaudia

2208 5406 2665 5475 comprehendere
2704 5405 2944 5459 valeatis.
2978 5405 3128 5471 Quod
3160 5405 3273 5474 ipse
3304 5413 3582 5472 praestare.

2278 5499 2357 5552 Ad
2386 5496 2769 5563 Compleudum.
2790 5494 3133 5550 —Salutaris
3158 5495 3358 5548 llostite
3381 5494 3788 5563 participatione

2208 5588 2455 5655 recreati,
2495 5600 2824 5657 quaesumus,
2855 5586 3192 5651 omnipotens
3239 5584 3404 5651 Deus,
3434 5595 3491 5640 ut
3544 5584 3667 5653 ejus
3697 5601 3789 5653 po-

596 5732 621 5759 ι
655 5724 835 5780 Exstat
866 5724 916 5779 iu
959 5726 1396 5791 Bcuedictionali,
1426 5730 1627 5785 scilicet
1669 5730 1721 5784 iu
1755 5730 1894 5786 serio
1925 5728 2359 5785 benedictionum
2389 5727 2457 5782 de
2482 5728 2751 5782 communi
2778 5740 2872 5781 seu
2894 5703 3351 5794 quotidianarum.
