3988 6356
204 365 300 427 1Βῖ

1393 348 1600 412 LIBER
1637 347 2280 413 SACRAMENTORUM.

3384 363 3490 420 {bii

204 477 361 535 tentia
413 470 686 545 singulari
735 484 833 529 nos
880 466 1023 540 ipsos
1080 466 1174 524 tibi
1223 468 1591 524 holocaustum
1639 466 1799 520 facias
1828 471 1879 526 Α
1978 469 2059 521 Ad
2086 469 2473 540 sztplendum.
2501 501 2571 511 --
2599 471 2848 538 Purifica,
2878 472 3122 539 Domine,
3156 489 3485 543 quaesumus.

202 566 623 637 sempiternum.
659 565 785 620 Per.

273 658 447 727 Super
478 654 752 725 populum.
784 682 854 694 —-
885 652 979 714 Da,
1012 663 1341 720 qumsumus,
1396 646 1623 702 Domine
1646 687 1660 711 ,
1706 661 1799 715 po-

201 750 331 819 pulo
356 758 448 802 tuo
480 758 537 801 et
566 758 802 801 mentem
848 760 952 815 qua
982 744 1074 797 tibi
1119 743 1345 797 devotus
1371 742 1581 805 existat,
1622 749 1675 794 (ι
1716 740 1797 793 in-

201 842 480 897 tellectum
503 854 612 905 quo
636 839 779 907 justa
800 837 1075 906 deposcat,
1101 845 1152 887 et
1173 833 1599 903 propitiationem
1628 839 1789 895 tuam,

195 946 308 1003 qua
336 932 422 1001 pie
443 929 877 985 desiderantibus
908 926 1187 994 profutura
1220 922 1489 993 perficies.
1524 922 1648 977 Per.

470 1038 793 1077 ηεΒυοιιΑοΑ
829 1036 914 1074 ΠΧ
964 1034 1090 1072 POST
1125 1030 1523 1071 PENTECOSTEN.

270 1112 635 1181 Omnipotens
656 1112 982 1179 sempiterne
1009 1109 1167 1171 Deus,
1202 1107 1620 1161 misericordiam
1648 1114 1789 1157 tuam

192 1203 430 1258 ostende
450 1202 803 1271 supplicibus,
834 1209 892 1254 ut
921 1201 1006 1267 qui
1038 1200 1105 1253 de
1138 1198 1289 1272 (654)
1322 1199 1634 1251 meritorum
1664 1212 1793 1265 qua-

196 1296 353 1350 litate
382 1294 707 1361 dilfidimus,
741 1309 846 1347 non
868 1292 1125 1360 judicium
1158 1301 1330 1354 tuum,
1380 1290 1472 1343 sed
1518 1288 1792 1355 indulgenc

194 1389 332 1442 tiam
361 1388 678 1443 sentiamus.
703 1384 803 1439 Per
836 1383 1140 1438 Dominum.
1712 1398 1715 1399 '

271 1478 447 1546 Super
468 1477 745 1533 oblata.—
767 1476 933 1544 Ilujus
965 1485 1035 1537 te,
1070 1474 1291 1527 Domine
1318 1512 1332 1534 ,
1376 1469 1608 1523 muneris
1639 1469 1788 1522 obla-

193 1570 351 1625 tione
382 1570 676 1639 placemus,
728 1578 782 1624 et
824 1574 1097 1637 perpetua:
1144 1565 1268 1619 vitae
1299 1562 1583 1632 participes
1635 1562 1790 1629 hujus

194 1660 516 1731 operatione
544 1660 850 1714 rcddamur.
883 1658 1003 1712 Per.

275 1752 549 1821 Prwfatio.
570 1780 642 1792 -—
661 1750 800 1805 Vere
826 1750 1043 1819 dignum
1077 1756 1129 1801 et
1150 1748 1345 1814 justum
1376 1757 1478 1810 est,
1504 1759 1709 1813 aequum
1736 1752 1788 1797 ct

1903 571 2111 614 mentes
2142 570 2354 616 nostras
2385 562 2641 632 benignus
2664 604 2679 627 ,
2730 575 2781 618 et
2810 579 3009 620 renova
3048 566 3361 621 caelestibus
3391 582 3487 620 sa-

1902 652 2217 717 cramentis,
2268 663 2327 706 ut
2372 666 2765 723 consequenter
2811 666 2864 710 et
2906 672 3191 725 corporum
3249 674 3486 725 prtcscns

1901 744 2101 810 pariter
2123 753 2177 797 et
2206 745 2440 799 futurum
2470 747 2745 815 capiamus
2771 748 3045 802 auxilium.
3080 749 3201 804 Per.

1971 834 2143 905 Super
2171 836 2439 904 pupulum.
2473 868 2543 878 —
2570 839 2792 907 lieSpice
2814 842 3094 908 propitius,
3130 842 3380 900 Domine,
3413 840 3476 893 ad

1897 927 2127 982 debitam
2155 927 2245 980 tibi
2277 930 2455 998 populi
2477 933 2812 995 servitutem,
2845 940 2903 986 ut
2929 934 3066 987 inter
3098 934 3343 988 humana:
3371 934 3479 987 fra-

1894 1015 2116 1085 gililatis
2143 1019 2344 1070 incerta
2377 1019 2534 1073 nullis
2557 1020 2969 1077 adversitatibus
3005 1026 3357 1092 opprimatur,
3387 1023 3480 1091 qui

1898 1106 1965 1159 de
2000 1116 2083 1159 tua
2118 1109 2453 1176 protectione
2490 1111 2733 1164 confidit.
2764 1112 2866 1166 Per
2903 1113 3183 1168 Dominum
3218 1124 3477 1170 nostrum.

2079 1200 2234 1267 182
2266 1214 2582 1253 assuetum
2611 1216 2697 1254 xm
2730 1216 2858 1254 posr
2900 1218 3291 1259 rsurccosren.

1972 1287 2069 1354 Da,
2098 1303 2439 1356 quasumus,
2467 1290 2711 1354 Domine,
2756 1293 2950 1358 populo
2981 1303 3070 1347 tuo
3103 1294 3361 1349 diabolica
3391 1297 3481 1349 vi-

1895 1386 2009 1432 tare
2034 1380 2298 1447 contagia,
2333 1388 2385 1432 et
2414 1389 2462 1431 te
2501 1381 2671 1434 solum
2710 1382 2989 1434 Dominum
3023 1398 3155 1450 puro
3197 1385 3358 1436 corde.
3386 1400 3474 1437 sc-

1893 1470 2044 1524 ctari.
2082 1470 2199 1525 Per.
3336 1474 3339 1475 ⁷

1966 1558 2137 1630 Super
2166 1559 2359 1614 oblata.
2389 1590 2459 1601 —
2501 1560 2832 1629 Maiestatem
2874 1570 3013 1617 tuam
3034 1604 3048 1628 ,
3078 1563 3321 1632 Domine,
3352 1580 3481 1633 sup-

1894 1651 2104 1718 pliciter
2132 1652 2506 1721 deprccamur,
2539 1664 2595 1706 ttt
2626 1655 2739 1708 haec
2767 1662 2948 1708 sancta
2970 1694 2984 1717 ,
3015 1670 3132 1724 qua:
3165 1655 3315 1726 (655)
3339 1658 3479 1724 geri-

1893 1758 2043 1807 mus,
2094 1753 2148 1798 et
2194 1744 2480 1814 prmtcritis
2532 1760 2633 1801 nos
2671 1747 2882 1801 delictis
2932 1756 3128 1802 exuant
3169 1762 3220 1804 et
3260 1748 3475 1805 futuris.

191 1845 457 1904 ululare.
489 1858 589 1897 nos
631 1840 727 1896 tibi
755 1853 968 1907 semper
1019 1847 1073 1893 et
1118 1839 1313 1908 ubique
1358 1838 1557 1908 gratias
1583 1850 1743 1905 agere
1773 1875 1788 1898 ,
1825 1833 1865 1889 Β
1898 1834 2018 1901 (’er.

193 1934 431 1988 Domine
454 1942 662 1997 sancte,
698 1933 853 1986 Pule
883 1930 1243 1998 omnipmens,
1274 1939 1473 1982 aeterne
1506 1928 1667 1990 Deus,
1695 1941 1790 1995 per

190 2026 479 2081 Christum
535 2023 817 2081 Dominum
876 2029 1115 2075 nostrum
1146 2039 1159 2073 :
1195 2018 1283 2089 qui
1351 2017 1477 2072 vicit
1518 2017 1786 2071 diabolum

198 2118 363 2186 18.],
392 2125 449 2170 et
470 2114 751 2181 mundum,
779 2111 1151 2178 hominemque
1175 2108 1422 2177 paradiso
1450 2108 1704 2172 restituit,
1734 2116 1789 2162 et

190 2208 317 2260 vita
345 2205 545 2275 januas
567 2202 912 2258 credentibus
943 2198 1214 2269 patefecit.
1251 2199 1351 2253 Per
1373 2213 1551 2266 quem.

265 2304 295 2333 ι
346 2295 665 2350 Benedictio.
698 2292 1143 2358 —0mnipotens
1194 2289 1332 2343 Deus
1380 2288 1615 2343 dextera:
1673 2301 1786 2341 sum

190 2399 463 2460 perpetuo
506 2403 602 2443 vos
640 2386 934 2442 circumdet
982 2383 1208 2449 auxilio,
1257 2392 1311 2437 et
1355 2381 1784 2436 benetlictionnm

195 2498 420 2537 suarum
455 2481 661 2550 repleat
690 2479 851 2534 dono.
892 2478 1086 2532 Amen.
1121 2476 1202 2531 Ab
1228 2476 1374 2529 omni
1405 2489 1497 2528 vos
1522 2475 1787 2543 pravitate

194 2578 488 2643 defendat,
538 2586 592 2631 et
638 2574 793 2629 donis
834 2573 1140 2628 caelestibus
1173 2570 1467 2626 exuberare
1503 2568 1782 2623 Concedat.

195 2672 393 2725 Amen.
446 2668 566 2735 Quo
618 2679 847 2735 corpore
895 2664 1134 2719 mundati
1184 2678 1246 2717 ac
1293 2672 1501 2727 mente,
1545 2662 1705 2717 talem
1735 2660 1783 2714 ei

193 2760 500 2815 exbibeatis
524 2760 871 2815 servitutem.
904 2772 1000 2827 per
1025 2770 1182 2824 quam
1219 2770 1370 2808 suam
1405 2753 1660 2822 consequi
1690 2766 1783 2805 va-

190 2851 350 2907 leatis
377 2851 832 2921 prop'tiationem.
870 2851 1064 2904 Amen.
1091 2846 1240 2915 Quod
1264 2846 1399 2916 ipse.

268 2944 348 2994 Ad
378 2940 782 3010 Complendum.
809 2968 879 2979 -—
907 2938 1151 2993 Caelestis
1188 2952 1388 2991 mensae
1408 2932 1783 3005 ,'qnaasumus,

195 3034 446 3102 Domine,
472 3048 532 3087 sa
568 3042 813 3088 rosancta
842 3031 1027 3086 libatio
1047 3031 1205 3084 corda
1233 3038 1408 3082 nostra
1436 3038 1619 3099 purget
1641 3041 1783 3082 sem-

195 3140 298 3195 per
324 3136 379 3179 et
410 3132 620 3193 pascat.
656 3123 756 3177 Per
790 3122 1069 3178 Dominum
1103 3130 1363 3174 nostrum.

1964 1925 2453 1996 “(cratim—Vere
2481 1929 2700 1999 dignum
2737 1940 2790 1985 et
2813 1931 3013 2000 justum
3046 1941 3149 1998 est,
3182 1949 3391 2001 :equum
3422 1942 3477 1988 et

1890 2017 2143 2081 salutare,
2196 2036 2291 2072 nos
2345 2021 2439 2073 tibi
2473 2037 2684 2086 semper
2712 2032 2765 2077 et
2813 2023 3008 2092 ubique
3051 2025 3251 2090 gratias
3283 2039 3465 2093 agere,

1891 2108 2115 2164 Domine
2143 2123 2345 2178 saneto,
2394 2112 2549 2169 Pater
2588 2117 2949 2183 omnipotens,
2980 2126 3181 2171 aeterne
3210 2116 3350 2169 Deus
3378 2131 3392 2168 :
3424 2127 3479 2171 et

1889 2203 2207 2270 suppliciter
2235 2213 2284 2258 te
2308 2221 2563 2271 exorare,
2595 2217 2650 2259 ut
2682 2206 2758 2261 sic
2802 2222 2902 2261 nos
2929 2207 3078 2261 bonis
3113 2208 3214 2260 tuis
3245 2209 3476 2262 instruas

1888 2295 2260 2363 sempiternis,
2312 2305 2368 2349 ut
2416 2297 2794 2364 temporalbus
2834 2313 3043 2367 quoque
3073 2298 3337 2351 consolari
3391 2298 3474 2350 di-

1889 2387 2097 2454 gneris;
2127 2387 2205 2440 sic
2235 2389 2587 2455 praesentibus
2636 2388 2897 2454 refovere,
2932 2399 2987 2443 ut
3034 2389 3098 2443 ad
3142 2390 3329 2460 gaudia
3376 2405 3473 2443 nos

1889 2491 2139 2530 mansura
2173 2478 2449 2545 perducas.
2481 2480 2579 2532 Per
2612 2480 2903 2533 (Zhrislum.

1960 2568 2273 2624 Benedictio.
2306 2600 2373 2613 —-
2402 2570 2748 2640 Omnipotens
2780 2572 2915 2624 Deus
2963 2583 2986 2610 υ
3020 2572 3266 2626 universa
3307 2588 3335 2626 a
3364 2589 3462 2626 vo-

1888 2659 1969 2713 bis
2000 2661 2219 2714 adversa
2250 2661 2518 2727 excludat,
2549 2671 2603 2715 et
2629 2676 2740 2716 suae
2774 2677 2934 2731 super
2964 2678 3057 2717 vos
3084 2662 3471 2718 benedictionis

1887 2750 2025 2805 dona
2068 2751 2387 2822 pronitiatus
2425 2750 2687 2806 infundat.
2724 2754 2914 2808 Amen.
2947 2752 3122 2807 Corda
3147 2763 3319 2808 vestra
3349 2754 3471 2809 effi—

1887 2845 1992 2897 ciat
2021 2843 2193 2897 sacris
2223 2844 2424 2897 intenta
2456 2844 2737 2908 doctrinis,
2767 2860 2871 2910 quo
2902 2845 3105 2912 possint
3136 2845 3329 2913 repleri
3363 2844 3466 2899 be-

1890 2932 2100 2987 neﬁciis
2130 2935 2497 3001 sempiternis.
2526 2937 2715 2988 Amen.
2749 2934 3020 3000 Quatenus
3044 2945 3095 2988 et
3128 2935 3470 3002 exsequenda

1886 3022 2245 3093 intelligentes
2290 3032 2345 3076 et
2373 3024 2640 3079 intellecta
2687 3037 3062 3094 exsequentes,
3113 3035 3168 3079 et
3205 3026 3340 3079 inter
3367 3027 3473 3077 ad—

1885 3129 2035 3168 versa
2070 3116 2250 3169 mundi
2282 3115 2627 3170 inveniamini
2674 3116 2824 3188 (656)
2858 3118 3168 3180 indemnes,
3198 3127 3253 3170 et
3281 3118 3465 3171 beato;

273 3216 442 3283 Super
472 3214 744 3286 populum.
775 3244 843 3253 —
872 3213 1097 3277 Adesto,
1139 3212 1396 3277 Domine,
1447 3210 1653 3278 pOpnIis
1684 3210 1788 3263 tuis
1816 3197 1857 3256 C
1892 3223 2009 3262 rum
2053 3208 2336 3275 Spirituum
2368 3208 2678 3262 efficiamini
2712 3209 3047 3264 cohaeredes.
3097 3209 3285 3263 Amen.
3320 3208 3471 3275 Quod

194 3308 253 3365 in
280 3318 367 3363 tua
393 3309 737 3379 protectione
772 3286 1080 3371 ﬁtlcnt'ibus,
1105 3312 1159 3359 et
1185 3316 1286 3358 tua:
1315 3319 1372 3357 se
1398 3304 1629 3357 desterte
1654 3317 1782 3371 sup-

194 3400 411 3469 pl'citer
456 3400 775 3455 inclinantes
829 3404 1082 3467 perpetua
1130 3394 1442 3451 defensione
1498 3408 1780 3447 conserva.

191 3491 322 3546 Per.

485 3595 805 3635 ΠΕΒΒΟΙΑΟΛ
837 3595 901 3633 XX
936 3594 1063 3633 Ροδτ
1101 3590 1497 3630 PBNTECOSTiN.

273 3670 379 3725 Fac
409 3685 534 3734 nos,
570 3670 813 3730 Domine,
842 3681 1169 3738 quaesumus,
1204 3665 1295 3719 tibi
1326 3672 1565 3731 prompta
1596 3662 1785 3716 volun-

194 3771 310 3817 tate
337 3762 639 3832 subjectos,
672 3770 725 3814 et
751 3760 816 3814 ad
847 3757 1253 3827 supplicandum
1287 3755 1380 3811 tibi
1408 3764 1618 3809 nostras
1644 3769 1785 3808 sem-

192 3866 293 3924 per
319 3857 497 3910 excita
526 3855 844 3909 voluntates.
874 3854 997 3909 Per.

272 3949 442 4017 Sup-r
460 3947 652 4002 oblata.
674 3978 746 3989 -—
763 3945 954 4001 Munda
983 3959 1099 4008 nos,
1123 3942 1365 4011 Domine,
1385 3941 1632 3997 sacrificii
1654 3956 1785 4011 prce-

192 4039 368 4093 sentis
396 4038 628 4101 effectu,
660 4044 712 4091 et
744 4036 941 4106 perfice
978 4036 1264 4092 miseratus
1309 4035 1362 4089 in
1389 4032 1545 4090 nobis
1588 4041 1646 4088 ut
1669 4031 1787 4103 ejus

196 4144 512 4184 mereamur
537 4142 658 4183 esse
688 4128 995 4196 participes.
1022 4128 1147 4184 Per.

272 4218 554 4288 Pra'fntt'o.
580 4249 650 4259 —
685 4219 819 4274 Vere
847 4219 1064 4287 dignum
1112 4230 1166 4273 et
1199 4217 1401 4287 justum
1443 4226 1549 4284 est,
1575 4231 1785 4285 mquum

192 4318 250 4366 et
276 4310 531 4373 salutare,
562 4323 662 4365 nos
693 4310 785 4364 tibi
830 4323 1044 4377 semper
1073 4318 1125 4364 et
1157 4308 1349 4379 ubique
1377 4310 1573 4379 gratias
1603 4324 1783 4379 agere,

193 4402 426 4457 Domine
454 4411 662 4466 sancte,
705 4401 865 4456 Pater
891 4401 1250 4470 mnnipotens,
1283 4410 1483 4455 mterne
1523 4398 1664 4456 Dens
1691 4418 1705 4453 :
1733 4408 1788 4454 et

196 4504 344 4549 lnam
402 4494 736 4562 Majestatem
795 4494 1066 4548 humiliter
1117 4494 1447 4562 implorare,
1516 4502 1574 4546 ut
1626 4493 1785 4548 Jesus

1896 3299 2011 3368 ipse
2042 3308 2293 3365 przestare
2323 3298 2588 3369 dignetur.

1958 3395 2038 3446 Ad
2068 3393 2457 3459 Complendum.
2488 3424 2559 3433 —
2587 3394 2940 3461 Sacrificium,
2991 3393 3133 3463 quod
3178 3403 3312 3456 tute,
3354 3394 3471 3448 Do-

1892 3486 2034 3539 mine
2091 3486 2264 3551 Deus,
2317 3485 2605 3540 obtulimus
2659 3486 2882 3554 pietati,
2937 3488 3089 3540 nobis
3139 3486 3205 3539 ad
3263 3487 3470 3539 veniam

1889 3585 2192 3630 nostrorum
2226 3577 2466 3643 proficiat
2498 3587 2857 3644 peccatorum,
2898 3587 2953 3632 et
2980 3588 3081 3631 lU-l'
3110 3576 3470 3630 miserationis

1888 3682 2102 3737 semper
2132 3668 2330 3722 tribuat
2357 3668 2630 3723 solatium.
2660 3669 2759 3723 Per
2792 3668 3070 3722 Dominum
3101 3675 3339 3721 nostrum
3370 3666 3461 3721 Je-

1887 3774 2005 3814 sum
2032 3761 2323 3815 Christum.

1960 3854 2132 3924 Super
2155 3855 2425 3924 populum.
2456 3886 2527 3895 —
2552 3854 2985 3909 Benedictionem
3028 3864 3190 3918 tuam,
3225 3855 3465 3921 Domine,

1887 3951 2113 4019 p0pu|us
2165 3949 2336 4003 fidelis
2370 3949 2629 4016 accipiat;
2663 3964 2802 4017 qua,
2856 3962 3080 4015 corpore
3120 3947 3355 4001 salvatus
3400 3961 3463 3999 ac

1888 4048 2087 4104 mente,
2117 4046 2398 4108 etgratzsm
2430 4041 2524 4094 t'.bi
2576 4054 2786 4106 semper
2835 4039 3087 4093 exhibeat
3133 4038 3466 4100 servitutem,

1888 4142 1943 4189 et
1973 4133 2371 4202 propitiationis
2400 4140 2503 4187 tua;
2531 4133 2785 4188 beneficia
2820 4147 3029 4203 scmper
3069 4131 3322 4185 inveniat.
3368 4130 3477 4185 Per

1893 4225 2173 4279 Dominum
2209 4233 2471 4279 nostrum.

2164 4332 2478 4371 "EDDUHADA
2512 4330 2621 4369 XXII
2650 4328 2776 4369 POST
2801 4328 3197 4369 PENTECOSTEN.

1966 4408 2171 4478 Dirigat
2197 4409 2356 4464 Corda
2382 4417 2585 4474 nostra,
2618 4408 2861 4471 Domine,
2886 4421 3209 4476 quaesumus,
3235 4414 3336 4460 tua:
3366 4405 3466 4458 mi-

1891 4503 2174 4557 serationis
2221 4502 2484 4571 operatio,
2545 4499 2665 4569 quia
2718 4500 2811 4552 tibi
2850 4499 2966 4552 sine
3004 4506 3055 4551 te
3101 4496 3314 4567 placere
3363 4512 3472 4551 non

195 4586 445 4641 Christus
486 4585 656 4640 Filius
682 4586 1092 4641 tuustDominus
1139 4596 1322 4641 noster
1352 4602 1448 4640 sua
1478 4602 1577 4640 nos
1616 4586 1783 4655 gratia
1820 4562 1868 4620 ί)
1892 4607 2196 4663 possumus.
2231 4562 2334 4647 Ιίει·
2364 4562 2667 4647 Dominum.

195 4687 444 4746 protegat
492 4686 545 4732 et
573 4686 892 4744 conservet;
924 4686 999 4745 et,
1033 4677 1154 4746 quia
1188 4679 1305 4733 sine
1334 4678 1448 4742 ipso
1479 4676 1609 4730 nihil
1642 4686 1785 4731 recte

198 4770 443 4824 valemus
494 4768 734 4834 efficere,
777 4768 947 4838 ipsius
995 4784 1217 4823 munere
1262 4768 1535 4836 capiamus
1582 4776 1640 4821 ut
1687 4769 1784 4823 tibi

197 4873 414 4928 semper
445 4859 658 4927 placere
690 4857 975 4926 possimus.
1009 4858 1114 4913 Per
1134 4872 1292 4927 quem
1320 4856 1674 4926 Majestatem.

266 4947 294 4986 Ι»
324 4946 650 5001 Benedictio.
674 4978 745 4987 —
766 4948 1017 5003 Puriﬁcet
1046 4949 1386 5018 omnipotens
1408 4951 1551 5005 Deus
1576 4960 1782 5005 vestro-

201 5056 314 5095 rum
338 5041 587 5095 cordimn
613 5056 835 5106 arcana,
858 5052 913 5097 et
950 5040 1334 5097 benedictionis
1363 5057 1475 5096 suae
1504 5042 1654 5097 vobis
1680 5043 1787 5096 tri-

201 5133 325 5187 buat
348 5133 708 5187 incrementa.
743 5134 936 5188 Amen.
962 5132 1045 5186 Ab
1071 5134 1323 5187 omnibus
1350 5132 1475 5187 vitae
1507 5134 1789 5200 praesentis

202 5228 450 5295 periculis
495 5224 807 5291 exuamini,
849 5232 904 5279 et
954 5224 1208 5279 virtutum
1264 5223 1581 5293 spiritalium
1629 5239 1790 5278 orna-

203 5316 397 5372 mentis
440 5316 763 5372 induamini.
806 5317 999 5371 Amen.
1048 5316 1169 5381 Quo
1207 5316 1351 5369 illius
1375 5315 1642 5384 adjutorio
1666 5314 1786 5370 fulti

207 5408 280 5462 sic
310 5408 361 5463 ei
411 5408 668 5464 serviatis
712 5409 762 5462 in
788 5410 979 5477 terris,
1004 5417 1064 5465 ut
1108 5409 1157 5464 ei
1188 5407 1437 5479 conjungi
1477 5406 1697 5462 valeatis
1733 5407 1785 5461 in

203 5500 374 5555 caelis.
401 5503 599 5556 Amen.
630 5500 783 5566 Quod
812 5501 945 5571 ipse.

273 5643 299 5704 ξ
330 5635 424 5689 Est
456 5635 511 5689 in
542 5634 817 5690 Benediet.
848 5636 964 5689 loco
987 5634 1099 5704 jam
1133 5634 1428 5702 designato.

206 5700 808 5830 df(llaet;.l}cnedictie
848 5700 1166 5775 precedenti
1210 5700 1492 5774 subjicitur
1531 5701 1583 5759 in
1617 5703 1789 5760 Bene-

242 5788 286 5829 ιε
315 5790 435 5829 tona
464 5792 499 5828 l.

1963 4684 2132 4754 Super
2156 4684 2344 4737 oblata.
2369 4710 2440 4723 --
2473 4684 2634 4746 Deus,
2654 4682 2740 4751 qui
2774 4697 2869 4736 nos
2903 4696 2994 4749 per
3025 4680 3180 4748 hujus
3212 4678 3363 4752 (6'57)
3387 4693 3473 4731 sa-

1889 4776 2075 4830 crificii
2108 4776 2410 4831 veneranda
2454 4774 2779 4829 commercia
2827 4776 2981 4827 unius
3026 4787 3358 4839 summaeque
3387 4771 3468 4823 di-

1893 4865 2134 4919 vinitatis
2165 4866 2454 4935 participes
2484 4864 2676 4928 efficis,
2710 4874 2929 4932 praesta,
2965 4878 3303 4931 quaesumus,
3339 4870 3394 4913 ttt
3421 4872 3475 4914 et

1892 4963 2032 5009 tuam
2058 4970 2444 5024 cognoscamus
2467 4955 2768 5017 veritatem,
2793 4962 2848 5008 et
2869 4968 2983 5007 eam
3007 4952 3180 5020 dignis
3207 4952 3475 5004 mentibus

1893 5060 1958 5101 ac
1983 5046 2223 5101 tnoribus
2251 5060 2623 5114 assequamur.
2651 5046 2750 5100 Per
2783 5042 3065 5097 Dominum
3099 5049 3365 5096 nostrum.

1969 5135 2238 5207 Prwfatio.
2267 5166 2338 5176 —
2367 5136 2504 5191 Vere
2530 5136 2748 5205 dignum
2788 5142 2843 5187 et
2880 5132 3078 5201 justum
3120 5142 3228 5195 cst,
3264 5144 3475 5195 aequum

1899 5239 1953 5283 et
1982 5228 2243 5291 salutare,
2273 5241 2372 5282 nos
2403 5227 2493 5280 tibi
2524 5240 2735 5293 semper
2763 5234 2816 5279 et
2846 5222 3041 5291 ubique
3068 5220 3265 5291 gratias
3291 5234 3470 5288 agere,

1896 5317 2120 5372 Domine
2164 5325 2369 5382 sancte,
2414 5316 2572 5369 Pater
2617 5315 2989 5380 omnipotens,
3030 5321 3231 5365 aeterne
3281 5308 3418 5362 Deus
3453 5323 3469 5361 :

1894 5408 1983 5475 qui
2019 5414 2300 5475 propterea
2328 5406 2447 5473 jure
2476 5402 2632 5473 punis
2660 5412 2922 5465 errantes,
2952 5409 3007 5456 et
3050 5401 3342 5455 clementer
3371 5412 3468 5452 re-

1897 5498 2049 5554 foves
2084 5499 2240 5570 183
2269 5499 2578 5567 castigatos,
2608 5503 2667 5549 ut
2694 5510 2791 5548 nos
2811 5508 2840 5546 a
2867 5493 3019 5547 malis
3067 5491 3319 5561 operibus
3348 5488 3472 5543 abs-

1977 5644 1998 5671 ε
2033 5634 2084 5687 In
2124 5635 2220 5688 Etl.
2253 5634 2405 5688 deest
2450 5633 2706 5698 universa,
2741 5630 2881 5701 quod
2912 5629 3216 5686 addidimus
3253 5646 3320 5687 ex
3370 5630 3473 5688 Ms.

1900 5714 1955 5759 ct
1982 5720 2045 5760 ex
2080 5703 2517 5761 Benedictionali.
