3988 6364
485 334 585 387 187

1688 326 1930 383 SANCTI
1967 320 2289 381 GREGONI
2332 324 2471 380 MAG
2481 319 2546 380 Nl

3644 332 3780 387 183

485 448 686 512 trabas,
729 454 785 500 et
811 445 877 501 ad
908 444 1047 500 bona
1096 442 1333 497 facienda
1361 448 1665 507 convertas,
1696 442 1817 509 quia
1849 455 1952 495 non
1975 442 2052 495 vis
2085 439 2224 500 Alis
2253 441 2514 505 operatio,
2566 449 2622 495 et
2646 455 2677 494 a
2715 436 2913 498 nostris
2952 442 3389 510 perversitatibus
3442 443 3782 499 clementer

484 537 725 593 invenire
760 535 902 605 quod
938 537 1178 598 damnes,
1199 534 1289 587 sed
1311 546 1429 586 esse
1458 532 1628 600 potius
1648 532 1790 599 quod
1809 541 2054 585 corones.

483 629 586 695 Qui
613 643 731 682 cum
754 642 850 695 pro
872 625 1069 678 nostris
1097 622 1301 677 meritis
1326 623 1520 690 jugiter
1545 636 1849 676 mereamur
1871 622 2055 692 alﬂigi,

485 729 540 772 tu
564 729 740 772 tamen
778 716 1035 784 judicium
1065 715 1131 769 ad
1173 713 1563 768 correctionem
1617 721 1883 781 temperas
1905 754 1921 781 ,
1953 728 2057 767 non

487 819 793 878 perpetuam
826 821 1047 860 exerces
1085 803 1152 858 ad
1186 819 1417 871 poenam.
1451 804 1601 857 .luste
1640 803 1783 857 enim
1811 802 2057 868 corrigis,

483 910 536 951 et
565 898 857 952 clementer
898 895 1150 964 ignoscis,
1181 894 1231 947 in
1275 903 1502 963 utroque
1531 901 1720 957 Verax,
1754 893 1807 946 in
1838 904 2062 963 utroque

480 987 810 1043 misericutrs.
842 986 940 1052 Qui
973 1000 1069 1040 nos
1097 1000 1160 1040 ea
1191 984 1306 1054 lege
1352 984 1594 1052 disponis
1615 1025 1629 1047 ,
1679 994 1736 1036 ut
1764 984 2061 1038 coercendo

483 1078 537 1131 in
565 1084 821 1130 aeternum
857 1074 1031 1141 perire
1073 1090 1189 1129 non
1230 1075 1394 1137 sinas,
1440 1082 1493 1125 et
1522 1072 1793 1140 parcendo
1831 1072 2062 1141 spatium

485 1166 696 1232 tribuas
739 1165 1063 1236 corrigendi.
1107 1164 1206 1231 Qui
1238 1165 1360 1218 ideo
1391 1163 1544 1217 malis
1585 1163 1933 1230 praesentibus
1965 1174 2064 1216 nos

489 1256 762 1325 ﬂagellas,
811 1266 869 1310 ut
913 1255 978 1309 ad
1012 1254 1150 1308 bona
1190 1254 1361 1307 futura
1411 1253 1704 1322 perducas;
1746 1252 1866 1304 ideo
1911 1251 2064 1304 bonis

485 1347 873 1416 temporalibus
924 1345 1254 1408 consolaris,
1301 1354 1355 1398 ut
1402 1345 1469 1398 de
1517 1342 1855 1410 sempiternis
1903 1342 2065 1396 facias

477 1436 767 1492 certiores.
798 1437 913 1502 Quo
944 1444 994 1488 te
1022 1444 1077 1489 et
1107 1436 1159 1489 in
1210 1434 1478 1503 prosperis
1521 1445 1573 1486 et
1613 1432 1666 1486 in
1708 1432 1950 1485 adversis
1980 1431 2064 1499 pia

490 1541 703 1596 semper
733 1525 1071 1580 confessione
1114 1524 1412 1580 laudemus.
1444 1524 1546 1577 Per
1578 1522 1851 1576 Christum
1886 1521 2065 1575 Domi-

486 1634 616 1674 Illlm
643 1629 906 1671 nostrum.

560 1717 586 1745 ⁸
615 1707 934 1764 Benedictio.
964 1738 1032 1748 —
1059 1707 1407 1775 Omnipotens
1436 1704 1576 1758 Deus
1628 1702 1743 1757 dies
1771 1711 1980 1756 vestros
2012 1700 2063 1753 in

2161 530 2441 596 erpediat,
2469 541 2526 586 et
2564 531 2668 586 tuis
2704 531 2865 586 faciat
2894 546 3108 602 semper
3146 533 3412 589 iuberem
3457 535 3777 591 mandatis.

2164 619 2283 673 Per.

2232 707 2403 776 Super
2448 710 2718 776 populum.
2744 742 2817 754 —
2849 712 3129 767 Familiam
3182 724 3325 769 tuam
3348 753 3369 781 ,
3418 729 3777 783 quintium.

2164 797 2410 864 Domine,
2440 800 2660 855 dextera
2690 808 2779 855 tua
2814 812 3075 870 perpetuo
3097 805 3391 859 circumdet
3414 806 3639 873 auxilio,
3674 814 3779 869 ut,

2163 893 2231 945 ab
2260 892 2406 946 omni
2460 894 2718 961 pravitate
2746 894 2966 948 defensa
2986 932 3002 959 ,
3032 896 3189 951 donis
3216 897 3530 953 omlestibus
3553 911 3778 967 prose-

2162 991 2373 1049 quatur.
2408 981 2508 1037 Per
2534 982 2816 1037 Dominum
2850 994 3113 1039 nostrum.

2410 1088 2725 1128 KBBDOIADL
2768 1090 2895 1130 ιιιν
2926 1089 3055 1130 1³08⁸1⁵
3098 1091 3496 1133 ΡΕΝΪΕΕΟΞΤΕΝ.

2235 1162 2476 1232 Largire,
2508 1181 2835 1232 quaesumus,
2869 1167 3126 1235 Domine,
3159 1169 3406 1225 ﬁdelibus
3432 1170 3539 1226 tuis
3567 1168 3772 1226 indul-

2172 1252 2404 1319 gentiam
2453 1253 2690 1320 placatus
2735 1264 2790 1311 et
2816 1271 3035 1325 pacem,
3070 1267 3125 1312 ut
3166 1260 3366 1327 pariter
3405 1262 3475 1314 ab
3502 1260 3779 1316 omnibus

2167 1340 2493 1396 mundentur
2520 1343 2758 1410 offensis,
2788 1355 2842 1400 et
2869 1360 3057 1402 secura
3090 1348 3186 1403 tibi
3213 1359 3392 1406 mente
3418 1350 3775 1407 deserviant.

2165 1429 2285 1486 Per.

2241 1522 2411 1589 Super
2454 1524 2645 1579 oblata.
2678 1555 2745 1565 --
2774 1525 3061 1584 Caelestem
3112 1529 3266 1585 nobis
3317 1534 3591 1600 prmbeant
3637 1535 3778 1589 haec

2167 1616 2445 1684 mysteria,
2489 1632 2821 1686 quzesumus,
2855 1620 3100 1688 Domine,
3144 1624 3467 1679 medicinam
3489 1665 3505 1691 ,
3532 1634 3589 1680 et
3618 1628 3763 1681 vitia

2167 1705 2336 1758 nostri
2389 1708 2568 1762 cordis
2616 1721 2928 1780 expurgem.
2994 1712 3095 1769 Per
3149 1713 3434 1771 Dominum
3482 1729 3769 1773 nostrum.

488 1817 585 1856 sua
614 1816 744 1871 pace
774 1801 1049 1870 disponat,
1077 1809 1132 1854 et
1174 1814 1287 1855 suae
1334 1798 1483 1852 vobis
1518 1793 1903 1851 benedictionis
1930 1792 2068 1845 dona
2102 1795 2149 1857 Β
2246 1794 2515 1867 Prmfatio.
2548 1827 2617 1839 -—
2650 1801 2785 1856 Vere
2821 1803 3037 1873 dignum
3083 1814 3138 1860 et
3173 1805 3379 1875 justum
3407 1818 3512 1872 est,
3539 1824 3770 1879 aequum

482 1893 772 1948 “concedat.
825 1895 1017 1947 Amen.
1060 1892 1140 1945 Ab
1166 1891 1411 1944 omnibus
1446 1904 1540 1944 vos
1580 1884 2068 1957 perturbationibus

490 1985 722 2047 liberet,
753 1990 811 2038 et
858 1993 1064 2036 mentes
1111 1990 1316 2035 vestras
1358 1995 1467 2033 suae
1500 1978 1645 2048 pacis
1688 1974 2069 2043 tranquillitate

482 2072 810 2127 consnlidet.
838 2072 1029 2126 Amen.
1064 2070 1336 2137 Quatenus
1383 2067 1516 2134 spei,
1549 2065 1671 2119 lidci
1710 2074 1762 2118 et
1791 2062 2070 2117 charitatis

495 2164 721 2233 gemmis
778 2161 989 2226 ornati,
1046 2170 1099 2214 et
1169 2168 1485 2223 praesentem
1555 2155 1716 2209 vitam
1770 2154 2070 2223 transigatis

491 2255 685 2321 illaesi,
741 2264 795 2309 et
843 2254 910 2307 ad
952 2261 1205 2307 aeternam
1256 2249 1583 2320 pervenistis
1628 2248 1825 2303 securi.
1874 2247 2068 2301 Amen.

481 2350 635 2417 Quod
665 2352 774 2416 ipse
802 2360 1057 2418 prmSIare
1081 2348 1345 2416 dignetur.

562 2442 641 2495 Αιι
671 2441 1060 2505 Complendum.
1091 2470 1160 2479 —
1189 2437 1402 2492 Gratias
1456 2436 1547 2490 tibi
1593 2435 1905 2499 referimus,
1958 2432 2072 2487 Do-

492 2535 659 2597 mine,
690 2548 843 2587 sacro
884 2547 1108 2585 munere
1155 2531 1410 2600 vegetati,
1460 2539 1600 2582 tuam
1648 2525 2069 2581 misericordiam

496 2627 867 2690 deprecantes,
902 2632 958 2676 ut
988 2622 1175 2692 dignos
1205 2636 1301 2676 nos
1342 2619 1459 2691 ejus
1491 2617 1896 2688 participatione
1942 2631 2072 2685 per-

491 2714 664 2769 Iirias.
696 2714 800 2769 Per
831 2713 1135 2767 Dominum.

566 2826 738 2891 Super
768 2826 1029 2893 populum.
1055 2852 1125 2865 —
1153 2822 1391 2878 Familia:
1438 2831 1564 2891 tute,
1592 2836 1921 2890 quaesumus,
1955 2820 2065 2874 Do-

494 2919 665 2980 m'ne,
696 2927 812 2972 esto
862 2924 1157 2985 protector,
1190 2923 1247 2971 et
1292 2915 1710 2970 misericordiam
1763 2922 1906 2967 tuam
1937 2926 2072 2966 eon-

495 3006 632 3059 rcde
663 3005 924 3073 poscenti,
973 3019 1079 3072 qua
1108 3003 1203 3059 tibi
1245 3017 1458 3071 semper
1488 3003 1575 3057 ﬁat
1602 3002 1881 3069 obediens,
1910 3008 1961 3056 et
1986 3010 2071 3054 tua

495 3099 638 3152 dona
671 3097 946 3165 percipiat.
983 3097 1102 3150 l’er.

746 3203 1065 3241 ﬂl-ZBDOMADA
1112 3203 1237 3241 χχιιι
1268 3201 1395 3239 Pili-1'
1432 3201 1824 3240 PENTECOSTEN.

569 3279 922 3348 Omnipotens
965 3287 1018 3332 et
1070 3279 1374 3332 misericors
1423 3278 1594 3343 Deus,
1644 3278 1891 3332 universa
1924 3278 2078 3334 nobis

491 3367 838 3422 adversantia
884 3369 1199 3437 propitiatus
1246 3367 1495 3434 exclude,
1539 3377 1616 3436 ut,
1650 3381 1827 3423 mente
1874 3380 1923 3423 et
1954 3384 2077 3424 cor-

496 3473 634 3527 pore
667 3459 865 3528 pariter
892 3459 1149 3529 expediti,
1176 3474 1295 3529 quae
1344 3469 1430 3513 tua
1456 3470 1577 3513 sunt
1605 3459 1789 3514 liberis
1816 3460 2079 3515 mrntibus

494 3566 885 3620 exsequamur.
917 3550 1019 3605 Per
1052 3551 1332 3605 Dominum
1366 3559 1630 3606 nostrum.

575 3643 746 3715 Super
773 3644 964 3697 oblato.
989 3674 1057 3684 —
1085 3646 1177 3709 Da,
1202 3658 1531 3713 quaesumus,
1553 3645 1892 3711 omnipotets
1919 3643 2077 3711 Deus,

505 3733 583 3786 sic
615 3748 712 3788 nos
741 3736 910 3789 sacris
959 3735 1267 3789 muneribus
1313 3744 1456 3789 tuam
1506 3735 1715 3790 veniam
1763 3736 2076 3804 promereri,

495 3834 562 3876 ut
598 3835 808 3879 nostros
839 3826 1167 3893 corrigamus
1209 3840 1493 3891 excessus;
1544 3825 1623 3880 sic
1661 3826 1947 3881 fatent'bus
1994 3840 2081 3882 re-

498 3914 689 3969 laxare
729 3915 1005 3981 delictum,
1048 3925 1105 3970 ut
1144 3931 1486 3973 coerceamus
1513 3919 1565 3971 in
1593 3917 1703 3971 suis
1733 3912 2081 3985 pravitatibus

496 4007 822 4061 nbatinatos.
856 4007 958 4061 Per
990 4008 1297 4064 Dominum.

554 4096 845 4165 -Prtcfatio.
872 4128 947 4140 -η
977 4098 1111 4153 Vere
1157 4098 1373 4168 dignum
1402 4109 1457 4155 et
1503 4099 1706 4168 justum
1736 4110 1839 4170 est,
1870 4115 2078 4169 aequum

496 4195 563 4240 et
587 4187 840 4252 salutare,
876 4202 971 4241 nos
996 4187 1089 4242 tibi
1118 4205 1329 4257 semper
1369 4199 1423 4244 et
1448 4190 1645 4258 ubique
1670 4191 1871 4259 gratias
1899 4204 2078 4258 agere,

502 4275 732 4333 Domine
759 4286 962 4345 sancte,
993 4279 1148 4332 Pater
1173 4280 1533 4349 ontuipotens,
1565 4288 1768 4335 :rterne
1810 4280 1950 4334 Deus
1983 4297 1995 4331 :
2027 4290 2081 4333 et

493 4369 843 4422 clementiam
879 4380 1019 4423 tuam
1046 4370 1357 4439 supplicitt-r
1383 4385 1608 4425 exorare
1626 4408 1642 4436 ,
1668 4381 1726 4424 ut
1769 4370 1933 4424 Filius
1961 4380 2081 4424 tuus

496 4455 659 4513 Jesus
681 4458 923 4514 Christus
947 4461 1198 4515 Dominus
1222 4475 1426 4525 uoster,
1452 4462 1540 4530 qui
1569 4477 1627 4516 se
1649 4477 1816 4529 usque
1841 4463 1892 4515 iu
1916 4461 2074 4515 linem

2171 1896 2226 1942 et
2248 1889 2504 1957 salutare,
2535 1907 2632 1945 nos
2661 1893 2751 1948 tibi
2791 1908 3011 1964 semper
3039 1904 3094 1951 et
3121 1897 3320 1968 ubique
3344 1901 3543 1969 gratias
3570 1915 3769 1971 agere,

2176 1978 2402 2035 Domine
2431 1992 2631 2044 sancte.
2676 1982 2833 2039 Pater
2879 1986 3258 2054 omnipotens,
3306 1998 3514 2044 aeterne
3564 1992 3711 2046 Deus
3748 2008 3766 2045 :

2173 2069 2503 2138 Maiestatem
2556 2081 2697 2127 tuam
2749 2077 3060 2143 suppliciter
3105 2077 3476 2145 deprecantes,
3529 2090 3607 2145 ut,
3662 2096 3771 2137 ex-

2172 2166 2340 2236 pulsis
2366 2168 2569 2237 azymis
2597 2168 2903 2235 vetustatis,
2937 2169 3080 2224 illius
3108 2170 3245 2240 Agni
3274 2171 3396 2227 cibo
3422 2171 3683 2227 satiemur
3707 2180 3772 2227 et

2175 2258 2366 2326 poculo
2403 2258 2493 2326 qui
2533 2267 2589 2312 et
2615 2267 2850 2313 nostram
2888 2259 3172 2329 imaginem
3203 2262 3489 2331 reparavit.
3522 2270 3581 2317 et
3600 2277 3769 2317 suam

2176 2348 2331 2401 nobis
2381 2348 2609 2419 gratiam
2668 2351 3015 2420 repromisit,
3076 2350 3235 2408 Jesus
3290 2351 3534 2415 Christus
3588 2353 3771 2412 Filius

2176 2448 2228 2492 ω
2237 2453 2319 2492 US.

2243 2527 2559 2583 Benedictio.
2590 2558 2662 2569 -—
2690 2531 3040 2600 Omnipotens
3069 2529 3329 2587 Dominus
3356 2531 3633 2601 adaperiat
3662 2548 3768 2589 cor

2176 2629 2415 2674 vestrum
2446 2622 2498 2674 in
2529 2620 2648 2692 lege
2676 2636 2793 2687 sua,
2828 2632 2883 2675 et
2921 2622 3164 2678 humiliet
3184 2624 3397 2678 animas
3438 2634 3645 2681 vestras
3688 2624 3764 2682 ad

2173 2713 2430 2781 capienda
2477 2713 2725 2767 mandata
2752 2714 3017 2770 coelestia.
3069 2718 3260 2771 Amen.
3307 2716 3576 2786 Quidquid
3605 2719 3769 2773 vobis

2178 2819 2276 2873 pro
2328 2805 2501 2861 salute
2529 2805 2824 2861 animarum
2854 2816 3149 2861 vestrarum
3191 2822 3253 2863 os
3282 2808 3623 2864 mortalitatis
3660 2824 3765 2864 no-

2178 2903 2305 2950 strae
2328 2905 2566 2961 enarrat,
2596 2906 2874 2964 acceptum
2914 2896 3064 2952 vobis
3091 2898 3263 2966 pietas
3309 2899 3487 2953 divina
3534 2898 3766 2954 efﬁciat.

2178 2990 2374 3044 Amen.
2424 2987 2512 3053 Ut,
2558 2988 2750 3044 divinis
2775 2990 3113 3044 sermonibus
3158 2991 3375 3045 animati
3406 3006 3525 3045 cum
3554 2992 3638 3047 eis
3664 2992 3765 3061 qui

2182 3092 2279 3145 pro
2309 3078 2459 3132 vobis
2499 3078 2799 3149 invigilant,
2830 3079 2895 3133 ad
2927 3088 3179 3135 aeternam
3211 3079 3591 3137 beatitudinem
3632 3097 3767 3137 me—

2103 3163 2151 3226 C
2182 3168 2405 3222 reamini
2438 3169 2720 3237 pervenire
2746 3168 2921 3224 illmsi.
2950 3174 3145 3226 Amen.
3180 3170 3333 3238 Quod
3360 3173 3473 3242 ipse
3501 3183 3768 3242 prteSIare

2182 3257 2447 3326 dignetur.

2251 3350 2330 3403 Ad
2355 3350 2752 3420 Complendum.
2783 3379 2852 3392 -α
2874 3349 3202 3408 Sacriﬁcium
3230 3353 3416 3409 salutis
3437 3363 3639 3409 nostrae
3668 3356 3769 3410 tibi

2180 3441 2495 3508 offerentes,
2526 3457 2852 3511 quzcsumus,
2889 3443 3113 3499 Domine
3143 3443 3283 3500 Deus
3309 3455 3515 3512 noster,
3546 3455 3602 3501 ut
3632 3462 3767 3501 con-

2180 3532 2340 3587 cedas
2379 3533 2534 3587 nobis
2566 3534 2860 3602 puriliiratis
2891 3535 3157 3590 mentibus
3187 3550 3399 3604 semper
3421 3545 3523 3590 tua:
3552 3536 3768 3604 pietatis

2182 3624 2454 3679 telebrare
2488 3625 2827 3693 mysterium.
2858 3623 2960 3680 Per
2991 3626 3271 3680 Dominum
3310 3637 3573 3681 nostrum.

2254 3715 2422 3787 Super
2448 3716 2715 3785 populum.
2749 3746 2819 3757 —
2850 3717 2921 3771 Da
2962 3718 3206 3781 salutem,
3259 3719 3505 3783 Domine,
3554 3734 3769 3788 qumsu-

2184 3820 2322 3870 mus,
2373 3807 2566 3874 popqu
2621 3817 2710 3858 tuo
2763 3808 2955 3861 mentis
2992 3818 3046 3861 et
3087 3811 3362 3879 corporis,
3408 3819 3458 3865 et
3490 3812 3768 3876 perpetuis

2184 3897 2635 3951 consolationibus
2658 3908 2869 3952 tuorum
2900 3901 3044 3968 reple
3070 3902 3233 3956 conia
3266 3901 3526 3963 ﬁdelium,
3560 3917 3639 3968 u‘,
3671 3913 3761 3957 tua

2184 3989 2516 4056 protectionc
2544 3990 2786 4057 relevati,
2819 4002 2872 4045 et
2922 3993 3009 4059 pia
3058 3993 3150 4046 tibi
3192 3993 3479 4047 devotione
3524 3994 3768 4060 compla-

2183 4088 2358 4141 ceant,
2391 4089 2443 4133 et
2475 4089 2561 4132 tua
2616 4094 2830 4147 semper
2883 4080 3142 4135 beneﬁcia
3192 4093 3603 4151 consequantur.
3663 4082 3770 4137 Per

2185 4169 2466 4223 Dominum
2499 4181 2613 4223 ηυδε
2626 4186 2763 4223 rum.

2333 4260 2489 4334 185
2515 4258 2540 4296 ι)
2574 4276 2891 4318 uesperum
2924 4280 3029 4318 xxv
3058 4279 3185 4319 rosr
3225 4280 3618 4321 pemrcosren.

2256 4350 2420 4417 Deus,
2446 4350 2537 4420 qui
2563 4366 2659 4409 nos
2689 4353 2927 4423 regendo
2958 4370 3273 4420 conservas,
3317 4358 3585 4425 parcendo
3602 4357 3768 4427 justi-
3851 4373 3872 4387 °

2186 4445 2335 4508 licas,
2359 4454 2414 4499 et
2438 4460 2469 4500 a
2494 4445 2774 4513 temporali
2810 4446 3149 4502 tribulatione
3170 4462 3267 4502 nos
3296 4450 3462 4518 eripe,
3493 4459 3547 4503 et
3574 4449 3767 4520 gaudia

497 4549 688 4601 Strculi
723 4552 837 4604 suis
885 4552 1129 4617 promisit
1171 4523 1421 4605 ﬁdelibus
1460 4523 1799 4616 adfuturum,
1848 4554 1997 4623 (638)
2027 4564 2071 4608 et

2192 4536 2336 4591 nobis
2359 4546 2555 4591 atterna
2597 4537 2807 4608 largire.
2833 4538 2933 4593 Per
2976 4540 3253 4594 Dominum
3286 4552 3545 4595 nostrum.

501 4640 805 4704 praesentire
836 4641 1126 4704 corporalis
1158 4642 1426 4709 mysteriis
1456 4658 1559 4696 non
1593 4644 1805 4697 deserat
1832 4660 1965 4711 quos
1993 4661 2078 4698 reo

500 4724 699 4789 demit,
733 4736 781 4779 et
828 4726 1116 4795 Majestatis
1159 4744 1269 4783 sua:
1317 4729 1588 4785 beneﬂciis
1634 4746 1737 4785 non
1794 4732 2075 4802 reinquut.

501 4816 609 4870 ‘Per
637 4834 791 4886 quem
822 4818 1171 4886 Maiestatem.

571 4906 889 4964 Benedictio.
934 4938 1003 4951 ξ
1054 4912 1444 4967 BettedictiOnis
1497 4912 1707 4967 Domini
1760 4914 1933 4981 gratia
1987 4928 2082 4967 vos

503 5016 717 5070 semper
755 5014 1018 5072 protegat.
1051 5004 1196 5059 etab
1226 5005 1371 5059 omni
1419 5006 1562 5059 malo
1587 5006 1854 5061 defendat.
1886 5009 2079 5061 Amen.

502 5092 719 5149 Mundet
748 5110 840 5149 vos
874 5094 1031 5168 184
1060 5096 1128 5151 ab
1177 5097 1321 5152 οηιηί
1369 5098 1593 5152 crimine
1635 5108 1992 5165 peccatorum,
2023 5107 2079 5151 et

504 5185 717 5239 sibimet
768 5187 973 5255 placere
1014 5186 1174 5242 faciat
1202 5189 1253 5241 in
1299 5197 1579 5244 aeternum.
1625 5190 1818 5245 Amen.
1872 5189 2079 5258 Ubique

503 5277 654 5330 vtvbis
685 5278 941 5334 Dominus
969 5279 1203 5347 placatus
1232 5289 1500 5346 occurrat,
1530 5289 1585 5336 et
1605 5296 1719 5335 sua;
1748 5279 2082 5335 benedictio-

500 5365 589 5419 nis
640 5381 797 5437 opem
849 5369 1130 5439 dignanter
1178 5371 1450 5426 attribuat.
1501 5371 1696 5427 Amen.
1752 5370 1906 5437 Quod
1966 5370 2082 5440 ipse

444 5442 451 5449 ’
498 5464 762 5527 prastare
791 5458 1060 5527 dignetur.

577 5549 656 5600 Ad
686 5547 1074 5617 Complendum.
1109 5582 1179 5593 ——
1206 5553 1317 5607 Tua
1348 5568 1473 5621 nos,
1506 5553 1748 5618 Domine,
1792 5549 2080 5606 medicina-

580 5666 604 5694 ⁸
641 5659 694 5710 In
727 5659 1142 5715 Benedictiouali
1172 5674 1250 5717 est
1281 5666 1482 5718 ultima.

578 5726 604 5764 δ
632 5727 1265 5801 luCalensiassiguautur
1284 5746 1481 5791 tantum
1501 5734 1792 5790 Dominicte
1815 5746 1936 5787 μιν
1963 5743 2075 5799 post

2258 4627 2426 4699 Super
2454 4626 2643 4683 oblata.
2667 4660 2735 4669 -—
2761 4629 2983 4697 Suscipe
3004 4671 3018 4696 ,
3054 4630 3294 4696 Domine,
3329 4633 3639 4699 propitiatus
3671 4633 3769 4685 ho-

2187 4724 2336 4784 stas,
2382 4720 2570 4788 quibus
2601 4730 2655 4775 et
2695 4729 2745 4775 te
2793 4721 2988 4788 placati
3014 4736 3061 4772 Vt
3086 4721 3253 4785 luisti,
3276 4731 3327 4775 et
3358 4721 3509 4776 nobis
3538 4723 3767 4777 salutem

2190 4811 2388 4879 potenti
2422 4811 2617 4876 pietate
2640 4812 2867 4865 restitui.
2902 4813 3021 4866 Per.

2268 4901 2540 4970 Praefatio.
2571 4930 2641 4943 -—
2672 4902 2804 4957 Vere
2848 4903 3062 4971 dignum
3093 4913 3146 4957 et
3170 4903 3372 4972 justum
3412 4915 3514 4966 est,
3552 4915 3766 4972 :equum

2191 5008 2244 5051 et
2274 4999 2529 5063 salutare,
2558 5014 2655 5053 nos
2687 4998 2776 5053 tibi
2821 5014 3037 5067 semper
3075 5011 3129 5055 et
3159 4999 3353 5069 ubique
3388 5002 3591 5070 gratias
3635 5016 3766 5069 age-

2181 5106 2266 5150 re.
2298 5090 2516 5144 Domine
2547 5099 2755 5156 sancte,
2788 5090 2945 5144 Pater
2988 5092 3349 5160 omnipatcus,
3377 5103 3576 5145 aeterne
3603 5091 3767 5154 Deus,

2182 5196 2274 5249 pz-r
2296 5181 2565 5237 Christum
2598 5180 2879 5237 Dominum
2910 5193 3146 5236 nostrum
3180 5198 3312 5252 :per
3333 5198 3489 5253 quem
3520 5194 3766 5237 sanctum

2181 5284 2236 5328 et
2268 5273 2608 5329 benedictum
2657 5290 2854 5329 nomen
2902 5275 3193 5343 Maiestatis
3234 5285 3337 5330 tute
3384 5275 3577 5344 ubique
3608 5290 3768 5330 vene-

2186 5376 2349 5432 ratur,
2385 5368 2662 5433 adorator,
2695 5367 3018 5437 praedicatur
3058 5379 3113 5422 et
3136 5368 3350 5433 colitur,
3375 5367 3463 5436 qui
3493 5374 3577 5421 est
3616 5368 3769 5435 origo

2187 5456 2398 5522 salutis,
2424 5457 2507 5511 via
2541 5458 2777 5523 virtutis,
2807 5467 2862 5512 et
2892 5466 2994 5511 tua:
3030 5459 3339 5527 propitiatio
3388 5458 3620 5525 pietatis.
3665 5456 3769 5511 Per

2185 5563 2360 5614 quem.

2192 5656 2517 5723 Prtttecost.;
2546 5660 2595 5712 in
2620 5661 2827 5715 Gemet.
2856 5676 2958 5712 xxv
2989 5670 3096 5730 post
3120 5674 3318 5714 octavos
3359 5658 3642 5714 Pentecotl.
3667 5677 3684 5721 ;
3714 5661 3766 5714 in

2186 5730 2345 5799 priori
2385 5729 2589 5783 Tbcod.
2624 5747 2727 5784 xxv
2790 5740 2906 5800 post
2959 5729 3277 5796 Νηρηίδι,
3311 5732 3364 5785 iu’
3401 5731 3569 5785 altero
3616 5743 3766 5785 xm.
