3988 6360
112 381 237 438 189

202 495 377 566 (639)
409 496 533 562 Req.
564 495 697 551 Ben.

200 587 301 639 Ad
331 587 809 655 Complendum.-—
830 584 1250 641 lmmortalitatis
1271 582 1578 639 alimoniam
1610 598 1736 639 con-

115 676 345 739 secuti,
371 692 705 745 quaesumus,
731 677 976 740 Domine,
1003 677 1221 746 utquod
1253 690 1347 731 ore
1376 676 1735 746 percepimus,

112 775 335 819 mente
362 775 649 821 sectemur.
674 765 779 821 Per
805 766 1092 820 Dominum
1118 776 1380 821 nostrum.

212 856 410 927 Super
434 861 703 927 paputum.
734 889 796 900 —-
831 858 1107 913 Familiam
1160 871 1302 913 tuam
1333 900 1346 923 ,
1389 872 1693 928 quaesumus
1717 896 1733 922 .

116 943 398 1014 Domine,
424 950 678 1003 continua
712 951 911 1018 pietate
929 949 1171 1015 custodi,
1200 959 1257 1003 ut
1283 964 1311 1003 a
1330 950 1535 1005 cunctis
1551 952 1739 1006 adver-

119 1038 403 1093 sitatibus
434 1051 491 1097 te
522 1052 842 1112 protegente
869 1044 936 1096 sit
970 1041 1151 1107 libera,
1187 1052 1241 1097 et
1272 1044 1322 1096 in
1351 1042 1504 1097 bonis
1533 1046 1740 1100 actibus

123 1135 226 1181 tuo
254 1133 468 1184 nomini
502 1133 571 1185 sit
599 1133 813 1188 devota.
840 1131 943 1187 Per
970 1132 1272 1186 Dominum.

388 1237 713 1277 HERDOHADA
751 1237 881 1277 XXVI
923 1238 1052 1277 POST
1086 1236 1485 1280 PENTECOSTEN.

204 1310 401 1377 Deus,
454 1313 717 1382 refugium
767 1323 1007 1367 nostrum
1052 1321 1108 1368 et
1150 1314 1357 1379 virtus,
1404 1313 1591 1367 adesto
1640 1312 1740 1381 piis

132 1402 411 1456 Ecclesiae
443 1412 549 1457 tua:
580 1404 827 1472 precibus
854 1414 1041 1459 auctor
1060 1404 1175 1472 ipse
1206 1405 1439 1472 pietatis,
1464 1412 1518 1459 et
1549 1418 1740 1472 praesta

139 1502 199 1544 ut
254 1494 405 1562 quod
457 1494 691 1549 ﬁdeliter
735 1495 965 1563 petimus
1008 1494 1298 1569 efficaciter
1328 1508 1737 1565 consequamur.

135 1582 273 1639 Per.

210 1673 386 1741 Super
424 1674 619 1729 oblata.
646 1703 717 1715 —
745 1674 851 1743 Da,
883 1674 1195 1732 misericors
1240 1677 1399 1742 Deus,
1429 1684 1487 1731 ut
1514 1675 1629 1732 haec
1650 1691 1736 1733 sa-

134 1764 335 1819 lutaris
382 1766 587 1820 oblatio
639 1777 696 1820 et
738 1782 770 1821 a
826 1768 1056 1836 propriis
1107 1780 1203 1822 nos
1241 1767 1480 1823 reatibus
1534 1767 1738 1824 indesi-

137 1865 337 1909 nenter
390 1856 664 1924 expediat,
718 1866 773 1911 et
816 1856 884 1912 ab
929 1859 1176 1913 omnibus
1207 1868 1420 1914 tueatur
1473 1860 1731 1915 adversis.

137 1944 243 2000 Per
272 1947 569 2001 Dominum
602 1957 869 2003 nostrum.

213 2037 734 2106 Pramum—Vere
762 2040 982 2112 dignum
1009 2054 1062 2097 et
1087 2044 1289 2112 justum
1320 2052 1426 2111 est,
1456 2058 1665 2115 aequum
1688 2056 1742 2101 et

140 2131 411 2197 salutare,
433 2147 535 2186 nos
562 2133 655 2186 tibi
673 2147 887 2202 semper
917 2143 973 2188 et
992 2133 1188 2205 ubique
1209 2135 1408 2205 gratias
1428 2151 1608 2207 agere,
1641 2139 1741 2191 Do-

144 2222 290 2275 mine
309 2231 527 2287 sancte,
558 2222 719 2279 Pater
748 2222 1106 2295 omnipotens,
1135 2237 1334 2283 aeterne
1362 2228 1504 2283 Deus
1532 2246 1545 2283 :
1569 2239 1623 2283 et
1646 2228 1740 2283 tibi

144 2314 361 2368 debitas
397 2314 586 2370 laudes
622 2316 708 2384 pio
759 2318 967 2374 honore
1015 2319 1265 2386 deferre,
1318 2331 1371 2375 et
1419 2323 1740 2377 mirahilium

151 2412 363 2457 tuorum
391 2406 773 2461 inenarrabilia
796 2410 1058 2476 przeconia
1080 2410 1285 2465 devotae
1306 2412 1496 2466 mentis
1514 2428 1740 2467 venera-

154 2495 299 2549 tione
320 2496 626 2552 cciebrare.
652 2496 835 2566 Teque
863 2500 1207 2567 ineffabilem,
1232 2510 1395 2571 atque
1423 2502 1740 2557 invisibileut

158 2588 317 2640 Deum
355 2588 602 2655 laudare,
638 2590 961 2647 benedicere
985 2633 1001 2659 ,
1042 2592 1289 2650 adorare.
1328 2592 1433 2650 Per
1472 2595 1741 2649 Christum

154 2673 446 2730 Dominum
475 2691 745 2733 nostntm.

222 2768 355 2837 Req.
394 2769 519 2824 Ben.

225 2863 303 2913 Ad
358 2862 753 2933 Compteudurn.
782 2894 851 2904 -—
879 2863 1099 2921 Ctelesti
1148 2864 1368 2932 lumine,
1399 2880 1739 2937 quaesumus,

156 2952 405 3020 Domine,
433 2964 653 3024 semper
699 2966 751 3011 et
780 2957 973 3027 ubique
1003 2972 1100 3013 nos
1142 2960 1409 3028 praeveni,
1442 2969 1499 3012 ut
1536 2971 1740 3030 myste-

158 3046 312 3108 rium,
362 3044 521 3114 cujus
574 3059 674 3100 ηερε
710 3050 867 3119 186
897 3051 1182 3119 participes
1222 3065 1342 3106 esse
1395 3052 1647 3119 voluisti,
1689 3062 1745 3108 ct

159 3148 286 3202 puro
354 3152 645 3191 cernamus
695 3140 925 3209 intuitu,
980 3148 1036 3195 et
1076 3143 1235 3211 digno
1276 3141 1626 3212 percipiatnus
1665 3144 1744 3197 af-

164 3226 318 3281 fectu.
354 3229 478 3283 Per.

228 3318 404 3387 Super
438 3320 712 3388 populum.
745 3350 816 3361 ——
846 3320 1123 3376 Protector
1162 3322 1214 3376 in
1269 3331 1323 3377 te
1368 3327 1694 3393 Sperantium
1720 3372 1737 3396 ,

165 3410 314 3473 Deus,
351 3412 497 3464 salva
529 3414 786 3480 populum
818 3421 980 3479 tuum,
1012 3424 1067 3468 ut
1095 3428 1122 3468 a
1150 3416 1379 3482 peccatis
1407 3418 1564 3483 liber,
1596 3430 1647 3473 et
1675 3418 1745 3473 ab

166 3498 311 3553 hoste
338 3516 590 3569 securus,
623 3504 674 3555 in
731 3512 818 3557 tua
849 3519 1062 3573 semper
1088 3508 1254 3574 gratia
1285 3520 1609 3577 perseveret.
1639 3511 1741 3567 Per

166 3589 439 3645 Dominum
468 3604 710 3647 nostrum
739 3595 919 3649 Jesum
942 3597 1235 3652 Christum.

393 3698 714 3739 HERDONADA
756 3701 900 3739 XXVII
942 3700 1070 3740 PUST
1117 3701 1506 3746 PBNTECOSTEN.

228 3771 438 3837 Excita,
492 3774 738 3840 Domine,
766 3788 1103 3845 quaesumus,
1145 3790 1350 3834 tuorum
1385 3783 1616 3837 fidelium
1650 3799 1741 3840 v0-

166 3859 409 3926 luutates,
444 3874 503 3916 ut
542 3864 708 3917 divini
739 3868 919 3933 operis
957 3866 1186 3923 fructum
1238 3872 1553 3939 propensius
1582 3889 1739 3929 exse-

167 3964 405 4022 quentes,
429 3956 649 4024 pietatis
679 3966 785 4010 tute
816 3960 1049 4014 remedia
1066 3962 1264 4031 majora
1299 3964 1609 4033 percipiant.
1640 3966 1743 4021 Per

169 4038 467 4100 Dominum.

231 4135 402 4201 Super
421 4136 704 4190 oblata.—
736 4139 1001 4209 Propitius
1050 4150 1201 4209 esto,
1250 4144 1502 4212 Domine,
1542 4147 1740 4215 suppli-

173 4225 461 4280 cationibus
494 4228 717 4292 nostris,
752 4239 824 4295 et,
872 4233 1049 4300 populi
1082 4233 1152 4287 tui
1182 4235 1541 4291 oblationibus
1573 4239 1743 4306 preci-

169 4312 357 4384 basque
379 4317 670 4386 susceptis,
699 4322 935 4375 omnium
970 4335 1207 4377 uosuuut
1240 4325 1304 4379 ad
1335 4337 1384 4381 te
1408 4328 1572 4382 corda
1608 4344 1740 4382 cou-

171 4418 322 4470 verte,
371 4418 450 4473 ut,
484 4425 512 4461 a
540 4411 771 4465 terrenis
793 4415 1171 4482 cupiditatibus
1210 4417 1387 4485 liberi,
1414 4422 1479 4473 ad
1506 4421 1741 4476 ccelestia

172 4497 420 4550 desideria
448 4510 806 4556 transeamus.
842 4503 963 4559 l’er.

234 4590 498 4661 ΡητῙαιὶο.
522 4625 593 4636 -
622 4595 759 4651 Vere
804 4597 1025 4668 dignum
1056 4608 1112 4653 et
1138 4599 1338 4668 justum
1367 4611 1488 4668 est,
1534 4617 1742 4673 :cquum

175 4686 485 4751 etsaluiare,
508 4702 607 4741 nos
633 4688 725 4741 tibi
778 4701 990 4758 si-niper
1024 4701 1077 4744 et
1106 4693 1298 4761 ubique
1328 4696 1527 4765 gratias
1556 4711 1743 4766 agere,

178 4774 379 4833 Domine
438 4789 649 4847 sancte,
684 4779 840 4837 Pater
880 4785 1253 4852 omnipotens,
1308 4797 1509 4844 aeterne
1564 4791 1741 4846 Deus:

176 4868 305 4933 cujus
334 4881 420 4923 est
447 4875 629 4939 operis
654 4876 792 4943 quod
836 4876 1035 4930 conditi
1085 4892 1289 4947 sumus,
1340 4885 1573 4937 muneris
1602 4885 1743 4952 qttod

176 4956 403 5024 vivimus,
452 4962 671 5029 pietatis
716 4965 856 5034 quod
891 4975 975 5019 tua
1014 4982 1138 5038 erga
1178 4985 1274 5023 nos
1303 4972 1440 5025 dona
1470 4977 1745 5042 cognosci-

178 5060 299 5100 mus.
325 5048 586 5113 Quamvis
616 5056 757 5107 enim
782 5065 971 5109 natura
1002 5068 1181 5111 nostra
1215 5062 1416 5126 peccati
1449 5064 1624 5117 vitiata
1675 5067 1745 5120 sit

176 5144 397 5210 vulnere,
423 5161 454 5197 a
479 5147 712 5200 terrenis
736 5155 912 5200 tamen
939 5148 1003 5200 ad
1032 5150 1272 5204 coeleatia
1318 5153 1625 5221 provehitur
1651 5167 1741 5210 tuo

178 5233 498 5290 inenarrabili
521 5251 765 5292 munere.
800 5238 902 5293 Per
931 5238 1228 5297 Christum.

241 5324 353 5397 Reg.
385 5326 516 5382 Ben.

239 5414 308 5468 Ad
336 5417 738 5487 Complendum.
760 5450 830 5459 -—
858 5420 1106 5477 Concede
1136 5422 1309 5489 nobis,
1341 5422 1583 5490 Domine,
1599 5438 1744 5495 quae-

183 5518 365 5577 sumus,
405 5521 466 5566 ut
491 5511 755 5581 quidquid
799 5514 851 5567 in
899 5526 1080 5569 nostra
1127 5526 1306 5571 mente
1338 5517 1586 5570 vitiosum
1638 5526 1742 5586 est,

242 5671 367 5743 '_ln
422 5665 771 5739 Kalendarid
804 5664 961 5729 Rom.
1011 5685 1238 5743 quatuor
1284 5687 1484 5730 tantum
1531 5676 1733 5731 hebdo-

189 5739 334 5795 made
377 5744 719 5812 assignantur
766 5752 893 5799 ante
934 5739 1117 5801 Natale
1164 5747 1392 5813 Domini,
1421 5758 1472 5802 et
1516 5748 1731 5802 totidem

1336 366 1537 434 LIBER
1574 373 2206 438 SACRAMENTORUM.

3312 387 3412 449 l9D

1764 493 1811 550 Α
1842 496 2159 548 sacramenti
2213 495 2354 564 quod
2410 495 2735 563 sumpsimus
2786 498 3135 556 medicatioue
3172 512 3411 558 curetur.

1841 580 1961 636 Per.

1912 675 2082 744 Super
2100 679 2366 749 poputum.
2389 708 2459 720 --
2488 680 2696 747 Excita,
2720 682 2947 740 Domine
2965 727 2979 750 ,
3016 696 3225 742 tuorum
3250 688 3412 742 corda

1842 766 2098 834 fidelium,
2147 778 2223 833 ut.
2248 773 2416 826 sacris
2465 775 2665 829 intenta
2700 775 2956 831 doctrinis
2978 818 2991 839 ,
3035 787 3086 832 et
3118 778 3413 847 intelligant

1840 858 1982 926 quod
2026 869 2335 927 sequantur,
2366 870 2418 916 et
2442 867 2716 933 sequendo
2744 865 2972 922 fideliter
2992 869 3410 938 apprehendaut.

1842 942 1944 1003 Per
1976 948 2255 1003 Dominum
2287 962 2547 1007 nostrum.

1965 1039 2113 1107 (tilO)
2148 1048 2171 1075 α
2210 1054 2524 1096 nauantth
2563 1056 2593 1097 v
2629 1056 2765 1099 ιητε
2796 1060 3041 1102 unum
3084 1064 3283 1104 uotum.

1913 1128 2067 1196 (641)
2092 1128 2297 1191 Excita,
2329 1130 2573 1194 Domine,
2596 1139 2888 1199 potentiam
2916 1148 3079 1203 tuam,
3105 1147 3161 1193 et
3190 1141 3332 1205 veni,
3365 1149 3417 1194 et

1842 1219 1980 1287 quod
2014 1219 2270 1274 Ecclesiae
2302 1227 2406 1275 tute
2452 1225 2776 1291 promisisti,
2808 1240 2976 1294 usque
3016 1228 3065 1280 in
3105 1228 3265 1283 finem
3314 1245 3415 1284 ste-

1842 1311 1943 1364 culi
1976 1311 2269 1366 clementer
2292 1326 2538 1379 operare.
2568 1315 2668 1381 Qui
2716 1316 2845 1369 vivis
2864 1326 2921 1371 et
2957 1332 3146 1386 regnas
3168 1332 3285 1375 cum
3312 1324 3419 1377 Deo

1846 1400 2002 1455 Patre
2027 1402 2078 1455 in
2111 1404 2317 1457 unitate
2338 1404 2567 1472 Spiritus
2596 1407 2763 1459 sancti
2797 1407 2956 1461 Deus.
2986 1409 3088 1462 Per
3116 1410 3314 1463 omnia.

1916 1492 2086 1558 Super
2114 1494 2307 1548 oblata.
2337 1524 2403 1535 —-
2431 1496 2762 1550 Sacrificium
2796 1498 2886 1551 tibi
2916 1538 2931 1561 ,
2986 1498 3209 1555 Domine
3228 1540 3243 1565 ,
3274 1500 3417 1555 cele-

1845 1583 2103 1637 brandum
2125 1584 2362 1653 placatus
2379 1585 2612 1655 intende,
2634 1589 2770 1655 quod
2792 1598 2851 1643 et
2876 1602 2972 1644 nos
2994 1604 3021 1642 a
3048 1588 3190 1643 vitiis
3220 1600 3419 1646 nostra:

1842 1673 2163 1729 conditionis
2180 1677 2459 1745 emendet,
2492 1688 2544 1731 et
2570 1689 2662 1732 tuo
2692 1680 2891 1733 nomini
2914 1680 3103 1735 reddat
3139 1691 3413 1750 acceptos.

1844 1763 1967 1818 Per.

1768 1844 1817 1912 B
1914 1851 2186 1921 Prmfatio.
2227 1882 2297 1896 --
2326 1855 2462 1910 Vere
2487 1857 2705 1928 dignum
2734 1866 2791 1912 et
2814 1856 3018 1928 juSturn
3072 1870 3174 1925 est,
3208 1877 3414 1927 atquum

1843 1954 1898 1996 et
1924 1944 2179 2008 salutare,
2212 1959 2308 1998 nos
2332 1947 2422 1999 tibi
2454 1956 2666 2017 semper
2689 1958 2743 2002 et
2788 1951 2981 2019 ubique
3009 1953 3205 2019 gratias
3235 1968 3414 2020 agere,

1844 2033 2067 2088 Domine
2118 2046 2338 2100 sancte,
2391 2037 2548 2091 Pater
2595 2040 2953 2110 oumipotens,
3002 2054 3202 2097 mterne
3246 2043 3412 2107 Deus,

1850 2128 2004 2197 187
2037 2142 2130 2195 per
2157 2126 2426 2181 Chr-istum
2454 2130 2733 2184 Dominum
2766 2142 3006 2186 nostrum
3035 2150 3050 2186 ε
3085 2134 3236 2203 cujus
3264 2134 3419 2204 (642)

1844 2219 1997 2285 primi
2025 2219 2284 2272 adventus
2311 2223 2620 2290 mysterium
2663 2222 2733 2275 ita
2778 2237 2874 2277 nos
2904 2223 3066 2277 facias
3094 2226 3267 2292 dignis
3300 2226 3413 2278 latt-

1844 2306 2002 2360 dibus
2022 2316 2079 2361 et
2097 2307 2287 2362 ofﬁciis
2323 2310 2626 2376 celebrare,
2662 2321 3089 2383 praesentemque
3128 2315 3287 2366 vitam
3332 2317 3416 2367 itt-

1845 2397 2163 2466 culpabilem
2208 2401 2425 2465 ducere,
2462 2410 2520 2454 ut
2552 2403 2844 2456 secundum
2893 2404 3163 2458 valeamus
3191 2404 3418 2459 interriti

1846 2499 2183 2552 exspectare.
2205 2489 2307 2544 Per
2331 2507 2487 2560 quem
2518 2492 2870 2560 Majestatem.

1916 2580 2228 2637 Benedictio.
2252 2615 2323 2625 —
2348 2585 2616 2641 Cuncedat
2646 2588 2794 2642 Vobis
2845 2588 3094 2642 Dominus
3146 2587 3416 2657 prmium

1845 2676 2070 2730 sincera:
2100 2673 2394 2739 charitatis,
2428 2684 2483 2728 ut
2512 2691 2636 2730 cum
2678 2677 2927 2731 omnibus
2953 2690 3164 2744 semper
3204 2678 3256 2731 in
3289 2692 3419 2745 pace

1848 2777 2061 2831 vivatis.
2086 2775 2275 2830 Amen.
2300 2773 2638 2828 lnimicurum
2680 2774 2914 2827 omnium
2944 2774 3160 2828 insidias
3198 2788 3418 2841 supere-

1847 2864 1955 2931 tis,
1999 2874 2054 2919 et
2117 2873 2431 2933 prasentem
2483 2865 2643 2918 vitam
2700 2863 3061 2918 sincerissime
3129 2862 3415 2932 peragatis.

1847 2961 2038 3015 Amen.
2065 2959 2193 3016 Sitis
2223 2960 2381 3014 etiam
2408 2973 2437 3012 a
2467 2967 2617 3012 reatu
2648 2957 2985 3010 conscientia:
3010 2957 3200 3019 liberi,
3242 2964 3298 3008 ut
3339 2955 3418 3008 iii-

1847 3051 1921 3106 hil
1949 3052 2193 3105 metuatis
2214 3051 2375 3106 indie
2399 3049 2583 3118 judicii
2618 3049 2918 3117 postfuturi.
2954 3050 3106 3115 Quod
3138 3048 3272 3114 ipse.

1919 3140 1997 3195 Ad
2024 3138 2410 3211 Complendum.
2435 3167 2505 3181 -—
2538 3141 2743 3193 Animae
2788 3147 2985 3192 nostra:
3008 3179 3024 3205 ,
3074 3150 3376 3208 qumsumus
3404 3177 3418 3199 ,

1848 3235 2188 3302 omnipotens
2213 3233 2372 3295 Deus,
2403 3232 2505 3286 hoc
2540 3234 2810 3298 potiantur
2838 3228 3107 3284 desiderio
3125 3271 3138 3291 ,
3187 3230 3245 3281 tit
3270 3242 3297 3279 .1
3327 3235 3420 3280 tuo

1846 3325 2047 3396 Spiritu
2098 3324 2518 3389 inflammentur,
2548 3333 2641 3390 ut,
2690 3321 2828 3375 sicut
2877 3320 3189 3388 lampades,
3239 3319 3417 3372 divino

1848 3434 1991 3471 mum
2014 3433 2070 3469 re
2114 3416 2329 3480 satiati,
2383 3426 2509 3470 ante
2538 3422 2878 3482 conspectum
2911 3412 3172 3466 venientis
3222 3410 3416 3463 Christi

1846 3509 1967 3564 Filii
2000 3510 2072 3560 tui
2103 3508 2244 3561 velut
2274 3506 2418 3560 clara
2446 3507 2643 3559 lumina
2675 3506 2985 3573 fulgeamus.
3026 3502 3126 3556 Per
3146 3500 3415 3554 eumdem.

1922 3602 2090 3671 Super
2124 3601 2391 3669 populum.
2418 3628 2488 3638 —
2515 3598 2707 3652 Preces
2739 3597 2914 3665 populi
2945 3594 3017 3648 tui
3035 3635 3047 3655 ,
3076 3606 3378 3662 qua-smnus
3402 3632 3417 3653 ,

1845 3692 2088 3759 Domine,
2118 3694 2409 3745 clementer
2434 3690 2646 3754 exaudi,
2676 3697 2731 3741 ut
2751 3687 2837 3756 qui
2872 3686 2940 3739 de
2969 3685 3195 3738 adventu
3228 3682 3421 3749 Unigeo

1848 3785 1944 3838 niti
1973 3786 2089 3838 Filii
2119 3786 2195 3838 tui
2223 3783 2511 3837 secundum
2541 3795 2752 3833 carnem
2778 3781 3051 3839 lmtattltlt‘;
3078 3778 3126 3827 in
3162 3773 3414 3837 secundo,

1847 3890 1969 3931 cum
2002 3876 2204 3930 venerit
2234 3878 2285 3928 in
2307 3873 2581 3943 Maiestate
2607 3886 2722 3934 sua,
2756 3872 3033 3940 prmniium
3061 3876 3274 3921 aeterna:
3296 3866 3417 3918 vitae

1848 3970 2156 4038 percipiant.
2180 3968 2300 4021 Per.

2076 4071 2387 4110 ΒΕΒῖιοΜΛῦΑ
2422 4070 2473 4107 ιν
2514 4068 2653 4107 ANTE
2695 4066 2940 4107 NATALEII
2978 4063 3157 4103 DOMINI

1921 4148 2127 4210 Excita,
2177 4160 2516 4215 quaasuruus,
2560 4143 2804 4204 Domine,
2836 4145 3122 4208 potintiam
3174 4148 3315 4191 tuam
3364 4142 3419 4190 et

1849 4238 1967 4292 veni
1998 4279 2012 4303 ,
2073 4248 2127 4289 ut
2175 4238 2242 4289 ab
2286 4234 2683 4289 imminentibus
2731 4244 3065 4301 peccatorum
3115 4238 3415 4284 tiostrorum

1848 4329 2101 4400 periculis
2126 4338 2178 4382 te
2208 4341 2508 4381 mereamur
2539 4333 2848 4393 protegente
2878 4324 3007 4391 etipi
3028 4365 3042 4389 ,
3080 4331 3132 4378 te
3162 4321 3419 4375 liberante

1845 4424 2060 4480 salvari.
2084 4425 2179 4490 Qui
2208 4422 2338 4476 vivis
2354 4431 2405 4475 et
2436 4435 2649 4489 regnas.

1920 4517 2093 4585 Super
2112 4515 2308 4568 oblata.
2333 4531 2404 4553 ε-
2435 4512 2673 4578 intende,
2699 4526 3029 4581 quaesumus,
3062 4506 3300 4570 Domine,
3335 4515 3415 4561 sa-

1849 4606 2107 4662 oriﬁcium
2137 4602 2428 4674 singulare,
2448 4612 2523 4666 ut,
2550 4601 2708 4671 hujus
2729 4601 3130 4670 participatione
3156 4596 3417 4665 mystcrii,

1850 4714 1966 4769 qua:
1983 4697 2245 4767 speranda
2267 4696 2538 4751 credimus
2556 4702 2861 4765 exspectata
2880 4707 3174 4747 sumamus.
3192 4692 3291 4745 Per
3318 4690 3416 4743 Do-

1849 4791 2073 4844 minum.

1918 4880 2186 4949 ΡνωῙσιίο.
2216 4910 2284 4921 --
2317 4881 2453 4935 Vere
2482 4879 2699 4948 dignum
2730 4890 2783 4932 et
2806 4876 3006 4947 justum
3048 4887 3125 4931 i-st
3149 4916 3166 4942 ,
3207 4891 3417 4945 aequum

1846 4982 1900 5026 et
1922 4974 2180 5036 salutare,
2214 4986 2311 5025 nos
2341 4973 2431 5026 tibi
2479 4986 2693 5039 semper
2734 4978 2791 5023 et
2833 4970 3027 5036 ubique
3059 4968 3255 5035 gratias
3297 4980 3411 5035 age-

1850 5076 1906 5113 re
1928 5102 1943 5124 ,
1980 5061 2201 5115 Domine
2222 5071 2427 5126 sancte,
2464 5062 2618 5114 Pater
2644 5059 3006 5124 omnipotens,
3030 5068 3227 5109 :eterne
3256 5058 3417 5120 Deus,

1846 5152 1995 5223 (653)
2026 5154 2111 5207 cui
2143 5155 2408 5220 proprium
2440 5161 2525 5207 est
2550 5164 2604 5206 et
2641 5152 2911 5219 singulare
2956 5148 3095 5212 quod
3138 5148 3308 5201 bonus
3337 5164 3416 5214 es,

1844 5254 1900 5300 et
1952 5245 2090 5298 nulla
2144 5256 2372 5311 unquam
2419 5258 2444 5292 ει
2490 5252 2541 5296 te
2586 5257 2645 5295 es
2686 5240 3104 5295 commutatione
3154 5238 3397 5292 diversus

1846 5334 2163 5404 Propitiare,
2198 5345 2536 5400 quresumus,
2586 5331 3063 5397 supplicationibus
3114 5329 3333 5403 nostris,
3365 5340 3419 5382 et

1848 5425 2101 5480 Ecclesiae
2134 5432 2236 5475 tua:
2269 5421 2687 5475 misericordiam
2724 5429 2868 5473 tuam
2916 5434 3073 5488 quam
3105 5418 3422 5487 deprecatur

1852 5517 2116 5583 ostende,
2173 5515 2516 5569 manifestans
2572 5512 2711 5581 plebi
2765 5523 2909 5578 tuae,
2964 5512 3229 5581 Uuigeuiti
3261 5518 3336 5567 tui
3366 5520 3420 5567 et

1768 3208 1816 3271 C

1843 5677 1907 5801 lla!
1943 5674 2039 5799 M‘si.
2087 5672 2334 5742 Caiensi,
2375 5686 2471 5727 nec
2512 5672 2692 5742 plures
2734 5671 2949 5729 invenio
2997 5673 3046 5727 iu
3100 5644 3305 5730 Comet.
3357 5689 3418 5729 ac

1909 5759 1991 5801 ΙὈΠ
2034 5783 2050 5799 ι

1909 5759 1972 5801 lci
1980 5759 2050 5799 id.
