3988 6302
589 298 683 351 Vl

585 515 1011 567 sacramentum;
1070 513 1125 556 ut
1181 505 1230 557 in
1287 505 1633 563 universitate
1680 510 1951 564 nationum
2009 512 2161 582 (6M)

585 603 796 647 constet
839 609 960 648 esse
1009 594 1299 661 perfectum
1329 636 1344 660 ,
1397 596 1568 664 (645)
1618 600 1757 665 quod
1807 612 1983 656 vatum
2041 620 2160 657 ora-

583 684 717 735 culis
750 683 847 736 fuit
881 691 1004 737 ante
1035 683 1351 749 promissum
1374 725 1389 751 ,
1439 687 1616 757 ((346)
1656 690 2053 759 percip'antque
2081 697 2163 748 di-

580 772 838 836 gnitatem
866 772 1170 841 adoptionis
1192 790 1328 844 quos
1350 788 1582 833 exornat
1607 780 1871 838 confessio
1901 785 2158 843 veritatis.

580 860 685 915 Per
712 876 893 929 quem.

652 948 971 1005 Benedictio.
993 982 1063 992 —
1089 953 1443 1023 Omnipotens
1476 959 1615 1015 Deus
1639 1002 1653 1027 ,
1709 963 1860 1032 cujus
1891 966 2158 1036 Unigeniti

575 1040 901 1107 adventum,
945 1054 999 1097 et
1030 1048 1354 1113 prteteritum
1399 1052 1656 1121 creditis,
1707 1066 1760 1109 et
1792 1056 2021 1112 futurum
2066 1078 2159 1114 ev-

572 1131 851 1198 spectatis,
877 1132 1120 1201 ejusdem
1152 1137 1416 1193 adventus
1464 1155 1555 1195 vos
1582 1141 1935 1202 illustratione
1961 1152 2161 1204 sancti-

575 1217 715 1283 ticet,
741 1228 796 1274 et
827 1235 921 1276 sua
946 1224 1318 1282 benedictione
1344 1230 1654 1298 locupletet.
1685 1234 1877 1289 Amen.
1917 1237 1973 1290 lu
2024 1256 2160 1306 prte-

576 1309 747 1363 sentis
772 1311 896 1364 vita:
926 1312 1100 1366 stadio
1119 1330 1213 1369 vos
1241 1320 1308 1369 ab
1336 1322 1477 1371 omni
1509 1320 1832 1378 adversitate
1879 1326 2156 1395 defendat,

572 1406 627 1449 et
656 1411 715 1451 se
742 1398 893 1453 vobis
946 1400 997 1453 in
1025 1400 1230 1469 judicio
1273 1405 1585 1472 placabilem
1635 1411 1901 1467 ostendat.
1961 1420 2152 1475 Amen.

572 1486 720 1552 Quo,
751 1502 779 1540 a
809 1491 1018 1545 cunctis
1046 1493 1304 1561 contagiis
1344 1507 1685 1562 peccatorum
1719 1501 1927 1559 libetati
1950 1546 1966 1571 ,
2016 1509 2156 1564 illius

571 1580 834 1633 tremendi
867 1582 1128 1638 examinis
1156 1583 1296 1639 diem
1326 1589 1649 1657 eXSpectetis
1680 1591 1929 1649 interriti.
1957 1597 2155 1655 Amen.

573 1671 723 1736 Quod
758 1670 893 1736 ipse.

1788 308 2029 363 SANCTI
2070 304 2388 362 liliEGUllll
2432 311 2639 367 MAGNI

585 410 968 466 incarnationis
1019 420 1369 481 mysterium,
1425 422 1482 469 et
1529 416 1793 471 adventus
1847 420 2159 474 admirabile
2190 425 2235 477 Α
2335 420 2415 472 Ad
2457 421 2844 492 Complendum.
2874 457 2941 468 —
2973 428 3182 500 Repleti
3214 435 3333 489 cibo
3360 438 3618 508 spiritalis

3756 334 3857 406 19:2

3665 444 3857 497 alimoo

2265 509 2402 571 nim,
2448 513 2717 579 supplices
2747 522 2823 582 te,
2856 517 3098 586 Domine,
3145 523 3533 594 deprecamur,
3591 540 3647 584 ttt
3696 531 3856 599 hujus

2264 600 2667 668 participatione
2721 609 2965 677 mysterii
3013 610 3209 666 doceas
3255 631 3354 669 nos
3404 628 3618 674 terrena
3671 623 3849 693 despi.

2262 703 2418 755 cere,
2450 702 2502 744 et
2528 708 2713 750 amare
2741 699 3001 754 cmlestia.
3037 703 3137 758 Per
3163 704 3441 762 Dominum
3474 720 3742 768 nostrum.

2333 780 2505 848 Super
2557 787 2821 853 populum.
2850 818 2919 830 —
2965 791 3036 846 Da
3056 833 3071 857 ,
3101 810 3409 864 qutesumus
3431 839 3449 863 ,
3504 805 3847 870 omnipotens

2263 869 2423 934 Deus,
2459 886 2664 930 cuncta:
2696 877 2911 934 familiae
2939 891 3041 936 tua:
3070 884 3208 940 hanc
3239 889 3590 956 voluntatem,
3631 895 3846 953 Christo

2264 960 2400 1013 Filio
2431 971 2517 1015 tuo
2545 964 2769 1021 Domino
2815 980 2998 1026 nostro
3028 976 3286 1043 venienti,
3332 981 3382 1034 in
3412 986 3665 1050 operibus
3684 991 3845 1057 justis

2261 1058 2416 1118 aptos
2471 1069 2775 1123 occurrere,
2823 1069 2882 1114 ut
2930 1063 3046 1130 ejus
3097 1068 3331 1123 drxlerm
3364 1074 3592 1140 sociati,
3627 1094 3842 1144 regnum

2261 1152 2566 1197 mereantur
2588 1147 2861 1214 possidere
2886 1153 3126 1211 emleste.
3146 1156 3246 1212 Per
3275 1166 3523 1219 eumdem
3561 1166 3840 1226 Dominum

2260 1241 2521 1286 nostrum.

2405 1327 2562 1397 189
2592 1345 2908 1387 ιιεΒυωιΑυΑ
2953 1351 2988 1389 ιι
3030 1352 3169 1393 ANTE
3210 1357 3452 1399 unum
3496 1362 3699 1404 uomat.

2330 1417 2528 1472 Aurem
2554 1428 2716 1486 tuam,
2746 1439 3071 1494 qumsumus,
3096 1430 3339 1499 Domine,
3368 1438 3612 1503 precibus
3643 1445 3839 1495 nostris

2258 1513 2694 1580 aceommoda,et
2715 1521 2907 1573 mentis
2929 1524 3125 1577 nostrae
3155 1527 3401 1583 tenebras
3418 1534 3587 1598 gratia
3621 1542 3727 1588 tute
3758 1538 3835 1588 vi-

2257 1602 2525 1658 sitationis
2553 1603 2782 1660 illustra.
2817 1608 2918 1663 Per
2942 1610 3225 1669 Dominum
3254 1627 3516 1672 nostrum.

2330 1692 2501 1762 Super
2520 1696 2793 1750 oblata.-——
2816 1699 3119 1757 Devotionis
3142 1717 3333 1761 nostra:
3363 1707 3479 1774 tibi,
3506 1726 3830 1781 quaesumus,

644 1764 803 1832 188
832 1763 912 1816 Ad
940 1764 1331 1834 Complendttm.
1361 1798 1430 1809 —
1458 1770 1848 1843 Snseipiamus,
1880 1778 2102 1836 Domine
2126 1825 2139 1849 ,
2176 1788 2222 1846 B
2252 1784 2490 1850 Domine,
2526 1786 2704 1841 HOStia
2729 1788 2928 1860 jugiter
2958 1792 3278 1859 immoletur,
3305 1812 3426 1866 qua:
3454 1763 3831 1871 etjsacri—p—r:

566 1851 989 1909 misericordiam
1030 1867 1172 1911 tuam
1215 1860 1265 1913 in
1295 1860 1472 1915 medio
1496 1865 1672 1931 templi
1707 1870 1809 1932 tui,
1852 1880 1904 1923 et
1935 1884 2150 1940 repara-

567 1941 727 1995 tionis
758 1953 958 1998 nostra:
992 1959 1212 2003 ventura
1264 1951 1525 2006 solemnia
1556 1956 1805 2025 congruis
1854 1959 2149 2017 honoribus

563 2033 942 2101 praecedamus.
976 2036 1098 2093 Per.

635 2129 804 2199 Super
856 2133 1123 2202 populum.
1152 2163 1225 2175 —-
1250 2135 1320 2189 Da
1340 2177 1354 2199 ,
1383 2152 1719 2207 quaesumus,
1752 2140 1976 2198 Domine
1998 2184 2012 2209 ,
2045 2161 2144 2215 po-

562 2219 683 2287 pulo
721 2227 809 2273 tuo
862 2219 1114 2290 Spiritum
1157 2226 1399 2282 veritatis
1442 2236 1496 2281 et
1528 2231 1701 2296 pacis,
1755 2242 1809 2285 ut
1852 2242 1907 2287 et
1961 2244 2012 2289 te
2052 2251 2144 2304 per

559 2309 847 2366 aduentum
904 2312 1171 2384 Unigeniti
1231 2317 1303 2369 tui
1337 2326 1446 2371 tota
1497 2331 1674 2374 mente
1720 2333 2046 2391 cognoscat,
2090 2334 2146 2380 et

470 2390 473 2393 ’
557 2415 677 2466 qua:
706 2400 795 2455 tibi
820 2412 942 2455 sunt
974 2403 1190 2470 placita,
1221 2415 1333 2461 toto
1378 2408 1541 2462 corde
1579 2420 1832 2465 sectetur.
1868 2414 1970 2468 Per
1994 2430 2143 2471 eum-

560 2490 683 2544 dem
718 2492 998 2545 Dominum
1029 2502 1291 2549 nostrum.

783 2597 1099 2637 HERDOIADA
1141 2600 1198 2639 Ill
1236 2600 1372 2641 ANTE
1411 2604 1659 2643 NATALEM
1699 2606 1899 2647 DOIINI.

632 2676 835 2739 Excita,
892 2678 1151 2745 Domine,
1208 2681 1368 2735 corda
1425 2696 1603 2738 uoswa
1655 2686 1719 2739 ad
1762 2691 2137 2755 prteparandas

560 2763 825 2836 Unigcnlti
859 2769 931 2824 tui
972 2770 1115 2835 vias,
1144 2780 1200 2826 ut
1245 2787 1341 2841 per
1366 2776 1482 2842 ejus
1522 2777 1810 2832 adventum
1844 2782 2137 2848 puriﬁcatis

558 2856 654 2911 tibi
687 2860 952 2914 mentibus
988 2863 1190 2917 servire
1214 2877 1534 2919 mereamur.
1567 2866 1666 2932 Qui
1699 2877 1872 2924 tecum
1906 2872 2034 2925 vivit
2081 2882 2135 2927 et

556 2958 744 3015 regnat
771 2949 928 3004 Dens.

627 3036 796 3106 Super
812 3039 1086 3095 oblata.-——
1118 3040 1355 3109 Placare,
1387 3043 1627 3110 Domine,
1666 3062 1987 3116 qutesumus,
2028 3051 2135 3105 ltu-

2250 1887 2369 1946 agat
2393 1878 2631 1933 instituta
2660 1882 2915 1950 mysterii,
2959 1895 3010 1937 et
3052 1890 3285 1941 salutare
3316 1899 3459 1943 tuum
3487 1894 3646 1947 nobis
3674 1899 3825 1949 mira—

2247 1968 2425 2023 biliter
2454 1980 2723 2040 operetur.
2767 1974 2869 2029 Per
2899 1977 3144 2031 eumdem
3174 1978 3453 2035 Dominum
3488 1996 3754 2042 nostrum.

2320 2060 2591 2131 Praefatio.
2616 2094 2686 2105 -
2711 2064 2846 2122 Vere
2890 2067 3104 2138 dignum
3151 2080 3203 2125 et
3244 2071 3443 2140 justum
3475 2085 3583 2141 est,
3618 2093 3821 2148 {equum

2249 2164 2304 2209 et
2327 2155 2583 2223 salutare,
2615 2171 2714 2211 nos
2737 2158 2832 2212 tibi
2861 2173 3077 2228 semper
3105 2174 3158 2217 et
3190 2163 3383 2229 ubique
3411 2169 3614 2235 gratias
3645 2186 3819 2238 agere,

2250 2247 2477 2303 Domine
2499 2259 2704 2314 sancte,
2729 2249 2888 2306 Pater
2918 2253 3278 2322 omnipotens,
3310 2265 3513 2312 aeterne
3544 2260 3712 2326 Deus,
3741 2281 3827 2327 per

2246 2338 2514 2393 Christum
2546 2340 2825 2395 Dominum
2854 2352 3093 2398 nostrum
3125 2362 3139 2398 :
3170 2346 3321 2415 cujus
3343 2347 3720 2408 incarnatione
3738 2370 3823 2407 sa—

2246 2428 2328 2481 lus
2353 2428 2486 2483 facta
2519 2439 2602 2485 est
2629 2432 2834 2498 mundi,
2859 2443 2911 2488 et
2941 2437 3192 2503 passione
3221 2439 3518 2508 redemptio
3545 2458 3823 2512 procurata

2245 2527 2326 2573 est
2350 2520 2580 2576 hominis
2612 2523 2893 2587 procreati.
2927 2524 3043 2593 Ipse
3071 2540 3187 2590 nos,
3219 2542 3547 2595 quaesumus,
3573 2533 3640 2586 ad
3674 2546 3823 2588 mter-

2244 2624 2367 2663 ntnu
2397 2611 2651 2678 perdth
2683 2613 2979 2679 praemium,
3007 2617 3095 2685 qui
3126 2618 3353 2673 redemit
3380 2620 3450 2676 de
3482 2623 3721 2679 tenebris
3745 2626 3819 2678 in-

2244 2686 2541 2766 fernorum,
2566 2701 2928 2774 justiiicetque
2970 2707 3023 2760 in
3054 2707 3285 2764 adventu
3316 2713 3574 2778 secundo,
3606 2717 3699 2784 qui
3730 2732 3823 2772 nos

2246 2791 2471 2846 redemit
2499 2794 2553 2848 in
2575 2795 2780 2863 primo;
2812 2805 3074 2866 quatenus
3104 2799 3247 2855 illius
3269 2816 3365 2856 nos
3399 2816 3431 2858 a
3463 2805 3623 2860 malis
3645 2809 3817 2860 enmi-

2240 2880 2339 2937 bus
2361 2882 2614 2939 defendat
2654 2885 2975 2953 sublimitas,
3006 2891 3162 2958 cujus
3202 2905 3300 2947 nos
3341 2892 3409 2947 ad
3458 2894 3625 2949 vitam
3653 2896 3822 2953 erexit

2242 2972 2533 3029 humilitas.
2565 2976 2665 3032 Per
2697 2993 2854 3046 quem
2888 2979 3211 3047 Maiestatem
3236 2990 3401 3037 tuam.

2313 3063 2627 3121 Benedictio.
2652 3097 2721 3109 —
2743 3068 3092 3140 Omnipotens
3142 3072 3280 3126 Deus
3305 3088 3397 3129 vos
3430 3073 3642 3141 placato
3672 3078 3818 3131 vultu

554 3128 798 3185 militatis
824 3141 1021 3187 nostra:
1045 3134 1290 3202 precibus
1313 3144 1368 3189 et
1396 3134 1606 3205 hostiis,
1639 3148 1693 3193 et
1720 3140 1803 3193 ubi
1830 3142 1972 3195 nulla
2001 3158 2129 3212 sup-

2254 3156 2512 3223 reSpiciat,
2541 3168 2596 3213 et
2627 3159 2678 3212 in
2712 3174 2804 3214 vos
2833 3159 3032 3215 donum
3074 3177 3185 3216 suae
3217 3163 3606 3219 benedictionis
3640 3166 3813 3220 infun-

557 3229 744 3288 petuut
786 3223 1040 3293 suﬂragia
1071 3226 1414 3292 meritorum,
1446 3234 1551 3283 tute
1590 3229 1742 3286 nobis
1790 3233 2128 3305 indulgentia:

548 3327 802 3369 succurre
825 3315 1108 3384 prazsidiis.
1140 3318 1264 3374 Per.

621 3427 977 3498 Prtefatio.—
1004 3432 1139 3489 Vere
1166 3433 1382 3504 dignum
1414 3444 1467 3490 et
1486 3437 1687 3506 justum
1718 3449 1803 3495 est
1843 3457 2052 3506 aequum
2077 3453 2133 3498 et

546 3514 802 3585 salutare,
835 3534 933 3574 nos
980 3521 1075 3576 tibi
1104 3538 1316 3593 semper
1367 3539 1422 3580 et
1471 3527 1666 3597 ubique
1712 3531 1908 3599 gratias
1946 3546 2124 3602 agere,

547 3605 775 3662 Domine
794 3619 998 3675 sancte,
1024 3609 1183 3667 Pater
1212 3614 1573 3684 omnipotens,
1604 3628 1807 3674 teterne
1840 3620 2009 3675 Deus:
2038 3623 2127 3693 qui

547 3697 699 3765 (647)
729 3707 819 3752 tuo
848 3700 1193 3756 inenarrabili
1243 3719 1464 3760 munere
1512 3709 1804 3774 pra:stitisti
1852 3720 1909 3764 ut
1942 3723 2124 3765 natura

550 3786 780 3843 humana
809 3790 875 3843 ad
903 3790 1305 3849 similitudinem
1336 3796 1409 3849 tui
1441 3797 1675 3863 condita,
1707 3800 1982 3856 dissimilis
2035 3818 2128 3871 per

546 3888 818 3945 peccatum
849 3889 904 3935 et
933 3894 1157 3938 mortem
1207 3886 1416 3952 eﬂ‘ecta,
1452 3905 1786 3960 nequaquam
1832 3893 1884 3947 in
1923 3905 2122 3949 :eterna

543 3969 888 4027 damnatione
941 3974 1167 4042 periret;
1215 3978 1313 4031 sed
1370 3980 1511 4034 unde
1569 3991 1842 4049 peceatum
1893 3993 2119 4039 mortem

540 4071 896 4129 contraxerat,
918 4063 1046 4120 inde
1064 4066 1226 4120 vitam
1259 4078 1343 4122 tua
1373 4071 1810 4139 pietasimmensa
1829 4085 2117 4143 repararet,

539 4160 591 4204 et
619 4148 772 4220 (648)
801 4154 1034 4222 antiqua:
1088 4157 1312 4228 virginis
1360 4160 1565 4215 facinus
1624 4180 1756 4217 nova
1804 4175 1857 4219 et
1898 4166 2120 4222 intente-

539 4249 652 4293 rata
682 4242 833 4311 virgo
862 4242 1022 4298 Maria
1054 4246 1244 4315 piaret.
1278 4250 1405 4316 Quae
1435 4256 1501 4304 ab
1549 4254 1737 4320 angelo
1764 4255 1988 4310 salutati
2016 4294 2035 4321 ,
2087 4273 2116 4311 a

538 4330 735 4396 Spiritu
785 4343 973 4389 sancto
1020 4337 1379 4404 obumbrata,
1431 4342 1579 4396 illum
1630 4344 1851 4413 gignere
1898 4349 2113 4413 meruit,

535 4420 625 4486 qui
665 4432 854 4475 cuncta
896 4427 1041 4480 nasci
1079 4443 1178 4482 suo
1220 4441 1348 4482 nutu
1384 4434 1649 4487 concessit
1684 4450 1697 4486 :
1730 4451 1849 4502 qua:
1888 4437 2115 4491 miraba-

2236 3245 2346 3299 dat.
2382 3249 2575 3304 Amen.
2615 3248 2683 3302 Et
2722 3251 2811 3320 qui
2855 3250 2951 3306 bos
2992 3251 3106 3306 dies
3151 3253 3514 3309 incarnatione
3546 3256 3817 3326 Unigcniti

2234 3337 2316 3391 sui
2343 3337 2470 3393 fecit
2497 3339 2788 3407 solemnes,
2815 3357 2843 3396 a
2866 3342 3071 3397 cunctis
3094 3344 3371 3412 prmsenlis
3398 3357 3451 3400 et
3478 3345 3677 3401 futura:
3703 3349 3817 3402 vita:

2233 3428 2646 3484 adversitati-bus
2670 3431 2861 3485 reddat
2881 3432 3179 3488 indemnes.
3205 3438 3393 3489 Amen.
3421 3433 3489 3490 Ut
3512 3436 3604 3505 qui
3631 3437 3704 3491 de
3726 3439 3813 3491 δά-

2236 3525 2397 3570 ventu
2430 3518 2803 3588 Redemptoris
2831 3523 2999 3576 nostri
3026 3538 3100 3577 se.
3123 3524 3321 3578 undum
3353 3539 3570 3579 carnem
3617 3525 3810 3582 devota

2232 3617 2409 3665 mente
2438 3610 2711 3678 laetamini,
2735 3611 2788 3667 in
2818 3613 3073 3677 secundo,
3099 3629 3220 3669 cum
3255 3616 3307 3670 in
3334 3615 3616 3685 majestate
3649 3632 3813 3671 vene-

2229 3700 2320 3768 rit,
2354 3701 2590 3770 pmmiis
2610 3712 2825 3759 aeternae
2853 3704 2975 3760 vita:
3000 3704 3263 3761 ditemini.
3295 3710 3486 3763 Amen.
3513 3706 3672 3775 Quod
3700 3707 3809 3778 ipse

2228 3803 2482 3863 przestare
2507 3794 2778 3865 dignetur.

2296 3885 2380 3940 Ad
2403 3884 2791 3958 Complendum.
2820 3916 2889 3927 -ο
2912 3886 3281 3956 lmploramns,
3309 3887 3551 3954 Domine,
3570 3888 3807 3942 clemen-

2230 3977 2355 4030 tiam
2383 3987 2525 4031 tuam
2547 4017 2564 4043 ,
2599 3986 2655 4032 ut
2683 3978 2797 4032 haec
2823 3977 3004 4032 divina
3046 3978 3287 4033 subsidia
3314 3993 3343 4032 a
3375 3979 3517 4033 vitiis
3556 3980 3807 4050 expiatos

2224 4069 2290 4123 ad
2320 4068 2458 4125 festa
2487 4079 2707 4124 ventura
2734 4085 2832 4125 nos
2858 4079 3177 4140 prteparent.
3212 4069 3331 4125 Per.

2698 4176 2882 4217 IENSIS
2919 4178 2951 4216 Χ
2992 4171 3019 4199 ⁸
3059 4177 3213 4217 FEBIA
3253 4177 3325 4217 IV.

2294 4244 2873 4319 Praesta,'qua‘sumus,
2905 4251 3244 4320 omnipatens
3293 4251 3450 4317 Deus,
3485 4261 3542 4305 ut
3591 4256 3801 4308 redem-

2225 4341 2417 4412 ptionis
2441 4352 2635 4396 nostra:
2658 4353 2876 4396 ventura
2900 4344 3230 4407 solemnitas,
3250 4353 3303 4397 et
3330 4345 3611 4411 praesentis
3644 4345 3799 4399 nobis

2222 4434 2342 4486 vitae
2361 4432 2595 4489 subsidia
2617 4433 2876 4497 conferat,
2895 4442 2949 4489 et
2967 4443 3181 4489 aeterna;
3202 4433 3548 4489 beatitudinis
3574 4434 3800 4503 prtemia

538 4517 625 4560 tur
661 4518 715 4562 et
764 4515 1005 4579 corporis
1054 4516 1453 4585 integritatem,
1497 4532 1549 4575 et
1587 4534 1877 4591 conceptus
1932 4527 2113 4581 fecuu-
2145 4506 2193 4565 Ῑ)
2219 4523 2493 4593 largiatur.
2527 4524 2625 4579 Per
2650 4525 2957 4578 Dominum.

535 4598 778 4663 ditatem,
806 4605 1171 4675 gaudebatque
1209 4623 1362 4664 suum
1407 4611 1636 4677 paritura
1672 4626 1983 4685 parentem,
2014 4618 2105 4674 Je-

2289 4615 2425 4669 Alia.
2450 4644 2522 4657 —-
2548 4616 2782 4681 Festina,
2810 4629 3136 4685 quaesumus,
3171 4615 3412 4680 Domine,
3449 4631 3515 4670 ne
3545 4617 3797 4672 tardave-

535 4701 653 4741 sutn
682 4689 948 4745 Christutn
981 4694 1256 4752 Dominum
1288 4709 1547 4755 nostrum.
1588 4703 1690 4757 Per
1713 4719 1895 4773 quem.

603 4777 918 4838 Benedictio.
946 4813 1015 4825 —
1042 4786 1192 4859 (649)
1228 4790 1397 4857 Deus,
1448 4794 1598 4860 cujus
1628 4794 1888 4849 adventus
1937 4797 2109 4851 incar-

531 4864 760 4921 nationis
809 4872 1107 4937 prteteritus
1160 4874 1439 4943 creditur,
1492 4890 1548 4933 et
1606 4881 1786 4946 judicit
1858 4892 2107 4937 venturus

531 4968 891 5026 exspectatur,
925 4976 1039 5030 vos,
1071 4972 1356 5035 antequam
1387 4971 1601 5036 veniat,
1655 4970 1833 5039 expiet
1868 4970 1934 5024 ab
1962 4972 2107 5026 omni

527 5051 845 5121 eoutagione
871 5052 1072 5109 delicti.
1093 5061 1283 5112 Amen.
1317 5058 1470 5114 Prius
1501 5061 1550 5114 in
1579 5060 1733 5115 vobis
1755 5061 1920 5113 diluat
1949 5076 2108 5117 onme

525 5142 666 5210 quod
690 5144 780 5198 illa
814 5144 991 5201 futura
1018 5150 1412 5206 examinatione
1447 5155 1727 5219 punitur-us
1759 5163 1861 5220 est,
1903 5166 1959 5208 ut
1983 5170 2102 5208 cum

517 5233 693 5303 justus
737 5238 1013 5296 advenerit
1039 5241 1222 5310 judex,
1259 5260 1364 5297 non
1419 5246 1471 5298 in
1505 5246 1654 5302 vobis
1700 5248 1933 5304 inveniat
1961 5247 2101 5318 quod

524 5326 864 5383 condemnet.
896 5330 1085 5385 Amen.
1112 5334 1226 5404 Quo
1254 5334 1500 5389 veniente
1529 5350 1634 5388 non
1660 5336 1940 5389 incurratis
1970 5352 2101 5405 sup-

525 5414 736 5478 plicium
782 5429 1062 5485 aeternum,
1095 5424 1185 5477 sed
1216 5426 1631 5481 renmneremini
1674 5426 1913 5481 donariis
1950 5441 2103 5480 scm-

526 5506 763 5572 piteruis.
802 5510 991 5565 Amen.
1030 5512 1178 5579 Quod
1210 5514 1322 5581 ipse
1351 5524 1603 5582 prarstarc
1631 5515 1902 5581 dignetur.

2218 4702 2318 4768 ris,
2349 4714 2403 4758 et
2428 4705 2685 4758 auxilium
2718 4706 2869 4759 nobis
2909 4719 3156 4774 superna:
3187 4705 3400 4759 virtutis
3435 4707 3709 4774 impende,
3744 4715 3797 4758 ut

2217 4792 2475 4847 adventus
2507 4796 2579 4848 tui
2618 4794 3073 4847 consolationibus
3101 4794 3450 4849 subleventur
3489 4795 3577 4864 qui
3613 4795 3666 4849 in
3705 4803 3791 4848 tua

2215 4885 2413 4954 pietate
2442 4884 2733 4939 conﬁdunt.
2768 4884 2866 4952 Qui
2898 4884 3030 4940 Vitis
3053 4895 3106 4939 et
3132 4898 3346 4954 regnas.

2287 4978 2459 5047 Super
2482 4978 2674 5032 oblata.
2698 5004 2765 5017 --
2796 4978 2955 5033 Grata
2990 4977 3085 5031 tibi
3124 4980 3247 5040 siut,
3281 4976 3538 5042 Domine,
3571 4991 3791 5031 munera

2211 5070 2408 5139 quibus
2432 5072 2682 5141 mysteria
2703 5071 3041 5126 celebrantur
3063 5081 3258 5124 nostrte
3285 5069 3545 5124 libertatis
3567 5081 3621 5124 et
3646 5073 3790 5123 vitae.

2212 5159 2314 5214 Per
2346 5161 2629 5215 Dominum
2657 5169 2896 5215 nostrum
2926 5160 3108 5214 Jesum
3137 5160 3405 5214 Christum

2286 5252 2445 5321 190
2462 5250 2845 5322 Prwfatt'o.—\l
2856 5266 2948 5306 ere
2960 5252 3172 5321 dignum
3187 5260 3241 5304 et
3253 5250 3456 5319 justum
3471 5258 3788 5319 est,:equnm

2208 5350 2262 5396 et
2292 5344 2559 5409 salutare,
2588 5357 2686 5397 nos
2710 5343 2799 5397 tibi
2824 5357 3038 5412 semper
3061 5351 3115 5396 ct
3142 5342 3339 5411 ubique
3377 5342 3575 5409 gratias
3604 5356 3785 5411 agere,

2212 5431 2435 5489 Domine
2459 5442 2666 5501 sancte,
2706 5434 2862 5488 Pater
2881 5433 3236 5501 omnipotens,
3269 5442 3474 5488 teterne
3502 5432 3663 5495 Deus,
3692 5444 3789 5501 per

2165 5520 2479 5587 ,thristum
2525 5524 2804 5580 Dominum
2851 5532 3133 5578 nostrum:
3164 5524 3252 5579 oui
3300 5524 3368 5579 ab
3412 5523 3645 5581 autiouis
3694 5538 3788 5589 pa-

595 5634 618 5658 ’
654 5625 706 5678 In
752 5625 975 5682 Kalend.
1022 5630 1176 5685 nom.
1235 5638 1392 5688 statio
1446 5636 1513 5687 ad
1568 5644 1800 5688 sanctum
1851 5635 2088 5691 Marium.
2204 5641 2324 5692 dem
2354 5649 2435 5693 est
2462 5638 2621 5693 statio
2649 5638 2701 5693 in
2728 5636 2940 5693 Calcns'

526 5696 869 5766 Evangeliunt
905 5700 1090 5757 illis-sus
1128 5712 1200 5757 est
1228 5748 1242 5771 ,
1276 5714 1332 5758 ttt
1361 5707 1515 5759 etiam
1551 5706 1708 5761 hodie
1742 5707 1955 5774 legitur.
1994 5709 2087 5760 lia-
