3988 6370
181 317 316 372 ως

1388 324 1591 383 LIBER
1630 321 2271 379 SACRAMENTORUM.

3385 346 3487 402 I’H

177 417 376 471 tribus
400 423 775 484 exspectatus,
826 418 893 471 ab
934 418 1123 488 angelo
1171 418 1464 484 nuntiatus,
1498 434 1526 472 a
1572 419 1791 487 Virgine
1823 422 1864 478 A
1898 414 2122 469 famulos
2145 428 2263 471 tuos
2295 432 2399 472 non
2423 418 2839 476 exuratllamma
2866 422 3143 481 vitiorum.
3180 428 3279 485 Per
3305 433 3486 489 Domi-

175 518 514 572 eoueeptus.
552 507 603 560 in
634 507 743 561 line
768 510 1081 561 surculorum
1116 509 1418 563 ltominiltus
1452 520 1532 563 est
1559 525 1791 578 praesen-

178 607 364 650 tatus.
388 597 508 663 Qui.
544 602 1007 667 apprOpinquante
1032 600 1332 654 Nativitatis
1361 615 1473 654 sute
1504 602 1664 665 festo,
1693 602 1788 666 ita,

172 706 525 756 quaesumus,
556 692 629 745 sit
661 692 815 745 nobis
846 692 1097 759 placatus,
1121 694 1348 762 qualiter
1373 705 1568 758 tecum,
1594 705 1787 750 etcum

174 780 404 845 Spiritu
435 791 624 835 sancio
648 782 714 835 ad
742 797 839 836 nos
868 785 1042 837 veniat
1072 785 1347 838 nobiscum
1378 788 1637 854 perpetiin
1669 802 1789 855 per-

176 889 507 926 tttansurus.
538 874 641 928 Per
671 890 853 943 quem.

259 967 354 1019 Ad
394 966 786 1033 Complendum.
816 997 888 1008 —
910 970 1242 1023 Couservent
1281 983 1410 1031 nos,
1442 984 1748 1037 quaesumus
1769 1010 1784 1033 ,

182 1056 446 1120 Durniue,
479 1074 700 1112 munera
727 1068 835 1124 tua,
869 1069 923 1113 et
962 1076 1056 1126 per
1092 1063 1373 1115 adventum
1410 1059 1675 1131 Unigeniti
1710 1064 1783 1118 lui

173 1149 435 1202 tribuant
461 1150 619 1206 nobis
643 1152 801 1205 vitam
826 1161 1102 1209 aeternam.
1134 1154 1234 1221 Qui
1266 1165 1458 1212 tecum.

254 1239 435 1310 Super
477 1243 845 1309 populum.—
873 1243 1069 1298 Gratiae
1119 1255 1241 1308 tute,
1290 1260 1616 1314 qumsumus,
1669 1245 1786 1299 Do-

172 1330 360 1391 mine,
382 1330 721 1398 supplicibus
753 1333 855 1386 tuis
883 1332 1054 1387 tribue
1086 1334 1407 1402 largitatem,
1439 1345 1499 1389 ut
1533 1338 1784 1391 mandata

174 1428 300 1484 tua,
330 1429 382 1475 te
401 1421 722 1488 epitulante.
747 1432 1034 1488 sectantes,
1059 1425 1476 1480 consolationem
1503 1429 1785 1496 praesentis

171 1513 312 1564 vita:
340 1513 635 1580 percipiant
664 1523 719 1569 et
747 1513 961 1568 futura}.
987 1515 1088 1569 Per
1120 1516 1423 1571 Dominutn.

828 1613 853 1639 ⁸
886 1620 1044 1660 FBRIA
1070 1621 1143 1660 Vl.

257 1687 470 1756 Excita,
521 1706 851 1761 quresumus,
904 1694 1147 1762 Domine,
1194 1697 1486 1766 potentiam
1535 1707 1681 1753 tuam
1726 1708 1782 1754 et

1896 524 2020 575 npm
2052 521 2314 563 nostrum.

1967 600 2135 669 Super
2176 602 2459 656 oblata.——
2492 603 2746 659 Ecclesia:
2795 614 2919 672 tum,
2970 607 3210 676 Domine,
3259 627 3482 665 munem

1892 692 2184 760 sanetilica,
2216 704 2269 746 et
2294 695 2531 749 concede
2554 705 2612 750 ut
2644 713 2734 764 per
2759 699 2871 753 haec
2896 703 3197 757 veneranda
3223 711 3476 775 mysteria

1892 798 2028 851 pane
2049 783 2250 838 caelesti
2274 786 2419 840 reiici
2445 802 2761 843 mereamur.
2782 791 2882 845 Per
2907 793 3188 850 Dominum
3208 807 3475 865 nostrum.

1967 873 2235 944 Prwfatio.
2258 908 2328 917 —
2353 879 2488 934 Vere
2516 883 2731 951 dignum
2755 897 2809 939 et
2833 887 3034 953 justum
3060 900 3164 957 est,
3192 906 3400 960 :equum
3423 903 3480 947 et

1890 968 2144 1029 salutare.
2176 986 2272 1023 nos
2300 970 2387 1023 tibi
2415 986 2629 1041 semper
2649 985 2702 1028 et
2728 977 2921 1046 ubique
2948 986 3147 1048 gratias
3166 998 3341 1051 agere,
3375 985 3478 1037 Do-

1892 1060 2032 1111 mine
2075 1070 2279 1122 sanrte.
2315 1062 2474 1117 Pater
2512 1067 2873 1134 omnipotens,
2925 1084 3125 1129 aeterne
3172 1076 3348 1130 Deus:
3382 1078 3474 1146 qui

1889 1164 1996 1203 non
2021 1150 2194 1204 solum
2226 1162 2442 1220 peccata
2468 1156 2709 1223 dimittis,
2742 1160 2835 1213 sed
2862 1163 3003 1229 ipsos
3028 1166 3193 1220 etiam
3213 1166 3476 1236 justiiicas

1891 1254 2220 1310 peccatores,
2255 1255 2309 1298 et
2340 1246 2444 1301 reis
2475 1264 2579 1301 non
2614 1257 2816 1304 tantttm
2854 1265 3071 1319 peccata
3111 1259 3339 1325 relaxas,
3373 1262 3470 1316 sed

1887 1331 2023 1386 dona
2069 1334 2281 1402 largiris
2320 1347 2374 1390 et
2413 1338 2628 1405 prazmia
2665 1356 2680 1393 :
2729 1341 2882 1409 cujus
2934 1359 3031 1398 nos
3064 1348 3311 1412 pietatem
3342 1365 3473 1420 sup—

1889 1422 2057 1491 plices
2086 1438 2391 1489 exoramus,
2426 1436 2484 1481 ut
2512 1427 2600 1497 qui
2638 1429 2858 1499 jejuuiis
2888 1445 2938 1486 et
2980 1436 3117 1489 votis
3146 1438 3474 1493 solemnibus

1888 1513 2221 1568 nativitatem
2278 1514 2542 1583 Uuigeniti
2580 1502 2665 1572 'tui
2719 1522 3096 1589 przevenimus,
3146 1525 3289 1581 illius
3333 1529 3476 1582 dono

1886 1611 1943 1656 et
1996 1605 2273 1670 prtesentis
2320 1607 2439 1659 vite
2498 1609 2988 1675 perturbationibus
3040 1627 3364 1680 careamus,
3418 1628 3476 1672 et

1885 1702 2084 1747 aeterna
2142 1709 2362 1750 munera
2410 1695 2710 1765 capiamus.
2767 1699 2869 1754 Per
2925 1715 3083 1770 quem
3141 1702 3472 1772 Maiestatem

173 1780 330 1847 veni,
361 1791 419 1834 ut
456 1782 508 1836 lii
548 1785 639 1853 qui
674 1784 727 1839 in
757 1795 841 1838 tua
882 1786 1080 1854 pietate
1107 1789 1402 1853 confidunt,
1432 1790 1499 1842 ab
1524 1790 1665 1844 tﬂllli
1693 1791 1775 1845 ci-
1809 1788 1855 1848 B
1883 1795 2049 1839 ιιιειῐηο

178 1875 287 1926 tius
318 1874 649 1931 adversitate
679 1877 989 1933 liberentur.
1015 1880 1113 1946 Qui
1147 1880 1279 1934 vivis
1308 1890 1361 1935 et
1391 1898 1601 1949 regnas.

252 1966 431 2036 Super
461 1967 657 2023 oblata.
681 2000 752 2008 —
780 1969 979 2024 Praesm
1004 2011 1020 2036 ,
1058 1974 1304 2036 Domine,
1344 1990 1684 2041 quaesumus,
1720 1985 1776 2031 ut

171 2058 361 2111 dicato
392 2059 605 2113 muneri
632 2071 1012 2129 congruentem
1046 2069 1243 2117 nostra:
1262 2062 1558 2118 dov0tionis
1582 2065 1776 2120 oll'era-

170 2164 293 2203 ntus
324 2149 602 2208 ell’ectum.
636 2151 758 2206 Per.

250 2242 529 2311 Praefatio.
556 2273 619 2284 —
648 2244 784 2300 Vere
806 2244 1023 2315 dignum
1053 2255 1105 2301 et
1125 2245 1326 2315 justum
1359 2255 1460 2311 est,
1484 2263 1695 2318 :equum
1718 2257 1775 2305 et

172 2334 439 2400 salutare,
464 2349 563 2388 nos
597 2335 688 2389 tibi
713 2351 928 2405 semper
956 2347 1011 2390 et
1033 2336 1229 2406 ubique
1253 2339 1448 2407 gratias
1469 2354 1643 2405 agere,
1669 2339 1773 2393 Do-

176 2424 323 2475 miue
365 2434 574 2487 sancte,
630 2423 786 2479 Pater
831 2427 1192 2495 omnipotens,
1232 2435 1432 2483 aeterne
1463 2429 1601 2484 Deus
1631 2444 1652 2485 :
1682 2430 1772 2497 qui

177 2515 549 2570 sanetilicator
572 2524 629 2571 et
650 2517 922 2571 institutor
942 2532 1001 2571 es
1034 2518 1391 2585 absﬁnentim,
1417 2519 1567 2591 cujus
1592 2522 1770 2577 nullus

180 2608 320 2673 linis,
365 2607 656 2675 nullusque
700 2618 782 2663 est
832 2624 1105 2675 numerus,
1154 2610 1385 2676 ell‘unde,
1433 2628 1765 2681 quimsumus,

175 2714 333 2766 super
361 2715 481 2763 nos,
519 2701 570 2752 in
595 2699 783 2756 diebus
804 2698 1130 2770 jejuniorum
1156 2714 1481 2771 nostrorum,
1509 2705 1765 2774 Spiritum

176 2792 360 2857 gratia:
388 2791 666 2859 salutaris,
696 2802 748 2848 et
779 2794 847 2847 ab
875 2793 1126 2850 omnibus
1146 2809 1245 2851 nos
1272 2799 1768 2865 perturbationibus

178 2882 354 2935 stecttli
389 2882 546 2950 liujus
588 2894 675 2937 tua
707 2884 1020 2941 defensione
1044 2901 1319 2952 conserva,
1354 2897 1412 2942 ut
1439 2890 1526 2959 qui
1563 2883 1763 2961 linige-

183 2974 271 3026 niti
300 2974 380 3027 tui
412 2974 751 3031 celebramus
779 2978 1089 3045 adventum,
1118 2980 1428 3034 continuum
1473 2981 1593 3051 ejus
1636 2997 1764 3038 sen-

180 3066 373 3120 tiamus
402 3067 684 3121 auxilium.
719 3068 820 3123 Per
846 3085 1003 3139 quem
1037 3071 1368 3138 Maiestatem
1401 3081 1567 3127 tuam.

1952 1878 2032 1931 Ad
2101 1878 2961 1952 Complendum.—Quzesuntus,
3033 1884 3257 1940 Domine
3325 1884 3467 1940 Deus

1879 1980 2084 2034 noster,
2124 1981 2174 2023 ut
2210 1982 2548 2027 sacrosancta
2581 1975 2853 2043 mysteria,
2877 1989 2997 2044 qum
3039 1991 3136 2045 pro
3166 1981 3465 2047 reparatio-

1878 2067 1960 2117 nis
1992 2074 2189 2118 nostrze
2221 2065 2515 2119 munimine
2534 2067 2830 2133 contuliSIi,
2858 2075 2912 2122 et
2938 2083 3173 2136 praesens
3206 2070 3359 2124 nobis
3383 2084 3469 2125 reo

1880 2154 2113 2208 medium
2143 2167 2261 2208 esse
2285 2154 2449 2209 facias
2479 2162 2531 2209 et
2561 2154 2820 2210 futurum.
2854 2157 2974 2211 Per.

2069 2243 2219 2314 (651)
2261 2261 2510 2301 υοιιικιολ
2551 2262 2567 2299 t
2608 2260 2746 2301 sum
2790 2263 3034 2302 ΝΑτΑιιτιί
3075 2264 3276 2304 comm.

1950 2337 2154 2398 Excita,
2188 2336 2433 2400 Domine,
2465 2338 2756 2403 potentiam
2786 2345 2928 2391 tuam
2952 2347 3006 2392 et
3031 2336 3173 2403 veni,
3195 2348 3249 2393 et
3271 2354 3461 2409 magna

1875 2426 2031 2481 nobis
2059 2427 2254 2480 virtute
2297 2442 2570 2492 succurre,
2617 2437 2674 2481 ut
2714 2442 2808 2496 per
2830 2428 3093 2483 auxilium
3119 2430 3303 2500 gratim
3334 2440 3460 2496 tute,

1875 2520 2016 2587 quod
2075 2528 2255 2573 nostra
2308 2528 2526 2587 peccata
2583 2519 2934 2587 prmpediunt,
2984 2520 3308 2589 indulgentia
3359 2532 3463 2575 tu:e

1874 2610 2265 2679 propitiationis
2286 2611 2573 2665 acceleres.
2598 2610 2699 2676 Qui
2736 2608 2869 2663 vivis
2890 2618 2943 2664 et
2967 2623 3179 2681 regnas,
3203 2626 3326 2665 cum
3353 2612 3461 2665 Deo

1877 2701 2034 2755 Patre
2084 2704 2134 2754 in
2168 2701 2371 2755 unitate
2400 2699 2633 2769 Spiritus
2679 2698 2887 2763 saneti,
2919 2698 3078 2753 Deus.
3114 2699 3215 2754 Per
3256 2700 3459 2754 omnia.

1942 2790 2115 2860 Super
2134 2790 2325 2844 oblata.
2343 2818 2414 2831 ——
2433 2792 2554 2844 lltec
2583 2789 2695 2857 tibi,
2721 2789 2967 2855 Domine,
2989 2788 3164 2844 oblata
3194 2789 3455 2860 benignus

1869 2882 2251 2936 sanctiﬁcanda
2290 2894 2503 2935 assume
2523 2881 2793 2946 libamina,
2826 2889 2885 2935 ut
2905 2896 3091 2936 eorum
3116 2881 3454 2950 perceptione

1870 2975 2147 3044 expiamur
2166 2987 2195 3026 a
2235 2974 2482 3041 crimine,
2506 2983 2558 3028 et
2580 2974 2841 3028 adventus
2859 2972 2977 3028 Filii
3002 2974 3074 3029 tui
3094 2973 3320 3043 gloriam
3342 2988 3457 3028 me-

1872 3081 2085 3121 reamur
2127 3066 2351 3121 interriti
2392 3063 2708 3133 praestolari.
2752 3064 2854 3119 Per
2878 3063 3127 3119 eumdem
3161 3062 3448 3118 Dominum

246 3159 323 3210 Ad
345 3157 741 3226 Complendum.
764 3188 832 3197 -—
853 3160 1064 3216 Prosint
1086 3162 1258 3227 nobis,
1287 3161 1527 3229 Domine,
1552 3173 1760 3233 sumpta
1796 3156 1842 3216 C
1874 3163 2133 3211 nostrum-

179 3249 461 3318 ntysteria;
506 3250 814 3318 pariterque
854 3265 952 3306 nos
988 3262 1042 3307 et
1077 3267 1108 3307 a
1153 3254 1386 3322 peccatis
1431 3263 1658 3319 exuant,
1710 3264 1766 3310 et

178 3341 440 3409 ptaBaidilS
471 3351 574 3396 tua:
603 3342 995 3412 propitiationis
1036 3344 1302 3400 attollant.
1343 3345 1446 3402 Per
1475 3344 1761 3401 Dominum

179 3441 438 3486 nostrum.

455 3520 481 3559 δ
520 3537 757 3578 saenno
798 3539 847 3577 IN
890 3539 962 3576 xit
1000 3538 1158 3580 LECT.
1202 3540 1388 3582 ususrs
1425 3541 1479 3581 x.

246 3617 410 3681 Deus,
436 3615 524 3685 qui
553 3615 824 3683 conSpicis
870 3616 989 3684 quia
1027 3632 1091 3671 ex
1125 3630 1303 3673 nostra
1336 3618 1595 3686 pravitate
1620 3617 1760 3674 allii-

176 3712 367 3775 gimur,
398 3708 635 3765 concede
662 3710 919 3779 propitius
946 3718 1001 3765 ut
1029 3724 1093 3765 ex
1124 3720 1209 3765 tua
1241 3712 1546 3767 visitatione
1570 3726 1764 3766 conso-

180 3803 361 3855 lentur.
395 3801 519 3857 Per.

242 3893 382 3945 Alia.
405 3923 474 3933 ——
500 3893 771 3960 Concede,
802 3909 1123 3963 qttzesumus,
1158 3909 1261 3948 om:
1287 3894 1493 3964 ipotvns
1518 3895 1681 3965 Deus,
1709 3904 1765 3950 ut

182 3988 291 4049 quia
317 3984 426 4038 sub
456 3987 658 4053 peccati
703 3985 826 4053 jugo
864 3999 929 4040 ex
975 3996 1177 4039 vetusta
1210 3988 1467 4041 servitute
1498 3988 1759 4055 deprimi-

182 4090 325 4140 tnur,
378 4086 688 4145 exspectata
740 4077 1008 4145 Uuigeuiti
1042 4077 1158 4132 Filii
1205 4079 1277 4132 tui
1321 4095 1454 4131 nova
1488 4081 1761 4134 nitit'itate

182 4166 481 4223 liberemur.
508 4170 611 4235 Qui
647 4181 818 4225 tecum
843 4171 971 4224 vivit
998 4180 1051 4225 et
1083 4183 1269 4239 regnat
1298 4171 1460 4226 Dens.

251 4263 405 4331 191
441 4260 907 4332 dum-indignos
927 4277 1046 4327 nos,
1066 4278 1395 4333 quaesumus,
1422 4265 1660 4328 Domine,
1687 4265 1755 4318 fa-

186 4356 344 4407 mulos
380 4364 531 4415 tuos,
570 4368 706 4421 quos
736 4354 961 4407 actionis
992 4355 1220 4420 propria:
1255 4353 1412 4421 culpa
1460 4355 1759 4417 contristat,

189 4441 445 4512 linigeniti
478 4442 599 4496 Filii
644 4442 718 4496 tui
746 4443 975 4498 adventu
1004 4444 1230 4498 laetiﬁca.
1259 4444 1358 4509 Qui
1390 4453 1589 4500 tecum.

1946 3244 2216 3315 Prw/alio.
2243 3273 2313 3285 -—
2340 3244 2476 3299 \‘ere
2502 3242 2722 3312 dignum
2745 3251 2800 3298 et
2820 3242 3023 3312 justum
3044 3248 3147 3311 est,
3170 3255 3380 3312 aequum
3400 3250 3455 3295 et

1869 3336 2123 3399 salutare,
2142 3335 2297 3406 192
2315 3348 2413 3389 nos
2437 3334 2529 3388 tibi
2552 3347 2767 3402 semper
2792 3341 2845 3386 et
2858 3332 3051 3401 ubique
3062 3331 3257 3400 gratias
3268 3344 3452 3400 agere,

1874 3428 2096 3482 Domine
2117 3438 2325 3490 sancte,
2350 3426 2507 3481 Pater
2528 3425 2869 3493 onmipotens
2887 3465 2903 3491 ,
2932 3430 3133 3479 aeterne
3163 3421 3324 3488 Deus,
3359 3435 3457 3490 per

1868 3520 2141 3574 Christum
2187 3518 2466 3572 Dominum
2507 3527 2744 3572 nostrum
2779 3533 2792 3568 :
2833 3530 2996 3585 quem
3042 3514 3272 3568 Joannes
3310 3527 3453 3582 prte-

1869 3611 2032 3665 cessit
2073 3610 2362 3675 nascendo,
2403 3617 2457 3663 et
2494 3608 2548 3661 in
2580 3608 2811 3662 desertis
2840 3605 3006 3661 eremi
3038 3601 3375 3673 praedicando
3397 3611 3454 3656 et

1871 3704 1920 3755 in
1953 3701 2164 3757 ﬂuentis
2192 3700 2445 3756 Jordanis
2469 3699 2807 3769 baptizando,
2835 3707 2886 3754 et
2908 3696 2975 3752 ad
3000 3696 3203 3751 inferna
3227 3694 3452 3750 descen-

1872 3794 2047 3847 dendo
2079 3809 2093 3846 :
2125 3792 2277 3862 cujus
2306 3791 2624 3845 venerandae
2655 3791 2947 3845 nativitatis
2970 3787 3211 3857 proxime
3233 3794 3451 3839 ventura

1872 3881 2185 3937 solemnitas
2216 3882 2285 3935 ita
2320 3896 2418 3935 nos
2438 3922 2454 3947 ,
2486 3894 2821 3950 quaesumus,
2853 3878 2946 3932 tibi
2989 3879 3212 3945 placitos
3241 3874 3454 3937 reddat,

1872 3986 1927 4028 ut
1958 3989 2077 4028 cum
2113 3972 2283 4027 fructu
2332 3974 2593 4026 bonorum
2642 3985 2862 4040 operum
2906 3970 2974 4024 ad
3021 3982 3183 4038 regna
3214 3964 3457 4020 etele~tia

1873 4064 2194 4129 introducat,
2239 4073 2294 4116 ut
2327 4063 2560 4130 parando
2591 4061 2643 4115 in
2665 4059 2914 4114 cordibus
2944 4059 3140 4111 nostris
3170 4059 3308 4110 viam
3343 4056 3452 4109 Do-

1871 4157 2036 4220 mino,
2085 4154 2397 4221 fructusque
2437 4152 2627 4221 dignos
2675 4150 3000 4218 ptenitentizn
3052 4147 3319 4211 iaciendo,
3363 4160 3457 4212 per

1872 4247 2309 4315 praedicationem
2340 4245 2561 4298 Joannis
2591 4244 3024 4309 obtemperemus
3047 4238 3263 4290 monitis
3284 4236 3453 4289 nostri

1870 4337 2191 4391 Salvatoris.
2222 4337 2416 4403 Sicque
2448 4332 2818 4402 perveniamus
2841 4345 2936 4400 per
2963 4328 3128 4382 ﬁlium
3159 4325 3356 4381 sterilis
3380 4332 3462 4378 ad.

1870 4430 2062 4484 Filium
2100 4428 2347 4497 \iigiuis,
2380 4441 2477 4496 per
2505 4426 2764 4482 Joannem
2798 4420 3067 4478 hominem
3099 4433 3348 4488 maguum
3372 4418 3439 4475 ad

250 4535 383 4584 Alia.
409 4563 478 4572 —
506 4533 733 4599 Prmsta,
763 4548 1066 4602 quaesumus
1086 4575 1101 4599 ,
1132 4535 1471 4603 omnipotens
1505 4536 1664 4600 Deus,
1700 4545 1757 4589 ut

1886 4521 2115 4578 :nmdem
2144 4520 2426 4574 Dutttittuut
2454 4527 2691 4572 nostrum
2717 4514 2986 4570 hominem
3018 4515 3204 4577 Deum,
3228 4509 3319 4579 qui
3346 4508 3452 4562 sie-

190 4623 293 4676 Filii
322 4624 397 4676 tui
430 4632 659 4677 ventura
697 4625 1034 4688 solemnitas;
1056 4638 1102 4680 et
1138 4627 1419 4695 praesentis
1442 4628 1597 4682 nobis
1631 4628 1758 4681 vita:

191 4716 406 4770 remedia
444 4715 710 4781 conferat,
752 4726 807 4772 et
848 4718 1062 4785 praemia
1101 4727 1299 4774 aeterna
1338 4722 1617 4773 concedat.
1659 4718 1759 4773 Per

189 4812 440 4866 eumdem.

250 4904 659 4958 Aha.-—-Preces
690 4903 864 4972 populi
897 4905 992 4967 tni,
1025 4918 1352 4969 quaesumus,
1380 4903 1627 4966 Domine,
1655 4903 1758 4983 cle-

191 5008 381 5051 menter
408 4998 628 5062 exaudi,
660 5007 715 5051 ut
740 4998 828 5067 qui
843 4997 988 5066 juste
1019 5014 1113 5063 pro
1139 4999 1369 5065 peccatis
1399 4999 1596 5050 nostris
1621 4994 1758 5049 allii-

189 5088 364 5154 g‘uuur,
399 5088 616 5157 pietatis
656 5097 759 5142 tua:
788 5087 1087 5144 visitatioue
1125 5091 1483 5143 consolemur.
1518 5088 1618 5142 Per
1649 5087 1757 5141 Do-

192 5180 401 5236 minem.

250 5270 393 5341 (650)
425 5272 544 5325 Alia
572 5271 640 5326 ad
674 5270 910 5327 Missam.
932 5301 1003 5314 -—
1024 5271 1199 5337 Deus,
1239 5271 1327 5340 qui
1361 5270 1531 5324 tribus
1575 5269 1758 5339 pueris

191 5362 424 5431 mitigasti
469 5364 713 5418 ﬂammas
742 5365 938 5434 ignium
959 5403 975 5430 ,
1008 5364 1242 5420 concede
1278 5362 1535 5433 propitius
1570 5373 1623 5416 ut
1656 5375 1753 5417 nos

254 5530 278 5557 ι
310 5521 384 5575 l-Zx
410 5521 601 5573 eodem
650 5516 967 5572 Kalendario
995 5527 1051 5570 et
1076 5514 1211 5571 Cod.
1243 5515 1359 5579 Cal,
1401 5515 1560 5568 statio
1589 5514 1647 5567 lit
1685 5513 1753 5567 ad

192 5590 463 5657 Apostolos.
497 5588 667 5658 llujus
688 5590 835 5642 ferite
860 5588 1112 5658 Evangel.
1135 5586 1435 5656 assignatur
1458 5584 1755 5655 Exsurgens

196 5662 347 5715 Mario
375 5660 495 5717 abiit
526 5662 582 5713 in
606 5667 769 5713 metu.
793 5700 802 5707 .

257 5731 280 5769 ιο
308 5732 364 5787 lu
395 5732 619 5787 Kalend.
648 5729 806 5784 Rom.
836 5729 999 5785 statio
1024 5728 1273 5785 indicitur
1300 5727 1368 5781 ad
1396 5736 1626 5782 sanctam
1659 5724 1756 5779 Pe-

1873 4623 1930 4668 ut
1960 4616 2105 4669 venit
2135 4613 2199 4665 ad
2241 4627 2337 4665 nos
2382 4609 2749 4666 redimendum
2790 4607 3029 4659 occultus
3050 4642 3066 4668 ,
3096 4602 3165 4656 ita
3190 4599 3450 4668 justilicet

1868 4723 1986 4761 cum
2025 4704 2091 4758 ad
2117 4704 2459 4774 judicaudutn
2494 4702 2698 4756 venerit
2725 4696 3055 4752 manifestus.
3082 4695 3185 4749 Per
3213 4708 3394 4763 quem.

1937 4799 2256 4853 Benedictio.
2282 4826 2347 4837 —
2381 4797 2540 4862 Dens,
2592 4794 2679 4864 qui
2729 4808 2823 4847 vos
2862 4800 2917 4846 et
2959 4789 3148 4859 prioris
3192 4786 3452 4841 adventus

1867 4903 2035 4965 gratia
2077 4892 2369 4962 reparavit,
2417 4900 2469 4944 et
2519 4888 2571 4941 in
2619 4884 2854 4941 secundo
2896 4884 3145 4938 daturum
3194 4892 3255 4933 se
3300 4878 3451 4932 Vobis
3514 4878 3525 4897 '

1872 5003 2093 5055 regnum
2139 5001 2260 5040 cum
2312 4984 2509 5038 sanctis
2558 4981 2761 5050 angelis
2811 4976 3145 5061 repromisit,
3192 4976 3452 5029 adventus

1868 5080 1947 5134 Sui
1977 5092 2068 5131 vos
2092 5076 2250 5129 illusti
2267 5076 2445 5130 atione
2466 5072 2782 5128 sanctiticet.
2808 5069 3003 5124 Amen.
3028 5065 3247 5122 Vincula
3273 5075 3451 5120 vestra

1868 5170 2159 5233 dissolvat,
2205 5176 2488 5235 antequam
2532 5164 2740 5229 veniat,
2782 5172 2868 5227 ut,
2914 5158 3124 5214 liberati
3163 5172 3194 5211 a
3223 5155 3452 5211 vinculis

1870 5272 2229 5331 peccatorum,
2285 5258 2514 5311 interriti
2562 5254 2897 5309 tremendum
2953 5251 3076 5319 ejus
3130 5252 3452 5317 eXSpectetis

1865 5359 2172 5412 adventum.
2202 5358 2395 5410 Amen.
2430 5353 2495 5407 Et
2522 5364 2677 5420 quem
2704 5348 2912 5403 venisse
2936 5348 2988 5400 in
3027 5344 3188 5399 terris
3215 5357 3311 5413 pro
3353 5355 3450 5396 ve-

1861 5526 2015 5570 trum.
2044 5509 2413 5566 Prazscribitnr
2444 5504 2725 5575 legendum
2748 5502 2951 5575 Evang.
2979 5502 3126 5554 Auno
3151 5500 3218 5575 i5
3246 5500 3449 5575 imperii

1861 5584 2072 5641 Tiberii.
2108 5584 2260 5634 llom.
2300 5582 2373 5632 2t)
2410 5572 2581 5631 san—eti
2612 5574 2853 5643 Gregorii
2895 5574 2948 5625 itt
2985 5577 3133 5644 hanc
3170 5572 3448 5644 EVangeli

1865 5656 2147 5709 lectionem
2168 5652 2360 5724 dicitur
2376 5650 2571 5724 ltaliita
2587 5647 2659 5724 in‘
2675 5641 2894 5724 basilica
2920 5642 3088 5724 sancti
3110 5641 3275 5724 Joan.
3293 5641 3450 5714 napi.

1869 5725 1924 5779 In
1951 5724 2063 5779 Cal.
2096 5732 2213 5793 post
2242 5722 2341 5777 hoc
2368 5721 2532 5777 Sabb.
2561 5718 2752 5788 legitur
2780 5731 2795 5769 :
2833 5714 3045 5770 Domin.
3068 5722 3233 5768 vacat.
