3988 6366
562 302 663 353 195

1771 287 2010 344 SANCTI
2053 282 2376 343 GREGOI’JI
2420 283 2627 338 MAGNI

3748 285 3874 341 ’98

567 428 669 468 ma
700 415 869 468 salum
896 410 1132 474 “cuius,
1166 414 1554 471 venturumque
1594 407 1660 455 ad
1689 403 1945 469 judicium
1971 403 2135 456 susti-
2168 413 2224 474 Α
2248 413 2363 451 sum
2393 397 2513 451 Filii
2557 400 2629 449 lui
2665 397 2871 450 Domini
2920 396 3088 450 nostri
3141 397 3280 451 nulla
3329 399 3622 468 impediant
3662 414 3872 470 open

562 507 719 572 notis,
741 506 857 573 ejus
878 504 1136 556 adventus
1160 499 1379 566 gloriam
1405 493 1651 561 impavidi
1677 493 1990 547 mereamini
2013 508 2141 547 con-

562 598 719 651 tueri.
753 598 941 650 Arnen.
972 589 1123 657 Quod
1156 590 1271 655 ipse
1304 597 1558 654 praestare
1588 585 1853 652 dignetur.

639 687 719 740 Ad
740 685 1126 753 Complmdum.
1154 707 1223 719 —
1251 677 1451 731 Tribue
1475 676 1649 738 nobis,
1692 674 1935 741 Domine,
1980 675 2142 729 cmic-

564 778 663 832 stis
705 788 902 829 mensae
933 772 1128 824 virtute
1154 768 1378 831 satiatis,
1412 773 1467 819 et
1495 764 1799 820 desiderare
1830 780 1948 835 quae
1995 775 2140 820 recta

560 878 706 930 sunt,
740 876 790 920 et
820 865 1114 917 desiderata
1147 861 1443 930 percipere.
1480 858 1602 911 Per.

636 957 805 1023 Super
834 954 1100 1023 pupulum.
1128 981 1198 992 —--
1226 950 1457 1019 Adjuva,
1502 949 1749 1013 Domine,
1802 947 2140 1016 fragilitatem

562 1048 735 1115 plebis
759 1058 885 1109 tum,
926 1058 983 1098 ut
1025 1045 1089 1097 ad
1134 1044 1369 1097 votivum
1426 1057 1631 1110 magna:
1682 1041 1987 1096 festivitatis
2015 1040 2145 1095 eiic-

562 1147 734 1196 ctum,
760 1145 815 1189 et
833 1133 1179 1201 corporaliter
1194 1133 1483 1201 guliernata
1502 1139 1762 1194 recurrat,
1790 1139 1845 1184 et
1865 1130 1929 1184 ad
1956 1145 2144 1200 perpe-

565 1235 710 1278 tuam
739 1225 960 1294 gratiam
983 1224 1176 1277 devota
1210 1231 1387 1275 mente
1419 1223 1712 1287 perveniat.
1751 1222 1865 1275 Per.

568 1319 721 1389 (052)
762 1326 789 1352 ⁸
834 1316 1104 1369 Orationi":
1165 1316 1229 1367 de
1288 1314 1503 1365 adventu
1572 1312 1778 1366 Domini
1839 1314 2146 1383 quotidianis

1246 1408 1446 1459 diebus.

636 1500 904 1565 Concede,
939 1512 1268 1566 quaesumus,
1301 1500 1639 1567 omnipotens
1672 1497 1829 1563 Deus,
1854 1506 1911 1550 ut
1938 1512 2146 1565 magna:

566 1589 878 1643 festivitatis
924 1597 1143 1641 ventura
1202 1590 1459 1641 solemnia
1511 1601 1764 1654 pro-pero
1808 1587 2141 1641 celebremus

567 1681 789 1745 effectu;
844 1681 1147 1748 pariterque
1193 1680 1479 1733 reddamor
1516 1687 1572 1731 et
1613 1681 1797 1733 intenti
1834 1681 2144 1735 caelestibus

568 1772 886 1841 disciplinis,
912 1782 962 1826 et
990 1772 1056 1824 de
1083 1772 1277 1824 nostris
1308 1771 1635 1838 temporibus
1668 1771 1917 1824 lmtiores.
1954 1771 2073 1825 Per.

640 1866 776 1917 Alia.
800 1893 870 1905 --
890 1861 1251 1916 Conscientias
1280 1872 1511 1925 nostras,
1546 1876 1871 1926 quaesumus,
1902 1860 2145 1927 Domine,

570 1955 830 2009 visitaudo
861 1954 1112 2022 puriiica,
1155 1962 1209 2006 ut
1254 1953 1474 2009 veniens
1520 1950 1675 2004 Jcsus
1706 1952 1946 2003 Christus
1979 1951 2147 2005 Filius

574 2058 696 2101 tuus
726 2045 978 2099 Dominus
1022 2052 1224 2107 noster,
1269 2053 1503 2111 paratam
1528 2042 1628 2096 sibi
1653 2044 1705 2095 in
1739 2040 1890 2095 nobis
1913 2042 2149 2097 inveniat

569 2140 919 2191 mansionem.
953 2136 1051 2201 Qui
1085 2146 1282 2187 tecum.

641 2228 778 2281 Alia.
809 2257 880 2268 —
915 2228 1083 2296 Prope
1110 2236 1244 2290 esto,
1280 2227 1517 2289 Domine,
1553 2226 1799 2281 omnibus
1827 2236 2151 2293 exspectan-

572 2316 713 2370 tibus
758 2326 808 2371 te
853 2315 905 2368 in
952 2315 1194 2377 veritate,
1240 2324 1297 2369 ut
1327 2315 1381 2369 in
1409 2318 1641 2370 adventu
1681 2317 1795 2370 Filii
1829 2319 1901 2370 tui
1935 2316 2147 2369 Domini

572 2407 736 2459 nostri
767 2404 973 2473 placitis
1003 2407 1094 2460 tibi
1116 2407 1322 2462 actibus
1342 2416 1747 2476 prmscntemur.
1781 2407 1880 2462 Per
1901 2407 2150 2463 eumdem

573 2496 856 2551 Dominum
888 2492 1149 2549 nostrum.
1727 2486 1730 2488 ⁷

650 2579 1166 2650 ΑΙὲα.-(;υιιενέιθ,
1215 2600 1543 2654 quaesumus,
1599 2586 1939 2653 omnipotens
1992 2587 2149 2649 Dens,

578 2674 717 2727 lianc
742 2678 964 2744 gratiam
999 2677 1136 2743 plebi
1169 2686 1293 2744 tuas,
1318 2677 1603 2733 adventum
1636 2677 1906 2747 linigeuiti
1938 2680 2012 2732 tui
2032 2692 2152 2733 cum

580 2767 736 2839 193
776 2782 980 2821 summa
1032 2768 1304 2837 vigilantia
1342 2778 1689 2837 exspectare,
1736 2779 1813 2834 ut,
1860 2766 2000 2823 sicut
2040 2770 2155 2838 ipse

574 2865 762 2912 auctor
779 2865 973 2915 nostra
984 2858 1391 2923 salutisdoeult,
1414 2857 1839 2928 velutfolgentes
1862 2859 2155 2927 lampadas,

574 2946 627 3002 in
671 2947 788 3015 ejus
811 2962 1089 3002 occursum
1127 2958 1336 3003 nostras
1361 2948 1573 3002 animas
1608 2963 1995 3017 praparemus.
2028 2950 2149 3013 Per.

648 3036 788 3089 Alia.
817 3065 889 3079 —--
918 3037 1122 3092 Mentes
1151 3048 1364 3093 nostras
1384 3079 1399 3106 ,
1424 3053 1759 3108 quaesumus,
1785 3038 2031 3109 Domine,
2060 3041 2154 3096 lu-

2243 500 2392 543 actus
2415 491 2634 553 terreni,
2667 488 2760 543 sed
2788 489 3021 544 ccclestis
3057 489 3350 557 Sapientiae
3390 491 3622 546 eruditio
3660 492 3870 547 faciat

2245 592 2342 629 nos
2369 575 2487 645 ejus
2518 591 2636 630 esse
2669 588 2969 631 consortes.
2993 578 3092 644 Qui
3117 590 3314 634 tecum.

2318 670 2455 721 Alia.
2486 698 2559 710 ι·-
2582 670 2800 734 i‘rzesta,
2826 684 3134 738 qumsumos
3153 710 3168 736 ,
3201 673 3546 739 omnipotens
3576 672 3727 727 Deus
3747 712 3768 735 ,
3806 684 3870 725 ut

2243 761 2364 829 quia
2397 777 2492 827 pro
2520 763 2755 831 peccatis
2788 765 2986 818 nostris
3016 779 3286 818 meremur
3306 764 3491 833 afﬂigi,
3521 781 3615 833 per
3633 768 3870 820 adven—-

2247 863 2359 906 tum
2391 854 2511 908 Filii
2537 855 2608 907 tui
2640 870 2666 905 τι
2702 854 2911 907 cunctis
2939 855 3352 908 adversitatibus
3375 856 3685 909 liberemur.
3708 854 3861 909 Per.

2318 946 2458 998 Alia.
2497 976 2566 987 —-
2615 947 2773 1010 Deus,
2806 946 2897 1014 qui
2943 955 3121 999 nostra
3170 961 3267 1000 nos
3306 948 3577 1015 conspicis
3621 962 3874 1015 semper

2246 1036 2560 1089 infirmitate
2591 1036 2838 1101 destitui,
2862 1037 3120 1090 adventus
3150 1036 3267 1091 Filii
3295 1039 3368 1090 tui
3401 1052 3503 1093 nos
3531 1038 3871 1091 visitatione

2247 1127 2479 1181 custodi.
2510 1127 2610 1199 Qui
2646 1138 2818 1181 tecum
2852 1129 2978 1181 vivit
3005 1139 3059 1181 et
3090 1138 3298 1198 regnat.

2319 1218 2455 1271 Alia.
2490 1247 2562 1259 --
2591 1220 2808 1282 Adesto,
2837 1234 3166 1288 qmcsumus,
3199 1221 3547 1283 omnipotens
3574 1219 3745 1285 Deus,
3773 1230 3865 1273 at-

2247 1324 2349 1377 que
2380 1310 2432 1362 in
2487 1309 2691 1363 cunctis
2724 1310 3026 1363 actionibus
3056 1310 3274 1371 nostris,
3304 1317 3361 1363 et
3401 1310 3690 1377 aspirando
3749 1324 3865 1373 nos

2250 1402 2511 1468 prevcni,
2549 1411 2604 1455 et
2631 1400 2935 1467 adjuvndo
2963 1400 3193 1456 custodi.
3226 1401 3324 1466 Qui
3354 1401 3511 1453 v.vis.

2320 1490 2454 1544 Alia.
2514 1520 2582 1531 —-
2630 1490 2925 1545 Praeveniat
2974 1504 3113 1554 nos,
3170 1504 3518 1559 qittesumus,
3590 1490 3860 1557 omnipoo

2254 1590 2371 1636 tens
2403 1583 2564 1648 Deus,
2600 1593 2684 1635 tua
2713 1584 2880 1651 giatia
2908 1597 3144 1651 semper,
3171 1593 3225 1637 et
3253 1584 3632 1651 subsequatur,
3657 1593 3716 1637 ut
3751 1598 3857 1652 per

2249 1678 2539 1731 adventum
2587 1677 2982 1748 Uiiigenititui,
3013 1694 3170 1744 quem
3218 1693 3426 1732 summo
3475 1678 3659 1731 cordis
3696 1679 3859 1733 desi-

2178 1770 2226 1830 B
2254 1768 2405 1819 derio
2433 1767 2589 1838 194
2625 1768 2974 1830 sostioemus,
3006 1779 3060 1822 et
3085 1770 3365 1837 praesentis
3419 1768 3543 1822 vita:
3592 1769 3849 1823 subsidia

2254 1870 2307 1913 et
2334 1861 2522 1914 futura:
2572 1862 2732 1915 etiam
2785 1876 3197 1930 consequamur.
3248 1862 3346 1927 Qui
3392 1870 3568 1915 tecum
3615 1860 3745 1917 vivit
3798 1870 3860 1915 et

2255 1960 2438 2018 regnat
2474 1953 2632 2005 Deus.

2327 2043 2465 2096 Alia.
2503 2072 2565 2085 -—
2596 2044 2755 2109 Deus,
2789 2045 2877 2112 qui
2909 2044 3174 2112 conspicis
3224 2044 3346 2112 quia
3398 2044 3451 2097 in
3504 2052 3590 2097 tua
3641 2043 3855 2112 pietate

2251 2138 2586 2198 conﬁdimus,
2618 2137 2851 2191 σοιιιτειιε
2875 2140 3131 2204 ιιι-ομίιιιιε
3162 2147 3218 2190 ιιι
3242 2152 3334 2204 per
3362 2139 3652 2189 adventum
3716 2135 3858 2191 Uni-

2252 2231 2417 2299 geniti
2449 2230 2520 2282 tui
2549 2229 2615 2283 de
2639 2229 2740 2283 coel
2761 2229 2844 2284 :sti
2882 2244 3096 2297 semper
3124 2230 3457 2297 protectione
3482 2228 3845 2296 gaudeamus.

2255 2322 2354 2385 Qui
2388 2330 2561 2374 tecum
2588 2320 2715 2373 vivit
2743 2328 2797 2377 et
2822 2327 3006 2388 regnat
3035 2319 3195 2373 Deus.

2330 2411 2467 2464 Alia.
2517 2439 2588 2452 —-
2632 2410 2927 2465 Subveniat
2955 2409 3143 2476 nobis,
3178 2410 3426 2477 Domine,
3473 2410 3854 2467 misericordia

2262 2512 2373 2570 tua,
2402 2513 2456 2557 ut
2477 2504 2544 2555 ab
2574 2502 2972 2557 imminentibus
3001 2517 3035 2571 p
3056 2512 3343 2557 'ccatorum
3374 2512 3683 2558 nostrorum
3740 2516 3853 2572 pe-

2262 2597 2466 2661 riculis,
2502 2606 2556 2652 te
2595 2611 2895 2651 mereamur
2927 2598 3177 2651 veniente
3222 2596 3441 2651 salvari.
3483 2597 3585 2665 Qui
3625 2596 3766 2651 vivis
3796 2605 3857 2653 et

2257 2703 2473 2758 regnas.

2330 2781 2472 2837 Alia.
2508 2809 2577 2819 —-
2608 2778 2814 2843 Excita,
2842 2779 3087 2843 Domine,
3112 2780 3401 2848 potentiam
3432 2786 3599 2845 tuam,
3617 2766 3713 2833 et”
3701 2778 3849 2841 veni,

2257 2879 2318 2926 ut
2349 2879 2433 2925 tua
2469 2870 2844 2939 propitiatione
2864 2871 3152 2925 salvemur.
3187 2871 3286 2936 Qui
3329 2870 3484 2929 vivis.

2327 2963 2469 3020 Alia.
2500 2993 2573 3008 --
2604 2963 2839 3028 Festina,
2874 2979 2940 3019 ne
2973 2965 3287 3029 tardaveris,
3319 2964 3546 3019 Domine
3580 2965 3721 3018 Deus
3751 2978 3853 3016 no.

2260 3066 2392 3122 sier,
2423 3065 2479 3113 ct
2503 3071 2533 3109 a
2560 3055 2824 3111 diabolico
2854 3054 3038 3113 furore
3084 3070 3185 3111 nos
3220 3062 3479 3124 potenter
3528 3054 3721 3110 libera.
3751 3053 3853 3121 Qui

579 3127 724 3186 tuine
753 3137 856 3184 tua:
881 3129 1206 3185 visitationis
1245 3131 1473 3197 illustra,
1521 3140 1577 3185 ut
1612 3145 1755 3198 esse,
1786 3138 1838 3185 te
1876 3132 2159 3201 largiente,
2189 3128 2236 3189 C
2267 3146 2425 3202 vivis,

582 3234 888 3276 mereamur
908 3229 962 3275 et
985 3222 1123 3275 inter
1146 3235 1401 3291 prospera
1424 3221 1674 3290 humiles,
1694 3231 1748 3277 et
1773 3224 1912 3277 inter
1938 3222 2161 3279 adversa

579 3317 776 3367 securi.
828 3314 930 3367 Per
975 3313 1280 3368 Domlnum.

654 3410 791 3465 Alia.
824 3438 896 3448 —
921 3410 1143 3475 Praesta,
1167 3423 1502 3479 quaesumus,
1541 3408 1883 3477 omnipotens
1916 3407 2075 3475 Deus,
2108 3415 2166 3460 ut

583 3500 703 3558 Filii
733 3501 805 3554 toi
838 3513 1056 3555 ventura
1095 3500 1431 3564 solemnitas,
1460 3510 1515 3556 et
1546 3500 1822 3571 praesentis
1863 3502 1984 3554 vita:
2012 3500 2164 3555 nobis

581 3594 820 3649 remedia
852 3594 1120 3662 conferat,
1150 3602 1205 3648 et
1253 3595 1469 3662 prtemia
1499 3605 1700 3649 aeterna
1732 3592 2012 3651 concedat.
2064 3593 2164 3659 Qui

582 3696 755 3741 tecum
778 3688 908 3742 vivit
929 3697 985 3743 et
1016 3698 1202 3757 regnat
1231 3688 1395 3742 Deus.

655 3779 791 3834 Alia.
832 3807 904 3821 —-
939 3780 1207 3843 Concede,
1236 3795 1542 3849 quaesumus
1572 3822 1587 3846 ,
1617 3781 1957 3850 omnipotens
2006 3781 2166 3850 Deus,

590 3882 650 3930 ut
679 3873 801 3943 quia
833 3874 933 3929 sub
971 3875 1172 3942 peccati
1203 3875 1333 3944 jugo
1362 3891 1425 3930 ex
1457 3884 1664 3929 vetusta
1696 3877 1952 3933 servitute
1981 3876 2166 3945 depri-

592 3967 807 4029 tnimur,
830 3976 1137 4035 exspectata
1170 3967 1438 4037 Uni'gcniti
1474 3967 1591 4022 Filii
1623 3969 1697 4023 tui
1726 3982 1860 4022 nova
1893 3968 2168 4025 nativitate

592 4053 903 4110 liberemur.
934 4056 1035 4121 Qui
1060 4064 1257 4111 tecum.

660 4148 799 4201 Alia.
828 4178 896 4187 —
922 4150 1261 4213 Qua'lumus,
1285 4149 1624 4220 omnipotens
1656 4149 1817 4216 Deus,
1849 4164 2034 4219 preces
2063 4168 2161 4205 no.-

586 4252 728 4301 stras
756 4241 983 4309 respice,
1012 4251 1065 4296 et
1108 4252 1211 4295 tuae
1254 4256 1416 4311 super
1444 4258 1541 4296 nos
1573 4242 1776 4297 viscera
1810 4243 2021 4311 pietatis
2070 4244 2171 4297 im-

588 4332 797 4407 pende,
831 4333 1007 4403 utqui
1036 4349 1103 4387 ex
1138 4345 1320 4389 nostra
1363 4336 1517 4406 culpa
1558 4336 1866 4406 alﬂigiumr,
1893 4336 2173 4393 Salvatore

596 4433 781 4483 nostro
809 4424 1149 4492 adveniente,
1183 4426 1537 4493 respiremus.
1569 4426 1668 4492 Qui
1705 4437 1879 4483 tecum
1910 4426 2059 4481 vivit.

2337 3238 2476 3294 Alia.
2518 3266 2591 3278 —
2647 3236 3007 3303 Exsultemus,
3056 3249 3383 3302 quaesumus,
3436 3234 3667 3289 Domine
3709 3232 3853 3289 Deus

2267 3337 2474 3396 noster,
2499 3342 2689 3387 omnes
2719 3330 2851 3387 recti
2881 3328 3047 3384 corde
3067 3328 3119 3385 in
3144 3328 3345 3382 unitate
3372 3326 3493 3382 ﬁdei
3518 3327 3852 3397 congregati.

2267 3428 2327 3475 ut
2376 3419 2626 3474 veniente
2669 3419 2943 3474 Salvatore
2980 3430 3163 3473 nostro
3205 3417 3340 3472 Filio
3369 3428 3481 3481 tuo,
3523 3417 3854 3472 immaculati

2266 3525 2615 3565 occurramus
2668 3510 2741 3568 illi
2792 3511 2844 3565 in
2894 3510 3011 3580 ejus
3060 3518 3370 3564 sanctorum
3422 3508 3703 3564 comitatu.
3752 3506 3853 3585 Qui

2270 3609 2467 3654 tecum.

2339 3691 2479 3746 Alia.
2508 3720 2576 3731 --
2609 3690 2719 3750 Fac
2748 3705 2880 3757 nos,
2910 3705 3252 3761 quaesumus,
3286 3690 3541 3753 Domine,
3574 3690 3712 3743 maia
3764 3703 3859 3741 no-

2268 3796 2379 3838 etra
2412 3792 2524 3838 toto
2567 3783 2731 3838 corde
2763 3798 3041 3852 respuere,
3072 3793 3129 3837 ut
3156 3785 3405 3839 veniente
3452 3781 3592 3837 Filio
3621 3793 3716 3837 tuo
3754 3784 3857 3839 Do-

2270 3876 2418 3928 mino
2443 3883 2651 3942 nostro,
2686 3872 2825 3929 bona
2853 3873 2972 3945 ejus
2997 3889 3191 3944 capere
3219 3874 3513 3930 valeamus.
3542 3872 3644 3939 Qui
3677 3883 3857 3932 tecum

2270 3968 2417 4031 vivit,
3272 3984 3277 3987 ·

2341 4055 2481 4121 Alia.
2515 4085 2583 4095 —
2611 4054 2906 4124 Praeciogc.
2939 4070 3267 4125 qumsumus,
3300 4054 3527 4111 Domine
3576 4056 3723 4111 Deus
3760 4074 3856 4110 no-

2272 4152 2401 4211 ster,
2437 4147 2645 4199 lumbos
2698 4145 2897 4200 mentis
2951 4154 3147 4199 nostris
3177 4146 3357 4207 divina
3409 4159 3496 4201 tua
3524 4147 3727 4203 virtute
3764 4164 3858 4217 po-

2276 4244 2472 4302 tenter,
2505 4245 2579 4309 ut,
2606 4236 2851 4290 veniente
2883 4235 3110 4290 Domino
3132 4245 3318 4291 nostro
3338 4236 3462 4292 Jesu
3483 4238 3701 4292 Christo
3724 4239 3861 4299 Filio

2275 4336 2383 4390 tuo,
2419 4327 2563 4396 digni
2588 4328 2924 4386 inveniamur
2949 4335 3169 4391 aeternae
3196 4329 3321 4383 vita;
3354 4328 3620 4390 convivio,
3652 4339 3707 4383 et
3731 4343 3859 4383 vcta

2275 4419 2572 4472 caelestium
2602 4417 2921 4487 dignitatum
2951 4420 3020 4471 ait
3049 4418 3167 4488 ipso
3217 4421 3496 4489 percipere
3526 4434 3855 4475 mereamur.

668 4512 807 4567 Alia.
848 4543 916 4552 —
962 4514 1089 4567 Voci
1122 4524 1339 4577 nostrae,
1370 4530 1697 4584 quaesumus,
1732 4518 1973 4581 Domine,
2013 4532 2172 4575 aures
2196 4496 2252 4562 Ῑ)
2277 4508 2374 4574 Ουί
2409 4519 2581 4562 tecum
2618 4510 2748 4564 νίνίι
2774 4519 2827 4564 Ol
2864 4519 3069 4578 regnat.

598 4612 703 4656 tua:
748 4604 957 4669 pietatis
988 4605 1359 4666 accommoda,
1394 4616 1448 4658 et
1497 4606 1675 4660 cordis
1712 4609 1879 4662 nostri
1923 4610 2173 4665 tenebras

596 4694 794 4752 lumine
819 4707 920 4749 tute
948 4697 1263 4750 visitationis
1294 4697 1520 4751 illustra.
1554 4699 1654 4766 Qui
1697 4701 1861 4774 vivis.

670 4784 807 4838 Alia.
840 4815 907 4825 —
935 4786 1152 4855 Porrige
1178 4787 1351 4854 nobis,
1382 4788 1625 4854 Domine,
1649 4790 1920 4845 dexteram
1948 4800 2054 4847 tute
2085 4808 2175 4848 ve-

599 4877 906 4939 nerationis,
939 4885 993 4931 et
1021 4879 1167 4943 veni,
1201 4886 1255 4932 et
1285 4888 1495 4946 peccata
1528 4892 1705 4935 nostra
1740 4883 2052 4950 propitiatus
2082 4884 2176 4937 ah-

596 4971 764 5026 solve.
794 4971 891 5036 Qui
929 4970 1065 5025 vivis
1096 4981 1147 5025 ct
1182 4986 1393 5042 regnas.

673 5064 815 5117 Alia.
855 5094 925 5103 —
968 5063 1189 5132 Porrige
1237 5064 1410 5127 nobis,
1461 5065 1703 5133 Domine,
1745 5065 2020 5122 dexteram
2070 5081 2176 5124 tute

599 5153 983 5220 viriirrationis,
1015 5165 1069 5208 et
1092 5157 1244 5221 veni,
1279 5166 1332 5210 et
1362 5165 1578 5224 peccata
1628 5168 1809 5214 nostra
1855 5160 2177 5229 prapitiatus

596 5247 834 5302 absolve.
861 5247 961 5315 Qui
987 5248 1119 5301 vivis
1147 5257 1202 5302 et
1232 5263 1444 5317 regnas.

670 5337 811 5393 Alia.
842 5368 907 5379 —
940 5336 1291 5406 Festinanies,
1320 5343 1659 5411 Otttttipotcns
1690 5341 1853 5407 Deus,
1887 5343 1939 5397 in
1981 5358 2177 5399 occur-

572 5514 577 5519 .
672 5473 697 5537 f‘
729 5466 785 5520 In
821 5468 961 5525 Edit.
998 5470 1167 5526 Vatic.
1197 5482 1251 5527 et
1280 5472 1609 5537 Gussanvil.,
1647 5474 1850 5529 Θησῆι).

672 5532 699 5570 ι’
741 5538 795 5589 in
829 5538 970 5592 Edit.
1026 5541 1225 5596 l’amel.
1273 5553 1399 5597 sunt
1448 5532 1608 5599 etiam
1663 5548 1945 5599 Diatioues
1994 5545 2173 5601 multa:

605 5616 702 5673 pro
751 5609 1137 5685 peccatis,_sei_i_
1185 5627 1213 5685 τι
1260 5614 1458 5667 nostris
1515 5629 1733 5681 prorsus
1779 5617 2170 5685 discrepantes,

602 5688 782 5744 [mucis
812 5680 1071 5747 exceptis.
1100 5682 1212 5736 Etsi
1261 5698 1391 5739 vero
1436 5680 1616 5740 Codex
1667 5686 1799 5756 lteg.
1861 5687 1919 5741 S.
1960 5680 2172 5743 'Patnel.

2349 4598 2487 4661 Alia.
2517 4630 2587 4639 —-
2612 4598 2720 4653 Fac
2749 4616 2867 4664 nos,
2890 4615 3220 4669 «pessumus,
3240 4600 3464 4656 Domine
3488 4601 3629 4656 Deus
3653 4616 3855 4671 noster,

2279 4692 2567 4761 pervigiles
2594 4704 2754 4760 atque
2772 4694 3034 4748 sollicitos
3058 4694 3345 4746 adventum
3370 4704 3686 4760 exspectare
3710 4694 3857 4748 Chri-

2278 4786 2344 4839 sti
2378 4786 2494 4840 Filii
2528 4786 2604 4840 tui
2634 4786 2838 4847 Domini
2868 4788 3061 4851 nostri,
3088 4795 3142 4839 ut
3192 4786 3318 4839 dum
3369 4787 3569 4840 venerit
3622 4788 3856 4855 pulsans,

2280 4893 2385 4933 non
2416 4878 2745 4932 dormientes
2773 4878 3022 4946 peccatis,
3047 4878 3142 4931 sed
3170 4878 3475 4948 vigilantes,
3490 4886 3545 4932 et
3569 4877 3623 4930 iu
3651 4879 3769 4932 suis
3796 4881 3861 4930 iii-

2286 4972 2463 5028 veniat
2491 4971 2735 5025 laudibus
2776 4972 3130 5027 exsultantes.
3163 4971 3262 5035 Qui
3289 4981 3465 5025 tecum
3498 4970 3632 5024 vivit
3676 4982 3735 5024 et
3785 4986 3859 5023 re-

2285 5075 2412 5137 gnat
2438 5067 2576 5121 Deus

2461 5155 2490 5193 δ
2531 5157 2793 5228 Incipiunt
2817 5155 2983 5227 (655)
3019 5154 3290 5211 Orationes
3317 5172 3411 5225 pro
3440 5158 3681 5225 peccatis.

2356 5249 2646 5315 Succurre,
2666 5262 2997 5318 quasumiis,
3024 5247 3270 5315 Domine,
3298 5249 3497 5317 popqu
3518 5248 3859 5318 supplicanti,

2287 5352 2341 5398 et
2369 5357 2525 5411 opem
2558 5351 2700 5397 tuam
2726 5343 2898 5403 tribue
2928 5342 3192 5409 benignus
3243 5338 3495 5405 inﬁrmis,
3546 5347 3605 5395 ut
3655 5340 3861 5397 sini-era

2286 5475 2453 5531 Editis
2481 5477 2793 5545 plerumque
2819 5474 3164 5541 assentimur,
3192 5491 3297 5530 non
3327 5491 3495 5541 pauca
3535 5485 3712 5531 tamen
3747 5486 3863 5530 sunt

2285 5549 2336 5600 in
2367 5548 2557 5615 quibus
2581 5548 2738 5617 variae
2780 5556 2907 5617 sunt
2951 5546 3301 5617 diversasque
3341 5547 3619 5601 lectiones.
3670 5548 3764 5600 Sic
3816 5547 3860 5599 ἰιι

2284 5619 2434 5671 (lrat.
2466 5619 2518 5682 ὃ,
2567 5632 2685 5686 pag.
2718 5615 2844 5681 5'75,
2871 5617 2957 5670 ubi
3006 5615 3244 5685 legitur:
3285 5616 3458 5679 liberis
3497 5618 3584 5671 tibi
3614 5621 3864 5670 mamillis

2283 5691 2581 5755 serviamus,
2613 5689 2893 5759 legendum
2923 5701 2992 5744 ex
3024 5690 3158 5743 Cod.
3194 5702 3299 5743 ms.
3328 5689 3393 5742 de
3423 5689 3524 5745 luis
3553 5703 3754 5758 seniper
3785 5691 3861 5739 bc-
