3988 6316
213 295 312 348 197

1401 297 1601 351 LIBER
1642 296 2042 353 SACRAMENi
2061 296 2273 352 ORUM.

3371 312 3470 365 193
3523 356 3529 366 .

213 404 306 456 tibi
338 411 520 456 nzente
547 401 755 467 devoti,
784 412 836 455 et
875 404 1155 471 praesentis
1186 406 1305 458 vita:
1356 406 1612 461 remediis
1657 422 1789 475 gauo
1822 413 1863 469 Α
1899 421 2038 469 mus,
2070 415 2174 461 tua»
2200 408 2586 465 consolationis
2618 412 2836 479 gratiam
2868 414 3184 469 sentiamus.
3238 420 3333 472 Per
3367 421 3468 473 Do-

214 499 394 557 deaut,
420 503 477 549 et
510 496 723 550 luturre.
755 496 852 548 Per
884 496 1187 551 Dominum.

288 588 422 641 Alia.
477 616 550 626 --
594 588 754 651 Deus,
795 588 885 656 qui
930 587 1073 657 juste
1120 589 1388 652 irasceris,
1420 600 1474 643 et
1501 592 1797 647 clementer

216 681 477 751 ignoscis,
504 680 689 733 alﬂicti
743 681 922 748 p0puli
962 681 1222 749 lacrymas
1271 682 1508 747 respice;
1560 694 1614 737 et
1659 683 1791 737 iram

216 781 327 825 tum
357 771 756 838 indignationis,
783 786 942 839 quam
968 773 1113 840 juste
1146 786 1436 839 meremur,
1472 774 1794 843 propitiatus

216 870 419 923 averte.
450 859 552 913 Per
584 859 892 914 Dominum.

294 952 449 1027 195
468 951 609 1006 Alia.
635 980 707 991 -—
730 951 1074 1016 Quaesumus,
1097 952 1435 1020 omnipotens
1454 954 1609 1017 Deus,
1629 963 1685 1007 ut
1707 957 1794 1023 qui

214 1042 420 1093 nostris
446 1040 728 1109 latigamur
747 1042 990 1107 oﬂensis,
1005 1050 1058 1097 et
1076 1044 1267 1097 merito
1292 1054 1486 1097 nostra:
1504 1046 1796 1110 iniquitatis

212 1128 757 1198 aiﬂigimur,pietatis
787 1140 890 1185 tua:
918 1130 1145 1200 gratiam
1180 1133 1435 1202 consequi
1467 1150 1790 1188 mereamur.

218 1220 328 1275 Per
340 1259 355 1273 .

291 1338 369 1349 —
395 1309 533 1362 Alia.
564 1309 728 1376 Deus,
758 1308 845 1363 cui
867 1310 1139 1379 proprium
1170 1320 1251 1365 est
1292 1311 1531 1367 misereri
1560 1327 1794 1383 semper,

212 1410 270 1454 et
298 1416 549 1471 parcere,
581 1404 793 1471 suscipe
823 1402 1258 1469 deprecationem
1290 1413 1553 1470 nostram,
1588 1416 1641 1459 et
1662 1422 1797 1477 quos

210 1492 539 1548 delictorum
569 1503 753 1550 catena
786 1496 1123 1564 constringit,
1150 1496 1421 1552 miseratio
1449 1508 1552 1552 tuzo
1585 1501 1797 1567 pietatis

213 1585 483 1640 absolvat.
514 1584 618 1639 Per
644 1585 929 1641 Dominum
952 1596 1212 1643 nostrum.

283 1676 428 1735 Alia.
455 1705 526 1717 --
559 1677 630 1730 Da
661 1676 833 1739 nobis,
867 1691 1192 1746 quaaumus,
1225 1678 1481 1744 Domine,
1512 1679 1585 1733 de
1627 1680 1794 1735 tribu-

1897 498 2093 551 minum
2120 507 2381 551 nostrum.

1966 590 2101 642 Alia.
2130 619 2199 628 —-
2224 589 2298 643 Ne
2328 590 2608 657 despiciis,
2632 594 2974 659 omnipotens
3006 595 3144 651 Deus
3166 638 3179 663 ,
3211 602 3465 666 populum

1898 688 2041 731 tuum
2073 680 2123 731 in
2156 679 2444 735 alﬂimione
2471 682 2811 749 clamantem,
2836 686 2929 739 sed
2977 699 3193 758 propter
3240 690 3460 760 gloriam

1896 771 2125 825 nominis
2153 773 2223 823 tui
2252 772 2517 825 tribulatis
2549 788 2801 829 succurre
2835 776 3088 843 placatus.
3126 779 3249 834 Per.

1966 861 2188 913 —Alia.
2226 861 2450 927 Exaudi,
2486 863 2726 928 Domine,
2751 867 3006 932 gemitum
3033 871 3208 937 populi
3237 871 3343 934 tui;
3368 886 3471 926 nec

1898 949 2016 1017 plus
2062 949 2203 1016 apud
2247 959 2297 1002 te
2345 953 2515 1005 valeat
2563 954 2788 1008 oii'ensio
2832 956 3276 1030 delinquentium,
3306 979 3472 1031 quant.

1898 1040 2255 1093 misericordia
2289 1049 2371 1093 tua
2399 1043 2603 1097 indulta
2641 1046 2847 1099 ﬂetibus
2887 1053 3316 1118 supplicantium.
3353 1055 3457 1109 l’er

1902 1131 2180 1183 Dotninum
2214 1144 2476 1186 nostrum.

1969 1221 2103 1273 Alia.
2126 1250 2197 1261 —
2218 1222 2565 1289 Omnipotens
2591 1223 2751 1291 Deus,
2776 1227 3190 1284 misericordiam
3213 1241 3351 1287 tuam
3378 1248 3468 1288 no-

1899 1311 1980 1365 bis
2012 1312 2246 1381 placatus
2277 1314 2545 1381 impende,
2570 1325 2625 1367 ut
2652 1316 2738 1382 qui
2765 1323 2816 1368 te
2842 1321 3231 1374 contemnendo
3256 1323 3466 1389 culpam

1898 1401 2237 1468 incurrimus,
2261 1402 2561 1457 conﬁtendo
2589 1404 2798 1458 veniam
2842 1419 3247 1474 consequamur.
3276 1410 3394 1464 Per.

1972 1493 2110 1546 Alia.
2143 1522 2212 1532 —
2240 1494 2448 1548 Moveat
2495 1494 2743 1562 pietatem
2793 1504 2957 1560 tuam,
2998 1512 3322 1566 quaesumus,
3372 1501 3449 1555 Do

1903 1584 2063 1648 mine,
2091 1583 2345 1651 subjecta:
2374 1581 2465 1636 tibi
2498 1584 2667 1652 plebis
2688 1583 2941 1647 aﬂ‘ectus;
2972 1594 3025 1638 et
3048 1586 3474 1643 misericordiam

1903 1684 2042 1727 tuam
2072 1674 2384 1742 supplicatio
2414 1674 2585 1727 ﬁdelis
2613 1674 2868 1728 obtineat.
2907 1675 3027 1728 Per.

216 1767 417 1820 latione
432 1765 1004 1835 l3titiam,ut,quidiu
1034 1783 1129 1835 pro
1150 1771 1347 1823 nostris
1364 1770 1796 1840 peccatisal‘tligi-
1832 1762 1871 1817 ﬂ
1974 1764 2113 1818 Alia.
2142 1794 2213 1811 -—-
2244 1767 2461 1831 Averle,
2500 1779 2827 1834 quaesnmus,
2876 1767 3120 1832 Domine,
3154 1768 3285 1823 iram
3328 1779 3476 1823 luam

214 1873 357 1923 mur,
392 1856 761 1915 intercedente
811 1860 965 1912 beato
1013 1857 1106 1915 Ill.
1160 1872 1399 1930 martyre
1453 1871 1564 1926 tuo,
1600 1862 1654 1921 in
1712 1871 1796 1915 tua

213 1949 587 2003 misericordia
608 1948 950 2019 respiramus.
985 1950 1085 2009 Per
1118 1951 1395 2011 Dominum
1431 1961 1672 2008 nostrum
1705 1954 1801 2011 Je-

210 2055 331 2095 sum
364 2039 666 2099 Christum.

274 2132 426 2186 Alia.
476 2161 548 2173 --
588 2130 939 2191 clamantium
969 2131 1035 2185 ad
1068 2138 1138 2193 te,
1171 2146 1509 2202 quassamus,
1547 2130 1795 2196 Domine,

218 2237 414 2292 preces
458 2222 741 2292 dignanter
771 2222 985 2285 exaudi,
1009 2231 1068 2276 ut
1112 2222 1249 2277 sicut
1287 2222 1535 2280 Ninivitis
1566 2224 1617 2281 in
1662 2223 1797 2279 afﬂi-

212 2314 405 2371 cﬁone
449 2313 639 2381 positis
687 2313 1007 2382 pepercisti,
1034 2313 1107 2371 ita
1134 2321 1191 2369 et
1231 2313 1385 2373 nobis
1440 2313 1495 2369 in
1543 2314 1790 2383 praesenti

216 2400 567 2459 tribulatione
592 2415 894 2461 succurras.
928 2402 1051 2461 Per.
1502 2456 1503 2459 η

281 2494 430 2547 Alia.
452 2522 524 2543 -ρ
551 2493 966 2548 Tribulationem
991 2502 1251 2562 nostram,
1271 2508 1600 2564 quaesumus,
1619 2494 1798 2548 Domi-

222 2600 307 2648 ne,
338 2583 608 2655 pr0pitius
627 2584 921 2655 respice,et
943 2584 1074 2639 iram
1103 2594 1204 2639 tute
1228 2586 1794 2656 indignationis,quam

212 2672 360 2741 juste
399 2686 691 2737 meremur,
731 2671 1040 2740 propitiatus
1084 2680 1290 2727 averte.
1340 2673 1442 2728 Per
1495 2673 1793 2728 Domini-tn.

291 2764 527 2817 Alia.—
549 2762 710 2829 Dens,
739 2761 828 2831 qui
860 2764 1187 2831 peccantium
1218 2763 1421 2817 animas
1458 2780 1561 2818 non
1592 2768 1675 2821 vis
1709 2783 1796 2834 pe-

221 2856 348 2920 rire,
386 2854 480 2908 sed
509 2854 716 2920 culpas,
749 2853 984 2917 contine,
1029 2868 1185 2921 quam
1234 2868 1522 2920 meremur,
1554 2856 1706 2921 iram,
1741 2866 1795 2910 et

216 2960 380 3012 quam
411 2956 694 3014 precamur
719 2958 882 3012 super
907 2958 1004 2999 nos
1033 2943 1246 2999 ell'unde
1267 2946 1627 3011 clementiam,
1651 2955 1709 3000 ut
1728 2947 1795 3001 de

217 3051 451 3091 maerore
481 3036 730 3105 gaudium
763 3045 864 3090 tua:
887 3035 1267 3091 misericordia
1296 3037 1552 3107 consequi
1583 3048 1797 3094 merea-

215 3142 354 3184 tnur.
392 3125 515 3181 Per.

284 3220 427 3271 Alia.
458 3248 530 3257 —
555 3218 898 3285 Qumsumus,
926 3216 1266 3286 omnipotens
1296 3216 1458 3284 Deus,
1485 3216 1667 3273 afﬂicti
1701 3233 1794 3287 po-

217 3311 323 3377 puli
391 3309 649 3380 laerymas
702 3309 930 3375 reSpice,
983 3317 1035 3363 et
1084 3308 1216 3362 iram
1265 3316 1366 3362 tua:
1418 3308 1797 3379 indignationis

219 3412 429 3468 averte,
462 3410 519 3455 ut
571 3402 661 3470 qui
708 3411 909 3457 reatum
959 3413 1154 3457 nostra)
1199 3402 1522 3458 inﬁrmitatis
1551 3405 1795 3473 agnosci-

218 3509 358 3555 mus,
391 3501 477 3545 tua
503 3493 871 3547 consolatione
900 3488 1212 3549 liberemur.
1244 3494 1362 3548 Per.

285 3586 428 3639 Alia.
476 3613 544 3624 -—
578 3584 737 3650 Deus,
760 3586 849 3652 qui
898 3584 1051 3651 culpa
1101 3584 1428 3649 offenderis,
1483 3583 1795 3651 paenitentia

218 3676 473 3747 placaris,
492 3689 682 3741 preces
707 3675 883 3744 populi
902 3674 1252 3744 supplicantis
1280 3675 1538 3744 propitius
1564 3675 1793 3743 reSpice,

214 3780 265 3824 et
291 3768 509 3838 ﬂagella
538 3778 644 3821 ture
688 3766 995 3831 iracundiae,
1028 3782 1147 3836 qua:
1191 3781 1288 3835 pro
1328 3770 1563 3836 peccatis
1592 3765 1793 3820 nostris

218 3876 518 3925 tueremur,
558 3869 762 3913 averte.
794 3857 894 3918 Per
927 3858 1230 3913 Dominum.

284 3955 430 4007 Alia.
457 3983 527 3993 —-
559 3952 746 4014 Parce,
778 3950 1019 4016 Domine,
1055 3964 1211 4019 parce
1242 3949 1436 4019 populo
1466 3959 1577 4013 tuo,
1606 3958 1663 4003 ut
1709 3947 1796 4004 di-

214 4047 331 4114 gnis
376 4043 828 4114 ﬂagellationibus
857 4046 1165 4113 castigatus,
1202 4043 1254 4097 in
1308 4052 1395 4095 tua
1451 4041 1797 4099 miseratione

218 4136 473 4204 respiret.
509 4135 613 4190 Per
635 4134 925 4190 Dominum
938 4145 1172 4187 nostrum
1200 4132 1384 4187 Iesum
1410 4131 1717 4186 Christum.

289 4229 433 4282 Alia.
477 4256 550 4268 --
584 4228 743 4290 Deus,
778 4226 1039 4294 refugium
1091 4239 1405 4294 pauperum,
1450 4238 1574 4292 spes
1624 4222 1798 4276 humi-

222 4324 373 4387 lium,
398 4320 654 4390 salusque
685 4320 1024 4382 miserorum,
1058 4315 1473 4384 supplicationes
1504 4316 1681 4384 populi
1725 4312 1801 4368 tui

222 4418 525 4471 clementer
568 4413 782 4482 exaudi,
816 4422 873 4466 ut
916 4426 1052 4481 quos
1091 4409 1297 4479 justitia
1345 4408 1625 4463 verberum
1679 4407 1802 4462 fecit

1906 1855 2220 1923 propitiatus
2249 1870 2277 1908 a
2316 1856 2489 1919 nobis,
2519 1865 2571 1908 et
2604 1856 2833 1908 facinora
2866 1868 3068 1923 nostra,
3101 1860 3293 1926 quibus
3325 1860 3463 1913 indi-

1901 1948 2204 2016 gnationem
2266 1956 2406 2001 tuam
2451 1964 2798 2016 provocamus
2836 1952 3102 2020 ,expelle.
3154 1953 3253 2008 Per
3296 1955 3468 2009 Domi-

1905 2054 2052 2092 num.

1972 2130 2111 2181 Alia.
2139 2159 2208 2168 —
2237 2129 2440 2184 Memor
2485 2138 2623 2195 esto,
2656 2146 2983 2198 quaesumus,
3027 2134 3272 2200 Domine,
3308 2136 3468 2205 fragi-

1901 2218 2067 2272 litatis
2124 2218 2385 2281 humanre,
2420 2227 2472 2272 et
2522 2220 2609 2287 qui
2653 2219 2796 2287 juste
2846 2222 3094 2276 verberas
3144 2232 3475 2292 peccatores,

1904 2326 2059 2382 parce
2085 2314 2402 2381 propitiatus
2429 2312 2663 2367 afﬂictis.
2696 2314 2822 2371 Per.

1974 2402 2110 2457 Alia.
2136 2433 2206 2442 —
2237 2405 2406 2475 Aures
2449 2414 2552 2459 tuae
2599 2406 2831 2474 pietatis,
2859 2420 3183 2476 qumsumus,
3222 2406 3465 2471 Domine,

1904 2491 2149 2558 precibus
2179 2494 2700 2565 nostrisinclina,ut
2746 2499 2834 2566 qui
2880 2506 3216 2562 peccatorum
3267 2508 3469 2549 nostro-

1902 2597 2017 2635 rum
2052 2583 2269 2652 ﬂagellis
2294 2586 2645 2658 percutimur,
2671 2585 3027 2641 miserationis
3083 2596 3184 2639 ture
3213 2588 3376 2655 gratia
3408 2586 3470 2640 li-

1901 2673 2167 2749 beremur.
2205 2675 2323 2727 Per.

2076 2764 2250 2834 (6.34)
2291 2772 2318 2801 ⁸
2361 2763 2622 2836 Incipiunt
2653 2765 2925 2819 Orationes
2958 2765 3295 2834 quotidiantc.

1974 2856 2083 2909 Vox
2124 2855 2406 2908 clamantis
2436 2856 2685 2909 Ecclesia:
2710 2856 2773 2908 ad
2796 2868 2973 2919 aures,
3000 2853 3239 2917 Domine,
3263 2867 3474 2922 quaesu-

1900 2964 2042 3012 mus,
2066 2958 2168 3000 tua:
2211 2947 2422 3015 pietatis
2448 2949 2723 3006 ascendat.
2752 2956 2829 3011 ut,
2862 2954 3108 3015 percepta
3159 2946 3309 2998 venia
3344 2959 3461 3012 pec-

1897 3047 2161 3102 catorum,
2198 3045 2248 3089 te
2280 3034 2368 3088 ﬁat
2396 3043 2652 3102 cperante
2682 3036 2875 3089 devota
2895 3075 2911 3101 ,
2940 3044 2992 3089 te
3035 3041 3343 3103 protegente
3386 3046 3472 3088 se-

1823 3121 1869 3183 C
1901 3144 2047 3183 cura.
2079 3128 2178 3181 i’er
2212 3128 2489 3180 Dominum
2538 3135 2803 3183 nostrum.

1969 3218 2107 3271 Alia.
2146 3247 2206 3257 —
2239 3216 2552 3284 Propitiare,
2587 3216 2826 3281 Domine,
2851 3214 3327 3284 supplicationibus
3373 3232 3470 3271 uo-

1900 3312 2046 3379 stris,
2076 3318 2131 3363 et
2156 3308 2441 3363 exorabilis
2471 3307 2573 3361 tuis
2601 3317 2716 3362 esto
2755 3307 3105 3374 supplicibus,
3137 3316 3193 3360 ut
3220 3321 3479 3363 concessa

1905 3400 2078 3461 venia,
2115 3412 2271 3467 quam
2310 3412 2614 3467 precamur,
2641 3406 2898 3465 perpetuo
2944 3397 3323 3453 misericordiae
3365 3408 3472 3454 tua:

1904 3504 2126 3542 munere
2153 3488 2467 3556 gloriemur.
2496 3487 2598 3542 Per
2622 3488 2898 3541 Dominum
2929 3497 3188 3544 nostrum.

1972 3580 2111 3641 Alia.
2151 3603 2219 3617 —-
2268 3576 2495 3642 Nostris,
2533 3578 2776 3641 Domine,
2810 3592 3132 3644 qumsumus,
3181 3577 3480 3646 propitiare

1903 3668 2247 3735 temporibus,
2282 3676 2336 3721 ut
2367 3675 2457 3720 tuo
2488 3682 2707 3720 munere
2735 3667 3021 3735 drigatur,
3049 3675 3103 3720 et
3133 3664 3370 3720 Romana
3394 3681 3476 3719 se-

1904 3761 2127 3824 curitas,
2161 3765 2219 3812 et
2261 3757 2478 3819 devotio
2529 3756 2855 3817 Christiana.
2910 3756 3013 3813 Per
3061 3757 3348 3813 Dominum
3384 3772 3476 3811 no.-

1902 3858 2095 3903 strttm.

1971 3948 2192 4001 Alia.-—
2208 3948 2328 4003 Dies
2350 3959 2589 4013 nostros,
2612 3961 2935 4016 qumumus,
2962 3947 3205 4011 Domine,
3240 3949 3486 4016 placatus

1905 4040 2121 4094 intende
2144 4056 2157 4099 ;
2185 4041 2485 4108 pariterque
2512 4053 2610 4091 nos
2638 4047 2692 4091 et
2721 4056 2746 4089 a
2779 4039 3006 4104 peccatis
3033 4039 3248 4092 absolve
3286 4038 3471 4107 propi-

1906 4130 2030 4192 tius,
2062 4138 2115 4181 et
2154 4148 2180 4179 τι
2225 4131 2427 4182 cunctis
2453 4127 2598 4194 eripe
2628 4126 2885 4193 benignus
2915 4126 3178 4179 adversis.
3216 4126 3336 4179 Per.

1981 4220 2692 4292 197.4!ia.~—Quzcsutnus,
2725 4216 3059 4283 omnipotens
3093 4216 3253 4279 Deus,
3285 4229 3349 4268 tte
3382 4228 3481 4267 nos

1908 4324 1996 4365 tua
2032 4310 2393 4365 misericordia
2426 4298 2779 4375 derelinquat,
2811 4322 2926 4374 qua:
2953 4316 3006 4359 et
3033 4320 3244 4359 errores
3271 4314 3489 4360 nostros

1906 4418 2117 4472 semper
2145 4411 2417 4461 amoveat,
2449 4410 2501 4452 et
2532 4400 2687 4452 noxia
2720 4409 2905 4451 cuncta
2939 4396 3189 4462 depellat.
3222 4396 3338 4447 Per.

221 4508 488 4572 afﬂictos,
516 4504 838 4561 abundantia
867 4503 1228 4559 remediorum
1267 4500 1429 4557 iaciat
1469 4499 1799 4555 consolatus.
1836 4490 1882 4549 ι)
1981 4496 2116 4549 Alia.
2143 4524 2209 4534 --
2239 4494 2456 4556 Prin-ta,
2489 4508 2815 4559 qumsumns,
2866 4491 3206 4558 omnipotens
3236 4490 3395 4553 Deus,
3429 4496 3488 4548 ut.

227 4599 349 4654 Per.

293 4691 439 4745 Alia.
462 4719 534 4730 -—
565 4687 788 4755 Prmsta,
814 4699 1141 4755 qumsumus,
1174 4682 1515 4750 omnipotens
1558 4681 1720 4748 Deus,
1749 4689 1809 4741 ut

226 4783 316 4849 qui
347 4782 513 4861 196
548 4782 807 4835 oiiensam
837 4786 1070 4832 nostram
1119 4790 1215 4843 per
1264 4774 1473 4844 ﬂagella
1524 4773 1808 4844 cognosci-

230 4965 430 5031 ueﬁciia
457 4961 741 5031 gloriemur
786 4957 936 5031 lli-at.
962 4959 1018 5022 8,
1045 4960 1234 5031 eadem
1256 4973 1376 5031 pag.
1402 4957 1486 5031 ubi
1532 4954 1813 5031 Ed._habet

231 5024 435 5088 diurnis
458 5024 712 5091 ἓαῑαηιὶι..
756 5029 943 5082 melius
979 5030 1165 5097 legitur
1196 5024 1269 5085 in'
1292 5024 1386 5081 Ms.
1417 5027 1673 5078 diuturnis
1706 5024 1808 5078 cal.

234 5106 360 5173 Pag.
406 5100 532 5166 ἰτιί,
570 5097 721 5173 l._i8,
756 5098 916 5173 ainde
934 5104 1113 5173 merito
1145 5099 1390 5173 gaudium
1412 5097 1810 5173 mentiremur-

234 5164 355 5238 dii,
385 5164 526 5235 etc.,
577 5170 665 5221 ubi
713 5183 777 5221 ex
809 5167 937 5221 Cod.
993 5164 1205 5222 laudato
1249 5166 1634 5238 restituendum
1668 5177 1720 5216 ut
1750 5164 1812 5215 de

232 5259 446 5298 umore
474 5240 749 5310 gaudium,
775 5238 1033 5310 etc._ll:ec
1053 5308 1062 5310 μ
1085 5254 1247 5310 pauca
1290 5237 1715 5310 otiaervaviiuns,
1749 5246 1805 5286 ut

238 5316 409 5379 palam
445 5304 597 5365 ﬁeret
630 5310 683 5360 in
715 5306 855 5367 Edit.
888 5304 1093 5362 Parnel.’
1120 5324 1183 5379 ex
1208 5307 1406 5379 Codice
1449 5307 1579 5375 Reg.
1620 5304 1685 5365 S._
1717 5319 1808 5379 cu-

233 5374 320 5451 ius
353 5397 513 5446 penes
557 5378 968 5451 nos_va_r_iant_es
1014 5378 1272 5451 lectiones
1318 5376 1592 5451 habemus.
1623 5374 1809 5451 _I_nulta

237 5444 398 5521 posse
423 5452 639 5515 corrigi.
673 5448 727 5500 ln
759 5447 855 5499 Ms.
881 5448 1128 5521 Ca|.fltoc
1157 5462 1365 5521 quoque
1404 5448 1520 5498 loco
1551 5444 1810 5521 erliibeu-

240 5514 325 5576 iur
374 5514 657 5577 Orationes
697 5532 790 5584 pro
818 5519 1056 5583 peccatis,
1082 5516 1406 5569 matutinales
1424 5554 1441 5580 ,
1471 5514 1808 5583 quotidianae,

238 5602 372 5649 εις..
402 5605 606 5647 necnon
637 5591 689 5642 in
713 5587 830 5641 aliis
860 5587 986 5640 Mss.
1018 5587 1268 5642 nostris...

313 5670 342 5698 ⁸
365 5662 418 5714 ln
454 5661 551 5715 Ed.
589 5658 813 5721 Pamel.,
842 5654 1413 5712 oratiouewuotidiania
1435 5654 1632 5711 diebua.
1663 5655 1730 5708 At
1763 5651 1817 5707 in

1915 4587 2050 4639 inter
2107 4583 2413 4636 innumeros
2467 4582 2588 4633 vitae
2647 4580 2923 4648 praisentis
2962 4594 3173 4634 errores
3222 4589 3311 4632 tuo
3350 4593 3491 4633 sem.-

1916 4692 2006 4745 per
2034 4675 2396 4728 moderamine
2422 4672 2731 4740 dirigamur.
2764 4672 2861 4725 Per
2905 4671 3180 4723 Dominuttt
3225 4678 3467 4723 nostrum

1984 4769 2123 4822 Alia.
2149 4795 2219 4806 —
2249 4765 2526 4834 Perpetua,
2557 4778 2861 4833 qumsumus
2882 4802 2897 4827 ,
2930 4762 3170 4823 Domine,
3215 4775 3342 4817 pace
3395 4775 3491 4814 cu-.

1919 4952 2050 5006 Cod.
2081 4953 2213 5021 Reg.
2240 4950 2303 5023 S.
2330 4950 2513 5005 titulus
2545 4960 2625 5005 est
2651 4948 2789 5023 idem
2812 4963 2883 5023 ac
2914 4951 2979 5023 in_
2997 4947 3093 5001 Ed.
3122 4941 3480 5023 Menardqlh

1918 5037 2003 5081 cet
2036 5025 2087 5075 iu
2127 5010 2336 5093 mitteris
2362 5023 2471 5076 lere
2510 5037 2628 5073 cum
2677 5020 3005 5093 Ed._Pa_ntel.
3040 5010 3483 5093 consentiat.-iis»E

1917 5108 1981 5147 eo
2015 5103 2191 5145 tamen
2212 5092 2388 5161 inuita
2416 5108 2533 5161 qu_:e
2564 5093 2662 5161 hac
2703 5092 2751 5141 in
2787 5088 2929 5141 Edit.
2972 5086 3225 5161 deﬁciunt
3262 5086 3489 5161 restitui

1920 5172 2157 5230 poswnt.
2203 5159 2293 5212 Sic
2323 5153 2444 5228 pag.
2474 5159 2600 5222 571$,
2635 5159 2728 5230 lin.
2778 5156 3129 5230 antepenult.,
3159 5153 3364 5230 legitur
3390 5162 3487 5230 iet

1915 5217 1995 5285 cui
2020 5232 2287 5294 sperandae
2316 5217 2517 5296 pietatis
2544 5217 2796 5295 indulges.
2827 5231 2891 5277 At
2909 5217 3266 5296 supplendum
3292 5234 3355 5271 ex
3390 5217 3481 5271 Ms.

1914 5304 1997 5357 cui
2025 5290 2271 5370 ﬁduciam
2309 5290 2389 5370 sp.
2432 5301 2554 5368 piat.
2592 5299 2645 5350 In
2681 5290 2820 5348 Edit.
2867 5290 3336 5370 Angeliuliocer,
3370 5301 3486 5353 qua:

1923 5362 2191 5425 Vaticinis
2224 5362 2362 5435 typis
2391 5362 2583 5421 eicitsa
2609 5377 2709 5429 est,
2743 5379 2805 5417 ac
2831 5379 2973 5435 smpe
3009 5362 3133 5435 alibi
3157 5372 3366 5435 recusa,
3394 5370 3474 5435 uo

1923 5442 2142 5496 vissime
2173 5430 2298 5492 vero
2321 5453 2444 5490 cura
2482 5438 2622 5491 Petri
2646 5436 2912 5507 Gussanv.
2946 5433 3059 5485 haec
3094 5432 3254 5507 longa.
3278 5430 3469 5507 Oratio

1922 5527 2045 5564 num
2079 5509 2529 5577 quotidianarum,
2574 5503 3008 5577 vespertiualium
3030 5544 3043 5565 ,
3075 5496 3490 5577 matutinalium,

1922 5591 2050 5645 «δια,
2066 5568 2235 5635 series
2264 5578 2545 5647 reperitur,
2563 5568 2747 5646 paucis
2769 5571 3037 5632 duntaxat
3055 5568 3316 5638 exceptis.
