3988 6364
530 294 631 349 199

1730 284 1807 337 ΞΑ
1818 284 1977 343 NCT!
2011 272 2331 338 (IREGORII
2373 271 2582 328 MAGNI

3680 261 3821 317 suo

518 409 678 472 Νίκη,
717 417 850 474 quos
881 402 931 457 in
962 409 1012 455 ιο
1042 414 1257 469 sperare
1287 392 1514 450 donasti.
1550 394 1646 447 [‘cr
1678 394 1956 447 hominum
1992 405 2099 445 no-
2127 393 2172 449 Α
2200 394 2311 440 toto
2339 383 2500 438 corde
2546 393 2828 450 respuere,
2860 386 2917 433 ut
2948 376 3089 433 bona
3129 384 3214 430 tua
3252 387 3448 445 capere
3491 375 3814 429 valeamus.

521 508 677 550 trum.

592 590 726 642 Alia.
758 615 826 625 -—
858 583 1053 637 Adesto
1103 579 1275 639 nobis,
1330 572 1633 628 misericors
1682 571 1839 634 Dens,
1889 579 1944 625 et
2000 577 2102 622 tua:

519 678 729 750 pietatis
757 674 908 727 nobis
940 670 1195 738 propitius
1225 666 1361 719 dona
1388 662 1641 718 cencede.
1674 660 1797 714 Per.

587 766 727 818 Atia.
755 790 826 802 —-—
853 760 993 829 Rege
1020 765 1247 819 nostras,
1280 754 1518 814 Domine,
1553 750 1811 818 prop'tius
1857 747 2102 801 volunta-

521 863 617 919 tes,
653 861 710 905 ιιι
750 865 847 904 nec.
894 846 1124 914 propriis
1172 843 1536 913 iniquitatibus
1582 840 1953 909 implicentur,
2003 850 2103 891 uec

514 943 809 998 subdantur
835 940 1043 994 alienis.
1077 938 1177 993 Per
1205 936 1486 990 Dominmn
1520 942 1786 988 nostrum.

582 1034 722 1090 Alia.
752 1062 821 1071 —
850 1030 1154 1099 Comprime
1174 1069 1189 1093 ,
1226 1027 1452 1081 Domine
1472 1067 1488 1091 ,
1530 1035 1837 1093 quaasumus
1856 1060 1872 1085 ,
1914 1019 2105 1074 noxios

516 1140 729 1193 semper
775 1123 1053 1186 incursus,
1101 1130 1155 1173 et
1203 1118 1490 1171 salutarem
1537 1112 1860 1182 temporibus
1908 1108 2105 1164 nostris

516 1216 780 1287 pr0pitius
803 1214 869 1267 da
898 1214 1151 1281 quietem.
1188 1210 1309 1263 Per.

584 1308 723 1361 Alia.
752 1333 823 1344 —
853 1304 931 1357 Ab
955 1301 1202 1355 omnibus
1234 1315 1331 1353 nos
1355 1295 1580 1352 defende
1599 1336 1615 1359 ,
1645 1307 1969 1364 quaesumus,
2002 1291 2109 1345 Do-

524 1403 685 1466 mine,
718 1412 929 1466 semper
958 1394 1219 1459 adversis,
1249 1402 1304 1447 et
1329 1387 1597 1445 continuis
1640 1398 1789 1441 tuere
1818 1382 2101 1453 praesidiis.

523 1494 624 1550 Per
650 1489 958 1547 Dominum.

589 1586 727 1639 Alia.
753 1610 824 1622 —
849 1581 942 1646 Da,
987 1590 1311 1647 quaesumus,
1343 1571 1676 1640 omnipotens
1707 1567 1867 1629 Deus,
1919 1574 1973 1618 ιιι
2014 1564 2105 1633 qui

516 1675 841 1733 inﬁrmitatis
876 1681 1070 1725 nostra:
1094 1668 1293 1721 conscii
1322 1665 1389 1719 de
1418 1677 1501 1717 tua
1528 1663 1721 1715 virtute
1746 1657 2066 1714 conﬁdimus
2085 1695 2101 1721 ,

2205 478 2323 531 Per.

2277 565 2415 619 Alia.
2444 593 2511 603 -—-
2546 564 2672 616 Esto
2716 560 2869 615 nobis
2917 559 3209 627 pro-pitius,
3242 557 3405 622 Deus,
3454 564 3513 610 ut
3562 564 3650 611 tua
3698 569 3819 609 nos

2204 653 2571 707 misericordia
2600 651 2975 717 subsequatur.
3009 647 3111 701 Per
3141 646 3421 700 Dominum
3452 653 3729 698 nostrum.

2276 743 2410 795 Alia.
2441 770 2511 780 —
2540 738 2839 793 Prmveniat
2869 752 2996 802 nos,
3027 751 3369 806 quaesumus,
3398 735 3647 799 Domine,
3691 736 3815 789 mi-

2204 832 2493 886 sericnrdia
2521 839 2628 895 tua,
2661 840 2716 886 et
2748 844 2905 884 voces
2936 838 3146 883 nostras
3170 828 3452 884 clementia
3484 836 3587 881 tute
3616 825 3815 911 propi-

2206 924 2443 981 tiationis
2473 924 2747 991 anticipet.
2781 924 2905 979 Per.

2274 1016 2413 1069 Αιεα.
2446 1046 2517 1055 -
2542 1012 2714 1069 Celeri
2746 1013 2930 1079 nobis,
2962 1025 3290 1081 quaesumus,
3320 1009 3571 1073 Domine,
3601 1008 3816 1079 pietate

2206 1118 2483 1172 succurre,
2540 1114 2598 1158 ut
2650 1104 2869 1158 devotio
2919 1103 3328 1172 supplicantium
3382 1100 3453 1157 ad
3506 1104 3813 1171 gratiarum

2209 1202 2449 1247 transeat
2476 1194 2762 1247 actionem.
2800 1193 2918 1246 Per.

2277 1285 2415 1339 Alia.
2445 1284 2745 1338 ~Delicta
2796 1293 2996 1350 nostra,
3032 1282 3276 1350 Domine,
3329 1282 3528 1354 quibus
3575 1281 3809 1339 adversa

2206 1373 2573 1438 dominantur,
2612 1374 2769 1445 199
2799 1372 3045 1443 absterge
3084 1382 3140 1427 et
3166 1383 3254 1427 tua
3282 1389 3379 1427 nos
3409 1373 3609 1443 ubique
3631 1372 3810 1428 mise-

2205 1464 2414 1518 ratione
2444 1464 2677 1517 cusmdi.
2712 1464 2834 1517 Per.

2274 1580 2415 1635 Alia.
2445 1609 2517 1620 —
2542 1579 2807 1645 Absolve,
2840 1579 3088 1643 Domine,
3118 1592 3459 1648 quaesumus,
3491 1587 3809 1632 nostrorum

2210 1674 2417 1729 vincula
2467 1682 2826 1740 peccatorum,
2854 1680 2912 1725 et
2953 1669 3211 1740 quidquid
3255 1684 3355 1739 pro
3396 1671 3475 1724 eis
3532 1684 3813 1725 meremur

518 1770 619 1824 sub
647 1775 735 1821 tua
781 1777 992 1831 semper
1039 1759 1236 1828 pietate
1280 1753 1623 1823 gaudeamus.
1672 1749 1775 1805 Per
1826 1748 2105 1803 Dominum
2138 1743 2185 1802 B
2210 1776 2412 1821 “ene.
2444 1765 2567 1820 per.

521 1867 784 1915 nostrum.

590 1949 727 2001 Alia.
753 1974 824 1986 —
851 1944 956 1998 Fac
983 1954 1100 2005 nos,
1131 1950 1457 2007 qttatsumns,
1485 1932 1711 1988 Domine
1738 1931 1876 1986 Deus
1899 1937 2100 1995 noster,

519 2039 570 2091 in
603 2049 692 2091 tua
720 2034 1004 2088 devotione
1026 2028 1281 2099 gaudere,
1306 2026 1425 2094 quia
1456 2035 1707 2092 perpetua
1736 2027 1837 2084 est,
1869 2029 1921 2072 et
1950 2019 2104 2087 plena

520 2125 766 2189 felicitas,
797 2124 841 2176 si
863 2124 1119 2176 bonorum
1143 2116 1379 2169 omnium
1403 2112 1697 2165 serviamus
1718 2109 1955 2162 Auctori.
1981 2106 2101 2162 Per.

588 2216 726 2270 Alia.
756 2242 827 2252 —-
854 2212 1202 2277 Omnipotens
1233 2203 1558 2272 sempiterne
1584 2202 1741 2264 Deus,
1772 2199 1854 2253 fac
1882 2212 1980 2251 nos
2013 2198 2105 2251 tibi

517 2320 728 2373 semper
777 2314 830 2355 et
860 2301 1105 2355 devotam
1145 2310 1331 2366 gerere
1361 2294 1704 2358 voluntatem,
1754 2302 1809 2347 et
1850 2287 2107 2357 Majestati

518 2409 618 2451 tuae
650 2396 859 2449 sincero
886 2392 1046 2447 corde
1072 2389 1292 2444 servire.
1323 2387 1427 2440 Per
1456 2385 1738 2440 Dominum
1772 2393 2031 2436 nostrum.

586 2486 725 2538 Alia.
758 2512 824 2523 —-
856 2483 1015 2547 Deus,
1063 2494 1092 2533 a
1122 2494 1226 2548 quo
1254 2488 1444 2531 cuncta
1478 2475 1619 2529 bona
1650 2472 1961 2543 procedunt,
1996 2472 2106 2527 lar-

516 2580 630 2650 gire
658 2576 981 2647 supplicibus
1031 2582 1087 2627 ut
1135 2571 1467 2640 cogitemus,
1517 2576 1569 2622 te
1618 2567 1944 2634 inspirante,
1990 2580 2108 2632 qua:

520 2680 664 2724 recta
696 2675 841 2732 sunt,
872 2675 957 2731 et,
992 2674 1044 2717 te
1066 2662 1390 2732 gubernante
1410 2703 1423 2725 ,
1453 2660 1640 2713 eadem
1674 2658 1949 2711 faciamus.
1984 2656 2102 2710 Per.

588 2758 727 2811 Alia.
758 2786 828 2797 -—
861 2756 973 2809 Vox
1006 2764 1184 2807 nostra
1217 2760 1292 2818 te,
1325 2750 1546 2804 Domine
1567 2792 1581 2817 ,
1611 2764 1824 2818 semper
1851 2748 2109 2817 deprece-

524 2860 631 2915 tur,
662 2858 715 2903 et
743 2848 807 2902 ad
830 2861 989 2901 aures
1016 2853 1117 2899 tua:
1146 2844 1361 2914 pietatis
1380 2841 1655 2898 ascendat.
1678 2841 1778 2894 Per
1801 2840 2103 2895 Dominum.

589 2942 727 2994 Alia.
759 2970 829 2979 —
858 2940 1083 3003 Praesta,
1113 2949 1441 3005 quaesumus,
1487 2936 1825 3002 omnipotens
1858 2933 2017 2997 Deus,
2050 2942 2108 2988 ut

518 3029 697 3084 liberis
726 3029 820 3083 tibi
858 3026 1125 3082 mentibus
1170 3026 1495 3081 serviamus.
1534 3024 1637 3080 Per
1675 3024 1958 3079 Dominum
1999 3038 2106 3079 no-

522 3129 716 3175 strutn.

590 3209 729 3265 Alia.
760 3238 830 3247 —
861 3206 930 3262 Ut
958 3215 1120 3271 tuam,
1155 3205 1399 3271 Domine,
1451 3205 1873 3262 misericordiam
1920 3221 2108 3260 conse-

524 3313 768 3368 quamur,
804 3295 885 3349 fac
910 3311 1010 3350 nos
1040 3295 1132 3349 tibi
1162 3303 1273 3349 toto
1302 3293 1465 3350 corde
1490 3308 1613 3350 esse
1640 3295 1879 3349 devotos.
1912 3292 2036 3349 Per.

596 3390 755 3460 198
782 3388 916 3442 Alia.
945 3416 1015 3429 -—
1038 3387 1282 3455 Suscipe,
1317 3386 1556 3454 Domine,
1583 3401 1768 3456 preces
1798 3396 2031 3454 nostras,
2055 3394 2111 3442 et

519 3480 861 3535 clamantium
891 3478 955 3532 ad
985 3489 1036 3533 te
1066 3478 1148 3547 pia
1171 3477 1331 3534 corda
1364 3478 1624 3546 propitius
1649 3479 1886 3533 intende.
1914 3479 2036 3533 Per.

590 3571 728 3625 Alia.
761 3601 829 3611 —-—
860 3570 1114 3635 Cunctas,
1146 3569 1390 3637 Domine,
1421 3584 1634 3637 semper
1658 3586 1688 3625 ιι
1720 3571 1873 3625 nobis
1918 3573 2111 3641 iniqui-

521 3670 653 3713 tates
682 3659 901 3727 repelle,
931 3666 988 3711 ut
1008 3658 1073 3712 ad
1097 3657 1236 3713 viam
1265 3658 1456 3713 salutis
1478 3668 1695 3713 aeterna:
1723 3672 1909 3714 secura
1932 3666 2110 3715 mente

519 3764 816 3805 curramus.
847 3750 949 3805 Per
982 3751 1260 3806 Dominum
1292 3760 1553 3806 nostrum.

592 3842 728 3897 Alia.
757 3873 829 3883 ——
862 3842 1187 3911 Redemptor
1227 3851 1407 3897 noster
1428 3884 1444 3908 ,
1475 3843 1655 3912 aSpice
1679 3887 1694 3911 ,
1727 3843 1865 3899 Deus
1888 3886 1902 3910 ,
1930 3854 1990 3899 et
2017 3844 2109 3900 tibi

522 3945 620 3987 nos
646 3931 844 4001 iugiter
873 3932 1080 3986 servire
1108 3933 1363 3988 concede.
1399 3933 1499 3989 Per
1529 3933 1809 3990 Dominum
1844 3945 2108 3993 nostrum.

590 4021 729 4075 Alia.
757 4052 827 4061 —
858 4023 1018 4085 Dens,
1046 4025 1166 4079 cmli
1197 4032 1457 4095 terraeque
1482 4026 1820 4093 dominator,
1852 4028 2107 4084 auxilium

524 4111 675 4165 nobis
706 4122 806 4168 tum
836 4111 1158 4167 dcit-usionis
1192 4115 1452 4184 benignus
1479 4115 1743 4185 impende.
1774 4118 1894 4174 Per.

590 4203 726 4254 Alia.
760 4231 829 4242 -—
861 4204 1094 4271 Praesta,
1137 4212 1463 4274 quaesumus,
1508 4208 1813 4265 misericors
1864 4211 1903 4262 D
1926 4226 2021 4275 ius,
2055 4220 2112 4266 ut

530 4294 618 4346 tibi
652 4294 835 4362 placita
868 4307 1045 4350 mente
1069 4298 1382 4353 serviamus.
1410 4300 1510 4355 Per
1535 4300 1815 4355 Dominum
1844 4313 2106 4356 nostrum.

597 4388 637 4440 Α
661 4389 733 4442 ia.
760 4420 832 4429 —
860 4390 1112 4446 l’urilicet
1136 4407 1232 4447 nos
1263 4393 1584 4463 indulgentia
1620 4405 1705 4449 tua
1724 4434 1739 4459 ,
1776 4397 1933 4461 Deus,
1966 4406 2019 4449 et
2042 4396 2110 4449 ab

522 4481 667 4534 omni
696 4496 913 4552 semper
946 4484 1224 4552 iniquitate
1249 4487 1533 4541 custodiat.
1562 4487 1683 4542 Per.

507 4590 511 4594 ·
593 4569 730 4624 Alia.
755 4601 826 4613 —
848 4573 1044 4627 Adesto
1067 4576 1239 4639 nobis,
1272 4578 1576 4632 misericors
1599 4579 1758 4646 Deus,
1781 4591 1835 4635 et
1859 4592 1942 4634 tua
1964 4583 2104 4637 circa

523 4679 619 4717 nos
644 4666 956 4734 propitiatus
986 4668 1123 4721 dona
1153 4670 1381 4723 custodi.
1419 4670 1537 4726 Per.

598 4755 734 4809 Alia.
764 4785 834 4795 —-
859 4757 904 4808 A
941 4760 1147 4813 cunctis
1189 4759 1554 4827 iniquitatibus
1584 4766 1778 4819 nostris
1808 4781 1942 4821 cxue
1989 4780 2105 4831 nos,

530 4843 779 4908 Domine,
813 4855 866 4899 et
898 4846 948 4899 in
981 4856 1067 4901 tua
1100 4848 1181 4902 fac
1211 4864 1340 4918 pace
1368 4852 1616 4919 gaudere.
1646 4853 1766 4907 Per.

594 4934 729 4991 Alia.
760 4966 830 4975 —
860 4936 1104 5003 Vincula,
1154 4939 1378 4995 Domine
1402 4982 1417 5006 ,
1472 4958 1776 5009 quaesumus
1796 4978 1821 5009 ,-
1862 4944 2106 5001 humanm

530 5028 803 5094 pravitatis
828 5028 1106 5098 abrumpe,
1138 5040 1194 5085 ut
1240 5032 1307 5087 ad
1338 5035 1700 5089 contitendnm
1734 5050 1925 5091 nomen
1960 5048 2103 5091 tuum

524 5117 689 5171 libera
723 5129 897 5172 mente
926 5135 1223 5176 curramus.
1259 5123 1377 5180 Per.

597 5211 734 5264 Alia.
762 5240 831 5251 -—
857 5212 967 5268 Tua
995 5229 1110 5277 nos,
1148 5214 1392 5284 Domine,
1424 5233 1750 5288 qua-sumus,
1796 5224 1966 5293 gratia
2013 5223 2107 5279 be-

526 5302 765 5367 nedical,
797 5312 852 5358 et
897 5308 961 5358 ad
995 5308 1151 5361 vitam
1185 5310 1436 5378 perducat
1461 5322 1739 5369 aeternam.
1774 5314 1876 5369 Per
1919 5315 2101 5371 Domi-

528 5408 652 5446 num
683 5403 945 5449 nostrum.

601 5484 737 5537 Alio.
766 5513 834 5524 ——
871 5485 1017 5554 Vide,
1055 5489 1292 5558 Domine,
1319 5492 1653 5553 inﬁrmitates
1683 5508 1913 5566 nostras,
1946 5509 1998 5555 et
2020 5516 2109 5555 ce-

527 5569 622 5625 leri
656 5573 805 5626 nobis
854 5576 1050 5642 pietate
1095 5595 1368 5638 succurre.
1401 5585 1502 5640 Per
1533 5588 1814 5643 Dutninum
1845 5602 2107 5647 nostrum.

599 5662 736 5716 Alia.
766 5689 837 5703 --
867 5665 973 5722 Fac
995 5683 1111 5740 nos,
1146 5671 1386 5743 Domine,
1414 5692 1744 5747 quaesumus,
1768 5681 1904 5736 mala
1928 5695 2107 5740 nostra

2279 1878 2418 1931 Alia.
2442 1907 2514 1919 -—
2544 1874 2847 1930 Ascendaut
2873 1873 2939 1930 ad
2972 1884 3047 1942 te,
3080 1873 3341 1937 Domine,_
3358 1887 3545 1943 preces
3577 1880 3804 1937 nostrae,

2206 1969 2350 2023 etab
2382 1967 2615 2022 Ecclesia
2643 1974 2731 2019 tua
2758 1976 3003 2020 cunctam
3033 1963 3232 2032 repelle
3255 1961 3572 2031 nequitiam.
3607 1960 3732 2015 Per.

2281 2059 2416 2113 Al’iu.
2446 2089 2512 2097 --
2539 2056 2840 2111 Clamantes
2868 2056 2934 2109 ad
2963 2064 3035 2123 te,
3068 2054 3229 2121 Deus,
3257 2053 3541 2123 dignanter
3565 2051 3762 2106 exaudi
3788 2070 3803 2105 :

2213 2161 2270 2203 ut
2301 2165 2396 2201 nos
2423 2151 2491 2202 tle
2523 2147 2785 2215 profundo
2814 2146 3109 2215 iniquitatis
3135 2145 3365 2214 eripias,
3412 2152 3468 2197 et
3493 2142 3560 2196 ad
3614 2143 3808 2211 gaudia

2211 2251 2407 2295 aeterna
2441 2239 2717 2306 perducas.
2754 2237 2875 2291 Per.

2281 2333 2419 2384 Aria.
2447 2359 2516 2369 --
2541 2329 2789 2384 Concede
2820 2327 3005 2395 nobis,
3049 2337 3375 2395 quaesumus,
3410 2322 3658 2385 Domine,
3710 2336 3811 2376 ve-

2217 2423 2358 2477 niam
2392 2422 2738 2487 delictorum,
2768 2431 2821 2475 et
2848 2434 2939 2475 eos
2975 2418 3064 2488 qui
3094 2427 3144 2472 te
3173 2415 3485 2487 impugnare
3514 2415 3805 2470 moliuntur

2211 2527 2274 2566 ex
2286 2527 2475 2580 pugna.
2511 2510 2634 2564 Per.

2287 2626 2419 2681 Alia.
2446 2655 2514 2664 -—
2537 2625 2646 2678 Tua
2678 2639 2797 2689 nos,
2832 2623 3077 2689 Domine,
3105 2636 3430 2693 quaesumus,
3461 2621 3635 2692 gratia
3664 2636 3807 2678 seu.

2216 2732 2309 2787 per
2337 2726 2392 2773 et
2424 2719 2739 2785 praeteniat,
2770 2724 2824 2771 et
2852 2714 3128 2786 sequatur,
3156 2729 3219 2775 ac
3242 2715 3400 2770 bonis
3436 2714 3694 2785 cperibus
3717 2714 3808 2784 ju-

2212 2813 2348 2885 giter
2379 2820 2592 2881 praestet
2620 2825 2738 2865 esse
2768 2811 3017 2865 intentos.
3044 2808 3167 2869 Per.

2285 2922 2424 2975 Αιια.
2455 2950 2520 2961 -—
2554 2920 2778 2989 Respice
2813 2934 2942 2986 nos,
2973 2919 3279 2973 misericors
3305 2917 3466 2985 Deus,
3494 2926 3555 2976 et
3603 2917 3806 2974 nomini

2214 3022 2303 3069 tuo
2334 3014 2530 3082 perlice
2561 3010 2820 3066 veraci'er
2845 3013 3220 3079 obsequentes.
3248 3009 3373 3065 Per.

2135 3108 2185 3172 ο
2287 3104 2425 3158 Alia.
2453 3132 2525 3142 —
2549 3103 2725 3157 Tuere
2755 3117 2871 3166 nos,
2906 3115 3137 3170 superne
3168 3100 3496 3169 moderator,
3539 3108 3597 3156 et
3641 3098 3805 3171 fragi-

2216 3195 2418 3250 litatem
2448 3202 2680 3248 nostram
2709 3194 2813 3247 tuis
2844 3191 3071 3246 defende
3101 3189 3384 3261 presidjs.
3412 3190 3533 3246 Per.

2281 3288 2423 3342 Alia.
2448 3316 2517 3326 —
2550 3285 2619 3339 Ut
2655 3298 2685 3337 a
2716 3284 2914 3337 nostris
2941 3281 3272 3348 excessibus,
3306 3280 3561 3347 Domine,
3592 3289 3802 3350 tempe-

2212 3398 2410 3449 remus,
2438 3393 2521 3435 tua
2546 3397 2643 3436 nos
2667 3388 2928 3449 prmcepla
2950 3377 3186 3432 concede
3201 3374 3398 3447 jugiter
3418 3390 3602 3444 operat
3617 3374 3655 3429 i.
3679 3375 3800 3430 Per.

2288 3477 2426 3528 Alia.
2453 3502 2523 3513 -—-
2545 3476 2746 3528 Aulera
2762 3471 2933 3539 nobis,
2952 3482 3275 3539 qumsumus,
3297 3477 3533 3533 nostras,
3552 3466 3803 3529 Domine.

2217 3570 2529 3635 pravitates,
2559 3575 2616 3617 ut
2641 3580 2746 3618 non
2777 3563 3187 3632 indignationem
3212 3570 3380 3627 tuam,
3408 3561 3501 3615 sed
3527 3559 3804 3629 indulgen-

2212 3660 2336 3715 tiam
2368 3657 2679 3711 sentiamus.
2718 3655 2831 3709 Per.

2281 3750 2420 3805 Alia.
2455 3780 2523 3789 —
2559 3748 2627 3804 Ut
2654 3748 2859 3803 cunctis
2891 3763 3006 3815 nos,
3036 3747 3283 3813 Domine,
3316 3746 3495 3801 foveas
3521 3744 3804 3814 adiumen-

2214 3844 2301 3907 tis,
2333 3844 2435 3894 tuis
2465 3847 2587 3909 apta
2620 3839 2879 3907 propitius
2901 3836 3216 3907 disciplinis.
3250 3836 3371 3891 Per.

2288 3935 2427 3988 Alia.
2460 3962 2531 3973 -—-
2561 3933 2710 3988 Oculi
2742 3932 2906 3985 nostri
2940 3932 3005 3985 ad
3039 3942 3123 3996 te,
3175 3929 3422 3995 Domine,
3463 3942 3678 3996 semper
3723 3926 3806 3981 in-

2212 4029 2451 4091 tendant,
2495 4038 2551 4081 ιιι
2579 4028 2838 4085 auxilium
2868 4037 3014 4083 tuum
3057 4034 3112 4081 et
3149 4023 3577 4080 misericordiam
3603 4022 3805 4078 sentia-

2213 4134 2349 4174 mus.
2385 4121 2502 4173 Pcr.
3054 4168 3079 4185 ,

2284 4210 2719 4263 Aliam—Peream
2746 4220 2947 4275 nostra,
2974 4225 3301 4279 qumsumus,
3327 4207 3571 4271 Domine,
3596 4218 3804 4260 memor

2214 4300 2459 4354 immane:
2488 4300 2807 4355 conditionis
2836 4302 3055 4357 absolve
3076 4343 3092 4367 ,
3127 4311 3186 4357 et
3210 4301 3468 4372 quidquid
3496 4316 3685 4358 eorum
3716 4314 3804 4354 re-

2216 4393 2500 4447 tributione
2532 4407 2800 4446 meremur
2826 4404 3026 4447 averte.
3060 4392 3181 4448 Per.

2139 4467 2187 4525 ι)
2282 4484 2422 4537 Alia.
2449 4513 2521 4552 τ-
2551 4485 2770 4556 Porrige
2801 4487 2972 4552 nobis,
3010 4487 3175 4553 Deus,
3205 4486 3482 4541 dexteram
3528 4494 3695 4552 tuam,
3744 4492 3801 4540 et

2212 4576 2465 4629 auxilium
2495 4577 2647 4630 nobis
2678 4591 2922 4645 superna:
2952 4577 3179 4632 virtutis.
3217 4576 3337 4632 Per.

2286 4664 2424 4719 Alia.
2451 4695 2520 4706 ——
2543 4664 2750 4719 Exaudi
2781 4680 2899 4731 nos,
2933 4666 3153 4722 Domine
3198 4667 3338 4722 Deus
3366 4675 3569 4735 noster,
3600 4674 3657 4720 et
3700 4663 3798 4721 Ec-

2213 4753 2433 4810 clesium
2465 4763 2609 4809 tuam
2640 4757 2781 4812 inter
2826 4756 3010 4810 mundi
3048 4756 3284 4811 turbines
3314 4757 3658 4813 ﬂuctuantem
3686 4758 3800 4814 cle-

2214 4846 2380 4902 menti
2408 4846 2796 4917 gubernatione
2826 4846 3125 4902 moderare.
3156 4849 3278 4902 Per.

2285 4960 2445 5030 200
2472 4962 2607 5013 Alia.
2632 4989 2697 5005 -ν-
2731 4960 2970 5027 Intende,
2999 4961 3252 5025 Domine,
3282 4975 3619 5030 qumsumus,
3665 4974 3796 5031 sup-

2180 5094 2184 5097 .
2212 5050 2374 5118 plices
2399 5060 2539 5115 tuos,
2572 5060 2625 5105 et
2653 5054 2849 5120 pariter
2872 5053 3025 5109 nobis
3045 5054 3429 5124 indulgentiam
3454 5056 3629 5110 tribue
3651 5055 3785 5112 betti~

2209 5158 2345 5212 gnus
2375 5154 2427 5198 et
2457 5145 2725 5212 gaudium.
2760 5146 2881 5201 Per.

2284 5234 2422 5287 Alia.
2452 5237 2771 5304 —-Respice
2818 5252 2950 5305 nos,
3004 5238 3341 5307 omnipotens
3394 5249 3447 5293 ct
3495 5239 3797 5294 misericors

2214 5325 2379 5389 Deus,
2420 5338 2473 5381 et
2502 5328 2568 5381 ab
2598 5328 2845 5384 omnibus
2893 5329 3319 5388 tribulationibus
3350 5331 3664 5403 propitiatus
3701 5334 3792 5388 ab-

2210 5415 2385 5471 solve.
2418 5416 2541 5473 Per.

2288 5508 2425 5559 Alia.
2449 5536 2519 5553 --
2547 5508 2852 5578 lniquitates
2881 5520 3090 5566 nostras
3114 5526 3181 5567 ne
3209 5513 3483 5581 respicias,
3510 5514 3672 5581 Deus,
3703 5513 3796 5570 sed

2210 5596 2320 5653 sola
2354 5598 2507 5652 nobis
2537 5600 2903 5656 misericordia
2938 5610 3021 5655 tua
3049 5604 3220 5673 prosit
3250 5603 3496 5673 indignis.
3530 5603 3653 5663 Per.

2281 5689 2419 5745 Alia.
2442 5720 2511 5731 —
2536 5690 2643 5746 Fac
2663 5706 2783 5761 nos,
2812 5692 3033 5750 Domine
3057 5692 3193 5749 Deus
3216 5704 3423 5763 noster,
3451 5694 3551 5749 tuis
3576 5694 3795 5751 obedire
