3988 6308
152 327 247 381 set

1325 325 1521 385 LIBER
1563 332 2192 398 SACRAMENTORUM.

3300 354 3402 409 "201

151 444 429 499 mandatis.
458 440 583 506 quia
642 447 765 491 tunc
815 436 965 489 nobis
1016 450 1265 504 pr05pera
1307 452 1493 495 cuncta
1544 458 1732 509 provc-
1765 449 1810 505 Α
1841 460 2065 515 nostras,
2093 464 2147 506 et
2187 456 2343 509 totius
2376 460 2542 512 noctis
2570 457 2787 512 insidias
2813 466 2865 510 tu
2899 459 3098 527 repelle
3125 464 3402 529 propitius.

152 532 315 597 uieut,
348 530 387 584 si
414 536 464 583 te
493 529 660 581 totius
690 530 805 581 vita:
834 541 1119 595 sequamur
1144 538 1441 584 auctorem.
1471 532 1588 586 Per.

403 646 428 674 ⁸
462 636 737 691 Orationes
763 636 912 706 (655)
946 636 1064 691 alite
1093 640 1468 707 vespertinales.

214 752 563 820 Omnipotens
586 754 911 820 sempiterno
936 752 1100 817 Deus,
1132 767 1374 820 vespere,
1401 764 1455 809 et
1482 772 1655 824 mane,
1678 768 1733 814 et

149 844 387 904 meridie,
425 841 757 911 Maiestatem
810 853 950 897 tuam
1001 846 1310 912 suppliciter
1358 848 1729 918 deprecamur,

149 943 225 996 ut,
256 934 488 1002 expulsis
520 935 584 987 tle
605 935 855 988 cordibus
881 940 1077 991 nostris
1109 948 1444 1006 peccatorum
1470 946 1725 1012 tenebris,

146 1025 206 1079 ad
237 1041 415 1080 veram
452 1027 645 1092 lucem,
677 1042 796 1097 qua:
822 1028 1066 1084 Christus
1105 1040 1228 1097 est,
1272 1046 1369 1087 nos
1402 1033 1563 1089 facias
1610 1052 1728 1105 per-

148 1117 346 1171 venire.
382 1116 504 1170 Per.

210 1204 345 1257 Αιεα.
376 1235 451 1244 —
481 1205 811 1273 Vespertinze
859 1207 1030 1261 laudis
1082 1208 1255 1263 officia
1313 1212 1677 1277 persolventes
1709 1254 1725 1278 ,

140 1294 476 1349 clementiam
510 1305 675 1362 tuam,
704 1296 947 1363 Domine,
974 1298 1158 1352 humili
1182 1315 1343 1368 prece
1366 1301 1721 1372 deposcimus,

144 1396 196 1439 ut
225 1387 470 1441 nocturni
498 1387 825 1441 insidiatoris
857 1388 1091 1455 fraudes,
1116 1400 1169 1444 te
1191 1403 1524 1463 protegente,
1551 1395 1728 1449 vinca-

143 1489 272 1527 mus.
306 1474 425 1528 Per.

209 1564 339 1614 Alia.
366 1592 441 1602 —
467 1564 782 1632 Propitiare,
814 1566 1037 1621 Domine
1060 1610 1073 1631 ,
1108 1570 1424 1638 veSpertinis
1452 1572 1725 1641 supplica-

143 1652 362 1706 tionibus
389 1654 625 1716 nostris,
657 1665 707 1707 et
739 1662 821 1707 lac
849 1670 946 1709 nos
984 1658 1101 1712 sine
1129 1658 1236 1711 ullo
1272 1668 1419 1712 reatu
1449 1660 1724 1715 matutinis

144 1743 229 1795 tibi
256 1742 501 1798 laudibus
528 1746 862 1811 praesentari.
900 1745 1022 1800 Per.

1838 537 1959 593 Per.

1903 633 2042 686 Alia.
2085 663 2156 675 —
2185 638 2502 703 Quaasumus
2528 680 2541 704 ,
2596 641 2819 696 Domine
2868 642 3004 697 Deus
3052 654 3254 710 noster,
3297 646 3405 701 diei

1834 725 2128 791 molestias,
2150 729 2318 783 noctis
2339 731 2517 799 quiete
2545 742 2805 802 sustenta,
2839 745 2916 798 ut,
2943 736 3239 790 necessaria
3273 748 3406 791 tem-

1833 826 2022 880 porum
2053 815 2417 872 vicissitudine
2450 821 2788 888 succedente,
2824 834 3005 878 nostra
3038 826 3303 880 reliciatur
3326 827 3409 880 in-

1833 903 2081 959 ﬁrmitas.
2106 905 2228 960 Per.
2566 906 2569 911 ’

1902 994 2040 1049 Alia.
2070 1022 2141 1034 —
2166 995 2367 1050 Adesto
2386 1039 2400 1061 ,
2431 998 2652 1054 Domine
2670 1038 2685 1064 ,
2718 1003 2966 1069 precibus
2989 1007 3214 1071 nostris,
3236 1015 3290 1061 et
3318 1006 3406 1061 die

1832 1099 2098 1157 noctuque
2129 1105 2228 1145 nos
2260 1104 2501 1161 pratege,
2536 1104 2591 1145 nt
2619 1095 2941 1162 quibuslibet
2969 1100 3410 1155 alternationibus

1829 1188 2129 1249 temporum
2180 1191 2265 1236 tua
2314 1198 2525 1251 semper
2556 1185 3404 1246 incommutabilitatelirmemur.

1828 1269 1932 1324 Per
1962 1270 2246 1325 Dominum
2290 1281 2549 1327 nostrum.

1900 1361 2044 1414 Alia.
2077 1390 2147 1399 —
2174 1362 2349 1427 Deus,
2408 1365 2500 1432 qui
2543 1362 2807 1417 illuminas
2851 1374 3090 1430 noctem,
3137 1376 3191 1419 et
3231 1367 3404 1421 lucem

1829 1463 1947 1519 post
1979 1453 2228 1508 tenebras
2260 1453 2388 1509 facis
2409 1495 2423 1520 ,
2466 1456 2701 1509 concede
2737 1454 2887 1508 nobis
2916 1467 2970 1508 ut
3021 1458 3156 1509 hanc
3194 1467 3404 1511 noctem

1827 1543 1952 1598 sine
1982 1544 2365 1613 impedimento
2405 1546 2618 1601 Satanas
2656 1560 3016 1612 transeamus,
3048 1556 3205 1616 atque
3236 1559 3407 1603 maluo

1828 1634 1955 1687 tinis
1986 1634 2132 1688 boris
2163 1636 2229 1689 ad
2252 1637 2425 1692 altare
2453 1647 2600 1691 tttum
2627 1648 2989 1696 recurrentes.
3021 1640 3111 1694 tibi
3143 1639 3252 1694 Deo
3276 1655 3401 1704 ιιι-θα

1829 1728 1926 1781 tias
1948 1729 2260 1783 referamus.
2290 1730 2415 1785 Per.

206 1833 339 1885 Alia.
370 1861 443 1872 -—
476 1810 708 1898 Esaudi,
742 1834 981 1899 Domine,
1012 1834 1239 1889 famulos
1268 1844 1385 1890 tuos
1414 1838 1721 1903 vespertina

1897 1820 2031 1874 Alia.
2066 1851 2135 1861 —
2164 1822 2310 1876 Tuus
2353 1833 2435 1877 est
2462 1823 2610 1888 dies,
2656 1822 2909 1886 Domine,
2939 1831 2992 1874 ct
3032 1832 3117 1876 tua
3157 1832 3244 1877 est
3274 1836 3400 1885 nox,

144 1924 333 1977 nomini
367 1935 462 1978 tuo
492 1934 617 1977 vota
652 1924 955 1987 reddentes,
988 1934 1042 1979 et
1082 1940 1213 1994 quos
1246 1941 1339 1993 per
1381 1926 1587 1996 singula
1619 1929 1723 1980 diei

146 2021 399 2065 momenta
428 2015 686 2077 servasti,
720 2029 812 2079 per
855 2014 1024 2068 noctis
1055 2017 1288 2082 quietem
1331 2017 1602 2070 custodire
1646 2017 1727 2069 di-

145 2118 312 2170 gnare.
338 2104 468 2159 Per.

457 2217 611 2287 (656)
643 2219 910 2272 Orationes
944 2219 1013 2271 ad
1044 2233 1260 2271 crucem.

206 2330 542 2396 Quaesumus,
575 2331 797 2385 Domine
831 2331 968 2385 Deus
999 2338 1203 2395 noster,
1232 2340 1285 2384 ut
1336 2345 1428 2397 per
1474 2331 1724 2385 vexillum

148 2435 329 2477 sanctae
349 2426 531 2479 crucis
563 2425 681 2478 Filii
705 2426 799 2489 tui,
823 2425 886 2477 ad
918 2424 1267 2477 conterendas
1289 2423 1722 2478 adversariorum

152 2514 370 2576 insidias,
401 2528 506 2567 nos
528 2515 582 2567 in
608 2525 707 2567 tum
732 2514 1081 2583 protectionis
1100 2513 1386 2568 securitate
1406 2511 1720 2569 constituas.

152 2606 239 2663 Per
265 2606 539 2660 ennrdem.

208 2699 336 2749 Alia.
368 2727 443 2735 —
475 2695 757 2764 Supplices
796 2695 1130 2750 clementiam
1181 2702 1345 2759 tuam,
1378 2710 1678 2764 quaesumus
1699 2735 1717 2760 ,

152 2789 480 2856 omnipotens
512 2788 675 2849 Deus,
710 2796 765 2840 ut
793 2787 860 2839 ab
888 2788 1037 2840 IIOSle
1064 2786 1292 2856 maligno
1312 2786 1564 2841 defendas
1587 2804 1723 2857 quos

153 2896 233 2945 per
260 2880 462 2949 lignum
491 2889 694 2933 sanctae
736 2881 909 2934 crucis
941 2880 1057 2933 Filii
1089 2882 1161 2933 tui
1208 2896 1355 2935 arma
1381 2882 1600 2949 iustitia:
1628 2899 1724 2949 pro

152 2972 303 3027 salute
349 2975 538 3027 mundi
577 2974 901 3043 triumphare
938 2972 1167 3042 jussisti.
1202 2972 1303 3029 Per
1331 2975 1578 3030 eumdem
1613 2976 1723 3030 Do-

153 3079 354 3117 tomum.

215 3171 430 3225 Alia.—-
449 3171 612 3233 Deus,
637 3172 723 3240 qui
757 3188 850 3239 pro
872 3172 1025 3225 nobis
1047 3172 1235 3226 Filium
1265 3182 1409 3228 tuum
1436 3178 1608 3231 crucis
1636 3192 1726 3245 pa-
1756 3181 1801 3243 C

152 3262 354 3314 tibulum
384 3264 569 3317 subire
600 3264 836 3327 voluisti,
871 3274 922 3316 ut
952 3263 1150 3319 inimici
1181 3280 1210 3317 a
1238 3265 1391 3319 nobis
1420 3268 1719 3335 expelleres

154 3352 736 3417 putestatem,concede
778 3352 930 3407 nobis
981 3352 1191 3407 famulis
1240 3355 1344 3408 tuis
1390 3366 1467 3417 ut,
1517 3357 1718 3425 antiqui

155 3442 307 3495 hostis
333 3443 557 3497 insidias
584 3443 717 3496 tanti
748 3446 941 3495 virtute
970 3442 1208 3514 mysterii
1238 3455 1575 3513 superantes,
1608 3452 1719 3501 sin-

153 3533 402 3585 cerissima
428 3533 525 3586 tibi
568 3546 824 3601 perpetuo
849 3545 1026 3586 mcnte
1056 3534 1392 3589 famulemur.
1428 3535 1530 3589 Per
1573 3552 1720 3591 eont-

153 3621 256 3672 dent
287 3622 592 3674 Dominum.

210 3711 358 3781 201
388 3712 534 3764 Alia.
560 3740 630 3750 -—
657 3710 793 3765 Deus
814 3753 829 3777 ,
872 3710 1023 3779 cujus
1058 3712 1222 3766 Filius
1285 3728 1378 3781 per
1424 3715 1718 3780 trephmum

151 3805 314 3856 crucis
343 3804 607 3857 mundum
635 3804 901 3857 redimere
929 3804 1177 3871 dignatus
1206 3814 1308 3868 est,
1333 3806 1564 3860 concede
1588 3822 1721 3874 pro-

153 3896 296 3963 pitius
326 3899 497 3968 utqui
528 3899 595 3952 de
619 3898 986 3966 redemptione
1018 3900 1259 3954 Iactamur
1285 3902 1500 3955 :etcrnis
1515 3903 1718 3971 gaudiis

156 3992 332 4055 perfrui
357 4006 689 4046 mereamur.
722 3991 825 4055 Per
844 3992 1093 4045 eumdem
1120 3993 1424 4047 Dominum.

211 4083 340 4136 Alia.
368 4111 445 4123 -——
474 4082 635 4148 Deus,
666 4083 753 4149 qui
806 4099 900 4149 per
939 4084 1248 4150 sanguinem
1294 4086 1466 4138 crucis
1511 4085 1716 4139 Domini

152 4175 296 4226 nostri
327 4173 457 4227 Jesu
482 4173 680 4226 Cltrisli
710 4173 829 4227 Filii
856 4173 928 4227 tui
951 4172 1142 4226 dedisti
1176 4188 1355 4240 pacem
1384 4174 1714 4240 hominibus,

152 4272 195 4314 ct
215 4263 510 4317 caelestium
554 4264 838 4331 collegium
868 4263 1177 4333 angelorum
1200 4306 1213 4329 ,
1247 4264 1312 4316 da
1347 4265 1498 4318 nobis
1527 4274 1581 4319 et
1613 4274 1715 4319 tua:

155 4356 279 4420 pacis
308 4354 559 4407 ubertate
598 4354 792 4422 repleri
822 4394 835 4415 ,
861 4364 913 4409 et
935 4354 1187 4422 angelica:
1225 4353 1491 4410 societatis
1515 4356 1716 4410 unitate

153 4444 319 4498 la-tari.
354 4444 459 4499 Per
494 4444 742 4498 eumdem
776 4444 1080 4499 Dominum.
1142 4511 1155 4517 _

410 4533 567 4603 (637)
603 4534 870 4586 Orationes
909 4534 975 4585 ad
1015 4533 1427 4602 Completorium.

210 4621 413 4675 Oriatur
454 4624 507 4675 in
553 4624 706 4677 nobis
734 4664 743 4689 ,
775 4623 1029 4685 Domine,
1064 4622 1406 4677 nascentibus
1457 4623 1712 4687 tenebris,

152 4725 319 4766 aurora
345 4714 602 4781 justilitﬁ,
634 4720 723 4780 ut,
750 4726 965 4782 peracto
994 4714 1104 4779 die,
1135 4714 1229 4767 tibi
1261 4714 1574 4783 suppliciter
1594 4730 1715 4784 gra-

154 4801 238 4855 tias
258 4816 495 4869 agentes.
514 4805 673 4858 etiam
699 4819 853 4858 mane
870 4805 1152 4873 dignanter
1183 4806 1437 4874 respicias
1464 4814 1585 4859 vota
1613 4806 1717 4858 sol-

154 4903 342 4951 ventes.
367 4898 491 4951 Per.

216 4986 344 5040 Alia.
382 5016 453 5027 -—
484 4986 695 5041 Gratias
726 4987 819 5039 tihi
863 4986 1107 5056 agimus,
1160 4986 1414 5051 Domine,
1468 4986 1717 5040 custoditi

155 5090 237 5141 per
263 5078 399 5131 diem
427 5119 444 5141 ,
500 5088 680 5148 grates
731 5079 822 5131 tibi
881 5078 1205 5133 exsolvimus
1250 5078 1583 5131 custodiendi
1624 5093 1717 5147 per

155 5175 344 5221 noctem
380 5178 745 5236 :reprmseuta
775 5183 873 5223 nos
899 5209 915 5235 ,
947 5184 1253 5237 quaesumus
1274 5211 1288 5233 ,
1323 5169 1578 5233 Domine,
1606 5185 1715 5224 ma-

155 5256 322 5310 tutinis
367 5258 517 5313 horis
546 5258 842 5312 incolumes
865 5299 880 5323 ,
916 5268 972 5311 ut
1003 5274 1100 5312 uos
1146 5259 1294 5313 omni
1347 5269 1586 5327 tempore
1617 5260 1715 5314 ha-

158 5344 271 5400 beas
291 5348 609 5402 laudatores.
636 5347 737 5401 Per
761 5349 1039 5401 Dominum
1066 5359 1329 5403 nostrum.

219 5439 349 5492 Alia.
379 5470 447 5483 -—
467 5441 712 5495 lllumina
738 5479 753 5505 ,
795 5454 1097 5508 quaesumus
1121 5478 1137 5503 ,
1164 5441 1382 5495 Domine
1410 5481 1423 5505 ,
1469 5440 1715 5496 tenebras

220 5602 241 5628 ι
272 5594 326 5645 In
362 5594 498 5649 Edit.
528 5596 731 5650 Patnel.
770 5594 1076 5662 prteceduut
1103 5592 1252 5647 Orat.
1274 5591 1628 5654 Matutinales,
1659 5604 1709 5645 et

156 5664 351 5727 quidem
382 5666 533 5735 longe
567 5666 743 5730 plures
772 5678 930 5731 quam
962 5664 1065 5727 hic,
1101 5676 1335 5735 peni-que
1375 5663 1617 5735 diversrc.
1654 5664 1707 5715 In

158 5745 250 5787 vel.
280 5733 514 5789 Sacrani.
541 5736 676 5788 Gn”.
710 5736 955 5801 leguntur
984 5741 1184 5786 tantum
1215 5733 1331 5788 dua:
1358 5748 1424 5787 ex
1467 5733 1547 5788 bis
1576 5737 1708 5791 Ora-

389 5830 656 5886 Paruum
704 5827 1055 5886 LXXVIII.

1828 1910 2065 1965 concede
2092 1912 2246 1967 nobis
2276 1923 2332 1965 ut
2364 1912 2499 1965 hanc
2530 1925 2740 1967 noctem
2767 1956 2781 1978 ,
2809 1920 2938 1977 etc.,
2970 1922 3023 1963 tu
3046 1913 3099 1964 in
3129 1912 3400 1981 superiori.

1897 1999 2035 2052 Alia.
2066 2027 2138 2041 -η
2167 2000 2314 2054 Tuus
2340 2010 2421 2055 est
2453 2001 2568 2055 dies
2588 2042 2601 2065 ,
2638 2002 2894 2066 Domine,
2924 2008 2973 2055 et
3002 2009 3087 2053 tua
3128 2009 3210 2055 est
3251 2016 3353 2054 nox
3385 2015 3401 2054 ι

1827 2093 2064 2146 concede
2086 2095 2253 2147 solem
2273 2093 2492 2163 justitize
2517 2096 2897 2162 permanerein
2914 2093 3163 2147 cordibus
3181 2094 3400 2158 nostris,

1828 2182 1893 2235 ad
1942 2183 2281 2251 repellendas
2339 2183 2585 2237 tenebras
2646 2183 3022 2250 cogitationum
3081 2182 3401 2251 iniquarum.

1828 2272 1949 2327 Per.

2041 2362 2190 2431 (658)
2234 2361 2496 2421 Incipiunt
2547 2364 2817 2417 Orationes
2847 2365 3186 2417 matutinalcs.

1898 2473 2163 2539 lllumina,
2194 2474 2439 2537 Domine,
2471 2490 2796 2542 qutesumus,
2828 2478 2878 2527 in
2908 2484 2957 2528 te
2987 2478 3145 2528 corda
3172 2476 3395 2529 creden-

1829 2565 1982 2629 tium,
2011 2572 2067 2617 ut
2096 2573 2184 2617 tuo
2216 2579 2431 2630 semper
2459 2564 2775 2629 munimine,
2805 2573 2858 2621 et
2885 2573 2975 2617 tuo
3004 2565 3201 2618 auxilio
3223 2575 3403 2633 prote-

1827 2669 2038 2723 gamur.
2072 2654 2193 2709 Per.

1899 2745 2036 2800 Alia.
2057 2776 2126 2785 —
2145 2745 2258 2799 Tua
2290 2760 2387 2800 nos
2411 2787 2426 2807 ,
2463 2744 2714 2809 Domine,
2747 2746 2947 2799 veritas
2976 2758 3185 2813 semper
3208 2743 3405 2799 illumi-

1827 2846 1949 2900 net.
1982 2850 2035 2892 et
2061 2840 2125 2891 ab
2149 2838 2291 2890 omni
2325 2837 2585 2906 pravitate
2606 2837 2873 2892 defendat.
2903 2837 3000 2890 Per
3030 2838 3328 2891 Dominum.

1901 2931 2060 3001 202
2086 2929 2453 2984 Alia.—Salva
2478 2945 2594 2994 nos,
2612 2932 2945 2998 omnipotens
2967 2930 3122 2994 Deus,
3151 2939 3203 2982 et
3228 2930 3399 2983 lucem

1826 3024 1981 3078 nobis
2012 3022 2248 3076 concede
2278 3032 2607 3089 perpetuam.
2635 3022 2736 3075 Per
2760 3023 3037 3075 Dominum
3062 3033 3322 3075 nostrum.

1900 3114 2037 3167 Alia.
2067 3144 2135 3153 —
2158 3113 2363 3168 Exaudi
2392 3128 2510 3177 nos,
2546 3114 2846 3166 misericors
2878 3113 3037 3178 Deus,
3064 3122 3118 3167 et
3139 3112 3403 3168 mentibus

1834 3206 2030 3261 nostris
2051 3206 2233 3275 gratire
2265 3215 2366 3259 tute
2386 3206 2563 3260 lumen
2586 3204 2832 3259 ostende.
2858 3205 2976 3258 Per.

1899 3299 2119 3351 Alia.—
2142 3296 2392 3351 Matutine
2421 3296 2719 3363 supplicum
2767 3304 2904 3359 Vota,
2950 3295 3191 3356 Domine,
3225 3296 3398 3363 protti.

1826 3394 1930 3445 tius
1969 3391 2212 3455 intuere,
2254 3396 2308 3444 et
2347 3390 2555 3442 occulta
2579 3388 2758 3442 cordis
2806 3390 2972 3441 nostri
3015 3390 3250 3441 remedio
3301 3398 3403 3443 tua:

1823 3482 2053 3537 clariﬂca
2086 3482 2321 3550 pietatis,
2349 3490 2406 3534 ut
2426 3482 2688 3536 desideria
2713 3480 2997 3534 tenebrosa
3027 3496 3131 3534 non
3160 3492 3394 3548 teneant,

1823 3590 1955 3643 quos
1986 3576 2073 3627 lux
2101 3574 2335 3628 cteleSIis
2364 3573 2547 3641 gratiae
2573 3575 2855 3641 reparavit.
2893 3574 3010 3627 Per.

1894 3665 2032 3719 Alia.
2057 3692 2126 3705 --
2148 3665 2379 3731 Emitte,
2402 3678 2735 3732 quaesumus,
2769 3664 3021 3725 Domine,
3055 3662 3226 3717 locem
3258 3672 3400 3716 luant

1822 3754 2073 3808 cordibus
2104 3755 2322 3821 nostris,
2353 3764 2429 3821 ut,
2464 3752 2832 3807 mandatorum
2876 3762 3088 3807 tuorum
3118 3753 3235 3821 lege
3278 3769 3400 3821 per-

1822 3854 1996 3912 cepta,
2030 3853 2080 3899 ln
2113 3847 2192 3899 via
2222 3857 2307 3899 tua
2332 3846 2669 3899 ambulantes
2694 3883 2708 3909 ,
2735 3844 2866 3898 nihil
2894 3846 3155 3914 patiantur
3176 3847 3400 3900 erroris.

1822 3933 1943 3991 Per.

1892 4046 2029 4099 Alia.
2051 4076 2119 4087 —-
2141 4046 2490 4115 Omnipotens
2521 4048 2847 4113 sempiterne
2881 4048 3044 4112 Deus,
3075 4049 3211 4115 apud
3240 4064 3395 4119 quem

1821 4139 1950 4194 nihil
1976 4141 2262 4194 obscurum
2289 4148 2405 4208 est,
2455 4141 2585 4194 nihil
2618 4141 2960 4194 tenebrosum
2980 4185 2993 4206 ,
3018 4144 3200 4199 emitte
3227 4145 3396 4199 lucent

1821 4238 1965 4283 tuam
1994 4230 2244 4285 cordibus
2276 4230 2495 4297 nostris,
2528 4240 2631 4286 etc.
2653 4272 2667 4297 ,
2696 4240 2749 4284 ut
2778 4234 2828 4285 in
2859 4235 3129 4303 superiori.

1895 4339 2034 4393 Alia.
2058 4368 2128 4379 —
2158 4338 2301 4394 Deus
2325 4381 2339 4405 ,
2375 4341 2462 4406 qui
2496 4340 2775 4407 vigilantes
2805 4342 2854 4395 in
2891 4342 3132 4395 laudibus
3156 4344 3257 4397 tuis
3286 4360 3398 4399 cce-

1820 4431 1936 4485 lesti
1989 4431 2241 4486 mercede
2274 4445 2619 4493 remnneras,
2657 4431 2900 4484 tenebras
2929 4432 2995 4484 tle
3024 4432 3273 4487 cordibus
3306 4450 3399 4487 no-

1742 4549 1791 4608 D
1819 4520 1941 4574 stris
1970 4521 2180 4575 auferre
2209 4520 2466 4590 digneris,
2498 4529 2556 4573 ut
2584 4521 2871 4588 splendore
2902 4520 3123 4583 luminis
3154 4523 3228 4577 tui
3255 4538 3399 4579 Simo

1821 4627 1915 4681 per
1936 4611 2282 4681 gaudeamus.
2307 4611 2427 4666 Per.

1893 4727 2035 4780 Alia.
2066 4755 2134 4767 —
2164 4726 2527 4795 Exsurgentes
2572 4725 2638 4779 de
2679 4726 2946 4780 cubilibus
2988 4727 3220 4788 nostris,
3248 4729 3398 4782 auxi-

1823 4818 1951 4871 lium
1974 4819 2158 4885 gratize
2188 4826 2291 4871 tute
2322 4817 2618 4880 matutinis,
2654 4816 2902 4882 Domine,
2935 4820 3179 4887 precibus
3206 4819 3399 4888 implo-

1822 4923 2022 4969 ranius,
2049 4916 2124 4971 ut,
2155 4908 2413 4961 discussis
2437 4908 2674 4962 tenebris
2699 4910 2966 4970 vitiorum,
2993 4910 3264 4965 ambulare
3287 4928 3397 4966 mc-

1825 5013 2035 5053 reatnur
2066 4999 2115 5050 in
2142 4999 2257 5053 luce
2284 4999 2562 5052 virtutum.
2591 4998 2714 5051 Per.

1891 5087 2030 5141 Alia.
2058 5118 2125 5127 ——
2148 5087 2222 5140 Te
2249 5089 2416 5141 lucem
2443 5102 2623 5142 veram
2653 5125 2668 5149 ,
2712 5096 2763 5140 et
2806 5087 2939 5140 lucis
2959 5097 3228 5142 auctorem
3251 5128 3266 5153 ,
3299 5090 3395 5141 Dn-

1822 5179 1966 5232 mine
1987 5219 2001 5241 ,
2030 5179 2398 5247 deprecamur,
2436 5186 2493 5231 ut
2513 5176 2749 5243 digneris
2780 5190 2811 5228 a
2843 5177 2995 5231 nobis
3026 5179 3274 5232 tenebras
3293 5179 3391 5232 de-
3420 5174 3425 5179 ’

1822 5272 2019 5338 pellere
2066 5271 2347 5334 vitiorum,
2386 5274 2441 5321 ct
2484 5267 2778 5321 clarificare
2807 5282 2904 5321 nos
2950 5269 3066 5321 luce
3118 5268 3392 5323 virtutum.

1823 5362 1942 5415 Per.

1896 5453 2029 5505 Alia.
2058 5480 2126 5490 —
2149 5447 2295 5519 Auge
2326 5449 2376 5502 in
2410 5446 2582 5513 nobis,
2615 5445 2859 5513 Domine,
2892 5458 3215 5515 qurcsumus,
3236 5444 3391 5499 fldent

1822 5602 2071 5665 tionibus,
2111 5616 2167 5656 sc
2229 5602 2431 5668 prima,
2473 5599 2825 5668 Omnipmens,
2859 5608 2996 5666 etc.,
3037 5608 3082 5654 ει
3114 5598 3165 5668 6,
3204 5595 3390 5667 Propt-

1818 5676 1963 5738 tiarc,
1992 5680 2090 5726 etc.

2908 5813 2946 5872 7
