3988 6300
547 320 646 373 2θῖ

1768 306 2006 364 SANtLTl
2050 301 2369 358 GREGORII
2413 302 2625 359 MAGNI

3700 297 3812 356 2M

543 451 687 495 tuam
710 479 722 499 ,
746 450 800 492 et
827 433 1054 502 Spiritus
1080 428 1248 486 sancti
1291 428 1460 481 lucem
1503 424 1556 477 in
1596 422 1750 478 nobis
1780 437 1996 491 semper
2027 434 2112 473 ac.
2147 421 2191 476 A
2222 419 2488 486 salutare,
2532 434 2627 474 nos
2678 419 2770 473 tibi
2799 431 3014 488 semper
3041 424 3098 472 et
3136 417 3333 485 ubique
3370 416 3571 483 gratias
3600 429 3805 476 agere:

542 531 727 586 cendo.
752 529 868 582 Per.

615 621 753 676 Alia.
785 647 856 660 —-
884 617 1020 668 Deus
1041 655 1054 676 ,
1089 610 1176 680 qtti
1209 608 1458 662 tenebras
1505 604 1821 674 ignorantiae
1847 602 1994 656 verbi
2045 599 2119 652 tui

543 716 659 768 luce
684 709 1082 776 depellis,auge
1115 704 1165 756 itt
1185 700 1436 756 cordibus
1467 700 1664 753 nostris
1690 697 1942 750 virtutem
1975 692 2120 756 ﬁdei,

540 819 696 872 quam
727 801 942 863 dedisti,
969 811 1018 853 ul
1049 797 1207 867 ignis,
1240 811 1397 864 quem
1428 792 1596 863 gratia
1619 803 1704 845 tua
1732 789 1857 845 l'ccit
1879 787 2117 851 accendi,

542 895 701 949 nullis
731 891 1115 948 tentationibtts
1146 890 1308 957 possit
1340 886 1626 954 exstingui.
1659 883 1778 938 Per.

607 985 750 1040 Alia.
776 1011 847 1026 -—
883 983 1116 1037 Auribus
1168 979 1384 1049 percipe
1410 1018 1425 1044 ,
1470 977 1692 1030 Domine
1714 1015 1729 1039 ,
1779 987 2084 1040 quaesumus
2104 1012 2119 1036 ,

537 1075 700 1130 verba
764 1073 876 1127 oris
927 1070 1131 1131 nostri,
1180 1067 1582 1132 clamoremque
1630 1063 1948 1116 matutinum
2008 1060 2124 1128 pius

537 1174 804 1221 scrutator
826 1163 1064 1230 intelltge
1085 1200 1100 1226 ,
1131 1168 1189 1213 ut
1209 1157 1398 1213 orandi
1429 1156 1494 1209 ad
1525 1165 1576 1209 te
1605 1155 1757 1208 nobis
1803 1154 1871 1206 sit
1897 1152 1997 1206 lida
2030 1152 2124 1204 (le-

539 1257 706 1321 votio,
743 1265 941 1318 tuaque
992 1250 1219 1314 donetur
1263 1247 1413 1300 nobis
1445 1245 1682 1300 diluculo
1719 1242 2121 1312 contemplatio,

539 1359 595 1402 et
624 1356 962 1416 peccatorum
983 1341 1223 1394 omnium
1255 1346 1501 1403 exaptata
1527 1335 1793 1389 remissio.
1831 1333 1948 1387 Per.

612 1437 748 1490 Alia.
772 1463 840 1474 ——
870 1431 1084 1486 Veritas
1119 1441 1205 1483 tua
1227 1469 1243 1494 ,
1286 1441 1623 1493 qumsumus,
1655 1425 1917 1486 Domine,
1948 1423 2126 1477 luceat

549 1533 600 1582 in
631 1525 884 1582 cordibus
906 1523 1123 1585 nostris,
1155 1529 1210 1575 et
1231 1518 1404 1573 omnis
1433 1516 1639 1571 falsitas
1664 1514 1864 1570 inimici
1887 1516 2123 1570 destrua—

547 1634 655 1676 tur.
688 1621 790 1674 Per
821 1618 1099 1670 Dominum
1131 1624 1391 1667 nostrum.

615 1715 753 1768 Atia.
784 1741 853 1752 —
873 1709 1133 1764 Sensibus
1184 1705 1383 1760 nostris
1405 1744 1420 1768 ,
1467 1718 1774 1767 quaesumus
1795 1741 1808 1764 ,
1862 1701 2143 1778 Domine,‘

2226 515 2445 570 Domine
2484 521 2696 576 sancte,
2743 513 2897 566 Pater
2942 510 3318 579 omnipatetts,
3363 524 3567 564 mterne
3618 515 3801 564 Deus.

2222 608 2532 678 suppliciter
2561 606 2904 674 implorantes
2926 645 2944 673 ,
2970 612 3029 660 ut
3055 619 3150 660 nos
3187 603 3255 658 ab
3293 602 3544 658 omnibus
3573 602 3816 671 peccatis

2223 701 2516 753 clementer
2563 698 2794 766 eripias,
2845 704 2901 749 et
2941 711 2969 749 a
3008 694 3215 748 cunctis
3257 702 3506 764 protegas
3545 691 3815 762 benignus

2226 793 2470 847 inimicis.
2503 792 2602 845 Per
2629 791 2926 845 Christum.

2296 883 2446 952 Infra
2473 885 2742 934 actionem.
2760 910 2829 919 —
2843 880 2989 934 llauc
3007 878 3166 948 igitttr
3196 876 3544 940 oblationem,
3561 875 3816 934 Domine,

2224 991 2380 1046 quam
2412 973 2506 1028 lilii
2531 972 2806 1026 offerimus
2837 986 2933 1039 pro
2956 971 3187 1039 peccatis
3230 979 3392 1038 atque
3422 967 3817 1022 oﬂ‘rnsionibus

2226 1065 2452 1142 nostris,
2486 1073 2544 1117 ut
2581 1061 2819 1116 omnium
2849 1060 3167 1116 delictorum
3199 1069 3504 1112 nostrorum
3536 1058 3819 1110 remissio-

2227 1173 2346 1211 nem
2377 1154 2629 1222 consequi
2673 1166 3013 1217 mereantur,
3069 1163 3410 1218 quaesumus,
3456 1147 3712 1210 Domine,
3761 1156 3820 1197 ut

2225 1249 2463 1318 placatus
2493 1260 2555 1299 ac
2591 1243 2745 1313 ipirts,
2777 1242 3002 1312 diesque
3027 1248 3237 1293 nostros
3265 1239 3315 1292 in
3344 1249 3431 1291 tua
3460 1253 3593 1308 pace
3621 1237 3820 1303 dispo-

2226 1352 2342 1393 nas.

2298 1429 2461 1500 205-
2488 1429 2565 1481 Αίλ
2599 1425 2988 1492 complendum.
3019 1453 3090 1464 —
3122 1424 3318 1478 Praesta
3369 1421 3522 1476 nobis
3545 1463 3558 1485 ,
3610 1428 3819 1473 attente

2229 1522 2496 1585 Salvator,
2530 1528 2586 1572 ut
2611 1517 2963 1586 pcreipientes
3001 1516 3099 1567 hoc
3125 1529 3344 1567 mttnere
3373 1511 3583 1565 veniam
3619 1524 3820 1576 pecca—

2229 1626 2423 1678 torum,
2447 1611 2699 1678 deinceps
2730 1615 2942 1680 peccata
2975 1604 3338 1661 vitetttus.l’er
3366 1603 3672 1657 Dominum.

2307 1706 2440 1759 Alio.
2469 1733 2537 1743 —
2561 1704 2756 1756 Sancta
2796 1710 2880 1753 tua
2925 1713 3050 1762 nos,
3104 1697 3329 1750 Domine
3353 1737 3366 1754 .
3410 1707 3720 1762 qnzcsumtts
3742 1733 3758 1754 ,
3785 1707 3820 1762 Ia

549 1813 721 1865 lumen
749 1813 992 1860 sanetum
1027 1811 1174 1854 tuum
1203 1799 1466 1866 bentgnus
1494 1796 1744 1861 infunde,
1768 1802 1828 1847 ut
1861 1794 1954 1846 tibi
1981 1808 2124 1846 sem-
2159 1783 2202 1844 Β
2234 1795 2464 1860 peccatis
2493 1803 2723 1852 exuant,
2756 1801 2808 1844 et
2839 1789 3081 1843 caelestis
3109 1789 3226 1842 vita:
3259 1787 3439 1855 vigore
3470 1781 3820 1839 continuent.

550 1915 644 1966 per
666 1897 824 1968 203
853 1886 1021 1950 simus
1047 1891 1248 1953 devoti,
1269 1889 1419 1957 cujus
1439 1889 1696 1956 sapientia
1719 1888 1880 1942 creati
1911 1901 2094 1940 sumus
2111 1925 2126 1949 ,

543 2005 593 2048 et
626 1988 954 2061 providentia
986 1986 1368 2056 gtt‘oerttamur.
1402 1981 1524 2037 Per.

745 2078 876 2134 Item
916 2075 1062 2145 (659)
1089 2073 1157 2126 ad
1184 2072 1491 2136 Matutinus,
1521 2073 1803 2125 lncescente
1833 2070 1932 2122 die.

614 2170 751 2224 Dens
773 2207 787 2230 ,
819 2166 910 2236 qui
934 2166 1072 2220 diem
1101 2163 1364 2219 discernis
1386 2145 1423 2214 εἰ
1449 2170 1637 2224 nocte,
1665 2172 1819 2216 actus
1844 2171 2066 2214 nostros
2097 2174 2126 2212 a

543 2261 885 2316 tenebrarum
918 2258 1188 2326 distingue
1218 2255 1447 2323 caligine
1475 2297 1488 2319 ,
1519 2263 1572 2306 ut
1613 2267 1829 2321 semper
1853 2267 1972 2320 quae
1997 2267 2122 2306 san-

539 2365 626 2406 cta
656 2361 781 2406 sunt.
802 2349 1148 2414 meditantes,
1181 2347 1234 2401 in
1266 2356 1352 2400 tua
1379 2345 1577 2414 jugiter
1608 2346 1725 2398 luce
1748 2346 2007 2397 vivamus.
2029 2342 2128 2396 Per

543 2446 823 2498 Dominum
855 2451 1120 2497 nostrum.
1703 2507 1705 2509 ι

612 2536 748 2590 Alia.
794 2563 864 2575 —
912 2533 1125 2588 Gratias
1182 2531 1276 2587 tibi
1322 2530 1560 2598 agimus,
1621 2511 1848 2583 Domine
1898 2536 2120 2594 sancte,

547 2629 702 2682 Pater
733 2625 1102 2692 omnipotens,
1128 2631 1328 2676 mterne
1355 2621 1530 2684 Dens,
1563 2620 1651 2689 qui
1701 2635 1797 2673 nos
1843 2620 1909 2673 de
1951 2630 2124 2672 trans-

543 2731 664 2773 acto
691 2720 862 2771 noctis
899 2715 1073 2785 spatio
1116 2713 1182 2767 ad
1215 2712 1503 2768 matutinas
1532 2711 1690 2765 horas
1721 2709 2014 2779 perducere
2043 2709 2120 2762 di-

543 2819 733 2878 gnatus
759 2824 818 2862 es
848 2823 862 2863 :
895 2818 1202 2875 quaesumus
1230 2811 1285 2856 ιιι
1306 2804 1473 2856 dones
1495 2802 1648 2856 nobis
1678 2801 1818 2855 diem
1844 2799 1984 2854 hunc
2007 2799 2124 2852 sine

544 2907 761 2965 peccato
803 2899 1066 2959 transire,
1095 2902 1358 2962 quatenus
1405 2895 1469 2946 ad
1504 2908 1786 2962 vesperum
1813 2901 1868 2947 et
1908 2905 2123 2959 semper

544 2992 639 3047 tibi
671 2993 778 3045 Deo
802 2989 1002 3060 gratias
1031 2987 1346 3043 referamus.
1375 2986 1500 3041 Per.

613 3084 750 3138 Alia.
775 3111 844 3121 —-
873 3079 1087 3137 Gratias
1129 3078 1337 3148 agimus
1383 3075 1724 3130 inenarrabili
1768 3074 1952 3143 pietati
1984 3081 2117 3137 ture,

551 3177 895 3242 omnipotens
936 3173 1106 3234 Deus,
1136 3169 1226 3239 qui
1285 3183 1380 3222 nos
1411 3168 1634 3234 depulsa
1685 3165 1856 3220 noetis
1901 3165 2126 3234 caligine
2155 3141 2202 3204 δ

549 3269 618 3325 ad
641 3268 746 3324 diei
769 3267 929 3335 hujus
954 3265 1276 3334 principium
1301 3263 1614 3329 perduxisti,
1643 3271 1718 3320 et.
1735 3261 1944 3331 abiecta
1974 3262 2127 3331 igno-

547 3362 734 3416 rantiae
760 3360 1032 3420 cas-citate,
1058 3355 1124 3409 ad
1155 3355 1357 3409 cultum
1395 3357 1468 3408 tui
1501 3357 1735 3409 nominis
1765 3364 1924 3425 atque
1951 3355 2116 3409 scien-

548 3457 672 3508 tiam
711 3451 979 3507 revocasti
1013 3448 1278 3504 :illabere
1320 3449 1569 3504 sensibus
1608 3449 1842 3515 nostris,
1885 3449 2129 3517 omnipo-

551 3558 668 3600 tens
690 3543 867 3606 Pater,
894 3551 953 3596 ut
979 3542 1030 3595 in
1086 3547 1474 3608 praceptorum
1524 3549 1734 3593 tuorum
1783 3538 1982 3593 lumine
2005 3553 2127 3608 grao

548 3641 776 3702 dientes,
802 3647 852 3691 te
878 3636 1066 3689 ducem
1094 3647 1384 3701 sequamur
1413 3640 1467 3686 et
1495 3632 1812 3701 PI‘lllCiliell}.
1838 3631 1958 3686 Per.

617 3727 753 3780 Alia.
781 3755 851 3768 --
876 3727 1050 3792 Deus,
1083 3725 1170 3793 qui
1202 3739 1298 3778 nos
1343 3723 1413 3778 ad
1461 3725 1774 3793 principium
1826 3723 1981 3791 lmjus
2019 3722 2124 3776 diei

549 3822 825 3890 pervenire
865 3819 1068 3883 fecisti,
1099 3817 1164 3871 da
1197 3817 1352 3872 nobis
1387 3817 1528 3870 hunc
1565 3817 1708 3872 diem
1749 3817 1866 3869 sine
1907 3823 2128 3883 peccato

557 3918 788 3973 transire
808 3957 823 3976 ,
849 3926 903 3968 ut
937 3915 991 3968 in
1031 3915 1179 3968 nullo
1211 3929 1239 3967 a
1271 3913 1377 3967 tuis
1406 3912 1612 3967 semitis
1637 3911 2002 3971 declinemus;
2034 3910 2128 3964 sed

549 4008 613 4061 ad
640 4019 782 4061 tuam
827 4005 1088 4076 justitiam
1131 4005 1427 4060 faciendam
1480 4011 1661 4058 nostra
1701 4017 1916 4071 semper
1946 4015 2132 4071 proce—

548 4100 678 4155 dant
713 4100 940 4167 cloquia.
977 4098 1096 4152 Per.

619 4192 953 4259 Adprimum.
995 4221 1062 4232 -—
1107 4189 1618 4261 Dirigeredignarc,
1651 4189 1873 4244 Domine
1909 4195 2132 4252 sancte,

557 4283 713 4336 Pater
763 4283 1128 4350 omnipotens,
1173 4292 1374 4336 teterne
1437 4283 1604 4346 Deus,
1648 4282 1808 4338 hodie
1864 4281 2024 4336 corda
2082 4295 2128 4336 et

553 4388 778 4440 corpora
807 4384 985 4426 nostra
1019 4373 1070 4425 iit
1109 4387 1271 4441 opera
1309 4372 1678 4426 mandaturum
1713 4384 1960 4436 tuorum,
1994 4380 2053 4425 ut
2083 4372 2133 4423 iu

557 4466 655 4514 hac
683 4463 768 4515 die
797 4462 861 4514 ad
894 4464 1098 4515 nullum
1124 4462 1453 4516 declinemus
1485 4474 1774 4530 peccatum,
1805 4462 1900 4518 sed
1927 4476 2138 4530 semper

2234 1888 2354 1942 Per.

2692 1975 2958 2028 Orationes
2988 1982 3210 2042 tempore
3232 1969 3368 2024 belli.

2302 2071 2650 2137 Omnipotens
2691 2076 2745 2121 et
2790 2066 3094 2119 πήξει-ἱροῖς
3128 2063 3302 2126 Deus,
3333 2075 3361 2113 a
3395 2058 3664 2114 bellorum
3695 2071 3821 2115 nos.

2231 2175 2556 2231 quaesumus,
2590 2159 2800 2212 turbine
2824 2156 2904 2210 l'ac
2926 2154 3154 2222 quietos,
3183 2155 3302 2223 quia
3329 2152 3468 2205 bona
3502 2147 3660 2203 nobis
3683 2162 3822 2200 curr-

2232 2260 2314 2306 cta
2344 2248 2644 2320 prrrstabis.
2663 2249 2706 2302 si
2737 2262 2921 2318 pacem
2947 2244 3158 2299 dederis
3189 2259 3236 2298 et
3265 2241 3457 2297 mentis
3477 2240 3824 2309 etcorporis.

2233 2343 2354 2396 l’cr.

2301 2434 2520 2486 Alia.—
2541 2431 2891 2500 Omnipotens
2923 2427 3097 2488 Deus,
3130 2425 3418 2479 Christiani
3451 2423 3688 2478 nominis
3716 2422 3824 2484 ini-

2231 2526 2396 2581 micos
2426 2530 2644 2589 virtute,
2674 2537 3001 2592 quaesumus,
3034 2530 3142 2574 ture
3173 2519 3468 2585 comprime
3499 2515 3824 2586 Maiestatis,

2234 2627 2290 2671 ut
2318 2617 2546 2687 pepultts
2588 2627 2707 2667 tuus
2747 2622 2799 2667 et
2839 2612 2958 2665 ﬁdei
2994 2613 3296 2680 integritate
3336 2608 3565 2670 lactetur,
3595 2616 3653 2661 et
3680 2614 3826 2659 teme

2231 2724 2419 2778 porum
2454 2705 2838 2774 tranquillitate
2867 2717 3078 2769 semper
3101 2701 3352 2755 eXSttltet.
3386 2698 3509 2753 Per.

2699 2795 2859 2848 Missa
2881 2795 2933 2848 in
2966 2804 3186 2857 tempore
3213 2791 3348 2845 belli.

2305 2893 2444 2946 Deus
2471 2932 2484 2953 ,
2526 2904 2811 2959 regnorum
2860 2902 3101 2940 omnium
3153 2897 3444 2952 regumque
3487 2879 3830 2941 dominator,

2228 2984 2320 3050 qui
2351 2997 2448 3036 nos
2470 2990 2522 3034 et
2552 2977 2900 3050 percutiendo
2929 2991 3116 3042 sanas,
3146 2985 3200 3032 et
3236 2972 3561 3045 ignoscendo
3598 2987 3828 3026 conser-

2231 3088 2327 3126 vas
2348 3112 2364 3138 ,
2389 3072 2663 3140 praetende
2714 3069 2870 3123 nobis
2898 3065 3322 3122 misericordiam
3362 3074 3506 3118 tuam
3529 3104 3544 3127 ,
3575 3070 3634 3116 ut
3674 3071 3826 3115 tran-

2235 3166 2501 3237 quillitate
2539 3165 2715 3234 pacis,
2759 3170 2850 3217 tua
2891 3171 3157 3232 potestate
3195 3159 3434 3224 firmata,
3476 3157 3544 3211 ad
3581 3157 3826 3212 remedia

2233 3259 2583 3314 correctionis
2610 3265 2843 3311 utamur.
2876 3254 2997 3309 Per.

2303 3350 2444 3403 Alia.
2475 3378 2544 3390 —-
2577 3345 2899 3415 Deus,cujtts
2938 3359 3162 3414 regnum
3203 3355 3423 3412 regnum
3454 3349 3539 3394 est
3576 3338 3826 3392 omnium

2234 3443 2578 3504 sa-culorum,
2597 3438 3013 3510 supplicationes
3037 3447 3248 3490 nostras
3278 3433 3573 3489 clementer
3599 3431 3826 3491 exaudi,

2236 3545 2290 3588 et
2311 3533 2735 3588 Christianorum
2773 3543 2996 3598 regnum
3036 3526 3130 3581 tibi
3161 3525 3434 3582 subditum
3473 3533 3728 3591 protege,
3761 3532 3825 3574 ιιι

2235 3625 2287 3678 in
2322 3637 2407 3678 tua
2445 3624 2636 3677 virtute
2665 3620 2911 3685 fidentes,
2940 3627 2992 3673 et
3016 3615 3109 3672 tibi
3140 3619 3399 3685 placeant,
3433 3623 3489 3668 et
3519 3627 3682 3680 super
3705 3627 3828 3664 on:-

2238 3719 2326 3770 nia
2348 3730 2512 3784 regna
2547 3712 2873 3782 pra-cellam.
2907 3709 3029 3763 Per.

2309 3806 2439 3860 Item
2469 3807 2594 3858 alia.
2617 3833 2683 3843 ——
2713 3803 2858 3856 Deus
2880 3842 2894 3865 ,
2934 3800 3023 3869 qui
3073 3797 3307 3853 conteris
3343 3793 3478 3848 bella
3500 3833 3515 3858 ,
3567 3799 3625 3846 et
3645 3791 3828 3859 impu-

2236 3909 2486 3969 gmtores
2525 3899 2578 3952 in
2612 3905 2664 3951 te
2700 3895 3031 3964 sperantium
3075 3888 3308 3960 potentia
3341 3897 3445 3943 tute
3483 3883 3826 3941 delensionis

2237 4006 2548 4061 expugnas,
2616 3988 2872 4041 auxiliare
2936 3982 3343 4054 implorantibus
3393 3973 3834 4032 misericordiam

2242 4094 2513 4148 tuam,ut,
2545 4082 2781 4136 omnium
2806 4079 3042 4148 gentium
3076 4075 3289 4130 feritate
3317 4083 3648 4139 compressa,
3674 4066 3830 4122 iudc-

2243 4179 2379 4233 lessa
2413 4187 2466 4230 te
2494 4172 2785 4242 gratiarum
2812 4170 3024 4224 actione
3054 4166 3352 4222 laudemus.
3386 4164 3511 4218 Per.

2311 4263 2760 4336 Sttpetfoblata.-
2778 4261 3136 4326 Sacriliciutn,
3152 4257 3397 4317 Domine,
3416 4252 3557 4321 quod
3579 4247 3833 4305 immob—

2241 4373 2360 4413 mus
2385 4355 2632 4418 intende,
2666 4362 2725 4408 ut
2749 4353 2818 4406 ab
2848 4351 2993 4405 omni
3026 4365 3124 4404 nos
3153 4357 3316 4403 exuat
3343 4346 3600 4401 bellorum
3636 4343 3830 4410 nequi-

2244 4453 2337 4518 tia,
2365 4459 2420 4506 et
2449 4451 2501 4504 in
2533 4459 2636 4502 tua:
2669 4443 3019 4517 protectioois
3057 4443 3349 4497 securitate
3384 4440 3696 4494 constituat.
3725 4437 3828 4491 l’er

689 4511 766 4515 __-
800 4511 859 4514 η
1129 4511 1449 4516 __-__---_--_-
1485 4511 1774 4530 ,Ὑηηςηη
1806 4511 1900 4518 ,--
1928 4511 2127 4530 -----,.--
2327 4511 2335 4518 .

554 4567 672 4615 qum
716 4559 896 4604 sancta
937 4561 1058 4604 sunt
1100 4551 1438 4614 meditemur,
1463 4560 1624 4619 atque
1662 4568 1823 4620 opere
1862 4553 2131 4621 complca-
2165 4511 2219 4573 υ
2247 4542 2547 4597 θοητῖηυηὶο

557 4655 694 4705 mus,
725 4651 778 4695 et
810 4652 898 4694 tuo
931 4641 1126 4709 ubique
1153 4642 1356 4695 auxilio
1379 4644 1700 4696 muniantur.
1721 4643 1820 4697 Per
1850 4643 2133 4698 Dominum

556 4745 794 4788 nostrum
843 4733 1022 4788 Jesum
1071 4732 1334 4788 Christum
1389 4734 1578 4788 Filium
1621 4748 1800 4801 tuum,
1829 4737 1916 4805 qui
1961 4745 2135 4792 tecum

553 4825 681 4879 vivit
710 4834 762 4880 et
791 4831 977 4893 regnat
1009 4823 1144 4878 Deus
1170 4824 1222 4877 in
1247 4824 1447 4878 unitate
1476 4826 1712 4889 ejusdem
1745 4827 1993 4893 Spiritus.
2030 4840 2034 4845 ·

1082 4913 1243 4968 Missa
1264 4922 1353 4981 pro
1378 4917 1610 4982 peccatis.

626 5008 852 5070 Exaudi.
885 5022 1210 5076 quzesumtts,
1242 5009 1484 5073 Domine,
1518 5006 1817 5076 supplicum
1843 5021 2051 5076 preces.
2083 5020 2137 5062 et

530 5103 918 5164 ,ιεοιιῐὶιθιιιιιιιιι
953 5099 1044 5153 tibi
1075 5114 1236 5169 parce
1271 5101 1525 5168 peceatis,
1558 5111 1612 5152 ιιι
1646 5103 1844 5165 pariter
1871 5099 2025 5154 nobis
2057 5100 2136 5154 in-

555 5192 879 5260 dulgentiam
933 5191 1134 5244 tribuas
1173 5189 1430 5258 benignus
1470 5199 1522 5243 et
1567 5204 1770 5259 pacem.
1803 5189 1905 5244 Per
1953 5189 2132 5244 Domi-

559 5300 682 5336 ιιιιιιι
712 5293 972 5334 nostrum.

630 5374 796 5440 Super
836 5371 1024 5424 oblata.
1048 5399 1118 5410 —
1138 5369 1335 5424 Adesto
1355 5412 1370 5435 ,
1405 5368 1560 5424 nobis
1583 5383 1886 5438 quaesumus
1907 5409 1922 5434 ,
1955 5369 2134 5423 Domi-

560 5479 624 5516 ne
643 5501 660 5527 ,
687 5471 740 5517 et
770 5478 953 5530 preces
986 5471 1194 5517 nostras
1223 5460 1480 5531 benignus
1508 5461 1714 5521 exaudi,
1749 5471 1806 5515 ut
1827 5461 1963 5531 quod
1993 5461 2126 5515 lidu-

562 5554 641 5606 cia
667 5568 770 5604 non
802 5552 962 5605 habet
1000 5551 1346 5617 meritorum,
1394 5552 1624 5621 placatio
1667 5552 1906 5606 obtineat
1929 5551 2136 5606 llosda-

563 5658 700 5695 rttttt.
731 5641 850 5694 Per.

623 5732 905 5798 .Prtrfatte.
931 5763 998 5772 —
1027 5731 1164 5788 Vere
1195 5735 1410 5804 dignum
1431 5747 1478 5788 et
1499 5735 1698 5803 justum
1727 5745 1828 5800 est,
1856 5749 2063 5804 arguunt
2087 5743 2139 5790 et

2317 4634 2587 4702 I’t'wfatio.
2617 4660 2688 4672 —
2715 4629 2853 4684 Vere
2890 4629 3105 4697 dignum
3144 4632 3200 4678 et
3236 4621 3438 4691 justum
3463 4630 3543 4672 est
3567 4659 3581 4680 ,
3613 4633 3830 4687 :rqunm

2243 4737 2296 4781 et
2326 4725 2561 4779 salutare
2582 4763 2597 4787 ,
2631 4737 2728 4776 nos
2749 4722 2842 4775 tibi
2869 4734 3083 4788 semper
3109 4728 3163 4773 et
3193 4716 3388 4785 ubique
3413 4714 3614 4782 gratias
3644 4726 3833 4779 agere,

2249 4818 2472 4871 Domine
2500 4825 2716 4878 sancte,
2747 4813 2903 4866 Pater
2941 4810 3300 4878 omnipotens,
3328 4813 3532 4859 teterne
3563 4802 3705 4855 Deus
3732 4820 3742 4854 ;
3779 4812 3833 4855 te

2251 4918 2361 4962 toto
2389 4907 2552 4962 corde
2581 4903 2832 4974 prostrati
2857 4902 3168 4970 suppliciter
3189 4903 3498 4957 exerentes,
3523 4904 3581 4948 ut
3609 4905 3665 4948 et
3694 4908 3833 4961 pra:-

2252 5001 2529 5055 teritoruut
2564 4997 2716 5052 nobis
2755 4995 3020 5050 concedas
3046 4994 3258 5047 veniam
3297 4988 3657 5050 delictorum,
3680 4997 3738 5040 et
3765 4987 3838 5038 ab
3908 4979 3913 5016 ί

2244 5091 2391 5145 omni
2424 5087 2770 5144 mortalitatis
2803 5090 3022 5140 incursu
3051 5082 3304 5138 continua
3347 5095 3447 5135 nos
3485 5079 3834 5133 miseratione

2245 5190 2517 5250 protegas.
2546 5179 2676 5246 Quia
2726 5187 2854 5231 tunc
2899 5173 3265 5231 defensionem
3315 5181 3460 5226 tuam
3486 5184 3592 5224 non
3633 5167 3833 5222 dimdi-

2245 5289 2364 5327 ttttts
2390 5273 2709 5335 adiuturam,
2738 5285 2858 5323 cum
2888 5283 2915 5319 a
2943 5268 3099 5321 nobis
3129 5278 3194 5320 ea
3217 5263 3411 5333 quibus
3433 5269 3488 5317 te
3506 5259 3833 5315 attendimus

2239 5369 2520 5434 dignanter
2548 5363 2847 5432 expuleris.
2883 5361 2986 5414 Per
3012 5358 3309 5414 Christum.

2314 5459 2394 5512 Ad
2421 5455 2812 5524 Complendum.
2839 5481 2908 5494 —
2936 5449 3276 5504 Sacrosancti
3323 5445 3568 5515 corporis
3610 5453 3666 5497 et
3713 5457 3840 5496 sano

2243 5550 2423 5620 guinis
2455 5546 2661 5601 Domini
2695 5541 2863 5599 nostri
2885 5541 3011 5597 .lesu
3032 5539 3230 5594 Christi
3263 5537 3556 5592 refectione
3579 5532 3830 5601 vegetati.

2248 5640 2516 5708 supplices
2545 5645 2598 5692 te
2627 5649 2877 5702 rogamus
2899 5673 2915 5698 ,
2939 5631 3279 5700 omnipotens
3310 5631 3453 5682 Deus
3472 5665 3489 5690 ,
3519 5635 3578 5678 ut
3607 5624 3714 5677 hoc
3754 5637 3832 5675 re-

2250 5733 2429 5788 medio
2453 5729 2711 5800 singulari
2756 5728 2821 5782 ab
2860 5741 3101 5782 omnium
3137 5737 3478 5796 peccatorum
3518 5732 3620 5774 nos
3651 5724 3833 5770 conta-
