3988 6298
184 307 235 359 ειν.
258 303 293 358 5

1346 346 1349 349 .
1382 300 1584 355 ΜΒΕῆ
1623 294 2254 356 ΞΔΟΒᾹΜΕΝΤΟΒῸΜ.

3353 301 3456 357 2ῡῖ

190 420 350 486 gione
374 414 662 484 puritlces.
690 424 747 468 et
773 429 799 467 a
833 413 1186 481 periculorum
1229 414 1439 467 munias
1480 414 1783 467 incursione
1809 421 1862 478 Α
1957 415 2093 466 Alia.
2126 442 2197 453 —
2227 413 2366 467 Deus
2391 410 2635 466 conditor
2667 409 2869 477 mundi,
2901 410 2999 464 sub
3047 409 3200 480 cujus
3238 412 3464 467 arbitrio

197 516 539 561 cunctorum.
580 507 686 557 Per
723 506 985 558 eutnd'em.

272 597 431 666 205
470 594 613 646 Atia.
644 621 717 633 —
746 595 1015 645 f‘rotcctor
1041 602 1220 644 noster
1257 592 1433 659 aSpice
1452 631 1467 654 ,
1521 591 1659 645 Deus
1678 631 1694 656 ,
1727 601 1787 644 et

198 685 262 738 at
297 686 529 737 bonrum
579 696 678 733 nos
706 680 933 734 defende
966 680 1230 747 periculis,
1265 689 1351 741 ut,
1381 680 1523 732 omni
1579 690 1789 744 pertur-

204 774 421 827 batione
461 772 731 839 submota,
787 771 969 825 liberis
1023 772 1115 824 tibi
1161 771 1427 824 mentibus
1473 772 1782 823 serviamus.

208 865 318 919 Per
347 864 646 917 Dominum.
742 932 747 939 l

752 951 882 1006 Item
920 954 1024 1005 alia
1067 953 1246 1008 Missa.

276 1045 523 1098 Hostium
572 1051 912 1105 nostrorum,
960 1057 1295 1111 quaesumus,
1345 1043 1601 1108 Domine,
1651 1041 1789 1096 elide

203 1133 534 1199 superbiam,
560 1144 612 1184 et
634 1134 872 1184 dexterae
902 1140 1004 1183 tute
1034 1131 1229 1185 virtute
1258 1141 1552 1199 prosterne.
1585 1131 1706 1184 Per.

278 1222 458 1288 Super
490 1221 691 1273 Oblata.
722 1248 796 1258 —
823 1220 1007 1287 Hujus,
1043 1220 1285 1284 Domine,
1316 1235 1644 1289 quaesumus,
1675 1218 1791 1273 vir-

203 1320 316 1363 tute
347 1309 615 1378 mySterii,
647 1318 703 1363 et
727 1324 757 1361 a
789 1311 986 1362 nostris
1016 1311 1335 1363 mundemur
1363 1311 1609 1377 occultis,
1639 1320 1693 1365 et
1724 1312 1791 1367 ab

204 1401 545 1455 inimicorum
580 1402 873 1455 liberemur
904 1401 1127 1454 insidiis.
1166 1402 1287 1455 Per.
1776 1466 1781 1469 I

277 1490 547 1560 Prefatio.
580 1519 648 1531 ——
680 1490 812 1545 Vere
848 1492 1063 1560 dignum
1090 1499 1143 1543 et
1176 1494 1377 1559 justum
1424 1502 1527 1555 est,
1580 1507 1792 1560 aequum

198 1594 255 1635 et
293 1583 557 1647 salutare,
586 1598 683 1635 nos
714 1584 805 1635 tibi
833 1597 1047 1649 semper
1070 1593 1122 1635 et
1159 1583 1351 1649 ubique
1381 1586 1578 1650 gratias
1614 1598 1792 1650 agere,

202 1674 432 1728 Domine
449 1684 655 1739 sancte,
688 1676 845 1728 Pater
893 1681 1464 1743 omnlpotens,a:t’erne
1505 1677 1682 1730 Deus:
1708 1674 1797 1744 qui

1891 506 2206 559 smculorum
2255 504 2387 558 ordo
2430 503 2749 565 decurritur,
2800 502 2984 571 adesto
3033 502 3462 557 invocationibus

1891 596 2109 659 nostris,
2141 606 2195 649 et
2226 595 2659 662 tranquillitatem
2687 592 2831 660 pacis
2856 594 3209 661 prresentibus
3228 594 3465 647 concedo

1892 684 2243 753 temporibus,
2273 695 2325 738 ut
2355 683 2408 736 in
2459 682 2702 735 laudibus
2746 681 3125 736 misericordia:
3155 690 3259 735 tua;
3290 680 3467 737 inces-

1890 776 2044 828 sabili
2074 775 2427 828 exsultatione
2464 773 2727 826 lzetemur.
2759 771 2878 823 Per.

1965 866 2137 930 Super
2165 862 2360 915 oblata.
2411 891 2480 900 —
2505 861 2644 913 Dens
2664 901 2678 923 ,
2710 862 2795 926 qui
2821 858 3097 913 credentes
3130 858 3179 912 in
3214 868 3266 913 te
3294 874 3465 928 pOptl-

1896 954 1974 1007 los
1999 954 2158 1006 nullis
2202 952 2331 1006 sinis
2359 950 2567 1004 concuti
2599 950 2914 1013 terroribus,
2949 949 3166 1016 dignare
3200 964 3387 1017 preces
3415 960 3471 1002 et

1895 1044 2107 1098 llustias
2128 1044 2317 1097 dicata:
2350 1042 2443 1095 tibi
2473 1041 2641 1106 plebis
2684 1043 2978 1109 suscipere,
3015 1051 3071 1095 ut
3101 1057 3197 1110 pax
3243 1053 3331 1095 tua
3357 1042 3467 1110 pie-

1896 1142 2003 1187 tate
2020 1147 2275 1187 conces~a
2304 1130 2725 1183 Christianorum
2764 1130 2895 1182 ﬁnes
2918 1130 2984 1183 ab
3022 1130 3167 1184 onmi
3206 1129 3361 1185 hoste
3390 1130 3470 1183 fa-

1891 1228 2002 1283 ciat
2029 1241 2148 1281 esse
2174 1239 2408 1280 securos.
2444 1223 2547 1277 Per
2576 1223 2880 1277 Dominum.

1966 1316 2046 1369 Ad
2077 1315 2467 1381 Complcndum.
2509 1342 2577 1353 —
2609 1312 2748 1366 Deus
2779 1322 2966 1364 auctor
2994 1313 3141 1379 pacis
3165 1321 3219 1366 et
3243 1322 3470 1374 amator,

1907 1422 2053 1477 quem
2091 1422 2244 1461 nosse
2270 1407 2478 1469 vivere,
2511 1404 2593 1457 cui
2620 1404 2821 1458 servire
2864 1417 3087 1471 regnare
3114 1412 3214 1468 est,
3250 1413 3471 1473 prutege

1898 1502 1965 1553 ab
1989 1497 2234 1551 omnibus
2265 1494 2756 1564 impugnationibus
2799 1493 3063 1560 supplices
3107 1504 3243 1559 tuos,
3276 1504 3334 1547 ut
3379 1496 3472 1563 qui

1900 1589 1952 1642 in
2000 1587 2308 1642 defetisione
2331 1596 2420 1640 tua
2462 1585 2693 1653 fidimus,
2738 1584 2934 1638 nullius
2976 1582 3279 1639 hostilitatis
3324 1599 3474 1641 arma

1901 1678 2199 1731 timeamus.
2234 1676 2352 1729 Per.

197 1767 476 1832 subjectus
527 1767 621 1845 tibi
661 1768 928 1835 gloriticas
976 1771 1549 1836 potestates,,suscipe,
1586 1783 1795 1836 qutesu-
1828 1795 1870 1853 Β
1970 1767 2105 1820 Alia.
2141 1795 2209 1804 -—-
2234 1765 2395 1828 Deus,
2425 1766 2510 1832 qui
2540 1765 2921 1817 misericordia:
2959 1772 3061 1817 tute
3111 1767 3345 1831 potentis
3374 1778 3474 1817 au-

200 1873 343 1919 inus,
377 1858 644 1925 protritius
673 1873 862 1926 preces
909 1870 1140 1922 nostras,
1168 1870 1226 1913 et
1267 1860 1407 1913 vites
1438 1860 1572 1912 adde
1602 1861 1796 1927 princi-

201 1954 363 2021 pibus
389 1956 619 2015 nostris,
652 1965 708 2007 ut
738 1956 825 2022 qui
852 1969 908 2006 se
930 1955 1150 2008 dextera
1180 1966 1265 2008 tua
1287 1964 1542 2022 expetunt
1566 1956 1794 2024 protegi.

201 2045 349 2098 nulla
391 2049 597 2113 possint
637 2045 962 2098 adversitate
999 2047 1270 2111 superari;
1316 2046 1527 2098 fidelem
1581 2059 1794 2113 quoque

204 2135 462 2203 populum
496 2143 642 2187 tuum
675 2136 925 2202 potentia:
947 2145 1048 2189 tua:
1071 2134 1272 2187 muniat
1312 2134 1508 2188 ίιιιὶειει
1529 2133 1792 2198 defensio,

205 2237 267 2277 ut
299 2226 385 2292 pio
414 2239 629 2291 sernper
659 2226 749 2279 tibi
771 2227 994 2279 devotus
1020 2226 1233 2291 affectu,
1258 2235 1312 2278 et
1336 2226 1404 2277 ab
1427 2224 1635 2278 infestis
1658 2225 1795 2277 libe-

208 2327 359 2368 retur
391 2317 661 2382 inimicis,
704 2328 758 2372 et
784 2318 836 2371 in
877 2325 964 2370 tua
1001 2318 1199 2387 jugiicr
1242 2317 1415 2381 gratia
1458 2324 1792 2383 perseveret.

212 2408 313 2459 Per
338 2408 635 2462 Christum.

283 2500 362 2550 Ad
393 2498 788 2569 Comptendum.
821 2528 891 2539 —
917 2500 1157 2554 Viviiicet
1188 2515 1308 2565 nos,
1332 2515 1660 2570 quaesumus,
1694 2501 1796 2555 Do-

212 2592 377 2649 mine.
411 2591 749 2657 Darticipatio
775 2593 848 2645 tui
875 2602 1058 2646 sancta
1092 2592 1354 2663 mysterii,
1387 2603 1440 2646 et
1471 2595 1669 2662 pariter
1701 2610 1796 2648 nn-

214 2682 299 2735 bis
324 2685 691 2752 expiationem
720 2686 917 2738 tribuat
959 2694 1013 2739 et
1057 2686 1352 2739 munimen.
1386 2685 1489 2739 Per
1516 2686 1797 2740 Dotninum

215 2784 484 2829 tiostrum.
902 2776 907 2780 ’

761 2863 893 2919 Item
927 2867 1032 2919 alia
1072 2864 1258 2919 Missa.

290 2956 450 3022 Deus,
476 2957 569 3026 qui
595 2958 926 3026 providentia
959 2970 1043 3010 tua
1066 2959 1306 3013 caelestia
1331 2957 1487 3011 simul
1509 2968 1561 3012 et
1591 2970 1798 3013 terrena

216 3048 546 3112 moderatis,
579 3049 868 3117 propitiare
896 3047 1317 3102 Christianorum
1362 3050 1522 3103 rebus
1567 3058 1622 3103 et
1662 3050 1801 3118 regi-

218 3142 345 3201 bus,
378 3150 431 3191 ut
477 3141 652 3193 omnis
697 3140 927 3193 hostium
961 3142 1235 3207 fortitudo,
1264 3153 1315 3197 te
1346 3158 1442 3211 pro
1470 3145 1623 3198 nobis
1670 3159 1795 3212 pro-
1829 3170 1869 3227 ρ

212 3241 508 3294 pugnante,
537 3228 831 3298 inungatur.
867 3231 967 3284 Per
991 3232 1297 3286 Dominum.

289 3320 429 3372 Alia.
452 3347 520 3358 —-
542 3320 703 3386 Deus,
725 3323 1069 3375 servientium
1091 3324 1181 3377 tibi
1208 3323 1461 3377 fortitudo
1486 3339 1797 3392 regnorum,

212 3413 484 3477 propitius
521 3411 940 3465 Christianorum
983 3414 1169 3466 adesto
1198 3429 1411 3482 semper
1454 3414 1799 3483 principibus,

214 3512 281 3553 ut
307 3518 532 3570 quorum
568 3505 660 3557 tibi
691 3504 928 3572 subjecta
958 3518 1039 3559 est
1070 3508 1364 3572 humilitas,
1388 3523 1572 3560 eorum
1599 3511 1797 3577 ubique

212 3594 566 3645 esceilentior
593 3593 662 3646 sit
692 3605 945 3661 putestas.
974 3596 1091 3649 Per.

290 3684 462 3748 Super
489 3685 681 3736 oblata.
710 3712 781 3722 --
806 3686 1096 3754 l'ropitiare
1116 3725 1132 3752 ,
1182 3687 1403 3742 Domine
1425 3729 1439 3754 ,
1471 3686 1718 3755 precibus
1747 3699 1801 3743 et

214 3774 423 3827 llustiis
462 3773 785 3829 fauiulorum
821 3786 1048 3841 tuorum,
1084 3793 1137 3833 et
1166 3794 1385 3848 propter
1431 3796 1623 3834 nnincn
1657 3792 1801 3834 tuum

212 3866 510 3919 Christiani
533 3869 764 3921 nominis
785 3868 1009 3940 defende
1036 3880 1294 3936 rectores,
1329 3881 1387 3925 ut
1406 3876 1550 3943 salus
1567 3876 1806 3929 servien-

212 3969 353 4010 tinm
388 3961 479 4012 tibi
509 3961 814 4028 principum
858 3978 960 4031 pax
989 3970 1198 4017 tuorum
1245 3968 1410 4033 possit
1436 3981 1553 4021 esse
1580 3971 1803 4036 pupulu-

292 4138 565 4207 Prcfatio.
608 4169 681 4182 —
715 4142 849 4198 Vere
875 4144 1092 4213 dignum
1135 4157 1189 4201 et
1214 4147 1411 4215 justum
1457 4157 1560 4215 est,
1591 4162 1799 4217 :equum

208 4242 272 4285 et
304 4233 567 4295 salutare,
601 4246 701 4286 nos
726 4233 818 4286 tibi
848 4250 1062 4304 seraper
1082 4248 1136 4289 et
1167 4240 1360 4305 ubique
1384 4240 1584 4303 gratias
1622 4254 1793 4307 agere,

215 4325 447 4376 Domine
491 4333 708 4383 sancte.
760 4334 914 4378 I'ater
960 4342 1330 4394 ummporens,
1384 4336 1584 4382 :etcrne
1617 4329 1797 4382 Deus:

212 4418 322 4469 sub
338 4416 488 4485 cujus
515 4419 795 4486 potestatis
817 4419 1037 4473 arbitrio
1058 4437 1294 4475 omnium
1323 4439 1604 4493 regnorum
1629 4436 1802 4487 conti-

1900 1859 2047 1922 xilio,
2096 1867 2150 1911 et
2194 1872 2443 1925 prospera
2474 1856 2695 1920 tribuis,
2726 1864 2781 1909 et
2812 1856 3032 1909 adversa
3083 1857 3322 1924 depellis,
3354 1858 3474 1911 uni-

1899 1963 2051 2001 versa
2076 1948 2344 2001 obstacula
2372 1964 2488 2015 quae
2509 1949 2677 2001 servis
2711 1948 2812 2002 tuis
2833 1948 3183 2002 adversantur
3207 1964 3474 2018 expugna,

1901 2051 1976 2098 ut,
2011 2047 2218 2092 remoto
2264 2048 2469 2092 terrore
2503 2039 2798 2103 bellorum,
2830 2048 2884 2093 et
2932 2040 3148 2094 libertas
3177 2054 3385 2105 secura,
3422 2048 3477 2095 et

1902 2130 2087 2198 religio
2115 2129 2184 2183 sit
2209 2130 2408 2198 quieta.
2445 2129 2564 2182 Per.

2192 2224 2353 2278 Missa
2392 2241 2484 2292 pro
2513 2240 2809 2293 quacunque
2847 2223 3190 2277 tribulatione.

1973 2316 2112 2369 Deus
2140 2313 2359 2368 inllnitm
2388 2315 2792 2378 misericordem,
2820 2322 2874 2368 et
2904 2314 3152 2367 bonitatis
3178 2314 3477 2380 immensa,

1903 2408 2189 2475 propitiare
2216 2407 2579 2475 iniquitatibus
2632 2408 2848 2469 nostris,
2897 2415 2953 2461 et
2980 2407 3226 2459 omnibus
3267 2408 3477 2460 anima-

1903 2515 2018 2552 rum
2048 2508 2345 2553 nostrarum
2379 2499 2596 2553 medere
2625 2497 2990 2567 languoribus,
3025 2508 3099 2563 ut,
3136 2512 3476 2565 peccatorum

1906 2600 2209 2645 nostrorum
2233 2592 2551 2645 remissione
2577 2602 2847 2660 percepta,
2880 2606 3092 2659 semper
3116 2591 3167 2644 in
3196 2600 3284 2645 tua
3316 2591 3480 2645 bene-

1904 2681 2138 2735 dictione
2160 2680 2418 2735 laetemur.
2446 2681 2565 2734 Per.

1980 2775 2147 2845 Super
2174 2774 2364 2830 oblata.
2394 2805 2461 2815 —-
2489 2775 2663 2829 Tuerc
2686 2789 2781 2829 nos
2802 2816 2816 2841 ,
2850 2776 3073 2829 Domine
3092 2819 3107 2844 ,
3140 2775 3334 2829 divinis
3358 2789 3480 2843 pro-

1908 2865 2067 2931 pitius
2096 2867 2479 2931 sacramentis,
2529 2875 2611 2933 et,
2653 2877 2709 2921 ut
2742 2868 2823 2921 his
2860 2881 3093 2934 congrue
3138 2866 3480 2931 famulemur,

1906 2974 2090 3011 corum
2115 2971 2311 3025 prteSta
2343 2967 2587 3027 potenter
2616 2962 2828 3011 eli'ectu.
2863 2958 2963 3011 Per
2984 2959 3253 3011 eumdem.

1976 3045 2290 3100 Benedictio.
2318 3078 2387 3087 ——
2418 3048 2581 3113 Deus,
2614 3058 2925 3101 mmstomm
2954 3047 3224 3111 solatium,
3259 3044 3481 3100 tribula-

1906 3148 2084 3193 torutu
2113 3138 2411 3209 refugium,
2443 3154 2541 3193 suo
2568 3153 2663 3193 vos
2692 3138 2914 3192 brachio
2956 3139 3148 3200 foveat,
3191 3149 3244 3190 et
3287 3140 3355 3191 ab
3382 3139 3483 3191 im-

1909 3229 2231 3283 minentibus
2256 3228 2502 3298 periculis
2525 3229 2718 3281 il':rsos
2744 3230 3022 3281 miseratus
3042 3229 3259 3282 efliciat.
3286 3229 3475 3281 Amen.

1908 3318 2150 3371 Dextera:
2195 3332 2305 3370 sum
2354 3332 2447 3371 vos
2494 3319 2874 3385 omnipotentis
2915 3319 3105 3388 clypeo
3153 3320 3377 3383 muniat,
3424 3327 3481 3371 et

1906 3424 2058 3461 muro
2104 3423 2215 3461 suae
2248 3408 2647 3478 inexpugnabili
2683 3410 3005 3462 fortitudinis
3036 3409 3102 3461 ab
3141 3408 3356 3461 instanti
3389 3409 3482 3460 tri-

1909 3497 2175 3552 bulatione
2205 3500 2569 3568 circutntegat.
2602 3500 2795 3553 Amen.
2841 3501 2973 3553 lram
3006 3513 3115 3551 sum
3152 3497 3481 3552 animadver-

1906 3587 2072 3641 sionis
2103 3603 2131 3640 a
2164 3590 2313 3641 vobis
2349 3590 2666 3658 propitiatus
2695 3600 2930 3655 avertat,
2964 3599 3036 3653 et,
3087 3598 3297 3658 portum
3330 3588 3483 3642 vobis

1909 3678 2095 3731 Salutis
2125 3678 2427 3748 indulgens,
2459 3682 2511 3734 in
2544 3680 2655 3735 sua:
2681 3695 2775 3734 vos
2819 3680 3163 3748 protectionis
3211 3680 3483 3734 interritos

1909 3772 2191 3824 securitate
2218 3772 2523 3826 constituat.
2553 3774 2744 3827 Amen.
2774 3773 2927 3838 Quod
2958 3772 3070 3837 ipse
3097 3780 3371 3839 praestare.

1978 3861 2059 3914 Ad
2080 3860 2471 3931 Complemlum.
2503 3895 2571 3907 —
2599 3864 2817 3927 Muniat,
2848 3876 3183 3933 quiesumus,
3218 3864 3440 3916 Domine
3463 3901 3481 3925 ,

1912 3953 2091 4008 fideles
2122 3964 2246 4009 tuos
2279 3957 2473 4022 sumpti
2505 3956 2795 4008 vivificatio
2823 3955 3169 4016 sacramenti,
3205 3964 3253 4006 el
3282 3968 3314 4006 a
3339 3951 3482 4006 vitiis

1911 4044 2159 4097 omnibus
2204 4044 2481 4111 expeditos
2512 4046 2563 4098 in
2618 4052 2801 4099 sancta
2852 4045 3013 4098 faciat
3042 4060 3161 4098 esse
3200 4041 3487 4096 devotione

1909 4144 2208 4190 currentes.
2245 4135 2362 4189 Per.

2450 4232 2579 4287 Item
2618 4235 2722 4288 alia
2756 4233 2938 4288 Missa.

1981 4336 2143 4398 Deus,
2178 4335 2275 4388 sub
2303 4333 2457 4403 cujus
2492 4335 2660 4387 oculis
2690 4350 2846 4386 omne
2875 4348 2968 4386 cor
2999 4332 3253 4400 trepidat,
3282 4342 3337 4385 et
3365 4348 3484 4385 ont-

1909 4443 2003 4482 nes
2033 4425 2377 4480 conscientia:
2403 4432 2720 4493 pavescunt,
2757 4423 3046 4493 pr0pitiare
3069 4424 3311 4475 omnium
3346 4422 3490 4475 dolo-

217 4519 376 4558 netur
412 4516 671 4575 potestas,
700 4518 749 4560 te
775 4508 1045 4563 humiliter
1068 4510 1436 4580 deprecamur,
1461 4526 1519 4571 ut
1548 4522 1799 4591 principi-
1837 4534 1882 4589 ο
1911 4521 2060 4574 ribus
2080 4520 2438 4590 gementium,
2486 4527 2540 4571 et
2559 4529 2871 4572 cunctorum
2907 4520 3124 4570 medere
3153 4517 3487 4580 vulneribus,

216 4604 321 4654 bus
349 4602 544 4655 nostris
574 4603 835 4670 propitius
865 4605 1051 4658 adess‘e
1090 4607 1346 4675 digneris,
1380 4618 1434 4661 ut
1479 4615 1565 4679 qui
1599 4625 1684 4667 tua
1715 4630 1810 4671 ex-

215 4704 408 4759 petunt
447 4700 781 4762 protectione
832 4696 1075 4763 defendi,
1130 4701 1374 4755 omnibus
1416 4705 1522 4757 sint
1568 4707 1807 4763 hostibus

215 4786 488 4838 fortiores.
539 4785 641 4840 Per
663 4787 953 4841 Christum.

292 4876 371 4926 Ad
422 4875 817 4944 Complendum.
864 4908 935 4920 ——
967 4879 1225 4951 Protege,
1279 4883 1523 4950 Domine,
1578 4884 1803 4942 famulo;

214 4976 344 5018 tuos
366 4967 620 5021 ευδςίόιιε
653 4974 797 5035 pacis
827 4981 879 5023 et
901 4972 1164 5037 corporis,
1207 4983 1261 5027 et
1288 4977 1649 5039 spiritualibus
1675 4995 1805 5032 euu-

214 5059 391 5110 triens
405 5072 501 5111 eos
521 5060 818 5127 alimentis,
842 5076 870 5113 a
895 5065 1102 5117 cunctis
1124 5066 1360 5120 hostibus
1384 5070 1546 5122 redde
1565 5084 1804 5125 securos.

217 5152 345 5204 l‘er.

797 5245 958 5301 Missa
988 5262 1080 5315 pro
1100 5266 1241 5318 pace.

299 5333 464 5399 Deus,
492 5349 524 5388 a
570 5351 681 5405 quo
720 5349 904 5393 sancta
949 5341 1238 5408 desideria,
1293 5354 1438 5397 recta
1485 5345 1727 5415 consilia,
1756 5354 1812 5401 et

214 5429 364 5494 justa
416 5440 539 5483 sunt
564 5446 754 5499 opera,
784 5434 946 5504 206
980 5433 1049 5488 da
1095 5439 1264 5489 servis
1295 5439 1401 5491 tuis
1429 5436 1599 5504 illam,
1649 5454 1806 5507 quam

219 5521 458 5575 mundus
488 5538 595 5576 non
627 5534 804 5592 potest
831 5525 962 5581 dare
1007 5540 1190 5595 pacem
1209 5568 1226 5592 ,
1255 5539 1313 5582 ut
1342 5540 1395 5583 et
1423 5530 1585 5584 corda
1628 5540 1809 5585 nostra

222 5613 499 5667 mandatis
527 5615 633 5670 tuis
656 5614 859 5682 dedita,
900 5623 957 5671 et
992 5617 1222 5672 hostium
1253 5620 1457 5673 sublata
1492 5621 1809 5688 formidine,

221 5715 472 5771 tempora
502 5705 608 5757 sint
643 5712 728 5758 tua
760 5707 1093 5775 protectione
1122 5712 1425 5779 tranquilla.
1466 5710 1586 5764 Per.
1625 5740 1661 5763 ι.

1917 4623 1973 4665 ιιι
1998 4616 2135 4665 sicut
2166 4626 2322 4665 nemo
2352 4620 2591 4663 nostrum
2626 4609 2762 4663 liber
2802 4624 2833 4663 a
2876 4610 3028 4677 t'ulpa
3078 4618 3187 4672 est,
3232 4608 3299 4661 ita
3334 4623 3490 4660 nemo

1914 4704 1983 4757 sit
2014 4705 2216 4757 alienus
2243 4718 2273 4754 ιι
2297 4704 2470 4756 venia.
2506 4703 2626 4754 Per.

1984 4796 2139 4864 207
2182 4793 2317 4847 Alia.
2359 4824 2413 4833 -—
2445 4795 2799 4862 Umnipotens
2842 4795 3169 4862 sempiterni:
3204 4793 3372 4857 Deus,
3401 4792 3491 4859 qui

1910 4888 2102 4939 timore
2137 4885 2374 4951 sentiris,
2408 4886 2689 4939 dilectione
2719 4886 2934 4950 (tuleris,
2958 4885 3292 4937 confeSsione
3321 4887 3371 4952 pl
3392 4900 3493 4936 uca-

1913 4977 2018 5037 ris.
2052 4976 2472 5030 misericordiam
2501 4987 2642 5029 tuam
2677 4976 2889 5028 aliunde
2918 4974 3247 5042 supplicibus
3270 5015 3284 5038 ,
3316 4984 3374 5027 ut
3402 4973 3493 5041 qui

1915 5066 1981 5120 de
2000 5068 2307 5121 meritorum
2328 5068 2579 5135 qualitate
2600 5066 2908 5130 diffidimus,
2929 5082 3031 5119 non
3046 5066 3300 5135 judicium
3321 5073 3491 5131 tuutn,

1916 5156 2006 5210 sed
2034 5156 2413 5222 indulgentiam
2445 5157 2756 5210 sentiamus.
2795 5154 2917 5209 Per.

1989 5247 2156 5316 Super
2204 5248 2394 5300 oblata.
2449 5277 2519 5287 —-
2564 5248 2813 5315 Suscipe,
2867 5247 3119 5313 Domine,
3182 5249 3493 5316 propitiatus

1916 5339 2127 5393 Hostias
2152 5339 2342 5408 quibus
2364 5349 2418 5392 et
2446 5348 2496 5393 te
2529 5340 2727 5407 placari
2753 5341 2985 5404 voluisti,
3014 5350 3069 5395 et
3090 5339 3240 5395 nobis
3265 5342 3491 5396 salutent

1919 5434 2169 5502 patientia
2203 5432 2412 5501 pietatis
2443 5443 2546 5486 tua:
2575 5432 2802 5486 restitui.
2837 5433 2957 5487 Per.
3174 5469 3189 5477 .
3436 5434 3439 5439 “

1987 5526 2065 5579 Ad
2091 5524 2478 5592 Complendum.
2508 5553 2580 5564 —
2613 5527 2757 5589 Quos
2789 5541 3007 5581 munere
3042 5525 3245 5582 ccelcsti
3287 5527 3479 5593 reficis.

1919 5618 2159 5685 Domine,
2185 5619 2363 5673 divino
2393 5627 2541 5674 tuere
2564 5617 2832 5687 praesidio,
2850 5627 2926 5685 ut,
2952 5621 3056 5674 tuis
3084 5621 3354 5693 mysteriis
3376 5635 3491 5692 pcr-
3538 5680 3543 5685 η

1922 5709 2180 5779 fruentes,
2215 5710 2373 5765 nullis
2403 5711 2695 5766 subdamur
2725 5709 2984 5766 adversis.
3016 5713 3137 5767 Per.
