3988 6294
559 282 650 333 107

1089 386 1216 439 Ιιευι
1256 384 1356 435 alia
1401 383 1575 434 Missa.

620 484 758 536 Deus
787 479 1056 534 humilium
1095 475 1398 530 consolator
1419 517 1431 537 ,
1475 482 1526 527 ct
1560 473 1787 529 fidelium
1820 473 2075 528 fortitudo
2104 516 2116 539 ,

549 573 804 643 propitius
827 585 857 623 e
888 577 938 621 to
968 564 1310 633 supplicibus,
1340 574 1391 617 et
1412 563 1477 616 da
1502 572 1557 616 ut
1588 563 1815 633 humana
1841 566 2116 634 fragilitas,

547 682 661 734 qua:
694 680 785 733 per
817 677 873 715 se
904 659 1149 729 proclivis
1183 657 1349 711 estad
1382 655 1573 721 labem,
1608 673 1698 725 per
1726 666 1776 711 te
1798 672 2009 726 semper
2031 675 2117 713 rc-

544 766 758 827 paretur
784 754 847 807 ad
877 751 1103 804 veniam.
1142 750 1257 802 Per.

609 846 748 899 Alia.
781 841 1129 907 —Susc|pe,
1179 841 1482 892 misericors
1532 838 1771 898 Domine.
1821 839 2113 908 supplicum

540 951 747 1006 preces,
797 945 851 988 et
897 932 1187 986 secundum
1231 928 1624 982 nmltitudinem
1670 929 2113 997 indu'gentiarum

540 1039 747 1082 tuarum
779 1026 847 1079 ab
875 1024 1126 1079 omnian
1161 1038 1257 1076 nos
1285 1023 1501 1076 absolve
1530 1022 1781 1090 peccatis,
1817 1030 1875 1075 ut
1903 1022 1969 1075 ad
1996 1038 2118 1075 om-

537 1120 623 1172 nia
656 1117 870 1187 pietatis
897 1130 1057 1183 opera
1081 1154 1094 1178 ,
1129 1122 1182 1168 te
1208 1119 1427 1182 parcent
1447 1130 1477 1173 -,
1520 1126 1863 1179 reparemur;
1895 1122 1949 1165 et
1982 1126 2115 1180 quos

538 1210 687 1263 venia
720 1208 906 1263 feceris
930 1207 1264 1268 innocentes,
1292 1204 1488 1256 auxilio
1514 1202 1672 1255 facias
1700 1202 1965 1257 efficaces.

608 1300 778 1367 Super
800 1296 991 1350 oblata.
1020 1324 1088 1334 —-
1120 1295 1240 1348 llmc
1270 1292 1473 1358 Hostia,
1510 1291 1753 1356 Domine,
1785 1308 2108 1360 qumsumus,

534 1390 677 1444 etab
706 1389 927 1443 occultis
955 1385 1249 1440 Ecclesiani
1284 1394 1423 1438 tuam
1457 1385 1691 1439 reatibus
1717 1400 1928 1453 semper
1947 1400 2112 1453 expe-

535 1483 665 1547 diat,
699 1491 753 1535 et
780 1479 1074 1533 nanifestis
1101 1478 1484 1531 convenienter
1507 1488 1789 1546 expurget.
1821 1480 1940 1530 Per.

606 1576 684 1627 Ad
714 1572 1102 1641 Complendum.
1133 1598 1205 1611 —
1242 1569 1532 1623 Purificent
1579 1582 1696 1632 nos,
1748 1567 1990 1634 Domine,
2023 1584 2103 1624 sa-

535 1673 804 1719 cramenta
831 1678 949 1733 quae
978 1664 1323 1733 sumpsimus,
1355 1672 1408 1717 et
1437 1676 1467 1715 a
1506 1662 1711 1717 cunctis
1753 1661 1987 1716 efficiant
2031 1664 2111 1717 vi-

536 1758 621 1811 tiis
646 1757 936 1812 absolutos.
962 1755 1081 1811 Per.

1083 1843 1209 1898 Item
1240 1845 1341 1896 alia
1373 1843 1552 1897 Missa.

601 1939 919 2005 Quaesumus
939 1935 1272 2003 clementiam
1304 1945 1470 1998 tuam,
1498 1935 1838 2004 omnipotens
1864 1938 2023 2002 Deus,
2054 1948 2112 1993 ut

534 2030 618 2083 ubi
663 2029 804 2084 nulla
850 2028 1040 2081 ﬁducia
1067 2027 1305 2095 suppetit
1343 2025 1644 2091 actionum,
1687 2030 1853 2096 gratia
1885 2037 1972 2084 tua
2014 2046 2108 2085 co.

530 2121 678 2189 piosa
697 2117 1052 2186 resplendeat,
1081 2125 1269 2170 etcum
1291 2114 1486 2168 delicta
1520 2118 1741 2169 remittit
1770 2118 2019 2188 indignis,
2056 2130 2109 2174 et

528 2225 648 2263 cum
692 2207 946 2264 beneficia
979 2214 1196 2274 praestat
1225 2206 1523 2260 immeritis.
1560 2206 1660 2259 Per
1690 2207 2000 2265 Dominum.

599 2302 739 2356 Alia.
793 2330 864 2341 --
915 2300 1214 2354 Misericors
1262 2310 1317 2353 et
1373 2299 1656 2353 miserator
1704 2300 1963 2365 Domine,
2019 2304 2106 2368 qui

529 2410 626 2447 nos
666 2391 933 2461 parcendo
976 2398 1283 2451 sustentas,
1330 2398 1381 2442 et
1418 2389 1742 2458 ignoscendo
1784 2391 2109 2456 sanctificas,

528 2487 664 2537 dona
696 2481 903 2538 veniam
942 2480 1174 2549 peccatis
1196 2481 1417 2543 nostris,
1467 2488 1522 2531 et
1559 2479 1910 2535 sacramentis
1948 2482 2130 2535 coal-ay

528 2578 696 2631 stibus
725 2576 1017 2629 servientes
1047 2574 1113 2628 ab
1143 2574 1286 2627 omni
1307 2572 1461 2640 culpa
1485 2572 1680 2627 liberos
1705 2588 1823 2629 esse
1842 2577 2095 2632 concede.

528 2669 628 2725 Per
658 2667 959 2721 Dominum.

598 2758 767 2827 Super
794 2756 981 2810 oblata.
1014 2785 1083 2797 —
1117 2756 1325 2809 Hostias
1356 2755 1472 2820 tibi,
1510 2756 1765 2822 Domine,
1794 2758 2105 2825 placationis

529 2850 823 2913 offerimus,
854 2857 909 2901 ut
929 2856 984 2902 et
1010 2847 1203 2902 delicta
1232 2854 1412 2899 nostra
1443 2846 1724 2900 miseratus
1750 2849 2021 2915 absolvas,
2051 2858 2107 2903 et

529 2941 764 2995 nutantia
788 2940 949 2992 corda
978 2946 1030 2990 tu
1060 2938 1279 3004 dirigas.
1315 2939 1414 2990 Per
1444 2938 1747 2991 Dominum.

602 3030 677 3083 Ad
706 3027 1095 3098 Complcndum.
1137 3056 1203 3066 -—-
1234 3028 1512 3097 Supplices
1545 3040 1594 3083 te
1622 3045 1894 3097 rogamus,
1921 3035 2102 3084 omni-

1745 275 1981 329 SANCTI
2022 276 2343 332 GREGURH
2381 280 2593 334 MAGNI

2151 388 2196 443 Α
2229 387 2293 438 tia
2323 387 2479 442 faciat
2507 392 2711 443 veniam
2746 396 3057 459 promereri.
3095 394 3195 449 Per
3229 395 3505 450 Dominum
3532 409 3805 453 n05trum.

3697 291 3807 344 208

2293 481 2427 532 Alia.
2459 512 2526 519 —
2554 482 2690 537 Deus
2710 525 2724 548 ,
2754 483 2905 551 cujus
2937 494 3079 539 tanta
3108 495 3190 541 est
3213 489 3526 543 excellentia
3560 491 3805 555 pietatis,

2222 579 2296 631 ut,
2316 585 2419 624 uno
2443 582 2722 640 peccatore
2739 589 3022 641 converso,
3051 579 3341 632 maximum
3358 580 3607 646 gaudium
3632 582 3798 634 Facias

2219 660 2271 712 in
2299 660 2448 715 caelis
2475 662 2679 727 haberi,
2712 666 2915 732 respice
2936 667 2986 718 in
3006 666 3161 737 exigu
3181 683 3252 721 tm
3281 669 3460 736 populi
3478 670 3806 738 portionem,

2221 761 2296 816 nt,
2326 752 2471 807 omni
2500 752 2724 822 depulsa
2753 757 3057 820 vexatione,
3105 759 3394 813 haareditas
3423 769 3509 812 tua
3540 770 3594 813 et
3618 777 3807 815 nume-

2218 857 2280 894 ro
2323 852 2597 912 augeatur,
2631 852 2686 899 et
2726 846 3009 902 dev0tione
3062 848 3323 917 proficiat.
3376 850 3477 905 Per
3522 850 3803 903 Dominum

2220 944 2480 985 HOSll'llﬂl.

2291 1019 2456 1090 Super
2482 1023 2672 1077 oblata.
2695 1024 3031 1096 -Protegat
3056 1041 3175 1093 nos,
3201 1029 3800 1097 Domine,'quaesmnus,

2220 1111 2403 1165 HoStia
2431 1114 2678 1169 salutaris
2699 1156 2713 1178 ,
2745 1125 2800 1170 et
2828 1132 2947 1185 qua:
2972 1117 3037 1172 ad
3068 1119 3322 1173 honorem
3349 1123 3582 1177 nominis
3607 1128 3677 1179 tui
3701 1128 3805 1180 im-

2218 1200 2469 1267 molatur,
2499 1204 2651 1258 nobis
2684 1207 2854 1275 prosit
2882 1207 2947 1260 ad
2969 1210 3203 1262 veniam.
3238 1212 3352 1265 Per.

2289 1291 2369 1342 Ad
2422 1291 2813 1359 Comptendum.
2865 1325 2937 1336 —
2972 1296 3165 1353 Sancta
3195 1308 3285 1352 tua
3310 1344 3326 1367 ,
3358 1315 3491 1368 nos,
3544 1302 3799 1368 Domine,

2216 1390 2423 1449 sumpta
2454 1383 2740 1449 vivificeut,
2772 1395 2825 1439 et
2857 1386 3235 1443 misericordia:
3276 1394 3618 1460 sempiternae
3667 1410 3804 1464 prai-

2222 1484 2408 1540 parent
2435 1477 2695 1544 expiatos.
2726 1478 2828 1532 Per
2853 1480 3155 1534 Dominum.

2769 1571 2795 1623 I
2806 1582 2901 1624 lem
2928 1574 3032 1625 alia
3062 1573 3240 1629 Missa.

2292 1656 2513 1723 Exaudi,
2551 1659 2790 1727 Domine,
2820 1676 3143 1731 qua-sumus,
3171 1665 3418 1732 populum
3448 1675 3595 1722 tuum
3624 1670 3691 1725 de
3714 1680 3798 1725 tua

2143 1742 2193 1802 B
2221 1748 2587 1803 misericordia
2617 1753 2875 1806 malorum
2906 1768 3123 1807 suorum
3149 1757 3352 1809 veniam
3377 1759 3796 1827 supplicantem,

2218 1847 2272 1892 et
2301 1841 2421 1907 quia
2453 1850 2642 1907 potens
2687 1857 2745 1897 es
2771 1841 3042 1899 dimittere
3092 1854 3305 1910 peccata
3326 1886 3342 1911 ,
3376 1850 3637 1917 supplicia
3682 1867 3797 1917 qua:

2219 1931 2414 1983 nostris
2439 1945 2704 1990 meremur
2716 1931 2965 2005 operibus
2985 1935 3219 2001 potentia
3238 1943 3340 1990 tua:
3360 1937 3571 2006 pietatis
3592 1951 3796 1997 averte.

2222 2020 2357 2077 Per.

2285 2115 2417 2167 Alia.
2452 2144 2519 2153 —
2540 2117 2675 2169 iram
2708 2126 2878 2182 tuam,
2909 2133 3233 2187 qumsumus,
3259 2119 3509 2185 Domine,
3542 2135 3570 2174 a
3601 2124 3799 2191 populo

2216 2214 2304 2257 tuo
2334 2206 2616 2261 miseratus
2642 2219 2848 2279 averte,
2875 2225 3031 2279 quam
3062 2211 3256 2264 nostris
3280 2211 3495 2280 quidem
3519 2228 3785 2268 meremur

2212 2296 2484 2364 operibus,
2537 2301 2629 2354 sed
2663 2300 2889 2354 humana
2935 2300 3084 2367 fragil
3110 2310 3217 2356 tate
3249 2304 3513 2359 sustinere
3542 2320 3648 2359 non
3680 2324 3798 2373 pos-

2212 2402 2416 2452 sumus,
2451 2390 2535 2441 illa
2583 2406 2679 2445 nos
2722 2393 2896 2459 itaque
2927 2391 3141 2446 contine
3188 2396 3405 2461 pietate,
3438 2410 3600 2463 quam
3647 2413 3780 2465 prae-

2212 2487 2355 2531 stare
2382 2481 2526 2533 soles
2554 2479 2810 2549 indignis.
2843 2481 2962 2535 l’er.

2284 2567 2454 2637 Super
2483 2570 2675 2624 oblata.
2706 2600 2776 2609 —
2804 2570 3050 2627 Concede
3081 2573 3253 2638 nobis,
3289 2575 3533 2639 Domine,
3579 2592 3728 2645 quires
3750 2598 3792 2630 i-

2216 2674 2359 2727 mus,
2405 2670 2459 2713 ut
2491 2663 2602 2716 lucc
2631 2663 2809 2716 Hostia
2839 2664 3107 2730 salutaris,
3138 2674 3512 2720 etnosuorum
3548 2668 3641 2721 fiat
3673 2686 3795 2733 ptir-

2220 2752 2362 2821 gatio
2394 2762 2749 2819 peccatorum,
2786 2763 2840 2807 et
2877 2764 2977 2809 tute
3006 2757 3307 2824 propitiatio
3336 2760 3636 2827 potestatis.
3671 2761 3792 2815 Per.

2283 2848 2445 2916 209
2482 2848 2560 2899 Ad
2583 2846 2967 2919 Complendum.
2998 2883 3070 2893 —
3093 2851 3305 2906 Plebem
3331 2854 3533 2908 nomini
3562 2864 3654 2910 tuo
3686 2858 3797 2913 sub,

2211 2941 2375 2993 ditam
2396 2980 2411 3001 ,
2466 2939 2726 3006 Domine,
2773 2942 3034 3010 propitius
3065 2943 3178 2997 in'u
3199 2956 3272 2998 're
3293 2984 3308 3007 ,
3339 2954 3393 2997 et
3422 2945 3473 3000 ei
3505 2957 3625 2999 tuas
3672 2962 3793 3001 con-

2212 3032 2503 3085 solationes
2545 3032 2742 3100 iugiter
2789 3047 2883 3101 per
2916 3035 3193 3089 ctelestem
3243 3034 3465 3105 gratiam
3515 3037 3799 3108 dignanter

529 3131 715 3189 potens
758 3121 922 3182 Deus,
968 3130 1021 3172 ut
1052 3134 1185 3187 quos
1231 3119 1332 3171 tuis
1362 3120 1539 3173 reficis
1578 3122 1959 3187 sacramentis,
2011 3123 2103 3175 tibi
2134 3105 2179 3167 (ἶ
2210 3137 2454 3189 operare.
2487 3121 2590 3176 Per
2624 3123 2926 3177 Dominum.

531 3212 735 3278 placitis
759 3209 995 3265 moribus
1026 3210 1302 3276 dignanter
1336 3209 1609 3263 informes.
1654 3210 1755 3263 Per
1788 3211 2097 3265 Dominum.

743 3301 919 3355 Oratio
947 3310 1169 3369 tempore
1195 3298 1349 3370 (quod
1370 3300 1521 3368 absit)
1548 3300 1894 3355 mortalitatis.

602 3395 851 3451 Ecclesia:
866 3398 991 3458 tute,
1019 3407 1344 3463 quaesumus,
1377 3393 1715 3460 omnipotens
1744 3393 1904 3458 Deus,
1938 3393 2100 3463 placa-

508 3501 615 3544 .tus
646 3485 859 3542 intende
886 3492 1240 3548 conventum;
1274 3491 1327 3536 et
1366 3484 1731 3537 misericordia
1766 3492 1854 3536 tua
1881 3499 1979 3538 nos
2011 3500 2105 3552 pi-

531 3583 631 3635 tius
682 3593 841 3648 quam
896 3577 971 3629 ira
1004 3576 1313 3644 praeveniat,
1346 3576 1465 3643 quia
1496 3574 1541 3627 si
1595 3575 1899 3644 iniquitates
1949 3577 2111 3646 203

532 3680 741 3725 nostras
787 3670 1074 3723 observare
1116 3662 1382 3735 volueris,
1438 3666 1581 3720 nulla
1626 3668 1819 3735 puterit
1867 3675 2108 3720 creatura

532 3766 858 3831 subsistere;
909 3764 999 3817 sed
1048 3762 1350 3816 admirabili
1399 3762 1614 3831 pietate,
1657 3777 1755 3827 qua
1789 3775 1889 3814 nos
1915 3761 2104 3829 fecisti,

534 3860 754 3929 ignosce
781 3854 1141 3924 peccantibus,
1187 3863 1243 3907 ut
1291 3867 1453 3922 opera
1480 3867 1727 3906 manuum
1762 3861 1968 3906 tuarum
2004 3867 2108 3906 non

531 3949 694 4003 facias
726 3947 960 4001 interire.
991 3945 1111 3999 l’er.

604 4042 739 4094 Atia.
782 4038 1108 4098 -—Exaudi,
1163 4038 1406 4100 Domine,
1452 4052 1638 4107 preces
1684 4046 1915 4102 nostras,
1961 4046 2104 4093 etne

534 4133 663 4186 velis
708 4146 827 4186 cum
857 4131 1025 4183 servis
1058 4128 1162 4182 tuis
1204 4130 1349 4182 adire
1373 4128 1666 4198 judicium,
1700 4128 1821 4197 quia
1870 4131 2006 4183 sicut
2055 4129 2109 4182 in

534 4225 686 4278 nobis
715 4224 858 4278 nulla
884 4221 1087 4292 iustitia
1120 4223 1402 4289 reperitur,
1438 4224 1505 4277 de
1542 4239 1641 4291 qua
1672 4237 1993 4291 prtesumere
2022 4238 2108 4274 va-

535 4319 768 4379 leamus,
803 4316 874 4368 ita
905 4324 957 4367 te
986 4314 1180 4368 fontem
1214 4314 1418 4382 pietatis
1465 4316 1800 4384 agnoscimus
1822 4358 1835 4380 ,
1864 4331 1892 4368 a
1923 4332 2028 4385 quo
2057 4324 2105 4369 et

528 4425 562 4460 ει
609 4406 841 4473 peccatis
876 4403 1072 4457 nostris
1102 4416 1199 4456 nos
1247 4404 1483 4469 absolvi,
1528 4420 1580 4458 et
1627 4421 1655 4457 a
1696 4406 2103 4460 necessitatibus.

529 4496 734 4548 liberari
766 4492 1106 4547 conﬁdimus.
1143 4491 1241 4545 Per
1275 4492 1576 4547 Dominum.

604 4584 772 4650 Super
794 4580 984 4634 oblata.
1017 4610 1087 4621 —
1110 4581 1209 4633 Per
1241 4582 1376 4648 haec,
1421 4598 1745 4650 qumsumus,
1774 4586 1969 4653 veniat,
2002 4587 2106 4640 Do-

537 4673 702 4738 mine,
734 4680 1065 4724 sacramenta
1095 4682 1289 4724 nostra:
1328 4673 1705 4741 redemptionis
1734 4674 1972 4740 effectus,
2018 4679 2104 4745 qui

532 4777 630 4816 nos
676 4771 730 4815 et
771 4761 838 4814 ab
871 4760 1111 4813 humanis
1158 4761 1395 4815 retrahat
1423 4776 1637 4828 semper
1666 4767 2004 4829 excessibus,
2054 4778 2107 4820 et

528 4851 595 4906 ad
625 4850 878 4905 salutaria
906 4857 1092 4902 cuncta
1121 4850 1387 4917 perducat.
1417 4850 1518 4903 Per
1547 4851 1822 4905 Dominum
1843 4865 2105 4909 nostrum.

602 4948 681 4999 Ad
708 4945 1093 5012 Complendum.
1125 4972 1191 4983 —
1228 4942 1391 5011 Hujus
1421 4945 1662 5011 operatio
1700 4961 1826 5010 nos,
1865 4946 2106 5009 Demine,

530 5038 870 5102 sacramenti,
921 5050 1244 5105 qmcsumus,
1297 5034 1536 5102 purificet
1560 5049 1774 5102 semper
1802 5036 2103 5090 etmuniat.

530 5128 650 5182 Per.

1068 5213 1201 5266 Item
1240 5216 1342 5266 alia
1385 5214 1565 5267 Missa.

600 5309 759 5372 Dens,
791 5306 944 5375 cujus
974 5307 1339 5375 misericordia
1372 5310 1667 5362 cmlestium
1697 5327 1909 5380 quoque
1940 5314 2105 5367 virtu-

528 5404 639 5447 tum
668 5398 904 5465 indigent
932 5404 1240 5464 potestates,
1274 5405 1328 5451 et
1361 5398 1412 5452 in
1446 5414 1597 5467 cuius
1615 5412 1904 5469 conspectu
1932 5405 2106 5458 nullus

527 5497 607 5539 est
638 5486 908 5540 hominum
934 5490 1131 5557 absque
1161 5488 1353 5554 Sorde,
1385 5498 1439 5544 et
1470 5505 1621 5559 pmna
1652 5496 1875 5561 peccati,
1911 5495 2091 5552 delicti

531 5575 726 5643 populi,
760 5592 1097 5643 qumsumus,
1144 5590 1325 5635 averte
1355 5583 1702 5652 propitiatus,
1736 5596 1790 5639 ut
1820 5603 1953 5655 quos
1988 5605 2105 5657 pro-

532 5667 663 5728 urire
689 5670 1022 5724 conscientia:
1053 5681 1224 5725 reatus
1254 5682 1469 5728 accusat
1490 5674 1743 5731 bonitatis
1773 5687 1875 5732 tuae
1895 5681 2100 5748 patien~

2780 3211 2906 3266 Item
2929 3214 3033 3266 alia
3059 3212 3239 3269 Missa.

2290 3302 2448 3368 Deus,
2480 3304 2567 3369 qui
2602 3318 2704 3356 non
2734 3316 2981 3367 mortem,
3010 3306 3105 3359 sed
3133 3306 3495 3371 imniteutiam
3514 3306 3791 3362 desideras

2214 3402 2582 3459 peccatorum,
2616 3395 2865 3464 populum
2896 3405 3067 3462 tuum,
3098 3412 3427 3466 quaesumus,
3461 3399 3526 3451 ad
3560 3409 3611 3451 te
3659 3414 3785 3453 cou-

2210 3491 2359 3536 verte
2389 3484 2648 3550 propitius
2671 3528 2683 3551 ,
2735 3494 2790 3537 ut
2820 3484 2945 3538 dum
2985 3486 3077 3540 tibi
3115 3487 3342 3541 devotus
3372 3487 3659 3553 exstiterit,
3693 3489 3796 3543 ira-

2213 3571 2419 3626 cundia:
2450 3582 2552 3627 tua:
2579 3574 2644 3626 ab
2677 3588 2741 3629 eo
2773 3575 2977 3644 ﬂagella
3014 3591 3288 3636 amoveas.
3321 3578 3443 3634 Per.

2284 3663 2520 3717 Atia.—
2547 3663 2808 3733 P0pulum
2854 3676 3038 3731 tuum,
3080 3683 3414 3736 quaasumus,
3459 3670 3797 3740 omnipotens

2215 3752 2388 3818 Deus,
2419 3753 2486 3806 ab
2516 3754 2591 3807 ira
2621 3764 2707 3808 tua
2739 3755 2805 3810 ad
2836 3766 2886 3811 te
2914 3758 3303 3826 Confugientem
3356 3772 3573 3828 paterna
3621 3766 3799 3833 recite

2216 3846 2446 3913 pietate,
2477 3856 2533 3901 ut
2562 3850 2649 3917 qui
2682 3859 2784 3902 tua:
2813 3850 3105 3920 Majestatis
3136 3853 3341 3921 ﬂagella
3390 3856 3701 3924 formidant,
3735 3862 3796 3913 de
3848 3884 3851 3893 π

2216 3956 2299 3999 tua
2331 3954 2639 4001 mereantur
2665 3948 2817 4001 venia
2851 3949 3123 4018 gratulari.
3158 3951 3280 4005 Per.

2284 4037 2453 4105 Super
2483 4038 2674 4090 oblata.
2710 4067 2779 4077 —
2806 4038 3101 4093 Subveniat
3132 4041 3307 4108 nobis,
3354 4042 3599 4107 Domine,
3650 4061 3797 4113 quie-

2209 4141 2415 4192 sumus,
2461 4125 2705 4181 sacrificii
2739 4128 3013 4195 praesentis
3043 4131 3308 4196 operatio,
3352 4147 3472 4200 quae
3503 4148 3599 4187 nos
3630 4144 3689 4187 et
3724 4136 3790 4186 ab

2213 4219 2485 4272 erroribus
2536 4218 2800 4272 universis
2846 4226 3091 4285 potenter
3139 4220 3403 4284 absolvat,
3457 4234 3511 4276 et
3558 4238 3590 4276 a
3638 4225 3797 4278 totius

2212 4308 2400 4374 eripiat
2433 4307 2747 4376 perditionis
2778 4310 3011 4362 incursu.
3044 4309 3143 4363 Per
3176 4311 3457 4365 Dominum

2288 4399 2366 4451 Ad
2402 4398 2796 4467 Complendum.
2828 4428 2898 4440 --
2920 4400 3094 4454 Tuere
3140 4416 3261 4466 nos,
3294 4402 3541 4465 Domine,
3586 4420 3792 4472 qumsu-

2137 4467 2189 4527 θ
2216 4506 2356 4553 mus,
2388 4501 2471 4543 tua
2496 4499 2679 4544 sancta
2707 4502 3003 4562 sumentes,
3034 4504 3087 4548 et
3116 4494 3181 4547 ab
3211 4495 3355 4548 omni
3399 4498 3656 4565 propitius
3703 4498 3795 4550 ini-

2213 4582 2414 4649 quitate
2439 4581 2681 4635 defende.
2709 4582 2824 4636 Per.

2284 4672 2419 4724 Atia.
2455 4671 2655 4725 Exaudi
2684 4687 2804 4733 uos,
2841 4674 3061 4729 Domine
3109 4676 3246 4729 Deus
3275 4686 3480 4743 uoster,
3513 4684 3583 4739 et,
3634 4677 3793 4730 inter-

2215 4763 2436 4818 cedente
2467 4765 2623 4819 beato
2652 4774 2891 4837 martyre
2926 4777 3013 4821 tuo
3043 4766 3161 4835 ιιι,
3199 4770 3449 4838 populum
3483 4780 3629 4824 tuum
3656 4780 3708 4825 et
3730 4772 3800 4822 ab

2216 4855 2501 4910 iracundia:
2529 4865 2633 4910 tua:
2663 4860 2954 4913 terroribus
2977 4860 3164 4926 libera,
3195 4870 3250 4913 et
3280 4861 3667 4915 misericordia:
3694 4873 3793 4915 tua:

2217 4950 2299 5002 tae
2326 4949 2567 5017 largitate
2596 4963 2864 5004 securum.
2902 4952 3002 5005 Per
3034 4953 3315 5006 Dominum
3346 4961 3609 5007 nostrum.
3870 4940 3875 4981 ί

2466 5040 2738 5096 Orationes
2786 5043 2852 5095 ad
2901 5045 3124 5110 pluviam
3165 5044 3544 5111 postulandum.

2290 5131 2509 5185 Terram
2567 5143 2747 5198 tuam,
2800 5133 3055 5199 Domine,
3097 5150 3254 5203 quam
3305 5136 3543 5188 videmus
3596 5135 3795 5187 nostr's

2217 5223 2582 5290 iniquitatibus
2651 5227 3053 5291 tabescentem,
3120 5228 3426 5281 ctelestibus
3493 5228 3646 5296 aquis
3710 5227 3791 5279 iu-

2214 5316 2407 5381 fnude;
2460 5325 2618 5386 atque
2668 5319 2829 5387 irriga
2872 5320 3147 5374 beneficiis
3198 5320 3381 5389 gratim
3428 5320 3785 5386 sempiternae.

2215 5407 2316 5461 Per
2348 5407 2629 5461 Dominum
3172 5478 3175 5479 ν

2283 5500 2423 5552 Alia.
2457 5527 2527 5537 ——
2560 5498 2632 5550 Da
2664 5498 2839 5561 nobis,
2899 5499 3141 5567 Domine,
3190 5513 3529 5565 quaesumus,
3564 5499 3791 5567 pluviam

2211 5592 2519 5653 salutarem,
2550 5598 2605 5643 et
2633 5588 2834 5643 aridam
2886 5600 3043 5644 terra:
3085 5590 3273 5644 faciem
3302 5590 3513 5645 ﬂuentis
3556 5590 3793 5643 cmlestio

2212 5683 2309 5738 bus
2335 5682 2615 5752 dignanter
2644 5680 2885 5739 infunde.
2920 5683 3022 5740 Per
3048 5685 3329 5739 Dominum
3360 5692 3623 5739 nostrum.
