3988 6312
163 413 245 467 tati)

1302 402 1502 457 LIBER
1543 398 2170 457 SACRAMENTORUM.

3262 392 3369 443 1210'

221 524 341 575 Atia.
371 546 439 556 -
464 516 816 584 Omnipotens
843 515 1165 581 sempiterne
1193 511 1352 575 Deus,
1386 514 1471 579 qui
1525 512 1699 563 salvas
1731 518 1771 573 Α
1808 526 2125 573 mereamur,
2154 518 2384 577 peccata,
2420 523 2539 576 quae
2563 508 2713 561 nobis
2730 505 3101 568 adversantur,
3142 502 3358 566 relaxa;

161 624 342 671 manes,
388 615 440 659 et
486 607 751 659 neminem
796 606 875 659 vis
898 604 1090 672 perire,
1122 604 1263 669 aperi
1314 602 1511 655 fontem
1556 604 1702 655 beni-

161 700 347 769 ιιιιίιιιίε
376 707 500 759 tum,
531 704 582 749 et
613 704 804 747 terram
834 692 1036 747 aridam
1069 692 1217 760 aquis
1258 690 1439 744 ﬂuenti
1464 690 1696 744 caelestis

162 793 412 859 dignanter
439 784 680 838 infunde.
713 783 832 835 Per.

225 879 345 931 Alia.
374 905 445 915 —
468 875 668 928 Delicta
717 882 915 937 nostra,
963 872 1205 939 Domine,
1248 888 1346 926 nos
1375 871 1472 941 ipsi
1505 887 1701 939 cogno-

161 972 354 1028 scimus,
391 975 448 1019 ut
473 966 638 1034 ipsius
667 974 823 1018 terra;
867 964 1080 1023 freditas
1124 974 1379 1018 monstrat
1414 975 1699 1032 transgres-

160 1056 304 1108 sionis
332 1064 619 1114 excessus;
650 1061 702 1103 tu
724 1060 923 1115 autem,
948 1051 1184 1116 piissime
1204 1051 1377 1115 Pater,
1404 1052 1490 1120 qui
1514 1053 1703 1107 cmlum

158 1144 375 1197 clausisti
401 1143 804 1197 contumacibus
827 1151 881 1195 et
910 1144 1145 1211 tngratis,
1178 1155 1469 1198 reseratum
1499 1146 1707 1199 humili-

161 1236 246 1286 bus
269 1242 316 1284 et
342 1230 590 1285 contritis
619 1230 856 1284 concede
882 1230 1290 1297 deprecantibus
1326 1233 1561 1288 subsidia
1592 1235 1707 1302 plu-

161 1326 384 1383 viarum,
433 1332 487 1375 et
528 1323 717 1389 largire
764 1321 1112 1375 manentibus
1159 1323 1558 1378 abundantiam.
1612 1325 1701 1378 Pet

164 1418 445 1471 Dominum.

223 1505 344 1556 Alia.
377 1530 442 1542 —-
475 1500 534 1554 In
562 1501 849 1554 afﬂictione
878 1501 1105 1553 maxima
1133 1501 1439 1555 constitutis
1466 1501 1711 1554 consola-

162 1596 334 1644 tionem
367 1591 543 1644 tribue
565 1629 580 1653 ,
616 1590 731 1643 fons
765 1589 1077 1657 largissime:
1120 1590 1330 1655 pietatis
1355 1606 1369 1643 :
1391 1589 1711 1652 descendat,

162 1696 470 1749 (quaesumus,
500 1681 675 1749 pluvia
708 1680 976 1744 salutaris,
1010 1688 1068 1733 ut
1104 1681 1277 1733 omnia
1305 1695 1424 1748 qua:
1449 1681 1549 1733 sub
1578 1680 1715 1734 caelo

164 1782 272 1827 sunt
296 1772 584 1841 irrigentur
608 1772 675 1825 ab
701 1773 847 1840 aquis
874 1789 887 1835 ;
915 1786 1070 1839 pasce
1100 1787 1284 1827 servos
1316 1780 1435 1826 tuos
1462 1771 1716 1826 imbribus

1805 603 1891 667 qui
1922 602 2056 669 pluis
2086 616 2244 668 super
2265 600 2435 668 justos
2465 608 2519 653 et
2566 598 2790 666 injustos
2812 636 2827 661 ,
2856 595 3015 649 etiam
3046 592 3243 648 nostris
3272 596 3359 645 ol-

1807 694 2133 748 fensionibus
2181 693 2463 755 relaxatis,
2519 697 2823 759 exspectata
2873 687 3090 742 nubium
3144 701 3360 739 munera

1806 784 2068 852 largiaris,
2118 784 2307 850 quibus
2354 794 2405 835 et
2440 782 2802 848 salusnobis,
2844 789 2899 833 et
2938 778 3185 832 alimenta
3235 790 3367 843 prte-

1808 883 2034 931 stcntur.
2063 876 2160 929 Per
2181 873 2469 929 Christum.

1882 965 1958 1017 Ad
1984 962 2372 1028 Complendum.
2400 992 2469 1003 --
2497 962 2747 1016 Precibus
2796 960 2968 1029 populi
3018 960 3112 1023 tui,
3165 969 3373 1026 quaesu-

1810 1073 1948 1123 mus,
1980 1057 2222 1118 Domine,
2275 1056 2509 1122 placatus
2552 1054 2755 1119 aspira,
2805 1061 2859 1105 ut
2904 1052 3109 1105 veniam
3167 1050 3370 1103 tribuas

1810 1148 2059 1200 humanis
2086 1144 2423 1208 excessibus,
2457 1155 2509 1198 et
2549 1158 2704 1211 opem
2737 1143 2950 1197 miseris
2990 1143 3246 1210 benignus
3276 1142 3372 1192 im-

1813 1238 2031 1307 pendas.
2067 1235 2169 1289 Per
2196 1236 2474 1288 Dominum
2502 1242 2762 1287 nostrum.

2087 1324 2356 1379 Orationes
2376 1326 2442 1377 ad
2456 1324 2756 1390 poscendam
2776 1322 3113 1376 serenitatem.

1884 1413 2104 1470 Domine
2130 1416 2269 1470 Deus
2289 1456 2305 1483 ,
2336 1416 2426 1483 qui
2456 1415 2510 1467 in
2556 1414 2854 1467 ministerio
2892 1426 3147 1480 aquarum
3190 1411 3380 1465 salutis

1818 1519 1919 1561 ture
1946 1508 2099 1561 nobis
2121 1515 2451 1561 sacramenta
2480 1504 2724 1569 sanxisti,
2757 1503 2948 1556 exaudi
2972 1502 3263 1554 orationem
3289 1516 3380 1568 po-

1818 1602 1924 1671 puli
1968 1602 2042 1655 tui
2064 1642 2078 1662 ,
2108 1610 2159 1654 et
2186 1600 2315 1669 jube
2345 1608 2575 1653 terrores
2608 1594 2976 1651 inundantium
3007 1607 3221 1648 cessare
3263 1592 3379 1659 pitt-

1816 1692 2020 1744 viarum
2043 1730 2056 1753 ,
2084 1690 2455 1759 ﬂagellumque
2484 1687 2638 1756 hujus
2672 1684 2921 1741 elementi
2950 1683 3014 1736 ad
3057 1686 3215 1754 211
3244 1682 3382 1736 effe-

1819 1791 1958 1837 ctum
1990 1781 2065 1833 tui
2096 1787 2346 1833 converte
2373 1778 2635 1847 mysterii,
2677 1786 2732 1829 ut
2754 1776 2841 1844 qui
2866 1790 2924 1829 se
2946 1772 3381 1841 regenerantibus

164 1864 439 1925 consuetis,
490 1876 623 1930 quos
654 1862 720 1915 ad
752 1861 959 1916 laudem
1003 1873 1105 1916 tua:
1133 1875 1322 1916 creare
1361 1861 1611 1932 dignatus
1657 1876 1715 1915 es
1750 1874 1794 1932 Β
1820 1871 1968 1939 aquis
2014 1868 2245 1937 gaudent
2286 1875 2532 1931 renatos,
2563 1865 2827 1936 gaudeant
2870 1865 2952 1919 his
2996 1862 3378 1931 castigantibus

169 1951 460 2019 Maiestatis.
496 1950 620 2005 Per.

226 2042 376 2112 210
414 2041 552 2093 Alia.
584 2070 650 2079 —
680 2040 1029 2109 Omnipotens
1072 2042 1232 2103 Deus,
1257 2042 1347 2109 qui
1379 2041 1526 2095 solus
1557 2057 1722 2110 aquas

166 2134 341 2188 emittis
375 2148 408 2187 e
446 2133 633 2195 cmlis,
664 2133 800 2186 dona
842 2130 1011 2187 servis
1056 2132 1169 2186 tuis
1187 2132 1501 2187 beneficium
1532 2134 1724 2202 pluvize

168 2221 418 2285 salutaris,
465 2230 521 2275 ut
564 2221 703 2291 quod
746 2221 980 2275 facinore
1023 2230 1208 2275 nostro
1238 2224 1597 2290 suspenditur,
1636 2234 1725 2278 tuo

167 2312 261 2380 jam
285 2311 524 2380 gratuito
555 2324 773 2363 munere
803 2320 1134 2381 prorogetur.
1169 2311 1290 2365 Per.

472 2400 634 2453 Missa
672 2402 739 2452 ad
776 2399 998 2469 pluviam
1027 2401 1405 2472 postulandum.

234 2494 376 2555 Deus,
412 2492 469 2544 in
494 2506 599 2560 quo
622 2493 862 2557 vivimus,
890 2506 1160 2548 movemur
1180 2503 1235 2547 et
1258 2509 1463 2558 sumus,
1489 2496 1717 2564 p'uviam

171 2584 301 2636 nobis
326 2584 507 2637 tribue
534 2595 942 2651 congruentem,
971 2594 1047 2650 ut,
1085 2587 1437 2651 praesentibus
1466 2587 1721 2641 subsidiis

172 2672 489 2728 sufﬁcienter
518 2673 706 2742 adjuti,
737 2674 1055 2741 sempiterna
1074 2674 1367 2731 liducialius
1387 2686 1724 2744 appetamus.

176 2764 281 2817 Per.

232 2853 362 2906 Alia.
396 2882 473 2892 -—
504 2852 704 2909 Delicta
737 2839 1035 2924 fragilitatis
1066 2868 1287 2921 nostrae,
1312 2847 1556 2925 Domine,
1588 2874 1730 2927 quat-

173 2956 352 3005 sumus,
384 2944 671 2998 miseratus
692 2945 925 3010 absolve,
957 2955 1010 3001 et
1037 2959 1295 3013 aquarum
1326 2946 1560 2999 subsidia
1598 2960 1730 3012 prat-

176 3033 232 3084 be
255 3035 573 3100 caelestium,
607 3036 799 3103 quibus
831 3044 1044 3091 terrena
1074 3037 1308 3091 conditio
1336 3044 1578 3104 vegetata
1607 3036 1734 3090 sub-

176 3124 331 3177 sistat.
354 3125 483 3179 Per.

1821 1973 1940 2016 esse
1961 1967 2251 2013 correctos.
2286 1957 2403 2011 Per.

1895 2050 2031 2103 Alia.
2055 2077 2124 2090 -—
2153 2049 2488 2115 Quaesumus,
2511 2049 2845 2115 omnipotens
2874 2046 3028 2107 Deus,
3050 2041 3385 2099 clementiam

1827 2150 2003 2205 tuam,
2034 2147 2091 2194 ut
2121 2137 2483 2193 inundantiam
2515 2150 2762 2191 coerceas
2793 2134 3040 2188 imbrium
3068 2174 3082 2197 ,
3113 2141 3168 2188 et
3197 2132 3386 2186 hilari-

1826 2240 1983 2285 tatem
2013 2231 2086 2284 tui
2115 2229 2292 2283 vultus
2321 2227 2474 2282 nobis
2502 2227 2757 2295 impertiri
2787 2225 3044 2294 digneris.
3074 2224 3178 2278 Per
3208 2220 3390 2276 Domi-

1827 2340 1973 2378 num.
2470 2310 2471 2313 Ἴ

2109 2412 2271 2467 Missa
2308 2413 2376 2464 ad
2416 2411 2721 2479 poscendam
2763 2410 3111 2464 serenitatem.

1899 2502 1976 2556 Ad
2007 2511 2057 2555 te
2087 2517 2204 2567 nos,
2241 2502 2480 2565 Domine,
2508 2503 2795 2553 clamantes
2825 2496 3034 2561 exaudi,
3063 2506 3117 2550 et
3141 2494 3280 2549 aeris
3305 2508 3393 2549 se-

1829 2594 2109 2650 renitatem
2160 2593 2313 2647 nobis
2357 2593 2528 2647 tribue
2574 2590 3025 2660 supplicantibus,
3078 2587 3248 2654 utqui
3302 2598 3396 2652 pro

1831 2684 2060 2754 peccatis
2106 2682 2300 2737 nostris
2347 2682 2487 2749 juste
2531 2681 2833 2749 afﬂigimur,
2891 2674 3254 2732 misericordia
3305 2685 3407 2729 tua

1829 2776 2189 2842 praeveniente
2210 2813 2225 2838 ,
2255 2771 2592 2826 clementiam
2619 2770 2935 2824 sentiamus.
2987 2767 3088 2822 Per
3116 2767 3397 2820 Dominum

1831 2879 1921 2918 ηομ
1932 2874 2011 2918 "ll
2021 2880 2068 2917 m
2078 2903 2092 2917 .

1903 2952 2071 3023 Super
2101 2953 2284 3007 oblata.
2314 2980 2386 2991 —
2417 2950 2707 3005 Praeveniat
2750 2963 2869 3011 nos,
2915 2961 3244 3016 quaesumus,
3294 2945 3402 2997 Do-

1832 3046 1998 3108 mine,
2028 3053 2113 3098 tua
2137 3042 2305 3113 gratia
2326 3056 2559 3110 semper,
2581 3050 2635 3094 et
2662 3040 3037 3107 subsequatur,
3069 3045 3125 3089 et
3143 3036 3236 3088 has
3256 3034 3403 3088 obla-

1835 3136 2028 3200 tiones,
2069 3149 2202 3203 quas
2230 3148 2325 3202 pro
2358 3132 2590 3201 peccatis
2624 3131 2819 3185 nostris
2859 3128 3061 3183 nomini
3102 3135 3194 3181 tuo
3217 3140 3407 3180 conse-

239 3212 398 3281 δίψει·
426 3214 617 3267 oblata.
653 3242 722 3255 -—
747 3215 979 3281 Oblatis,
1024 3215 1274 3281 Domine,
1306 3215 1518 3285 placare
1548 3231 1732 3271 mune-
1759 3228 1806 3291 ο
1834 3224 2059 3279 orandas
2082 3221 2388 3287 deferimus,
2421 3223 2683 3291 benignus
2715 3233 2959 3284 assume,
3000 3225 3061 3271 ut
3105 3231 3200 3285 per
3237 3217 3406 3270 inter-

178 3302 338 3369 rihus,
368 3314 423 3358 et
464 3315 820 3373 opportunum
853 3306 1005 3359 nobis
1033 3306 1204 3360 tribue
1236 3306 1423 3375 pluvia)
1456 3304 1734 3361 sufficien-

177 3394 237 3445 tis
264 3396 539 3448 auxilium.
567 3395 672 3449 Per
700 3396 981 3450 Dominum
1012 3406 1271 3451 nostrum.

239 3482 312 3534 Ad
332 3481 722 3554 Complendum.
752 3515 819 3525 —-
843 3487 1017 3542 Tuere
1060 3502 1158 3541 nos
1183 3526 1198 3552 ,
1246 3500 1548 3553 quaesumus
1570 3527 1584 3549 ,
1630 3486 1734 3540 Do-

180 3572 339 3636 mine,
371 3582 462 3626 tua
492 3586 675 3628 sancta
702 3587 971 3631 sumentes
991 3621 1006 3645 ,
1037 3579 1179 3632 etab
1208 3580 1450 3633 omnibus
1480 3582 1739 3650 propitius

183 3660 383 3717 absolve
414 3665 672 3731 peccatis.
706 3666 807 3720 Per
836 3667 1139 3722 Dominum.

700 3755 829 3810 Item
876 3759 981 3811 alia
1026 3758 1208 3813 Missa.

237 3841 585 3914 Omnipotens
610 3849 933 3915 sempiterne
980 3849 1139 3914 Deus,
1164 3850 1315 3918 cujus
1360 3865 1580 3905 munere
1628 3853 1743 3907 ele—

180 3947 338 3990 menta
369 3939 553 3992 omnia
591 3947 920 4003 recreantur,
954 3940 1295 3995 reminiscere
1340 3941 1741 3997 miserationum

179 4037 411 4094 tuarum,
456 4040 511 4083 et
560 4030 862 4084 salutiferos
903 4031 1099 4085 imbres
1131 4033 1360 4087 humano
1400 4033 1580 4102 generi
1609 4048 1739 4087 con-

178 4118 294 4171 cede
332 4119 628 4187 propitius,
676 4130 934 4189 quatenus
966 4121 1301 4196 fecunditatis
1351 4132 1451 4177 tute
1477 4121 1744 4178 alimoniis

181 4207 342 4259 omnis
370 4216 513 4261 terra
545 4208 773 4263 laetetur.
804 4209 925 4263 Per.

242 4294 409 4366 Super
466 4299 661 4354 oblata.
708 4328 779 4341 —
818 4300 1063 4362 Placare,
1122 4300 1375 4363 Domine,
1425 4303 1738 4358 muneribus

177 4403 377 4455 semper
413 4390 673 4457 acceptis,
708 4398 763 4443 et
798 4391 1099 4443 diuturnam
1134 4404 1373 4460 tempera
1402 4390 1610 4447 diffusis
1642 4394 1740 4447 irit—

179 4476 349 4530 bribus
368 4481 690 4535 siccitatem.
720 4482 820 4534 Per
853 4481 1130 4535 Dominum
1160 4490 1426 4536 nostrum.

1839 3318 2135 3372 cessionem
2191 3325 2493 3369 sanctorum
2543 3324 2753 3368 tuorum
2800 3311 3009 3367 cunctis
3056 3309 3208 3365 nobis
3251 3308 3406 3378 proli-

1836 3406 1981 3461 ciant
2007 3405 2073 3460 ad
2103 3404 2348 3459 salutem.
2383 3402 2502 3458 Per.

1908 3496 1987 3548 Ad
2030 3492 2421 3562 Complendum.
2468 3523 2538 3533 —
2580 3491 2738 3547 Plebs
2780 3500 2889 3557 tua,
2940 3487 3194 3552 Domine,
3240 3483 3419 3552 capiat-

1841 3600 2004 3640 sacra:
2051 3585 2434 3641 benedictionis
2485 3593 2847 3652 augmentum,
2871 3590 2924 3635 et
2948 3577 3180 3642 cOpiosis
3209 3572 3410 3628 beneﬁ-

1840 3680 2041 3735 ciorum
2069 3687 2278 3732 tuorum
2310 3677 2621 3732 sublevetur
2646 3674 2874 3736 auxiliis,
2900 3686 3018 3741 qua:
3060 3668 3218 3723 tantis
3242 3667 3417 3720 inter--

1841 3769 2141 3823 cessionem
2171 3765 2631 3833 deprecationibus
2660 3763 2953 3832 adjuvetur.
2990 3759 3112 3814 Per.

2093 3859 2270 3911 Oratio
2315 3857 2381 3909 ad
2411 3855 2753 3924 repellendam
2793 3858 3163 3923 tempestatem.

1913 3948 2077 4013 Deus,
2124 3948 2210 4016 qui
2251 3946 2485 4000 omnium
2515 3959 2693 3999 rerum
2728 3942 2821 3995 tibi
2870 3937 3219 3995 servientium
3266 3944 3411 3987 natn~

1844 4053 1957 4092 ram
1995 4053 2090 4105 per
2125 4037 2268 4105 ipsos
2302 4043 2480 4089 motus
2509 4035 2652 4089 aeris
2682 4033 2747 4086 ad
2777 4031 2978 4086 cultum
3003 4037 3105 4082 tute
3131 4025 3415 4093 Maiestatis

1845 4128 2100 4191 instituis,
2130 4126 2564 4195 tranquillitatem
2599 4122 2755 4177 nobis
2783 4116 3164 4173 misericordiae
3199 4123 3300 4167 tute
3333 4128 3414 4165 re-

1846 4222 2003 4277 motis
2049 4220 2241 4288 largire
2266 4216 2562 4274 terroribus
2585 4256 2598 4279 ,
2642 4224 2696 4268 ut
2722 4212 2873 4280 cujus
2908 4210 3039 4264 iram
3071 4204 3379 4274 expavimus
3397 4242 3427 4267 ,.

1846 4310 2185 4363 clementiam
2212 4306 2526 4362 sentiamus.
2577 4304 2698 4358 Per.

2314 4394 2492 4447 Oratio
2518 4402 2695 4445 contra
2723 4390 2946 4461 fulgura.

1917 4487 2264 4556 Omnipotens
2288 4485 2612 4553 sempiterne
2641 4483 2803 4545 Deus,
2850 4491 3008 4545 parce
3036 4469 3414 4531 metuentibus,

247 4565 513 4638 Prefatio.
544 4599 617 4613 —
646 4569 784 4624 Vere
807 4571 1020 4640 dignum
1050 4578 1104 4625 et
1140 4571 1344 4639 justum
1384 4582 1496 4634 est,
1528 4589 1735 4645 (equum
1771 4592 1821 4652 υ
1847 4589 1899 4635 et
1917 4578 2200 4649 propitiare
2217 4574 2645 4643 supplicibus,ut
2660 4581 2776 4640 post
2794 4569 2988 4624 noxios
3006 4568 3153 4636 ignes
3168 4562 3414 4622 nubium,

180 4664 229 4708 et
253 4658 514 4723 salutare,
547 4675 644 4713 nos
676 4661 769 4713 tibi
792 4676 1005 4730 semper
1035 4672 1086 4716 et
1115 4662 1306 4731 ubique
1334 4654 1533 4733 gratias
1557 4681 1735 4735 agere,

181 4744 393 4801 Domine
419 4759 626 4815 sancte,
650 4750 807 4804 Pater
829 4753 1187 4820 omnipateus,
1215 4761 1415 4808 aeterne
1444 4754 1583 4809 Deus
1606 4774 1617 4808 :
1642 4759 1736 4811 ob-

179 4844 438 4893 secrantes
468 4842 888 4896 misericordiam
913 4853 1076 4910 tuam,
1105 4854 1160 4898 ut
1185 4847 1490 4910 squalentes
1515 4850 1624 4919 agri
1659 4850 1715 4905 fe

179 4929 359 4983 cundia
414 4933 676 4987 imbribus
734 4935 1020 5005 irrigentur
1071 4941 1262 5007 quibus
1328 4943 1524 5009 pariter
1570 4944 1736 4997 aestivi

178 5017 477 5087 mitigentur
550 5024 812 5091 ardores,
891 5036 943 5081 et
1018 5029 1346 5085 saevientium
1421 5033 1725 5087 morborum

176 5108 529 5177 restinguatur
577 5119 852 5181 accensio,
918 5131 979 5169 ac
1034 5118 1179 5173 salus
1244 5123 1581 5189 hominibus,
1641 5125 1730 5193 ju‘

176 5202 467 5270 mentisque
516 5207 826 5274 proveniat;
883 5218 1039 5277 atque
1086 5220 1144 5264 ut
1174 5212 1304 5278 haec,
1358 5222 1410 5268 te
1435 5217 1729 5284 largiente,

244 5383 272 5413 ι
308 5376 443 5431 Cum
485 5380 646 5435 nullae
689 5382 774 5437 hic
818 5394 908 5438 aut
947 5387 1071 5441 alibi
1119 5387 1411 5442 habeantur
1456 5391 1739 5447 Orationes

176 5456 353 5499 contra
387 5462 537 5503 terra:
562 5464 766 5527 motum
787 5493 802 5513 .
837 5456 1001 5510 visum
1032 5466 1115 5511 est
1153 5459 1307 5511 nobis
1332 5461 1636 5527 appendicis
1665 5464 1741 5516 Io-

176 5529 237 5567 co
267 5528 512 5596 augere
533 5522 813 5596 collectam
852 5540 883 5578 a
912 5527 1247 5580 sanctissimo
1275 5529 1337 5585 D.
1369 5522 1434 5584 Ν.
1464 5531 1741 5587 Clemente

179 5586 447 5670 papa-.11,
470 5590 861 5670 elegantissime
903 5598 1283 5670 compositam,
1330 5614 1482 5662 cum,
1527 5586 1741 5655 ineunte

178 5656 468 5741 anzimﬁ,
500 5658 663 5741 Italiae
695 5676 817 5728 pars
866 5656 1093 5741 maxima
1128 5656 1399 5741 Itomaquc
1444 5656 1552 5741 ipsa
1587 5683 1739 5727 terra:

179 5726 409 5780 motibus
438 5726 740 5794 quateretur
766 5748 827 5787 ac
856 5734 1027 5791 ruinis
1054 5726 1367 5793 foedarctur.

1849 4678 1903 4724 et
1930 4671 2032 4723 vim
2059 4667 2435 4737 procellarum,
2460 4665 2512 4717 in
2537 4663 2811 4716 materiam
2835 4653 3250 4713 transeatlaudis
3270 4665 3415 4705 com-

1849 4760 2067 4815 minatio
2098 4756 2393 4827 potestatis.
2430 4754 2549 4808 Per.

1917 4850 2053 4903 Atia.
2102 4878 2169 4888 —-
2192 4846 2363 4911 Deus,
2404 4844 2555 4912 cujus
2593 4839 2818 4910 imperio
2848 4837 2979 4893 nihil
3010 4848 3118 4889 non
3140 4829 3301 4884 verbo
3331 4840 3411 4879 re-

1847 4940 2008 5008 gitur,
2054 4938 2180 4991 nihil
2230 4950 2334 4990 non
2366 4934 2609 4987 oratione
2638 4938 2901 4994 mutatur,
2934 4939 3092 4995 parce
3125 4917 3410 4975 metuenti-

1852 5033 1971 5098 bus,
2002 5030 2289 5101 propitiare
2310 5026 2666 5096 supplicibus,
2700 5033 2757 5075 ut
2792 5030 2907 5089 post
2937 5017 3124 5071 noxios
3153 5014 3299 5081 ignes
3330 5023 3416 5060 nu-

1848 5125 2010 5188 bium,
2043 5135 2094 5176 et
2120 5123 2357 5175 turbines
2383 5116 2766 5185 procellarum,
2792 5114 2843 5164 in
2875 5117 3151 5163 materiam
3182 5106 3416 5156 transeat

1844 5214 2013 5271 laudis
2024 5212 2368 5270 comminatio
2381 5208 2680 5279 potestatis.
2701 5205 2796 5258 Per
2816 5200 3345 5255 Dominumnostrum
3362 5202 3426 5248 α..

2197 5390 2417 5445 Collecta
2446 5398 2667 5455 tempore
2694 5395 2839 5438 terra:
2874 5390 3059 5436 malm.

1918 5505 2114 5559 Oratio.
2144 5530 2215 5543 --
2242 5501 2588 5566 Omnipotens
2629 5500 2951 5565 sempiterne
2983 5496 3143 5557 Deus,
3192 5493 3278 5562 qui
3326 5507 3410 5566 re.

1845 5578 2009 5645 spicis
2033 5582 2221 5645 terram
2254 5582 2306 5626 et
2334 5564 2475 5645 facis
2490 5582 2606 5645 eam
2642 5564 2903 5645 tremere,
2933 5580 3089 5645 parce
3122 5564 3409 5645 metuennti-

1846 5632 1964 5708 b'us,
1992 5643 2274 5712 propitiare
2304 5638 2651 5707 supplicibus,
2685 5646 2743 5712 ut
2768 5638 2919 5705 cujus
2936 5632 3083 5712 iram
3106 5643 3267 5712 terrte
3290 5632 3410 5686 fun-

1846 5707 2102 5771 damenta
2130 5713 2519 5769 cottcutieutem
2544 5708 2869 5779 expavimus,
2916 5707 3252 5762 clementiam
3280 5719 3412 5757 con-
