3988 6288
783 485 961 538 Oratio
1000 498 1091 547 pro
1118 480 1359 549 fratribus
1400 480 1451 529 in
1489 477 1571 528 via
1609 476 1909 544 dirigendis.

636 576 801 637 Deus,
828 575 915 641 qui
945 570 1286 638 diligentibus
1309 581 1359 621 te
1381 566 1799 620 misericordiam
1827 574 1969 618 tuam
1995 578 2134 616 sem-

561 680 656 732 per
688 662 971 729 impendis,
1005 672 1057 714 et
1086 677 1115 713 a
1142 658 1497 713 servientibus
1530 658 1620 710 tibi
1661 657 1801 709 nulla
1831 670 1891 709 es
1918 655 2134 724 regione

560 756 898 823 longinquus,
927 753 1098 818 dirige
1142 752 1281 803 viam
1316 749 1494 802 famuli
1527 749 1598 801 tui
1646 747 1739 801 Ill.
1771 746 1822 799 in
1863 746 2134 799 voluntate

558 856 666 910 tua,
699 857 755 898 ut
786 854 837 897 te
860 853 1180 910 protectore,
1207 850 1261 895 et
1292 853 1343 895 te
1370 840 1639 909 praeduce,
1668 841 1829 910 212
1863 854 1953 904 per
1977 836 2131 905 justi-

562 939 652 991 tia:
684 937 903 989 semitas
924 934 1040 987 sine
1060 934 1353 987 offensione
1375 932 1665 1001 gradiatur.
1700 931 1800 983 Per
1830 929 2128 982 Dominum.

626 1026 765 1080 Atio.
798 1054 870 1065 —
891 1024 1124 1087 Exaudi,
1163 1024 1382 1077 Domine
1403 1065 1417 1086 ,
1455 1036 1638 1086 preces
1679 1031 1921 1081 nostras,
1951 1030 2003 1072 et
2031 1019 2132 1072 iter

555 1118 740 1172 famuli
783 1118 852 1172 tui
884 1116 977 1171 Ill.
1009 1117 1265 1185 propitius
1309 1116 1597 1174 comitare.
1641 1112 1800 1181 eique
1831 1112 2131 1164 misericor-

555 1208 699 1261 diam
726 1217 889 1272 tuam,
916 1208 1049 1259 sicut
1092 1206 1288 1270 ultique
1326 1220 1405 1266 es,
1430 1206 1499 1256 ita
1534 1204 1726 1272 ubique
1764 1201 1977 1268 largire,
2002 1213 2130 1268 qua-

555 1309 727 1360 tenus,
780 1299 846 1348 ab
893 1296 1143 1349 omnibus
1190 1293 1602 1346 adversitatibus
1648 1301 1734 1343 tua
1782 1288 2127 1357 opitulatione

555 1384 830 1449 defensus,
854 1384 1120 1452 justorum
1150 1382 1537 1437 desideriorum
1570 1363 1806 1445 potiatur
1825 1378 2122 1441 effectibus,

553 1485 606 1530 et
637 1474 724 1528 tibi
746 1477 1034 1540 gratiarum
1058 1472 1251 1526 referat
1278 1472 1569 1524 actionem.
1597 1469 1717 1522 i’er.

624 1564 766 1619 Alia.
798 1593 867 1603 —
894 1564 1056 1628 Deus,
1083 1562 1174 1631 qui
1204 1561 1267 1614 ad
1302 1562 1463 1614 vitam
1495 1559 1668 1623 ducis,
1715 1568 1769 1610 et
1799 1556 2126 1611 confidentes

556 1654 608 1707 in
649 1663 702 1708 te
744 1663 962 1722 paterna
1020 1653 1351 1720 protectione
1399 1651 1667 1715 custodis,
1715 1663 2019 1717 qutcsnmus
2072 1656 2128 1700 ut

559 1745 804 1808 [praesenti
854 1744 1049 1796 famulo
1084 1753 1174 1795 tuo
1222 1758 1251 1795 a
1297 1741 1451 1794 nobis
1479 1738 1777 1808 egredienti
1825 1737 2120 1806 angelicum

1772 343 2010 398 SANCTI
2052 341 2371 396 GliECOlill
2416 341 2625 394 MAGNI

3708 345 3811 399 2f”.

2153 459 2200 511 Α
2301 454 2457 523 213
2472 452 2777 505 Benedictio.
2804 481 2866 490 --
2894 452 3088 518 Dirigat
3110 454 3209 505 iter
3231 462 3459 506 vestrum
3482 454 3735 506 Dotttinus
3757 474 3808 505 tn

2238 544 2568 609 bencplacito
2591 557 2689 595 suo
2708 583 2724 605 ,
2756 543 3006 608 vobisque
3043 543 3467 609 inseparabiliter
3497 543 3810 612 benignissi-

2236 649 2355 687 mus
2383 643 2562 686 cu~tos
2594 633 2868 686 inhazreat.
2898 634 3082 685 Amen.
3122 634 3313 685 Ducem
3344 632 3497 686 vobis
3526 633 3811 702 archange-

2237 725 2344 777 lum
2379 722 2702 790 Raphaelem
2729 721 3006 786 adhibeat,
3053 731 3102 775 et
3132 736 3343 774 munem
3376 737 3406 774 a
3435 722 3588 775 vobis
3615 724 3813 776 incom-

2232 815 2540 868 moditatem
2600 811 3130 879 contrarietatemque
3177 811 3488 878 propitiatus
3545 822 3807 869 amoveat.

2233 904 2425 957 Amen.
2490 901 2878 955 Desideriorum
2908 910 3207 954 vestrorum
3241 902 3323 969 pia
3375 910 3494 953 vota
3524 902 3811 956 clementer

2232 994 2489 1060 impleat,
2540 1002 2596 1044 ttt
2642 1000 2696 1045 ct
2741 991 2824 1043 hic
2874 990 3009 1043 bona
3059 991 3353 1058 consequi,
3382 1001 3437 1046 et
3462 994 3529 1044 ad
3557 1002 3807 1046 atteruatn

2234 1086 2613 1139 beatitudinem
2664 1086 2941 1150 pervenire
2983 1081 3205 1137 feliciter
3240 1082 3576 1137 mereamini.
3616 1084 3806 1138 Amen.

2231 1175 2381 1243 Quod
2407 1177 2519 1242 ipse
2544 1182 2815 1241 prmstare.

2301 1288 2380 1341 Ad
2412 1286 2799 1355 Comptendum.
2830 1312 2901 1323 —
2935 1284 3069 1337 Deus
3102 1282 3316 1337 infinitae
3348 1285 3731 1337 misericordia!
3754 1295 3807 1338 ct

2231 1378 2520 1442 Maiestatis
2554 1378 2858 1437 immensae,
2899 1389 3054 1443 quem
3079 1388 3177 1428 nec
3206 1373 3373 1441 spatia
3403 1374 3644 1426 locorum
3663 1412 3680 1435 ,
3712 1386 3807 1427 nec

2232 1469 2509 1523 intervalla
2560 1477 2854 1534 temporum
2902 1466 2970 1521 ab
2995 1466 3077 1519 his
3118 1480 3249 1532 quos
3282 1464 3444 1518 tueris
3473 1464 3800 1532 disjungunt,

2228 1560 2411 1615 adesto
2462 1558 2655 1611 famqu
2699 1566 2788 1611 tuo
2836 1556 2928 1610 ΙΙΙ.
2976 1559 3027 1609 in
3086 1566 3137 1610 te
3173 1555 3364 1623 ubique
3394 1554 3599 1618 fidenti,
3632 1567 3684 1608 et
3713 1569 3805 1621 per

2230 1666 2441 1703 omnem
2489 1664 2646 1717 quam
2697 1649 2864 1701 iturus
2911 1655 2993 1699 est
3022 1646 3157 1697 viam
3200 1643 3307 1698 dux
3333 1644 3379 1697 ei
3406 1652 3459 1697 et
3484 1658 3667 1696 comes
3686 1658 3804 1697 esse

2231 1741 2479 1810 dignare;
2528 1740 2655 1792 nihil
2702 1739 2781 1792 illi
2804 1737 3139 1790 adversitatis
3168 1744 3385 1801 noceat,
3418 1734 3550 1788 nihil
3577 1734 3804 1788 difficul-

552 1833 752 1886 tribuas
782 1835 1111 1896 comita'utn,
1144 1844 1218 1899 ut,
1251 1832 1368 1902 ejus
1414 1831 1619 1884 auxilio
1661 1838 1953 1897 protectus,
2002 1830 2119 1882 nul-
2156 1826 2199 1884 Β
2226 1834 2345 1887 tatis
2376 1831 2633 1891 obsistat;
2656 1838 2843 1883 cuncta
2870 1826 2920 1881 ei
2952 1828 3204 1889 salubria,
3232 1836 3420 1878 cuncta
3451 1825 3557 1877 sint
3584 1838 3802 1893 prospe-

544 1916 651 1975 iins
696 1923 821 1976 mali
849 1924 1180 1977 concutiatur
1211 1922 1513 1985 formidine,
1556 1920 1701 1972 nullo
1728 1918 2118 1985 comprimatur

552 2012 895 2066 adversitutis
917 2028 1135 2081 angore,
1165 2012 1323 2064 nullis
1366 2010 1617 2063 irruentis
1649 2008 1846 2060 inimici
1873 2009 2121 2062 moleste-

552 2114 639 2156 tur
670 2102 907 2164 insidiis;
939 2103 1033 2156 sed
1053 2140 1068 2164 ,
1095 2102 1279 2169 spatiis
1308 2098 1596 2153 necessarii
1628 2097 1836 2151 itineris
1868 2111 2120 2164 prospero

549 2203 733 2257 gressu
757 2189 1008 2258 peractis,
1033 2189 1374 2258 propriisque
1406 2188 1538 2240 locis
1567 2186 1795 2241 feliciter
1819 2186 2121 2249 restitutus,

552 2281 830 2334 universos
872 2283 1103 2348 reperiat
1128 2280 1359 2347 sospites
1380 2319 1395 2344 ,
1428 2292 1491 2331 ac
1527 2277 1734 2331 debitas
1760 2280 2003 2331 exsolvat
2032 2286 2123 2330 tuo

550 2373 747 2425 nornini
773 2372 990 2441 gratias.
1024 2373 1123 2426 l‘er
1154 2372 1452 2424 Dominum.

987 2465 1143 2531 Missa
1172 2480 1261 2532 pro
1288 2464 1381 2515 iter
1405 2461 1689 2531 agentibus.

615 2560 849 2620 Adesto,
884 2558 1129 2622 Domine,
1160 2554 1637 2624 supplicationibus
1662 2554 1880 2615 nostris,
1906 2560 1959 2604 et
1987 2563 2123 2603 vtam

550 2649 728 2704 famuli
759 2651 829 2702 tui
851 2649 945 2703 Ill.
976 2649 1027 2703 in
1070 2648 1259 2701 salutis
1284 2658 1386 2699 tutae
1413 2644 1767 2713 prosperitate
1790 2642 2035 2709 dispone,
2069 2648 2125 2692 ut

549 2741 683 2797 inter
703 2755 890 2796 omnes
917 2741 1017 2793 via:
1056 2749 1108 2793 et
1131 2738 1252 2792 vita:
1286 2737 1443 2803 hujus
1475 2735 1760 2788 varietates
1791 2742 1881 2785 tuo
1907 2745 2123 2799 semper

550 2843 850 2901 protegatur
869 2830 1092 2885 auxilio.
1120 2829 1221 2882 Per
1248 2828 1548 2881 Dominum.

618 2925 791 2991 Super
832 2924 1021 2976 oblata.
1054 2951 1123 2961 -—
1145 2918 1463 2985 Pmpitiare,
1496 2928 1816 2983 quaesumus,
1872 2913 2117 2976 Domtne,

548 3015 1024 3083 supplicationibus
1069 3012 1295 3075 nostris,
1341 3007 1710 3064 etoblationes
1744 3006 1837 3058 has
1865 3017 1996 3071 quas
2026 3001 2119 3057 tibi

549 3106 827 3160 offerimus
877 3120 974 3173 pro
1016 3104 1214 3158 famqu
1245 3111 1334 3154 tuo
1364 3098 1457 3152 lit.
1500 3096 1755 3165 benignus
1783 3108 2030 3158 assume,
2064 3101 2122 3145 ut

551 3198 688 3251 viam
716 3197 858 3252 illius
888 3207 941 3251 et
971 3195 1301 3264 praecedente
1321 3193 1484 3260 gratia
1515 3201 1599 3245 tua
1621 3188 1838 3256 dirigas,
1865 3195 1917 3241 et
1938 3187 2123 3241 subse-

549 3297 746 3359 quente
766 3287 1008 3343 comitari
1035 3286 1289 3355 digneris,
1316 3292 1374 3336 ut
1400 3284 1465 3335 de
1493 3292 1612 3335 actu
1641 3290 1798 3346 atque
1842 3276 2120 3330 incolumi-

549 3386 656 3433 tate
682 3380 796 3447 ejus
826 3379 1119 3433 secundum
1162 3374 1546 3431 misericordia:
1583 3382 1686 3426 tute
1714 3369 1959 3439 praesidia
1994 3383 2120 3438 gau-

548 3469 783 3524 deamus.
815 3469 934 3523 Per.

619 3560 895 3629 Praefatio.
940 3587 1009 3600 ---
1038 3559 1173 3613 Vere
1210 3558 1427 3626 dignum
1467 3566 1518 3611 et
1544 3556 1745 3624 justum
1777 3560 1876 3615 est,
1910 3564 2119 3618 aequum

550 3660 603 3705 et
628 3651 884 3713 salutare,
915 3665 1014 3703 nos
1046 3649 1137 3703 tibi
1167 3663 1379 3715 semper
1410 3657 1458 3701 et
1490 3647 1685 3714 ubique
1713 3643 1907 3713 gratias
1929 3655 2116 3710 agere,

551 3741 772 3794 Domine
800 3750 1016 3806 sancte,
1068 3740 1225 3794 Pater
1253 3739 1620 3805 omnipotens,
1644 3744 1844 3788 aeterne
1884 3731 2025 3785 Deus
2051 3747 2066 3783 :
2091 3744 2122 3783 a

549 3846 655 3896 quo
698 3830 919 3885 deviare
950 3831 1106 3896 mori,
1139 3844 1318 3883 coram
1343 3842 1449 3897 quo
1477 3825 1752 3879 ambulare
1796 3824 1975 3876 vivere
2016 3827 2120 3874 est.

549 3924 649 3989 Qui
680 3923 870 3977 fideles
911 3933 1029 3977 tuos
1060 3923 1112 3975 in
1160 3930 1244 3975 tua
1276 3921 1359 3973 via
1399 3918 1652 3979 deducis,
1684 3925 1738 3970 et
1780 3914 2122 3969 miseratione

550 4015 850 4084 gratissima
895 4014 947 4067 in
979 4014 1256 4066 veritatem
1286 4010 1526 4071 inducis;
1558 4007 1649 4076 qui
1684 4004 1944 4067 Abrahae,
1974 4000 2123 4055 Isaac

548 4116 602 4158 et
628 4104 794 4160 Jacob
824 4104 879 4157 in
908 4103 1186 4173 praesentis
1210 4103 1309 4156 via:
1335 4112 1391 4156 et
1414 4100 1536 4154 vita:
1565 4097 1866 4160 curriculo,
1895 4104 2078 4149 custos
2103 4137 2117 4162 ,

553 4197 658 4251 dux
679 4206 733 4250 et
756 4209 937 4249 comes
957 4209 1076 4249 esse
1101 4193 1348 4256 voluisti,
1391 4201 1446 4245 ct
1484 4190 1682 4243 famulo
1712 4198 1801 4241 tuo
1826 4186 2007 4240 Tobias
2029 4201 2125 4239 an-

548 4286 724 4353 gelum
772 4284 1024 4352 prazvium
1072 4279 1411 4353 prmparasti;
1443 4280 1593 4349 cujus
1620 4281 1935 4335 immensam
1965 4276 2124 4331 mise-

561 4376 833 4428 iicordiam
881 4374 1191 4426 humillimis
1222 4372 1468 4439 precibus
1514 4370 1885 4437 imploramus,
1936 4376 1993 4420 ut
2022 4367 2121 4420 iter

548 4462 733 4516 famuli
756 4464 831 4516 tui
858 4463 946 4516 ιιι.
974 4478 1094 4516 cum
1117 4464 1229 4515 suis
1246 4464 1297 4514 in
1328 4461 1683 4530 prosperitate
1706 4458 1958 4526 dirigere,
1983 4471 2125 4510 eum-

2228 1939 2318 1987 ra;
2349 1931 2433 1985 et,
2485 1920 2586 1975 sub
2630 1934 2730 1986 Ope
2755 1919 2987 1972 dexterae
3030 1926 3164 1979 tute,
3194 1915 3445 1981 quidquid
3471 1914 3617 1983 justo
3644 1930 3802 1982 expe-

2227 2011 2369 2066 tierit
2393 2008 2681 2074 desiderio,
2712 2011 2872 2060 celeri
2904 2014 3256 2073 consequatur
3287 2006 3503 2059 effectu.
3545 2005 3666 2057 Per.

2438 2122 2706 2174 Orationes
2732 2119 2798 2172 ad
2829 2117 2974 2187 (660)
2998 2117 3240 2171 clericum
3270 2114 3582 2183 faciendum.

2297 2234 2557 2294 Oremus,
2606 2228 2933 2285 dilectissimi
2987 2229 3210 2292 fratres,
3255 2226 3532 2280 Dominum
3558 2236 3798 2279 nos:rum

2224 2325 2405 2379 Jesum
2437 2324 2704 2377 Christum
2734 2336 2827 2389 pro
2856 2321 2956 2374 hoc
2985 2320 3178 2374 famqu
3204 2334 3300 2373 suo
3332 2316 3421 2371 Ill.
3444 2362 3459 2384 ,
3487 2318 3577 2386 qui
3618 2318 3684 2371 ad
3710 2318 3802 2371 de-

2228 2414 2527 2483 ponendam
2568 2427 2772 2466 comam
2824 2410 3011 2478 capitis
3055 2409 3134 2463 sui
3170 2423 3264 2478 pro
3292 2408 3406 2477 ejus
3444 2422 3626 2461 amore
3655 2408 3801 2461 festi-

2225 2516 2335 2573 nat,
2370 2514 2426 2559 ut
2448 2505 2609 2559 donet
2641 2503 2687 2556 ei
2710 2503 2960 2571 Spiritum
2983 2509 3220 2555 sant-tum
3240 2541 3255 2565 ,
3288 2501 3374 2569 qui
3409 2498 3643 2552 habitum
3672 2500 3799 2552 reli-

2223 2595 2393 2666 gionis
2424 2596 2476 2649 in
2508 2609 2573 2648 eo
2605 2608 2912 2662 perpetuum
2939 2599 3257 2655 conservet,
3289 2600 3341 2642 et
3367 2605 3395 2640 a
3422 2588 3598 2642 mundi
3629 2586 3800 2654 impe-

2224 2689 2462 2743 dimento
2483 2728 2499 2747 .
2554 2688 2635 2740 vel
2682 2684 2922 2739 saeculari
2967 2682 3234 2737 desiderio
3262 2695 3355 2735 cor
3382 2681 3494 2742 eius
3524 2678 3796 2736 defendat.

2227 2793 2284 2835 ut
2307 2782 2440 2835 sicut
2473 2782 2784 2835 immolatur
2814 2779 2866 2831 in
2893 2778 3036 2829 vultu
3064 2815 3079 2839 ,
3127 2775 3201 2827 ita
3228 2787 3413 2826 manus
3438 2772 3658 2826 dextera
3685 2772 3800 2839 ejus

2223 2872 2269 2925 ei
2293 2872 2501 2926 virtutis
2550 2870 2751 2924 tribuat
2794 2870 3154 2929 incrementa,
3202 2872 3254 2919 et
3298 2862 3365 2915 ab
3387 2863 3531 2915 omni
3562 2861 3801 2915 caecitate

2228 2964 2451 3031 Spiritali
2482 2961 2666 3015 oculos
2693 2959 2807 3028 ejus
2830 2938 3051 3026 aperiat,
3084 2964 3138 3010 et
3170 2955 3344 3007 lumen
3375 2954 3420 3005 ei
3447 2961 3666 3005 cateruae
3689 2951 3799 3018 glo-

2223 3054 2315 3109 riae
2350 3053 2628 3108 concedat.
2694 3050 2793 3116 Qui
2840 3048 2969 3101 vivit
3013 3061 3133 3099 cum
3180 3044 3289 3098 Deo
3334 3042 3488 3095 Patre
3518 3042 3569 3094 in
3598 3040 3802 3093 unitate

2151 3174 2198 3239 ϐ
2225 3145 2463 3213 ejusdem
2512 3143 2744 3210 Spiritus
2791 3141 2960 3194 sancti
3006 3139 3167 3192 Deus.
3243 3136 3346 3190 Per
3384 3134 3561 3188 omnia
3605 3132 3799 3185 saecula

2224 3237 2561 3290 saeculorum.

2294 3325 2424 3379 Item
2471 3325 2595 3378 alia.
2641 3352 2712 3362 —
2754 3318 2956 3374 Adesto
2982 3359 2997 3383 ,
3036 3317 3290 3381 Domine,
3328 3308 3800 3381 supplicationibus-

2224 3417 2422 3471 noStris
2442 3454 2462 3481 ,
2510 3423 2565 3467 et
2595 3412 2734 3467 hunc
2762 3412 3011 3464 famulum
3043 3419 3185 3462 tuum
3218 3404 3527 3460 benedicere
3554 3401 3795 3469 dignare,

2226 3507 2310 3560 cui
2342 3506 2393 3559 in
2444 3515 2534 3556 tuo
2579 3493 2762 3556 sancto
2810 3499 3024 3553 nomine
3072 3497 3306 3550 habitum
3333 3506 3497 3548 sacra:
3526 3488 3799 3559 religionis

2223 3598 2545 3666 imponimus
2571 3638 2585 3661 ,
2615 3607 2671 3649 ut
2691 3636 2707 3660 ,
2752 3604 2801 3648 te
2830 3593 3117 3660 largiente,
3148 3599 3202 3644 et
3230 3589 3451 3643 devotus
3478 3586 3532 3639 in
3560 3582 3798 3639 Ecclesia

2224 3690 2546 3757 persistere,
2593 3696 2648 3740 et
2693 3687 2853 3740 vitam
2908 3684 3180 3753 percipere
3227 3687 3492 3734 mereatur
3519 3686 3796 3730 aeternam.

2224 3783 2324 3837 Per
2353 3782 2652 3835 Dominum.

2299 3872 2433 3924 Dttm
2462 3871 2634 3924 tondes
2664 3884 2777 3921 eum
2809 3867 2932 3919 dicis
2960 3863 3304 3931 Antiphonam
3329 3859 3407 3913 Tu
3428 3871 3519 3919 es,
3552 3855 3798 3917 Domine,

2223 3962 2313 4032 qui
2343 3960 2589 4016 restitues
2635 3957 2761 4010 mihi
2811 3954 3173 4008 lit-reditatetu
3214 3963 3408 4003 meatu.
3450 3944 3597 3999 Vers.
3622 3944 3801 3997 Domi-

2226 4069 2323 4109 nus
2356 4068 2474 4121 pars
2508 4047 2831 4104 hereditatis
2859 4061 3011 4109 mete,
3047 4054 3093 4097 et
3119 4042 3319 4098 Gloria.
3353 4040 3377 4093 Ι
3388 4048 3486 4091 tem
3511 4037 3619 4090 alia
3647 4036 3801 4089 Anti-

2227 4148 2419 4216 phona,
2472 4145 2597 4199 llaec
2638 4153 2720 4197 est
2749 4142 3040 4211 generatio,
3071 4150 3116 4192 et
3147 4137 3346 4193 Gloria.
3399 4134 3527 4187 Item
3557 4132 3665 4185 alia
3696 4133 3802 4186 An-

2229 4238 2465 4310 tipﬁona,
2502 4236 2597 4289 llic
2619 4235 2847 4302 accipiet
2874 4230 3316 4286 benediCtionetn.

2298 4351 2477 4404 Oratio
2491 4357 2603 4414 post
2627 4346 2926 4400 tonsionem.
2947 4372 3017 4385 —
3041 4343 3261 4405 Prazsta,
3284 4338 3621 4403 omnipotens
3638 4333 3800 4396 Deus,

2230 4462 2354 4517 huic
2384 4460 2581 4515 famulo
2625 4468 2715 4511 tuo
2756 4456 2847 4508 ιιι.
2888 4466 3040 4521 cujus
3070 4450 3226 4503 hodie
3254 4447 3440 4513 capitis
3464 4454 3674 4497 comam
3704 4451 3804 4506 pro

548 4570 653 4622 que
681 4553 822 4607 inter
851 4554 949 4607 via:
980 4564 1034 4607 et
1059 4554 1183 4605 vita:
1207 4552 1363 4619 hujus
1383 4552 1667 4604 varietates
1688 4547 1924 4615 digneris
1946 4555 2118 4599 ευειυ-
2147 4539 2195 4598 D
2221 4556 2402 4609 divino
2446 4563 2630 4605 amore
2657 4546 2999 4615 deposuimus
3021 4580 3037 4603 ν
3067 4550 3127 4595 ιιι
3166 4541 3219 4592 in
3250 4547 3336 4590 [ua
3365 4533 3648 4589 dilectione
3676 4542 3803 4596 per-

550 4647 700 4709 dire,
725 4657 1022 4712 quatenus,
1058 4647 1367 4713 angelorum
1417 4653 1623 4695 tuorum
1656 4638 1903 4707 praesidio
1930 4637 2116 4701 fultus,

553 4737 940 4793 intercessione
993 4751 1205 4805 quoque
1259 4744 1565 4787 sanctorum
1606 4740 1814 4784 tuorum
1864 4727 2120 4794 munitus,

550 4844 581 4882 a
622 4828 829 4884 cunctis
869 4825 1284 4881 adversitatibus
1328 4833 1415 4876 tua
1465 4820 1808 4875 miseratione
1847 4817 2121 4881 defensus,

550 4919 896 4990 profectionis
922 4928 976 4972 et
1014 4916 1335 4972 reversionis
1376 4926 1487 4966 suae
1516 4910 1770 4964 felicitate
1800 4905 2019 4973 potitus,
2069 4915 2123 4959 et

553 5027 776 5083 compos
820 5012 1071 5066 reddatur
1092 5007 1360 5078 justorum
1391 5013 1675 5068 votorum,
1707 5008 1762 5052 et
1809 4998 1877 5052 de
1906 5011 2122 5052 suorum

553 5106 763 5160 laetetur
785 5103 1101 5159 remissione
1131 5109 1486 5168 peccatorum.
1518 5093 1617 5147 Per
1644 5090 1930 5146 Christum.

547 5220 792 5275 tritiones
830 5217 947 5288 ejus
987 5222 1264 5272 sanantem
1303 5208 1504 5279 jugiter
1548 5203 1856 5258 sentiamus.
1893 5201 1993 5253 Per
2023 5198 2127 5251 Do-

547 5308 848 5415 mstiti...
876 5355 1116 5418 —Deus,
1148 5351 1236 5422 qui
1261 5347 1487 5422 fundasti
1512 5357 1705 5400 terram
1737 5335 2123 5422 Superﬁstahili-

550 5407 729 5483 tatem
744 5407 913 5489 suam,
936 5407 1147 5492 suscipe
1160 5407 1456 5492 oblationes
1475 5425 1528 5469 et
1547 5429 1729 5492 preces
1746 5410 1921 5492 populi
1944 5407 2040 5492 tuin,
2062 5420 2124 5460 ac

551 5481 827 5555 trementis
849 5481 1009 5551 terra
1033 5481 1282 5561 periculis
1307 5490 1513 5556 penitus
1540 5481 1759 5561 amotis,
1791 5481 1983 5561 div-inae
2016 5486 2121 5529 tute

549 5547 1170 5624 iracundi-teterror'esin
1201 5547 1447 5615 humanae
1477 5555 1663 5610 salutis
1710 5547 1947 5605 remedia
1994 5562 2121 5600 con-

550 5648 720 5701 verte,
752 5648 811 5692 ut
839 5638 929 5707 qui
955 5632 1025 5707 de
1046 5644 1189 5707 terra
1218 5641 1342 5685 sunt
1367 5627 1499 5683 etin
1532 5626 2114 5707 terramir‘eve‘rtentgr,

551 5686 817 5773 iiit'tiéaiti
843 5686 929 5761 13o
963 5686 1292 5760 fietii‘sancta
1328 5697 1677 5755 conversione
1717 5690 1986 5747 ccclestes.
2022 5686 2124 5742 Per

554 5780 831 5853 Daunum
842 5816 856 5832 .

2224 4655 2383 4718 petuo
2427 4650 2638 4696 maneat
2674 4647 2727 4693 et
2773 4652 2896 4690 eum
2942 4635 3058 4688 sine
3100 4628 3303 4685 macula
3333 4627 3387 4680 in
3412 4623 3799 4692 sempiternum

2222 4736 2509 4792 custodias.
2553 4733 2651 4786 Per
2681 4730 2985 4783 Dominum.

2230 4827 2497 4880 Orationes
2524 4833 2569 4876 et
2595 4836 2762 4885 preces
2789 4831 2939 4882 super
2969 4811 3116 4883 (661)
3148 4811 3462 4885 penitentem
3489 4811 3513 4838 α
3542 4800 3799 4867 conﬁten-

2604 4901 2702 4944 tem
2733 4878 2936 4957 peccata
2963 4878 3057 4937 sua
3082 4878 3219 4933 mare
3245 4878 3419 4932 solito.

2299 4982 2452 5058 (662)
2483 4980 2726 5045 Exaudi,
2758 4976 2981 5031 Domine
3004 5015 3020 5038 ,
3070 4984 3256 5041 preces
3302 4973 3510 5022 nostras
3534 5004 3550 5030 ,
3589 4967 3660 5058 .et
3705 4957 3802 5013 tibi

2229 5050 2592 5136 conﬁtentium
2619 5084 2777 5141 parce
2798 5065 3050 5137 peccatis,
3077 5070 3135 5116 ut
3159 5074 3291 5130 quos
3314 5050 3653 5113 conscientias
3685 5063 3803 5104 rea-

2303 5188 2740 5245 Postcommunio.
2770 5211 2841 5224 —
2860 5183 3036 5237 Tuere
3056 5192 3176 5242 nos,
3198 5174 3439 5233 Domine,
3470 5180 3796 5251 qtttesnmus,

2236 5241 2327 5317 tua
2351 5241 2532 5313 sancta
2579 5266 2874 5315 sumentes,
2917 5260 2973 5305 et
3012 5241 3230 5308 terram,
3260 5258 3416 5311 quam
3445 5241 3675 5317 vidimus
3706 5250 3802 5289 no-

2230 5306 3098 5396 sirisviniq'uitatibustremeotem,
3128 5306 3361 5396 superno
3380 5306 3793 5396 tnuncre‘lir‘mla,

2231 5376 3169 5462 nio-rta'l—iutﬁti‘cordacognoscant
3196 5376 3224 5437 a
3256 5394 3305 5437 te
3336 5383 3645 5462 indigna'ute
3677 5376 3800 5462 ta‘Iia

2232 5444 2811 5536 ﬁééét‘iﬁié’d‘tré"éf
2836 5471 2886 5515 te
2913 5444 3217 5514 ciniscrante
3264 5444 3500 5509 cessare.
3549 5445 3652 5500 Per
3698 5444 3797 5498 Dec

2266 5555 2453 5590 illlllﬂl.

2266 5560 2269 5563 “
2382 5557 2453 5590 Ill.

2230 5557 2544 5662 ἰ”ίύθίιιιιω
2588 5602 2937 5659 con'essionis
2984 5595 3227 5651 formula:
3274 5609 3302 5645 a
3354 5586 3665 5662 nobis_olir_n
3691 5581 3793 5662 col:

2229 5655 2542 5747 nactast“
2573 5655 2796 5747 ιῐσὶέὲιὶέιμ
2846 5673 2899 5747 it!
2954 5677 3111 5747 ιςθειο
3158 5665 3359 5720 (ἰδυῖα)
3397 5655 3797 5747 ,άίέἱοτὶζξξξ-ὲῖ

2232 5722 2400 5821 Erit},
2574 5722 2814 5813 viain—vi,
2842 5722 2927 5797 ᾗ).
2976 5741 3214 5808 Magnam
3239 5748 3365 5788 vero
3396 5730 3558 5785 fuisse
3586 5722 3712 5780 olim
3738 5722 3802 5775 liv
