3988 6304
161 343 259 395 Elii

1313 306 1518 363 LIBER
1559 303 2185 363 SACRAMENTORUM.

3289 304 3393 359 2M

153 454 232 495 ωε
260 441 475 489 accuSat
500 470 516 490 ,
566 422 880 500 Indulgentia
920 429 1023 475 tua:
1063 418 1419 475 miserationis
1448 419 1708 474 absolvat.
1740 421 1785 479 Α
1816 426 1974 469 talem
2003 425 2169 475 tuam,
2210 425 2537 481 quaesumus,
2587 409 2846 475 Domine,
2891 410 3046 477 hujus
3094 410 3275 466 famuli
3321 417 3393 467 tui

152 529 243 582 Per
271 520 572 576 Dominum.

214 612 368 685 214
423 610 566 663 Αίδαο
607 637 675 648 -
711 605 860 676 (665)
913 604 1207 658 Prreveniat
1261 603 1401 657 hunc
1458 602 1711 657 famulum

148 714 305 765 luunt,
335 713 660 768 quaesumus,
705 697 947 758 Domine,
979 695 1343 749 misericordia
1371 703 1482 759 tua,
1514 703 1567 747 ut
1590 710 1710 746 orn-

147 790 566 860 nes'iniquitates
587 789 700 856 ejus
722 787 886 839 celeri
914 784 1239 853 indulgentia
1263 785 1558 838 deleantur.
1586 783 1707 836 Per.

209 884 342 935 'Alia.
364 878 611 947 -(664)
660 877 861 931 Adesto
886 916 900 939 ,
936 875 1194 937 Domine,
1236 873 1712 942 supplicationibus

146 972 370 1034 nostris,
419 982 522 1021 nec
570 967 636 1020 sit
672 966 739 1019 ab
780 964 881 1019 hoc
920 965 1116 1017 famqu
1152 972 1242 1017 tuo
1278 963 1578 1017 clementia:
1610 972 1711 1015 tum

151 1060 422 1127 longinqua
451 1055 745 1109 miseratio.
788 1054 927 1109 Sana
960 1055 1175 1107 vulnera
1198 1097 1213 1121 ,
1244 1054 1464 1122 ejusque
1501 1054 1711 1107 remitte

148 1155 363 1214 peccata,
414 1154 494 1207 ut,
548 1143 705 1196 nullis
736 1157 765 1196 a
806 1150 857 1195 te
887 1141 1251 1210 iniquitatibus
1276 1152 1585 1210 separatus,
1616 1144 1708 1197 tibi

149 1239 357 1291 Domino
386 1252 601 1299 semper
626 1236 798 1287 valeat
824 1234 1121 1288 adltmret'e.
1155 1235 1277 1288 Per.

206 1326 333 1377 Alia.
355 1354 420 1362 —
450 1322 601 1391 (6b5)
634 1322 854 1375 Domine
897 1322 1037 1376 Deus
1076 1334 1276 1389 noster,
1329 1323 1480 1393 (666)
1507 1326 1593 1393 qui
1626 1326 1709 1378 of-

144 1416 371 1468 fensione
400 1423 587 1465 nostra
617 1429 720 1465 non
752 1414 981 1466 vinceris
1006 1452 1019 1474 ,
1054 1412 1203 1482 (667)
1225 1414 1317 1467 sed
1348 1415 1711 1471 satisfactione

152 1503 361 1571 placaris
386 1543 402 1566 ,
436 1502 644 1568 reSpice
666 1541 683 1565 ,
711 1518 813 1569 qua
832 1518 1041 1567 sumus,
1074 1503 1141 1556 ad
1175 1507 1313 1556 hunc
1340 1502 1596 1558 famulum
1621 1507 1708 1573 qui

148 1609 199 1647 se
222 1592 307 1647 tibi
352 1606 605 1660 peccasse
645 1593 877 1661 graviter
904 1595 1209 1650 confitetur.
1250 1595 1421 1649 Tuum
1453 1607 1535 1651 est
1561 1599 1710 1651 abin-

147 1683 320 1735 tionem
363 1682 653 1735 criminum
685 1684 812 1736 dare
838 1724 852 1746 ,
882 1693 936 1738 et
959 1686 1166 1739 veniam
1196 1694 1453 1754 praestare
1483 1701 1706 1755 peccan-

1818 506 2113 577 lacrymosa
2135 503 2380 571 suspiria.
2408 504 2486 555 'fu
2504 500 2621 572 ejus
2652 502 2864 556 medere
2895 502 3395 574 vulneribus,215

1818 611 1870 651 tu
1898 597 2091 665 iacenti
2118 610 2330 649 manum
2364 596 2574 663 porrige
2601 594 2909 656 salutarent,
2945 610 3010 648 ne
3037 594 3271 649 Ecclesia
3305 606 3391 649 tua

1815 689 1988 756 aliqua
2037 688 2116 740 sui
2163 687 2403 753 corporis
2436 685 2676 753 portione
2718 696 2973 749 vastetur,
3018 700 3085 741 ne
3112 701 3239 753 grex
3274 697 3395 741 tuus

1814 782 2190 836 detrimentum
2238 779 2539 844 sustineat,
2585 795 2651 834 ne
2688 780 2753 832 de
2796 780 3007 834 familiae
3054 790 3159 834 tuae
3200 780 3396 836 damno

1818 871 2067 925 inimicus
2090 871 2353 937 exsultet,
2389 886 2456 925 ne
2490 882 2733 925 renatum
2760 872 2974 927 lavacro
3003 874 3221 928 salutari
3255 891 3399 929 mors

1812 964 2054 1016 secunda
2108 962 2397 1030 possideat.
2457 963 2573 1015 Tibi
2616 978 2775 1030 ergo,
2819 966 3082 1029 Domine,
3129 965 3398 1033 supplices

1813 1068 2021 1121 preces,
2055 1053 2147 1105 tibi
2180 1052 2359 1105 ﬂetum
2392 1053 2569 1106 cordis
2591 1053 2933 1120 effundimus,
2968 1064 3020 1108 tu
3045 1071 3202 1124 parce
3230 1060 3400 1110 conli-

1812 1144 1965 1207 tenti,
1999 1152 2055 1197 ut
2095 1141 2173 1196 sic
2218 1142 2270 1195 in
2303 1144 2402 1196 hac
2431 1144 2750 1196 mortalitate
2778 1155 2994 1212 precata
3022 1161 3140 1210 sua,
3166 1155 3217 1199 te
3246 1147 3395 1215 adju-

1814 1245 1997 1300 vante,
2030 1236 2264 1299 deﬂeat,
2314 1234 2538 1303 qualiter
2580 1235 2631 1288 in
2657 1235 2917 1288 tremendi
2944 1235 3131 1301 judicii
3159 1237 3246 1291 die
3275 1251 3397 1291 sen-

1813 1326 2029 1377 tentiam
2058 1323 2415 1377 damnationis
2440 1330 2653 1378 aeterna:
2690 1323 2905 1384 evadat;
2949 1333 3003 1376 et
3027 1325 3226 1378 nesciat
3255 1327 3393 1391 quod

1812 1422 1978 1469 terret
2004 1415 2054 1467 in
2082 1414 2338 1477 tenebris,
2368 1414 2506 1482 quod
2534 1414 2727 1467 stritlet
2754 1412 2805 1466 iu
2835 1411 3061 1467 ﬂammis
3087 1453 3102 1477 ,
3131 1424 3310 1483 atque,
3328 1417 3396 1469 ab

1809 1506 2009 1560 erroris
2032 1506 2113 1559 via
2139 1504 2205 1557 ad
2230 1504 2334 1557 iter
2354 1520 2602 1559 reversus
2622 1504 2868 1573 justitiaa,
2901 1519 3229 1573 nequaquam
3260 1506 3393 1559 ultra

1811 1595 2122 1650 vulneribus
2150 1598 2449 1661 saucietur,
2482 1597 2577 1651 sed
2610 1597 2873 1665 integrum
2905 1598 2974 1650 sit
2999 1596 3048 1651 ei
3076 1606 3234 1664 atque
3264 1612 3391 1665 per-

1809 1698 2027 1756 petuum
2053 1729 2068 1753 ,
2102 1699 2155 1741 et
2201 1691 2342 1756 quod
2371 1688 2538 1757 gratia
2572 1697 2658 1743 tua
2687 1689 2944 1753 contulit,
2974 1692 3188 1757 etquod
3220 1689 3392 1743 mise-

146 1771 270 1825 tibus
290 1811 304 1835 ,
331 1772 416 1838 qui
465 1771 653 1825 dixisti
686 1773 1052 1840 paenitentiam
1103 1785 1154 1829 te
1184 1776 1342 1829 malle
1369 1786 1704 1843 peccatorum
1738 1773 1783 1831 Β
1810 1777 2032 1832 ricordia
2061 1777 2383 1835 reformavit.
2428 1779 2533 1834 Per
2567 1780 2813 1836 eumdem
2845 1779 3123 1834 Dominum
3153 1789 3394 1834 nostrum

145 1877 282 1929 quam
328 1870 578 1916 mortem.
642 1862 886 1918 Concede
925 1880 1053 1934 ergo
1079 1904 1093 1927 ,
1128 1866 1373 1933 Domine,
1422 1868 1521 1923 hoc
1552 1870 1702 1940 (b68)

146 1963 189 2005 ut
218 1952 301 2005 tibi
340 1954 675 2021 pcenitent'a:
718 1954 970 2008 excubias
1017 1958 1291 2021 celebret,
1343 1967 1399 2012 et
1451 1964 1708 2018 correctis

143 2044 326 2097 actibus
369 2044 480 2097 suis
506 2086 522 2107 ,
574 2045 809 2100 conferri
852 2046 951 2100 sibi
1000 2064 1026 2099 a
1079 2056 1132 2104 te
1171 2052 1493 2117 sempiterna
1520 2054 1709 2123 gaudia

144 2134 425 2201 gratuletur.
458 2134 583 2186 Per.

202 2225 329 2276 Atia.
349 2254 417 2263 —
437 2223 597 2295 (669)
646 2226 863 2293 Precor,
896 2227 1149 2293 Domine,
1192 2228 1340 2301 (670)
1370 2233 1705 2288 clementiam

150 2324 237 2366 tua:
262 2315 549 2383 Majestatis
578 2331 645 2370 ac
690 2318 922 2372 nominis
949 2359 966 2384 ,
1003 2328 1057 2372 ut
1087 2320 1210 2375 huic
1239 2322 1438 2379 famulo
1467 2337 1555 2378 tuo
1587 2342 1709 2395 pee-

148 2414 245 2456 eala
272 2415 317 2457 et
345 2404 583 2459 facinora
616 2421 711 2460 sua
742 2408 1021 2463 confitenti
1057 2411 1261 2465 veniam
1292 2413 1454 2479 dare,
1487 2426 1539 2469 et
1568 2431 1709 2486 pra:-

151 2497 391 2549 teritorum
443 2499 734 2552 criminum
781 2500 957 2554 debita
1010 2504 1253 2559 relaxare
1298 2506 1565 2574 digneris,
1616 2510 1704 2578 qui

157 2586 361 2638 humeris
402 2587 490 2640 filii
545 2590 623 2641 tui
672 2604 823 2643 ovem
878 2591 1136 2658 perditam
1169 2594 1425 2651 reduxisti
1457 2598 1607 2669 (671)
1638 2602 1704 2655 ad

151 2675 336 2738 caulas;
384 2676 533 2745 (672;
567 2680 659 2748 qui
696 2681 957 2748 publicani
989 2684 1233 2751 precibus
1259 2687 1343 2740 vel
1372 2689 1706 2746 confessione

154 2764 359 2827 placatus
386 2782 465 2821 es.
509 2768 592 2822 Tu
638 2774 797 2825 etiam
827 2811 842 2837 ,
870 2772 1093 2829 Domine
1118 2816 1134 2839 ,
1161 2787 1212 2831 et
1237 2778 1360 2833 huic
1390 2779 1587 2835 famulo
1612 2790 1704 2837 tuo

148 2855 346 2921 placate,
380 2864 432 2910 tu
472 2858 599 2927 rjus
637 2862 883 2927 precibus
914 2864 1170 2933 benignus
1198 2868 1346 2938 (675)
1378 2871 1591 2937 assiste,
1621 2882 1700 2939 ut,

146 2944 189 2997 in
211 2946 526 3002 confessione
588 2950 749 3004 ﬂebili
804 2952 952 3023 (674)
985 2970 1332 3023 permanens,
1363 2961 1700 3016 clementiam

146 3043 266 3087 tuam
294 3038 533 3092 celeriter
570 3050 782 3107 exoret,
805 3053 854 3096 et
874 3083 887 3107 ,
922 3044 1074 3115 (675)
1101 3050 1299 3104 sanctis
1328 3050 1583 3106 altaribus
1612 3069 1698 3109 re-

1809 1865 1990 1920 Jesum

2061 1979 2224 2033 Missa
2249 1981 2402 2052 (680)
2433 1991 2459 2018 ⁸
2487 1998 2582 2051 pro
2614 1983 2850 2050 episcOpo
2877 1983 3136 2050 defuncto.

1880 2093 1956 2146 Da
1988 2095 2165 2162 nobis,
2200 2098 2443 2161 Domine,
2478 2104 2535 2149 ut
2560 2103 2788 2149 animam
2820 2098 3000 2149 famuli
3030 2097 3104 2148 tui
3135 2094 3225 2148 Ill.
3251 2108 3393 2161 epis-

1807 2183 1968 2253 copi,
2010 2200 2170 2253 quam
2219 2186 2287 2240 de
2335 2185 2513 2239 surculi
2561 2186 2745 2241 educis
2774 2187 3041 2240 laborioso
3071 2188 3388 2249 certamine,

1810 2274 2113 2332 sanctorum
2166 2290 2372 2331 tuorum
2422 2278 2582 2332 etetui
2635 2278 2834 2332 tribuas
2890 2292 3009 2333 esse
3063 2283 3389 2331 consortem.

1812 2376 1927 2429 t‘er.

1878 2462 2048 2531 Super
2069 2462 2257 2517 oblata.
2282 2491 2349 2505 --
2372 2461 2562 2515 Annne
2608 2460 2791 2522 nobis,
2829 2460 3079 2525 Domine,
3110 2466 3165 2510 ut
3196 2456 3391 2510 anima:

1804 2549 1987 2606 famuli
2018 2554 2088 2606 tui
2120 2550 2205 2605 Ill.
2240 2550 2475 2621 episcopi
2506 2550 2619 2605 hare
2643 2549 2809 2617 prosit
2836 2547 3070 2615 oblatio,
3099 2563 3256 2615 quam
3288 2546 3390 2599 im-

1812 2640 2085 2708 molando,
2116 2641 2277 2695 totius
2300 2640 2480 2693 mundi
2511 2638 2736 2692 tribuisti
2768 2636 2994 2691 relaxari
3025 2636 3236 2690 delicta.
3284 2634 3387 2689 Per

1807 2734 2090 2788 Dominum
2119 2744 2382 2788 nostrum.

1878 2840 2027 2909 Infra
2066 2843 2334 2895 actionem.
2363 2842 2604 2896 —llanc
2647 2842 2802 2911 igitur
2840 2843 3192 2905 oblationem,
3226 2854 3385 2908 quam

1802 2932 1894 2985 tibi
1922 2932 2195 2985 offerimus
2224 2948 2319 3001 pro
2368 2932 2875 2987 commemoratione
2902 2932 3249 2999 depositionis
3272 2930 3388 2984 ani-

1802 3038 1902 3077 mze
1946 3022 2120 3076 famuli
2168 3024 2242 3077 tni
2275 3022 2365 3076 Ill.
2424 3022 2696 3093 episcopi,
2748 3038 3085 3092 quaesumus,
3120 3017 3340 3076 Domine
3369 3062 3386 3085 ,

145 3125 348 3191 saturus,
376 3129 487 3195 spei
520 3145 715 3185 rursus
745 3112 963 3187 aeternae
992 3112 1294 3193 et'cualesti
1337 3140 1521 3211 gloria:
1553 3143 1699 3214 (67g)
1728 3125 1774 3187 (ζ
1806 3124 1861 3167 ut
1912 3114 2145 3181 placatus
2203 3115 2459 3180 accipias;
2514 3125 2566 3170 et
2619 3130 2775 3182 quem
2822 3116 2871 3167 in
2914 3128 3137 3180 corpore
3181 3112 3383 3167 consti-

147 3220 444 3274 reformetur.
476 3221 594 3277 Per
616 3224 861 3279 eumdem
890 3226 1172 3282 Dominum
1202 3242 1460 3287 nostrum.

233 3328 368 3399 (εἰῖῖ)
393 3332 671 3387 Orationes
700 3336 768 3387 ad
800 3338 1229 3393 reconciliandam
1256 3344 1592 3409 paenitentem.

204 3438 337 3508 (67s)
364 3442 569 3497 Adesto
592 3483 608 3508 ,
652 3444 875 3500 Domine
899 3488 915 3513 ,
970 3450 1438 3518 supplicationibus
1481 3454 1696 3519 nostris,

145 3534 311 3591 etme,
342 3533 426 3599 qui
475 3536 647 3589 etiam
697 3536 1057 3592 misericmdia
1085 3552 1168 3594 tua
1218 3544 1418 3608 primus
1462 3544 1696 3615 indigeo,

146 3620 403 3676 clementer
449 3626 687 3693 exaudi;
739 3637 791 3682 et
839 3644 996 3698 quem
1047 3647 1151 3686 non
1197 3633 1456 3690 electione
1480 3638 1696 3702 meriti,

144 3710 218 3763 sed
244 3710 371 3768 dono
409 3718 603 3785 gratia:
656 3728 757 3771 ture
785 3722 1106 3775 constituisti
1150 3723 1327 3792 operis
1356 3725 1515 3795 hujus
1541 3728 1700 3781 mini-

145 3812 306 3864 szrum,
335 3800 399 3855 da
438 3805 698 3861 fiduciam
728 3808 803 3861 tui
835 3812 1071 3865 muneris
1100 3816 1427 3884 exsequendi
1454 3857 1469 3882 ,
1503 3830 1551 3872 et
1587 3820 1699 3887 ipse

144 3888 184 3940 iu
209 3903 375 3947 nostro
416 3896 722 3951 ministerio
768 3899 908 3967 quod
943 3910 1043 3954 tuae
1084 3906 1296 3971 petatis
1339 3915 1422 3960 est
1452 3922 1693 3976 operare.

145 3977 225 4033 Per
248 3982 537 4039 Dominum.

197 4072 315 4125 Atia.
338 4102 403 4113 —
428 4073 584 4147 (673)
628 4077 823 4134 Przesta
848 4122 862 4146 ,
896 4096 1201 4150 qumsumus
1228 4125 1242 4148 ,
1279 4087 1503 4141 Domine
1527 4131 1539 4153 ,
1576 4092 1696 4146 huic

144 4158 313 4216 famulo
342 4173 432 4219 tuo
455 4168 680 4237 dignum
715 4172 1041 4238 ptenitentia:
1083 4174 1330 4239 fructum,
1365 4188 1422 4231 ut
1444 4181 1696 4236 Ecclesia:

145 4260 229 4305 tua:
262 4268 450 4312 sanctae
501 4276 531 4312 a
581 4260 731 4327 cujus
774 4266 1075 4333 integritate
1122 4265 1360 4321 deviarat
1405 4273 1692 4338 peccando,

145 4342 461 4401 adiutissorum
490 4351 751 4405 reddatur
782 4354 1030 4410 innoxius
1063 4358 1267 4412 veniam
1298 4363 1693 4431 consequendo.

147 4434 226 4489 l‘er
251 4438 525 4497 Dominum
554 4454 819 4499 nostrum.

203 4526 317 4580 Item
339 4532 460 4585 alia.
506 4563 581 4574 —
620 4536 762 4589 Deus
788 4578 802 4601 ,
836 4536 1050 4591 humani
1078 4540 1288 4606 generis
1314 4541 1690 4612 benignissime

146 4618 383 4686 conditor,
412 4633 467 4677 et
492 4625 997 4683 misericordissime
1040 4629 1380 4699 reformator,
1408 4636 1494 4703 qui
1522 4636 1691 4692 homi-

144 4723 242 4762 nem
286 4711 475 4769 invidia
534 4717 734 4771 diaboli
786 4718 854 4772 ab
896 4719 1193 4775 aeternitate
1242 4722 1506 4792 dejectttm
1547 4730 1686 4783 unici

126 4799 241 4887 ,‘Filii
268 4806 335 4859 tui
374 4809 635 4878 sanguine
669 4810 966 4877 redemisti,
998 4814 1207 4869 vivifica
1236 4816 1375 4870 hunc
1413 4816 1686 4882 famulum,

143 4907 275 4959 quem
304 4898 393 4952 tibi
434 4901 739 4956 nullatenus
768 4905 905 4958 mori
934 4905 1237 4971 desideras,
1266 4919 1319 4962 et
1346 4908 1434 4976 qui
1465 4924 1569 4963 non
1600 4911 1689 4964 de-

144 4985 368 5054 relinquis
392 4990 605 5046 devium
630 5034 646 5059 ,
674 5009 888 5052 assume
929 5007 1252 5053 correctum.
1290 4998 1537 5055 Mei-eant
1572 5008 1686 5069 pie-

140 5140 329 5228 llforum
359 5152 800 5228 penitentialium
823 5159 1052 5223 copiam,
1088 5161 1277 5228 quibus
1303 5173 1355 5215 et
1383 5161 1684 5216 confessio-

142 5220 694 5298 nts.et.absolutionis
728 5220 1117 5298 sacerdotalis
1150 5233 1286 5286 ritus
1336 5231 1678 5298 docerentur,

142 5284 452 5372 probavimus
486 5295 798 5372 PHIESt‘l-‘liln.
838 5312 957 5364 cap.
989 5297 1079 5352 21.
1140 5284 1681 5372 Q’usthpi'ur'iithE

144 5361 229 5437 una
266 5355 512 5437 Ordines:
541 5364 605 5416 ad
661 5355 1679 5437 dandam'pmnitentiamtreconcilian-

140 5418 316 5508 flosque
362 5430 714 5508 pmnitentes,
756 5418 789 5508 εἰ
826 5418 1019 5492 mist
1425 5418 1679 5498 'néi'iéii'e

140 5492 523 5582 {speciosum
556 5492 889 5582 de_An_tiq_uis
926 5492 1414 5572 scci’eafe’n‘.in;g.
1440 5492 1678 5567 sanati;

143 5572 432 5651 νδξίθέᾼεὲβι
460 5573 768 5651 (δε-ξιτικιξτο
790 5572 843 5651 7,
873 5583 1149 5651 consulere
1169 5583 1294 5635 licet
1320 5582 1363 5636 si
1396 5583 1573 5636 libeat.

161 5632 446 5719 ίᾼξξὲιῖροίεη
476 5639 671 5719 ,μῆρε
706 5632 895 5719 legitur
941 5649 992 5702 in
1057 5632 1686 5710 bid:illiain—eIIvconsen-

143 5704 281 5755 uente
308 5704 437 5760 Cod.
476 5707 607 5780 Reg.
640 5713 697 5765 S.
720 5704 856 5779 ,ltbi
888 5719 1137 5775 mendosa
1170 5704 1274 5777 non
1300 5704 1378 5778 est
1411 5704 1685 5779 lidiit.lcc«

1720 4496 1773 4555 D

1806 3214 1975 3258 tutum
2029 3205 2172 3258 St‘dls
2218 3206 2524 3273 apostolica:
2571 3206 2930 3274 gubernaculo
2981 3218 3212 3273 prmesse
3290 3218 3386 3255 vo-

1805 3293 1989 3361 luisti,
2019 3295 2070 3347 in
2103 3294 2393 3348 electorum
2427 3302 2636 3349 tuorum
2670 3309 2892 3349 numero
2918 3295 3181 3348 constitue
3210 3308 3386 3348 sacer-

1800 3385 1981 3439 dotum
2003 3401 2018 3451 ;
2042 3384 2264 3454 diesque
2294 3395 2527 3440 nostros.

1878 3493 2044 3561 Super
2073 3494 2335 3565 diptyc/ta.
2358 3525 2428 3535 —
2450 3495 2712 3551 Memento
2729 3496 2886 3550 etiam
2905 3536 2921 3562 ,
2951 3493 3193 3561 Domine,
3219 3490 3411 3547 famu-”

1802 3590 1970 3641 lorum
2018 3596 2227 3641 tuorum
2268 3588 2395 3655 lll.,
2440 3590 2531 3659 qui
2582 3604 2678 3645 nos
2722 3599 3143 3658 przecesserunt,
3174 3597 3229 3643 et
3257 3590 3382 3642 dor-

1800 3678 1972 3732 miunt
1996 3679 2049 3734 in
2080 3695 2269 3734 somno
2298 3678 2463 3750 pacis.

1876 3785 2025 3852 (681)
2049 3784 2180 3839 Item
2211 3798 2323 3857 post
2351 3788 2631 3842 lectionem.
2653 3816 2724 3828 —
2743 3786 2885 3849 lstis,
2918 3785 3161 3849 Domine,
3195 3792 3246 3838 et
3273 3799 3386 3837 om-

1800 3878 1954 3931 nibus
1978 3877 2027 3930 in
2077 3876 2293 3932 Christo
2332 3880 2751 3947 quiescentibus,
2785 3880 2961 3933 locum
2993 3877 3271 3947 refrigerii,
3306 3878 3385 3931 lu-

1798 3966 1876 4022 cis
1904 3976 1959 4021 ct
1990 3970 2135 4035 pacis
2168 3969 2549 4038 indulgentiam
2571 3970 2937 4038 deprecamur.
2968 3971 3067 4023 Per
3088 3970 3379 4024 Christum.

1871 4058 1949 4109 Ad
1978 4056 2367 4123 Complendum.
2389 4088 2458 4097 —
2478 4058 2568 4111 His
2595 4059 2869 4112 sacrificiis
2885 4099 2899 4122 ,
2922 4072 3247 4125 quiesutnus,
3267 4072 3383 4111 orn-

1804 4147 2051 4215 nipotens
2098 4148 2272 4211 Deus,
2318 4161 2532 4216 purgata
2577 4150 2754 4201 anima
2797 4148 2977 4202 famuli
3010 4152 3082 4202 tui
3114 4148 3207 4202 Ill.
3240 4149 3382 4215 epis-

1801 4237 1920 4299 c0pi
1960 4238 2026 4289 ad
2084 4236 2461 4304 indulgentiam
2512 4246 2568 4294 et
2614 4236 2949 4308 refrigerium
2991 4239 3375 4308 sempiternum

1800 4328 2083 4396 pervenire
2114 4337 2399 4382 mereatur.

2096 4441 2225 4496 Item
2256 4441 2418 4496 Missa
2442 4458 2536 4513 pro
2555 4446 2788 4513 episcopo
2819 4444 3074 4515 defuncto.

1869 4553 2011 4607 Deus
2036 4595 2052 4619 ,
2101 4551 2188 4620 qui
2220 4552 2360 4606 inter
2402 4555 2727 4621 apostolicos
2766 4554 3075 4608 sacerdotes
3119 4553 3373 4611 famulum

1795 4655 1938 4699 tuum
1970 4644 2059 4698 lll.
2103 4645 2406 4713 episcopum
2437 4645 2641 4699 censeri
2677 4642 2887 4710 fecisti,
2949 4653 3174 4712 praesta,
3230 4662 3375 4715 qua:-

1792 4749 1978 4789 sumns
2001 4775 2015 4800 ,
2053 4743 2110 4789 ut
2142 4750 2366 4804 quorum
2416 4736 2589 4791 vicem
2634 4736 2849 4805 gerebat
2875 4735 2939 4790 ad
2973 4737 3155 4790 horam
3183 4736 3233 4790 in
3267 4748 3375 4791 ter-

1794 4828 1886 4891 ris,
1919 4841 2102 4881 eorum
2139 4837 2395 4894 perpetuo
2417 4828 2692 4880 consortio
2723 4830 2927 4880 laetetur
2959 4828 3010 4880 in
3040 4826 3209 4881 caelis.
3253 4827 3372 4881 Per.

1866 4919 2039 4988 Super
2066 4918 2465 4972 oblata.—Ha-c
2489 4919 2711 4984 oblatio,
2744 4919 2998 4981 Domine,
3042 4934 3371 4987 qumsumns,

1796 5010 2026 5063 animam
2064 5007 2249 5063 famuli
2291 5010 2365 5063 tui
2407 5007 2502 5062 Ill.
2536 5009 2771 5078 episcopi
2812 5009 3061 5063 omnibus
3109 5008 3247 5063 vitiis
3277 5009 3375 5063 hu-

1790 5168 1886 5231 tio,
1911 5170 2047 5236 quod
2090 5185 2220 5225 sane
2265 5184 2408 5239 saepe
2446 5170 2722 5239 contingit.
2763 5170 2849 5224 Sic
2882 5170 2932 5223 in
2965 5170 3113 5224 Orat.
3146 5184 3263 5238 quae
3288 5185 3371 5224 se-

1792 5239 1995 5310 quitur,
2030 5240 2226 5310 legitur
2245 5241 2381 5306 apud
2411 5240 2610 5310 Pamel.
2637 5241 2883 5304 educens,
2919 5255 3012 5305 pro
3043 5241 3253 5304 educis,
3287 5242 3368 5295 vel

1788 5309 2030 5375 eduxixti,
2062 5308 2120 5363 ut
2152 5310 2309 5364 habet
2347 5308 2481 5362 Cod.
2514 5309 2644 5376 Reg.
2669 5310 2727 5363 S.
2757 5311 2927 5376 Supra
2948 5351 2962 5371 ,
2988 5311 3036 5362 in
3065 5310 3215 5363 Orat.
3246 5310 3369 5363 ulti-

1788 5394 1870 5430 ma
1898 5381 1965 5430 ad
1991 5396 2123 5432 mor.
2154 5380 2476 5440 animalium,
2503 5378 2592 5431 ubi
2624 5381 2832 5446 legitur,
2859 5380 3038 5431 utsine
3061 5378 3239 5447 quibus
3264 5396 3368 5433 non

1787 5450 1997 5502 trahetur
2027 5451 2170 5503 Itum.
2204 5449 2450 5511 conditio,
2480 5448 2759 5502 deficiente
2789 5463 2968 5513 sensu,
2998 5460 3252 5516 scriptum
3285 5460 3365 5506 est

1786 5521 1986 5585 optime
2013 5521 2223 5588 quidem
2262 5536 2276 5572 :
2309 5519 2516 5588 utrisine
2542 5519 2722 5587 quibus
2748 5536 2849 5572 non
2870 5521 3027 5571 alitur
3054 5520 3224 5579 ltum.,
3257 5529 3361 5574 etc.

1791 5587 1846 5642 ln
1876 5592 2040 5644 veteri
2072 5591 2314 5645 Sacram.
2363 5587 2479 5642 Gal.
2526 5597 2701 5642 exstat
2745 5605 2846 5642 una
2882 5589 3037 5653 Missa
3068 5590 3120 5642 in
3152 5589 3362 5657 deposi-

1791 5660 1934 5713 tione
1957 5661 2251 5717 sacerdotis
2276 5702 2290 5728 ,
2336 5667 2389 5713 et
2416 5659 2582 5715 altera
2609 5672 2705 5727 pro
2731 5659 2997 5715 defunctis
3021 5659 3365 5729 quibustibet.
