3988 6296
614 291 721 347 “IIS

1824 308 2062 366 SAMJTI
2100 314 2417 372 GREGOllll
2461 323 2667 377 MAGNI

3756 344 3864 398 ΞΗ)

616 424 789 463 mante
833 413 1152 469 conil'tionis
1187 418 1459 482 absolvat,
1492 436 1607 487 quas
1647 423 1809 477 totius
1840 428 2023 480 mundi
2067 430 2184 482 tulit
2212 439 2257 491 Α
2289 434 2416 486 stias
2442 474 2457 498 ,
2506 449 2561 487 ut
2604 438 2905 504 pontiﬁcale
2945 439 3029 493 cui
3075 442 3284 499 donasti
3312 449 3580 516 meritum,
3609 451 3783 510 dones
3809 453 3863 513 et

614 516 773 556 etiam
804 507 1066 559 Immolala
1098 519 1391 575 peceatum.
1436 511 1553 566 Per.

604 862 782 914 Dens:
817 864 1022 919 devotis
1048 868 1381 924 clementiam
1416 883 1556 929 tuam
1589 880 1855 932 mentibus
1889 881 2174 937 obsecran-

601 960 680 1002 tes
708 993 721 1015 ,
760 961 815 1004 ut
857 954 1089 1008 animam
1137 957 1228 1012 Ill.
1281 963 1511 1031 episcopi
1550 966 1601 1019 in
1645 970 1934 1024 electorum
1965 974 2173 1028 tibimet

598 1043 906 1105 pontiﬁcum
937 1063 1159 1103 numero
1188 1052 1376 1118 jubeas
1418 1059 1710 1114 consistere
1740 1065 2081 1131 gaudentem,
2115 1078 2170 1121 ut

593 1132 681 1199 qui
716 1133 801 1186 hic
829 1142 921 1189 tuo
952 1152 1048 1204 pro
1077 1140 1154 1192 eis
1202 1144 1425 1211 supplex
1462 1147 1791 1204 descrvicbat
1838 1154 2018 1220 altari,
2051 1158 2160 1225 glo-

592 1222 731 1275 riosa
764 1225 870 1280 illic
900 1242 1021 1282 cum
1054 1232 1131 1283 eis
1162 1240 1244 1284 tua
1277 1238 1567 1303 gratuletur
1595 1248 1647 1293 et
1676 1239 1847 1297 laude.
1887 1244 1984 1299 Per
2009 1247 2163 1300 Chri—

590 1322 730 1366 stum
766 1316 1041 1372 Dominnm
1077 1333 1336 1378 nostrum.

660 1403 811 1472 Infra
838 1410 1108 1464 actionem.
1136 1441 1207 1453 —
1230 1414 1373 1470 lianc
1402 1417 1560 1486 igitur
1586 1421 1903 1475 obl-itionem
1937 1426 2162 1481 servitu-

590 1494 657 1548 tis
685 1506 901 1562 nostrm,
930 1516 1086 1569 quam
1116 1504 1208 1558 tibi
1234 1505 1505 1575 offerimus
1536 1524 1630 1577 pro
1657 1517 2156 1573 commemoratione

587 1585 778 1639 anima:
808 1587 991 1641 famuli
1025 1592 1098 1645 tui
1129 1591 1220 1645 Ill.
1250 1598 1515 1664 episc0pi,
1549 1615 1883 1667 quassumus,
1917 1603 2155 1671 Domine,

586 1674 823 1741 placatus
851 1680 1077 1748 accipias
1099 1723 1115 1747 ,
1164 1693 1218 1738 et
1249 1700 1369 1739 cum
1400 1690 1712 1755 praesulibus
1746 1695 2051 1759 apostolicae
2078 1696 2158 1750 di-

2289 522 2583 585 pracmium.
2628 524 2729 579 Per
2756 527 3059 583 Dominum.

2349 608 2429 659 Ad
2474 610 2858 680 Complendum.
2902 646 2973 657 —
3011 618 3201 675 Preces
3247 632 3496 691 nostras,
3527 642 3857 698 quaesumus,

2280 693 2522 764 Domine,
2555 715 2688 768 quas
2728 704 2777 756 in
2815 704 2999 761 famuli
3030 710 3100 763 tui
3133 709 3225 765 Ill.
3255 714 3490 782 episcopi
3519 693 3857 784 depositione

2276 785 2593 855 deferimus,
2624 795 2935 860 propitiatus
2964 801 3173 865 exaudi,
3209 813 3262 856 ut
3287 805 3375 873 qui
3405 808 3606 862 nomini
3636 818 3727 863 tuo
3756 816 3854 865 mi-

2276 877 2553 932 nisterium
2584 882 2740 938 ﬁdele
2771 885 3045 954 dependit,
3072 903 3321 961 perpetua
3350 907 3656 952 sanctorum
3682 902 3853 973 socie-

2277 975 2385 1022 tate
2415 969 2645 1026 lartetur.
2676 972 2778 1028 Per
2806 976 3109 1034 Dominum.

2652 1062 2811 1118 Missa
2838 1084 2929 1135 pro
2950 1070 3186 1139 episcopo
3207 1074 3464 1142 defuncto.

2343 1144 2502 1214 Deus,
2551 1151 2639 1219 qui
2686 1153 2825 1207 inter
2868 1158 3187 1222 apostolicos
3240 1167 3546 1221 sacerdotes
3594 1168 3843 1226 famulum

2271 1245 2416 1291 tuum
2443 1237 2535 1293 Ill.
2571 1244 2861 1310 pontiﬁcali
2895 1246 3063 1302 fecisti
3094 1251 3348 1320 dignitate
3376 1256 3590 1327 vigere,
3624 1274 3841 1329 praesta,

2266 1342 2596 1398 qumsumus,
2629 1341 2685 1387 ut
2713 1350 2896 1390 eorum
2925 1348 2979 1394 et
3003 1354 3255 1410 perpetuo
3285 1358 3602 1418 aggregetur
3622 1366 3839 1409 consor-

2266 1419 2359 1472 tio.
2401 1420 2503 1474 Per
2534 1422 2811 1479 Dominum
2850 1437 3110 1485 nostrum.

2334 1508 2505 1579 Super
2525 1512 2951 1571 obitum—[lam
2994 1519 3224 1585 oblatio,
3269 1521 3492 1578 Domine
3532 1526 3696 1589 Deus,
3730 1530 3839 1583 aui-

2264 1612 2402 1652 mam
2437 1601 2619 1655 famuli
2650 1604 2724 1658 tui
2752 1604 2844 1659 Ill.
2885 1608 2953 1663 ab
2993 1611 3240 1665 omnibus
3270 1613 3408 1668 vitiis
3436 1616 3684 1671 humanae
3710 1635 3835 1674 con-

2265 1687 2479 1742 ditionis
2503 1690 2751 1746 absolvat
2777 1734 2794 1761 ,
2827 1712 2945 1764 qua:
2988 1701 3149 1753 totius
3180 1702 3360 1755 mundi
3386 1702 3520 1758 tollit
3548 1705 3713 1759 etiam
3745 1708 3836 1761 itu-

584 1766 799 1833 gnitatis
825 1808 841 1833 ,
886 1785 1110 1836 quorum
1160 1785 1241 1829 est
1285 1789 1498 1832 secutus
1544 1780 1811 1848 ofﬁcium,
1843 1782 2038 1838 habere
2064 1787 2157 1839 tri-
2186 1792 2234 1852 Β
2264 1781 2457 1835 11101³18
2489 1797 2782 1849 Peccalllm-
2827 1788 2948 1843 Per-

586 1856 718 1910 buas
748 1863 1089 1928 sempiterna:
1124 1863 1462 1922 beatitudinis
1491 1872 1808 1937 portionem,
1838 1882 1996 1942 atque
2017 1876 2147 1931 inter

584 1949 771 2001 summi
819 1952 1047 2017 pastoris
1096 1954 1299 2011 efﬁcias
1345 1961 1611 2028 praecipua
1652 1964 1888 2018 membra
1916 1967 2152 2033 censeri;

580 2034 801 2103 diesque
830 2050 1060 2094 nostros.

651 2127 733 2178 Ad
760 2126 1146 2197 Complendum.
1184 2163 1254 2173 —
1276 2134 1351 2187 Da
1382 2138 1589 2191 veniam
1616 2181 1630 2203 ,
1661 2140 1881 2197 Domine
1904 2183 1920 2209 ,
1951 2158 2156 2213 quaesu-

578 2226 717 2276 mus,
746 2231 840 2284 per
867 2218 979 2272 lucc
1010 2232 1192 2275 sancta
1227 2228 1499 2293 mysteria,
1531 2229 1724 2284 anima:
1750 2234 1926 2286 famuli
1955 2235 2026 2287 tui
2057 2232 2151 2289 Ill.

575 2304 808 2374 episcOpi
840 2348 854 2373 ,
906 2318 963 2364 ut
1006 2328 1227 2368 occursu
1278 2332 1384 2371 non
1432 2327 1693 2375 terreatur
1733 2324 1907 2388 malo,
1939 2326 2032 2378 sed
2065 2336 2153 2378 tuo

579 2405 885 2464 protegalur
909 2403 1126 2458 auxilio.
1171 2406 1289 2460 Pcr.

641 2491 780 2543 Alia.
806 2521 876 2530 —
900 2494 1123 2563 Praesta,
1153 2515 1479 2568 quaesumus,
1508 2505 1846 2572 omnipotens
1875 2506 2013 2560 Deus
2034 2548 2050 2575 ,
2095 2518 2153 2562 ut

575 2582 748 2636 anima
800 2585 977 2640 famuli
1025 2590 1101 2643 tui
1145 2589 1240 2644 Ill.
1272 2594 1528 2663 episcOpi,
1563 2612 1717 2666 quam
1748 2599 1800 2652 in
1824 2599 1923 2655 hoc
1953 2602 2152 2656 saeculo

574 2689 995 2735 commorantem
1041 2685 1209 2737 sacris
1255 2688 1562 2744 muneribus
1591 2690 1853 2749 decorasti
1878 2733 1894 2759 ,
1935 2694 2143 2751 caelesti

571 2764 701 2821 sede
726 2768 959 2837 gloriosa
988 2774 1237 2829 exsultet.
1278 2775 1380 2832 Per
1405 2778 1708 2836 Dominum.

892 2860 1022 2915 Item
1059 2865 1165 2919 alia
1191 2883 1284 2934 pro
1309 2869 1541 2938 episwpa
1572 2872 1830 2942 defuncto.

643 2948 864 3019 Suscipe
887 2991 902 3016 ,
935 2952 1155 3009 Domine
1180 2996 1197 3023 ,
1227 2973 1530 3027 quaesumus
1551 3002 1567 3027 ,
1614 2978 1799 3031 preces
1826 2978 2031 3023 nostras
2054 2985 2149 3039 pro

573 3036 747 3091 anima
778 3038 959 3096 famuli
989 3044 1061 3098 tui
1093 3043 1184 3099 Ill.
1218 3049 1478 3116 episcopi,
1512 3063 1566 3105 ut
1605 3054 1656 3108 in
1691 3057 1993 3122 pontiﬁcum
2027 3036 2146 3117 tibi-

576 3138 687 3182 met
713 3130 1033 3197 placitorum
1064 3148 1316 3205 perpetua
1348 3141 1475 3197 sede
1504 3144 1728 3201 laetetur.
1756 3147 1876 3206 Per.

642 3218 813 3291 Super
839 3223 1027 3279 oblata.
1050 3255 1121 3266 —
1141 3229 1441 3300 Offerimus,
1476 3235 1714 3307 Domine,
1750 3240 1947 3297 hostias
1973 3245 2148 3313 placa-

575 3308 757 3376 tionis,
788 3321 845 3367 et
872 3314 1075 3384 laudis,
1105 3329 1160 3374 ut
1190 3334 1457 3390 perpetuae
1485 3329 1859 3387 misericordiae
1885 3308 2143 3403 largitate,

574 3399 804 3486 animam
838 3403 1019 3461 famuli
1068 3409 1140 3463 tui
1190 3408 1285 3465 Ill.
1332 3415 1565 3486 episcopi
1592 3420 1643 3475 in
1674 3421 1805 3479 lucis
1831 3399 2047 3482 reteri—ia:
2071 3399 2149 3483 fa;

564 3468 681 3544 ‘cias
707 3494 925 3561 regione
954 3501 1211 3567 gaudere.

639 3581 911 3654 Prwfatio.
935 3617 1004 3629 —
1025 3590 1165 3647 Vere
1190 3593 1402 3663 dignum
1433 3608 1485 3653 et
1500 3600 1702 3670 justum
1728 3613 1833 3671 est,
1860 3622 2070 3677 aequum
2091 3620 2149 3667 et

572 3674 807 3733 salutare
830 3718 845 3744 ,
902 3696 1001 3736 nos
1049 3682 1142 3738 tibi
1188 3700 1401 3756 semper
1442 3701 1496 3746 et
1524 3693 1717 3762 ubique
1743 3674 1945 3766 gratias
1968 3715 2143 3770 agere,

573 3763 797 3820 Domine
842 3781 1067 3838 sancte,
1118 3773 1276 3830 Pater
1318 3782 1653 3847 omnipotens
1678 3826 1692 3850 ,
1741 3763 1938 3842 aeterne
1966 3763 2144 3847 Deus:

570 3853 895 3911 ineffabilem
930 3867 1030 3914 tuae
1053 3862 1352 3921 clementiae
1384 3875 1668 3935 potentiam
1691 3877 2002 3945 suppliciter
2019 3895 2150 3936 exo-

570 3954 753 3998 rantes
773 3986 789 4013 ,
820 3957 876 4002 ut
920 3949 1147 4006 famulus
1177 3961 1295 4008 tuus
1321 3955 1412 4011 Ill.
1434 3999 1447 4022 ,
1480 3960 1754 4017 beatorum
1792 3966 2147 4023 tabernaculis

570 4034 889 4091 constitutus
907 4079 922 4103 ,
954 4042 1188 4097 evasisse
1215 4059 1275 4100 se
1302 4049 1540 4104 carnales
1568 4054 1823 4119 glorietur
1851 4059 2143 4127 angusﬁas,

566 4124 817 4197 diemque
854 4131 1044 4199 judicii
1094 4149 1211 4189 cum
1258 4150 1381 4193 voto
1429 4144 1798 4209 gratulationis
1847 4161 2142 4219 exspectet.

565 4217 669 4272 Per
693 4218 963 4278 Christum
997 4226 1277 4283 Dominum
1308 4242 1571 4288 nostrum.

638 4308 788 4381 Infra
813 4316 1085 4371 actionem.
1110 4348 1180 4358 —
1202 4320 1349 4377 Hanc
1394 4323 1555 4393 igitur
1592 4314 1950 4397 oblationem,
1986 4345 2143 4400 quam

564 4403 657 4456 tibi
701 4404 975 4461 offerimus
1019 4424 1115 4476 pro
1164 4415 1337 4467 anima
1386 4414 1566 4471 famuli
1613 4419 1686 4472 tui
1741 4418 1829 4473 Ill.
1879 4422 2137 4493 episcopi,

2332 1868 2603 1940 Prwfatio.
2629 1903 2701 1915 -
2723 1875 2859 1930 Vere
2907 1878 3120 1945 dignum
3151 1888 3205 1934 et
3245 1881 3445 1949 justum
3477 1894 3558 1939 est
3582 1924 3601 1952 ,
3628 1900 3832 1955 aequum

2258 1968 2312 2013 et
2332 1960 2585 2029 salutare,
2620 1979 2717 2017 nos
2748 1966 2839 2020 tibi
2876 1983 3088 2036 semper
3114 1980 3167 2024 et
3196 1972 3390 2042 ubique
3422 1975 3624 2041 gratias
3655 1989 3830 2044 agere,

2260 2050 2484 2106 Domine
2514 2064 2717 2121 sancte,
2747 2056 2903 2111 Pater
2922 2060 3279 2129 omnipotens,
3310 2073 3509 2117 a’terne
3537 2064 3685 2119 Deus
3710 2083 3724 2120 :
3745 2067 3834 2122 de-

2260 2143 2396 2196 votis
2444 2145 2780 2200 clementiam
2825 2158 2968 2202 tuam
3023 2152 3286 2208 mentibus
3337 2155 3723 2222 obsecrantes,
3782 2168 3834 2211 ut

2255 2235 2485 2288 animam
2539 2236 2725 2291 famuli
2774 2239 2848 2293 tni
2875 2238 2966 2293 Ill.
3009 2241 3060 2295 in
3090 2242 3380 2297 electorum
3413 2246 3624 2299 tibimet
3655 2250 3832 2316 ponti-

2255 2322 2411 2376 ﬁcum
2461 2340 2683 2379 numero
2712 2328 2941 2393 gaudeas
2984 2334 3279 2387 consistere
3326 2335 3629 2404 gaudendo,
3666 2338 3830 2406 utqui

2263 2420 2354 2466 tuo
2382 2428 2478 2479 pro
2505 2415 2583 2468 eis
2611 2418 2830 2484 supplex
2869 2418 3419 2489 deserviebat-altari,
3458 2425 3697 2493 gloriosa
3728 2427 3830 2480 illic

2252 2514 2371 2552 cuin
2400 2502 2478 2555 eis
2520 2505 2812 2571 gratuletur
2851 2506 3028 2565 laude.
3085 2509 3187 2565 Per
3230 2509 3499 2567 Christum
3543 2514 3826 2568 Dominum

2253 2598 2511 2644 nostrum.

2322 2675 2815 2751 AdComplendum.
2839 2715 2908 2726 —
2932 2688 3070 2743 Deus
3093 2730 3108 2756 ,
3136 2691 3289 2758 cujus
3318 2693 3704 2749 misericordia:
3726 2710 3827 2751 non

2252 2779 2334 2822 est
2377 2787 2659 2837 numerus,
2712 2777 2921 2844 suscipe
2952 2792 3049 2846 pro
3094 2780 3271 2833 anima
3298 2782 3475 2836 famuli
3509 2784 3582 2837 tui
3619 2783 3714 2839 Ill.
3740 2799 3827 2837 sa-

2250 2861 2481 2916 cerdotis
2508 2879 2693 2931 preces
2731 2877 2971 2933 nostras,
3004 2875 3059 2923 ct
3086 2868 3218 2923 lucis
3247 2870 3295 2923 ei
3325 2871 3632 2941 laetitizeque
3655 2873 3830 2942 regio-

2252 2966 2371 3005 nem
2418 2954 2470 3006 in
2518 2966 2821 3010 sanctorum
2872 2967 3081 3012 tuorum
3128 2962 3381 3015 societate
3424 2964 3688 3020 concede.
3734 2965 3829 3019 Per

2250 3040 2532 3099 Dominum
2561 3056 2822 3099 nostrum.

2621 3156 2783 3211 Missa
2803 3175 2895 3229 pro
2920 3163 3176 3216 sacerdote
3195 3163 3448 3235 defuncto.

2324 3267 2519 3323 Praesta
2545 3310 2559 3331 ,
2590 3285 2890 3338 quzesumus
2916 3313 2932 3339 ,
2980 3272 3200 3328 Domine
3223 3316 3238 3340 ,
3283 3282 3338 3328 ut
3363 3276 3538 3327 anima
3570 3273 3758 3329 famuli
3778 3283 3828 3330 et

2250 3363 2545 3417 sacerdotis
2574 3366 2645 3418 tni
2677 3363 2772 3421 Ill.
2801 3381 2958 3434 quam
2989 3367 3040 3420 in
3065 3369 3164 3421 hoc
3182 3370 3377 3422 saeculo
3402 3381 3825 3433 commorantem

2251 3459 2418 3511 sacris
2469 3460 2779 3514 muneribus
2822 3459 3083 3516 decorasti
3110 3502 3126 3527 ,
3178 3463 3383 3519 caelesti
3424 3464 3553 3521 sede
3594 3467 3827 3535 gloriosa

2250 3562 2465 3618 semper
2491 3552 2745 3606 exsultet.
2786 3552 2890 3607 Per
2921 3553 3219 3608 Dominum.

2327 3640 2499 3709 Super
2519 3641 2709 3696 oblata.
2731 3670 2801 3681 -—
2825 3641 3065 3709 Suscipe,
3099 3643 3338 3706 Domine,
3368 3656 3701 3711 quaesumus,
3730 3643 3827 3697 ho-

2250 3733 2379 3786 stias
2411 3748 2503 3798 pro
2537 3733 2711 3787 anima
2758 3733 2942 3789 famuli
2985 3743 3040 3789 et
3066 3734 3357 3789 sacerdotis
3384 3734 3458 3787 tui
3488 3732 3610 3801 Ill.,
3655 3745 3716 3790 ut
3742 3736 3825 3788 cui

2252 3823 2555 3892 pontificale
2582 3823 2788 3878 donasti
2820 3825 3115 3892 praemium,
3146 3824 3312 3883 dones
3339 3831 3395 3877 et
3422 3824 3697 3878 meritum.
3729 3820 3827 3878 Per

2250 3913 2575 4075 00:11:21:
2596 4002 3277 4071 Complemlum.-—-Przesta,
3301 4016 3628 4071 quaesumus,
3649 4002 3824 4057 omni-

2250 4105 2439 4165 potens
2460 4098 2599 4150 Deus
2621 4136 2637 4161 ,
2661 4105 2719 4148 ut
2744 4096 2973 4148 animam
3004 4094 3179 4147 famuli
3211 4104 3264 4148 et
3291 4095 3586 4159 sacerdotis
3613 4096 3698 4148 tui
3727 4094 3817 4149 Ill.

2254 4186 2309 4240 in
2361 4186 2770 4254 congregatione
2808 4185 3072 4254 justorum
3119 4195 3333 4240 aeterna)
3378 4185 3825 4257 beatitudinisju-

2250 4276 2379 4330 beas
2411 4290 2532 4331 esse
2560 4284 2865 4329 consortem
2929 4274 3029 4329 Per
3056 4274 3355 4329 Dominum.

2732 4386 2896 4441 Missa
2923 4387 3071 4441 unius
3096 4385 3344 4456 defuncti.

568 4506 876 4556 quaesumus
898 4534 914 4558 ,
942 4494 1165 4551 Domine
1187 4539 1201 4563 ,
1236 4509 1294 4554 ut
1342 4504 1578 4568 placatus
1606 4508 1872 4575 accipias;
1905 4518 1958 4565 et
1985 4526 2142 4580 quem
2176 4502 2222 4559 ο
2321 4500 2673 4569 Omnipotens
2715 4501 3045 4570 sempiterne
3081 4501 3222 4556 Deus
3245 4541 3261 4565 ,
3294 4502 3378 4555 cui
3409 4515 3683 4570 nunquam
3712 4516 3828 4557 sine

568 4581 671 4633 tuis
697 4581 955 4636 altaribus
978 4588 1183 4643 servire
1213 4591 1461 4659 tribuisti,
1484 4595 1549 4648 ad
1579 4595 1850 4651 beatorum
1882 4605 2146 4666 pertinuere

564 4668 749 4736 jubeas
778 4674 1045 4727 consortia
1076 4682 1449 4747 sacerdotum;
1492 4685 1712 4752 diesque
1747 4694 1979 4743 nostros.

636 4760 717 4812 Ad
745 4761 1132 4828 Complendum.
1154 4797 1221 4808 —
1242 4768 1585 4838 Quaesumus,
1620 4775 1955 4845 omnipotens
1983 4779 2140 4844 Deus,

568 4862 623 4905 ut
647 4853 876 4907 animam
928 4855 1108 4910 famuli
1158 4860 1315 4930 217
1350 4861 1425 4916 tui
1455 4859 1549 4915 Ill.
1581 4866 1814 4933 episcopi
1840 4865 1893 4921 in
1919 4882 2145 4936 congre-

564 4946 778 5015 gatione
821 4945 1089 5014 justorum
1139 4961 1355 5007 :eternzc
1401 4953 1741 5010 beatitudinis
1786 4958 1978 5019 jubeas
2025 4973 2142 5014 esse

562 5046 889 5093 consortem.
934 5039 1034 5094 Per
1063 5043 1339 5097 Dominum
1369 5057 1632 5100 nostrum.

873 5131 991 5183 Alia
1013 5129 1175 5184 Missa
1204 5149 1295 5200 pro
1324 5135 1557 5203 episcopo
1579 5137 1839 5205 defuncto.

634 5221 817 5287 Deus,
868 5224 957 5290 qui
1003 5222 1143 5277 inter
1176 5226 1495 5292 apostolicos
1539 5228 1844 5284 sacerdotes
1890 5229 2140 5285 famulum

562 5320 707 5366 tuum
739 5313 834 5369 Ill.
884 5316 1205 5371 sacerdotali
1244 5317 1417 5373 fecisti
1460 5319 1719 5388 dignitate
1756 5322 1967 5391 vigere,
2002 5340 2140 5391 pra:-

562 5415 666 5472 sta,
698 5418 1002 5468 quaesumus
1023 5444 1039 5470 ,
1073 5415 1131 5461 ut
1162 5422 1345 5463 eorum
1376 5424 1583 5479 quoque
1612 5422 1866 5480 perpetuo
1891 5428 2130 5483 aggrege

563 5502 650 5547 tur
674 5499 963 5551 consortio.
995 5496 1117 5552 Per.

637 5584 808 5654 Super
833 5586 1021 5639 oblata.
1048 5616 1114 5625 -—
1139 5585 1382 5658 Suscipe,
1417 5592 1659 5656 Domine,
1690 5608 2012 5661 qumsumus,
2046 5610 2138 5658 pro

563 5676 742 5730 anima
766 5675 949 5731 famuli
982 5678 1053 5733 tui
1083 5674 1178 5735 Ill.
1210 5681 1498 5739 sacerdotis
1527 5722 1541 5749 ,
1580 5699 1712 5752 quas
1743 5684 2012 5742 oderimus
2044 5685 2139 5740 bo-

2250 4607 2346 4660 spe
2390 4591 2771 4647 misericordia
2819 4591 3162 4661 supplicatur,
3208 4592 3495 4660 propitiare
3532 4594 3732 4647 anima:
3753 4591 3825 4646 fa-

2250 4683 2376 4737 muli
2409 4683 2482 4738 tui
2507 4682 2621 4751 Ill.,
2655 4694 2705 4738 ut
2736 4686 2825 4753 qui
2872 4686 2938 4739 de
2967 4687 3066 4739 bac
3096 4684 3199 4738 vita
3244 4686 3296 4738 in
3337 4685 3411 4739 tui
3438 4685 3674 4746 nominis
3697 4699 3823 4740 eon-

2249 4774 2482 4831 fessione
2525 4776 2811 4842 discessit,
2847 4784 3151 4832 sanctorum
3201 4785 3410 4832 tuorum
3454 4792 3681 4833 numero
3704 4792 3823 4832 eum

2248 4866 2411 4920 facias
2438 4869 2733 4936 aggregari.
2759 4867 2860 4922 Per
2890 4868 3169 4921 Dominum
3200 4877 3459 4921 nostrum.

2323 4958 2491 5027 Super
2518 4959 2706 5013 oblata.
2729 4988 2801 5000 ——
2834 4959 3130 5028 Propitiare
3154 5001 3169 5028 ,
3202 4973 3504 5027 quaesumus
3528 5000 3543 5025 ,
3578 4957 3822 5022 Domine,

2248 5047 2439 5102 animae
2491 5049 2675 5103 famuli
2705 5048 2779 5102 tui
2866 5048 2986 5113 Ill.,
3023 5062 3118 5117 pro
3154 5063 3257 5115 qua
3288 5048 3380 5103 tibi
3408 5048 3611 5102 hostias
3648 5048 3824 5118 placa-

2250 5138 2411 5193 tionis
2439 5138 2745 5206 offerimus;
2783 5122 2840 5194 et
2888 5139 3006 5208 quia
3054 5140 3104 5192 in
3136 5138 3234 5193 hac
3269 5138 3385 5193 luce
3412 5140 3465 5191 in
3494 5139 3602 5194 ﬁde
3632 5140 3825 5193 mansit

2247 5233 2507 5287 catholica
2531 5274 2545 5298 ,
2596 5233 2651 5288 in
2680 5236 2853 5286 futura
2884 5233 2991 5287 vita
3019 5231 3136 5302 ejus
3166 5231 3441 5286 retributio
3465 5232 3818 5287 contionetur.

2247 5324 2347 5379 Per
2375 5324 2653 5376 Dominum
2683 5333 2941 5377 nostrum.

2317 5414 2400 5466 Ad
2427 5413 2836 5480 ‘Complendum.
2863 5442 2927 5451 —
2951 5413 3168 5475 Praesta,
3214 5424 3547 5479 quaesumus,
3577 5408 3822 5476 omnipo-

2251 5516 2365 5560 tens
2393 5505 2555 5572 Deus,
2586 5513 2644 5558 ut
2670 5501 2900 5557 animam
2932 5500 3115 5557 famuli
3140 5503 3212 5556 tui
3242 5500 3335 5555 Ill.
3367 5502 3434 5555 ab
3462 5501 3665 5569 angelis
3689 5497 3821 5551 lucis

2246 5602 2549 5662 susceptam
2608 5593 2660 5647 in
2716 5599 3006 5661 praeparata
3064 5591 3360 5647 habitacula
3412 5588 3604 5648 deducti
3655 5586 3821 5642 facias

2249 5687 2542 5742 beatorum.
2579 5684 2677 5739 l‘er
2707 5683 3010 5737 Dominum.
