3988 6306
164 354 276 408 ΞΠ

1349 342 1549 395 LIBER
1590 337 2225 394 SACRAMENTOHUM.

3330 338 3431 395 2l8

169 464 338 518 Missa
364 468 389 496 ⁸
422 460 475 513 in
515 459 602 512 die
638 456 962 524 depositionis
985 453 1241 517 defuncti,
1275 450 1424 521 (68‘2)
1459 454 1558 504 sive
1587 450 1753 513 tertio,
1784 450 1832 508 Α
1860 449 2201 516 sempiterna,
2233 454 2307 509 ut,
2340 444 2643 499 mortalibus
2672 445 2891 502 nexibus
2927 447 3199 517 expeditas
3222 450 3307 504 lux
3342 467 3433 505 eas

657 530 867 596 septimo
898 525 1268 593 trigesintoque.

247 622 483 681 Adesto.
531 620 757 673 Domine
786 657 800 681 ,
852 629 1176 685 quaesumus,
1220 622 1313 680 pro
1360 612 1533 665 anima
1580 610 1759 665 famuli

165 712 248 765 tui
279 710 400 776 ιιι,
451 708 607 777 cujus
651 706 703 762 in
753 706 1085 774 depositione
1126 719 1219 757 sua
1255 702 1487 756 oflicium
1519 715 1757 754 comme-

165 803 489 859 morationis
522 801 906 869 impendimus,
930 806 989 851 ut
1011 798 1054 850 si
1084 796 1258 864 aliqua
1286 796 1333 850 ei
1358 795 1628 850 saecularis
1650 809 1759 847 ma-

160 897 288 949 cula
319 893 568 954 inhaesit,
602 901 693 944 aut
722 890 908 943 vilium
941 887 1210 941 mundiale
1237 885 1451 950 infecit,
1484 884 1624 937 dono
1656 894 1759 937 tute

162 986 386 1052 pietatis
428 982 745 1051 indulgeas,
798 988 854 1033 et
900 985 1167 1047 extergas.
1218 976 1321 1030 Per
1347 973 1625 1029 Dominum
1658 987 1756 1026 no-

159 1083 362 1126 διτωη.

238 1163 382 1215 Alia.
402 1187 476 1201 -—
495 1160 812 1226 Quaesumus
833 1196 847 1220 ,
881 1156 1103 1209 Domine
1126 1198 1141 1221 ,
1176 1153 1371 1207 famqu
1399 1161 1489 1206 tuo
1520 1149 1636 1215 Ill.,
1669 1166 1761 1205 cu-

159 1251 253 1316 jus
280 1252 497 1304 tertium
522 1288 538 1306 .
584 1248 660 1301 vel
688 1248 972 1315 septimum
1003 1246 1104 1298 sive
1128 1244 1452 1313 trigesimum
1479 1242 1653 1295 obitus
1676 1242 1756 1295 sui

160 1341 311 1395 diem
363 1352 896 1403 commemoramus,
952 1346 1256 1388 sanctorum
1327 1342 1536 1386 tu0rum
1601 1341 1760 1399 atque

162 1433 466 1484 electorum
520 1427 714 1496 largire
759 1426 1087 1481 consortium
1114 1464 1129 1487 ,
1179 1432 1232 1477 et
1270 1438 1443 1477 rorem
1474 1423 1521 1476 ei
1554 1421 1761 1476 miseri-

163 1520 372 1574 cordiae
402 1529 506 1572 tuae
536 1531 824 1585 perennem
854 1516 1091 1569 infunde.
1124 1514 1244 1567 Per.
1680 1560 1687 1566 .

237 1610 418 1677 Super
448 1608 641 1661 oblata.
665 1636 735 1646 —
757 1606 978 1671 Adesto,
1014 1604 1255 1666 Domine,
1287 1600 1760 1671 supplicationibus

166 1702 402 1763 nostris;
432 1709 489 1754 et
531 1698 671 1752 hanc
703 1698 1046 1760 oblationem,
1078 1710 1235 1764 quam
1269 1694 1361 1747 tibi
1390 1693 1667 1747 olferimus
1688 1692 1758 1746 ob

1862 551 2061 592 ωιθιτιει
2088 538 2373 605 possideat.
2403 536 2522 589 Per.

1934 626 2102 695 Super
2131 625 2323 678 oblata.
2353 653 2423 665 ——
2445 624 2655 679 llostias
2682 624 2797 691 tibi,
2826 626 3070 691 Domine,
3116 628 3302 682 humili
3325 629 3435 697 pla-

1860 718 2071 771 catione
2086 715 2377 770 deferimus
2399 755 2412 778 .
2452 724 2509 769 ut
2536 716 2727 770 anima:
2759 716 3073 771 famulorum
3103 719 3435 773 tantularum-

1860 824 1962 862 aue
1992 818 2202 861 tuarum
2234 821 2327 874 per
2357 807 2470 860 habe
2499 807 2808 873 placationis
2834 809 3002 862 ofﬁcia
3052 820 3191 863 tuam
3227 811 3436 864 miseri-

1858 900 2093 953 cordiam
2124 906 2538 967 consequantur.
2584 899 2704 952 Per.

1930 992 2010 1043 Att
2038 990 2429 1056 Uomplendum.
2453 1018 2523 1028 —
2546 990 2821 1043 lnveniant
2845 1030 2863 1054 ,
2885 1006 3189 1058 qumsumus
3213 1032 3227 1055 ,
3261 992 3437 1045 Domi-

1863 1095 1952 1144 ne,
1978 1081 2171 1132 anima:
2202 1078 2525 1132 famulorum
2578 1078 2997 1147 famularumque
3033 1091 3237 1133 tuarum
3266 1080 3356 1134 Ill.
3388 1089 3437 1134 et

1861 1171 1954 1225 Ill.
1983 1210 1996 1235 ,
2049 1174 2398 1237 omniumque
2448 1169 2500 1221 in
2549 1168 2759 1222 Christo
2808 1169 3197 1234 quiescentium
3226 1209 3244 1235 ,
3302 1170 3437 1224 lucis

1861 1269 2078 1315 aeternae
2109 1259 2461 1322 consortium,
2488 1242 2576 1326 qui
2610 1258 2660 1309 in
2692 1257 2789 1311 hac
2816 1257 2934 1311 luce
2965 1258 3121 1326 positi
3151 1266 3296 1312 tuum
3318 1274 3439 1313 con-

1860 1349 2026 1404 secuti
2047 1357 2173 1403 sunt
2197 1356 2614 1402 sacramentum.
2642 1346 2760 1399 Per.

1862 1442 2009 1511 (685)
2037 1438 2067 1476 b
2100 1452 2294 1495 INCIPIT
2320 1452 2457 1492 onno
2479 1436 2629 1507 (684)
2660 1453 2725 1490 so
2748 1450 2941 1490 sscnos
2970 1450 3193 1491 enormes
3219 1453 3435 1493 uenant-

2538 1522 2757 1561 CENDOS.

1934 1598 2316 1670 (685)Majores
2342 1598 2535 1669 gradus
2556 1608 2671 1651 ante
2696 1596 3054 1666 Evangelium,
3078 1611 3296 1649 minores
3325 1610 3440 1649 vero

1863 1704 1973 1760 post
2001 1692 2414 1746 Conmtunionem
2458 1691 2680 1754 dantur;
2726 1696 2772 1740 et
2803 1686 2950 1757 (686)
2996 1687 3211 1739 minores
3239 1685 3441 1754 quidem

167 1793 310 1845 diem
340 1790 694 1857 depositionis
748 1788 959 1842 tertium
979 1827 995 1851 ,
1023 1786 1098 1840 vel
1127 1786 1429 1853 septimum,
1461 1785 1563 1836 sive
1592 1784 1751 1850 trige-
1786 1795 1829 1853 Β
1864 1782 2141 1836 Dommicis
2190 1782 2366 1834 diebus
2392 1821 2406 1843 ,
2454 1783 2498 1832 si
2549 1794 2748 1832 necesse
2776 1788 2879 1841 est,
2908 1776 3056 1848 ((587)
3084 1778 3298 1845 majores
3328 1792 3443 1829 vero

165 1883 401 1947 simum,
430 1894 529 1949 pro
556 1880 732 1933 anima
774 1876 957 1931 famuli
993 1874 1110 1940 ΙΙΙ..
1138 1874 1376 1943 placatus
1406 1888 1469 1926 ac
1498 1872 1757 1941 benignus

166 1986 408 2026 ISSUIUC.

243 2060 528 2128 Prcefntto.
556 2087 630 2097 —
650 2056 793 2111 'v'ere
841 2055 1054 2124 dignum
1096 2063 1149 2107 et
1185 2053 1387 2120 justum
1418 2060 1522 2117 est,
1552 2065 1760 2117 aequum

166 2164 221 2207 et
251 2154 518 2214 salutare,
552 2165 649 2204 nos
680 2149 775 2203 tibi
803 2162 1018 2216 semper
1048 2158 1101 2200 et
1128 2146 1324 2214 ubique
1358 2154 1553 2213 gratias
1582 2158 1759 2213 agere,

171 2244 405 2297 Domine
434 2250 643 2305 sancte,
678 2241 838 2294 Pater
865 2237 1223 2305 omnipotens,
1247 2244 1448 2288 aeterne
1476 2234 1613 2287 Deus
1631 2272 1645 2295 ,
1671 2247 1763 2299 per

169 2336 445 2390 Christum
472 2334 756 2387 Dominum
786 2339 1048 2401 nostrum.
1075 2328 1176 2382 Per
1205 2341 1363 2395 quem
1389 2324 1760 2386 salusmundi,

175 2444 271 2497 per
298 2444 459 2493 quem
489 2430 594 2480 vita
628 2424 927 2489 hominum,
956 2438 1051 2490 per
1078 2436 1234 2488 quem
1264 2418 1586 2473 resurrectio
1616 2433 1763 2469 mor-

175 2529 414 2573 tuorum.
459 2518 561 2571 Per
606 2518 778 2584 ipsum
828 2524 916 2579 te,
968 2512 1209 2576 Domine,
1237 2509 1547 2577 suppliciter
1574 2507 1765 2576 depre-

173 2624 387 2673 cantur,
415 2617 473 2661 ut
501 2610 694 2660 animm
721 2604 903 2659 famuli
936 2603 1011 2657 tui
1051 2602 1164 2663 ΙΙΙ..
1207 2600 1359 2670 cujus
1384 2600 1523 2653 diem
1554 2598 1765 2667 deposi-

175 2697 335 2752 tionis
363 2698 603 2761 tertium,
627 2697 703 2750 vel
728 2697 1033 2763 septimum,
1053 2694 1155 2747 sive
1175 2692 1501 2761 trigesimum
1525 2691 1765 2743 celebra-

176 2804 315 2854 mus,
350 2788 731 2856 indulgentiam
759 2785 936 2854 largiri
965 2785 1199 2854 digneris
1231 2791 1558 2851 perpetuam,
1594 2789 1760 2849 atque

173 2879 439 2945 contagiis
473 2877 812 2931 monalilatis
850 2886 1065 2929 exutam
1108 2873 1162 2926 in
1210 2882 1424 2928 azternae
1452 2871 1764 2927 Salvationis

178 2979 385 3037 partem
418 2969 692 3022 restituas.
737 2966 837 3019 Per
858 2980 1014 3033 quem
1042 2962 1389 3032 Majestatem.

248 3059 418 3130 219
438 3059 517 3110 Ad
546 3058 934 3126 Complendum.
965 3084 1036 3095 —
1070 3054 1419 3123 Omnipotens
1441 3055 1763 3121 sempiterne

1863 1872 1917 1924 in
1944 1870 2182 1923 Sabbatis
2225 1868 2491 1921 auodecim
2533 1869 2801 1920 lectionum
2847 1881 2936 1934 per
2973 1878 3189 1934 quatuor
3217 1876 3441 1934 tempora

1865 1960 2234 2013 tantummodo.

2372 2045 2642 2099 Ordinatio
2674 2054 2695 2081 ο
2723 2043 2939 2097 ostiarii.

1933 2137 2085 2206 (688)
2120 2137 2376 2191 Osttarius
2407 2152 2521 2188 cum
2552 2135 2843 2197 ordinatur,
2888 2144 3153 2201 postquam
3194 2130 3343 2202 (689)
3374 2133 3437 2186 ab

1862 2228 2224 2280 arcloidiacono
2266 2227 2540 2278 instructus
2589 2225 2740 2292 fuerit
2789 2224 3002 2291 qualiter
3050 2223 3103 2275 in
3148 2222 3298 2275 domo
3346 2222 3439 2275 Dei

1863 2318 2023 2386 22o
2054 2316 2227 2368 debeat
2248 2314 2569 2378 conversari,
2595 2313 2661 2366 ad
2690 2313 3059 2383 suggestionem
3084 2311 3435 2364 archidiaconi

1866 2408 2014 2477 (690)
2036 2406 2207 2459 tradat
2256 2406 2301 2458 ei
2329 2405 2592 2474 episcopus
2626 2404 2788 2456 claves
2817 2403 3037 2455 ecclesia:
3056 2446 3070 2468 ,
3114 2403 3287 2455 dicens
3311 2420 3329 2457 :
3356 2402 3444 2456 Sic

1865 2510 1961 2564 age
1988 2535 2003 2560 ,
2050 2495 2201 2564 quasi
2251 2494 2555 2548 redditurus
2604 2494 2710 2546 Deo
2745 2494 3010 2546 rationem
3049 2507 3144 2559 pro
3177 2492 3257 2544 his
3289 2493 3445 2546 rebus

1866 2600 1982 2653 quae
2034 2584 2148 2638 istis
2192 2584 2428 2637 clavibus
2481 2582 2847 2637 recluduntur.
2897 2580 3050 2652 (691)
3081 2580 3146 2633 Et
3186 2582 3353 2634 trudat
3400 2582 3444 2634 ei

1866 2677 2111 2730 diaconus
2141 2676 2326 2730 ostium
2353 2675 2596 2729 ecclesice.

1939 2765 2187 2835 Praefatio
2209 2763 2654 2832 ostiarii—(392)
2683 2762 2846 2815 Deum
2878 2761 3083 2815 Patrem
3112 2762 3434 2829 omnipoten~

1868 2866 1972 2909 tem
1988 2857 2296 2924 suppliciter
2313 2856 2744 2923 deprecemur,ut
2758 2856 2893 2906 hunc
2909 2853 3158 2906 famulum
3176 2868 3326 2905 suum
3350 2851 3444 2906 Ill.

1867 2949 2186 3003 benedicere
2210 2948 2476 3015 dignetur,
2501 2960 2656 3015 quem
2683 2946 2735 2997 in
2764 2944 2998 2997 ofﬁcium
3023 2944 3224 2997 ostiarii
3254 2943 3447 3011 eligere

1868 3040 2114 3107 dignatus
2141 3046 2266 3104 est,
2316 3047 2373 3091 ut
2400 3039 2466 3090 sit
2514 3035 2560 3088 ei
2596 3034 2899 3087 ﬁdelissima
2932 3047 3055 3086 cura
3087 3031 3137 3085 in
3167 3033 3354 3085 diebus
3380 3046 3443 3085 ac

184 3123 355 3213 Deus:
370 3123 640 3203 collocare
673 3123 905 3215 dignare
931 3159 1125 3211 corpus
1150 3152 1205 3198 et
1229 3143 1460 3196 animam
1487 3141 1662 3196 famuli
1689 3142 1763 3197 tui
1791 3131 1836 3191 C
1870 3130 2138 3192 noctibus,
2170 3126 2322 3199 (695)
2354 3127 2420 3180 ad
2464 3125 2860 3179 distinctionem
2903 3123 3151 3175 horarum
3181 3132 3444 3175 certarqu

182 3241 300 3308 1ιι.,
337 3241 491 3308 cujus
519 3241 661 3293 diem
690 3237 1039 3308 depositionis
1071 3237 1306 3299 tertium,
1340 3244 1430 3288 aut
1460 3235 1763 3302 septimum,

181 3336 257 3388 vel
309 3336 686 3401 trigesimum,
737 3331 1116 3397 celebramus,
1165 3329 1217 3381 in
1266 3327 1468 3381 sinibus
1521 3327 1766 3390 Abrahae,

182 3425 331 3478 lsaac
369 3433 422 3477 et
460 3422 624 3477 Jacob
651 3464 664 3484 ,
705 3430 764 3475 ut
809 3436 927 3475 cum
954 3420 1069 3474 dies
1096 3415 1380 3488 agnitionis
1410 3424 1514 3471 tum
1538 3416 1765 3479 venerit,

183 3518 326 3569 inter
369 3526 582 3567 sanctos
625 3522 679 3566 et
724 3512 927 3567 electos
957 3520 1077 3565 tuos
1106 3525 1227 3564 eum
1255 3508 1555 3563 resuscitari
1588 3507 1770 3576 prazci-

185 3603 322 3671 pias.
368 3602 470 3656 Per
494 3603 777 3656 Dominum
805 3612 1072 3655 nostrum.

447 3692 609 3746 Missa
638 3694 689 3745 in
710 3691 1055 3745 anniversario
1082 3690 1235 3743 unius
1254 3689 1499 3757 defuncti.

257 3785 461 3839 Praesta
490 3823 507 3848 ,
541 3784 766 3836 Domine
788 3823 802 3845 ,
834 3795 1158 3850 quaesumus,
1190 3787 1248 3832 ut
1277 3780 1450 3831 anima
1491 3776 1670 3830 famuli
1700 3774 1773 3828 tui

190 3875 304 3940 Ill.,
343 3876 499 3943 cujus
523 3872 944 3926 anniversarium
975 3870 1325 3939 depositionis
1354 3869 1493 3922 diem
1530 3868 1774 3922 celebra-

188 3983 326 4032 mus,
362 3967 447 4020 his
474 3976 697 4035 purgata
725 3962 1005 4017 sacriﬁciis
1032 4004 1045 4027 ,
1075 3961 1456 4031 indulgentiam
1494 3961 1694 4028 pariter
1723 3967 1777 4012 et

189 4059 429 4127 requiem
460 4058 642 4125 capiat
671 4055 1079 4121 sempiternam.
1125 4052 1225 4107 Per
1257 4053 1556 4106 Dominum.

260 4150 439 4216 Super
465 4148 655 4201 oblata.
680 4177 750 4189 --
773 4146 1065 4213 Propitiare
1083 4184 1098 4209 ,
1134 4143 1352 4196 Domine
1375 4181 1390 4206 ,
1430 4142 1769 4210 supplicatio-

193 4241 354 4293 nibus
390 4240 584 4292 nostris
608 4254 703 4305 pro
732 4236 905 4289 anima
928 4246 982 4289 et
1012 4236 1199 4302 Spiritu
1225 4232 1400 4285 lamuli
1431 4232 1501 4286 tui
1527 4230 1641 4294 ΙΙΙ..
1680 4246 1769 4283 eu-

192 4334 278 4399 jus
308 4330 473 4384 hodie
503 4342 676 4381 annua
726 4328 841 4381 dies
879 4328 1072 4396 agitur,
1106 4340 1202 4393 pro
1237 4339 1339 4393 qua
1371 4322 1464 4377 tibi
1494 4322 1769 4376 offerimus

194 4420 519 4476 sacriﬁcium
548 4418 737 4481 laudis,
767 4427 824 4471 ut
849 4432 964 4471 eam
986 4427 1288 4470 sanctorum
1321 4427 1532 4469 tuorum
1561 4429 1778 4468 consor-

198 4513 270 4566 tio
293 4512 508 4565 sociare
533 4507 791 4578 digneris.
831 4506 932 4560 Per
962 4508 1265 4561 Dominum.

266 4604 348 4656 Ad
380 4602 770 4669 Complendum.
794 4628 865 4639 ——
883 4599 1105 4665 Suscipe
1129 4638 1143 4660 ,
1168 4596 1430 4661 Domine,
1464 4610 1646 4665 preces
1677 4608 1774 4648 no-

201 4703 363 4757 stras,
392 4706 489 4759 pro
517 4691 694 4743 anima
718 4689 898 4743 famuli
927 4690 1000 4740 tui
1028 4685 1117 4738 Ill.
1141 4727 1155 4747 ,
1183 4695 1238 4739 ut
1262 4686 1306 4739 si
1332 4701 1449 4751 quas
1479 4688 1530 4739 ei
1558 4686 1778 4738 maculae

202 4784 268 4835 de
317 4781 549 4835 terrenis
594 4778 856 4845 contagiis
898 4778 1271 4842 adhteserunt,
1321 4774 1650 4830 remissionis
1678 4784 1780 4827 tua:

204 4873 445 4929 remedio
468 4872 769 4926 deleantur.

524 4963 689 5017 Missa
717 4964 1057 5031 plurimorum
1084 4961 1463 5021 defunctorum.

274 5056 591 5125 Propiliare,
619 5067 948 5123 quaesumus,
970 5053 1213 5119 Domine,
1245 5051 1525 5104 animabus
1556 5048 1781 5101 famulo-

206 5163 321 5200 rum
351 5146 783 5211 famularumque
830 5154 1036 5197 tuarum
1092 5143 1184 5195 Ill.
1226 5151 1275 5195 et
1302 5143 1392 5197 Ill.
1425 5139 1785 5193 misericordia

278 5309 303 5335 ⁸
350 5301 469 5354 llaec
517 5301 627 5353 lere
656 5298 853 5351 habent
889 5297 991 5349 duo
1026 5293 1230 5348 Tlteod.
1275 5291 1447 5360 quoad
1476 5289 1704 5354 titulum,
1736 5295 1792 5341 at

209 5371 435 5424 diversae
465 5373 685 5422 omnino
715 5377 835 5420 sunt
863 5366 1138 5419 Orationes
1158 5373 1212 5417 et
1241 5362 1507 5415 Praelatio.

280 5440 308 5477 δ
353 5440 548 5492 Eadem
578 5438 825 5504 leguntur
853 5436 1103 5499 deinceps
1135 5436 1184 5485 in
1220 5433 1356 5485 Edzt.
1386 5430 1555 5504 Yatic.
1584 5436 1640 5483 et
1662 5428 1794 5481 Gus-

211 5509 407 5561 sanvil.
449 5512 548 5575 Qui
584 5499 732 5571 plura
748 5507 814 5575 de
844 5505 944 5557 hoc
973 5512 1284 5575 argumento
1314 5499 1792 5575 voluerAithousuo
1833 5509 1839 5515 '

210 5580 285 5631 lat
311 5569 551 5631 nostrum
580 5569 738 5635 Edm.
770 5574 1003 5627 Martene
1029 5574 1094 5626 de
1122 5572 1364 5639 Antiquis
1392 5570 1533 5623 Eccl.
1562 5569 1791 5629 llitihus,

212 5664 333 5714 t-ap.
366 5650 417 5711 8.
442 5648 509 5702 de
555 5647 759 5700 Ritibus
804 5644 867 5695 ad
899 5649 1290 5714 sacramentmn
1317 5639 1793 5714 ortlinisSpcctan-

214 5709 384 5783 υἱέας,
406 5726 505 5771 art.
541 5719 599 5772 ll
634 5757 648 5784 ,
679 5716 765 5770 ubi
803 5714 1013 5770 exhibet
1036 5710 1107 5766 23
1134 5710 1350 5765 ordines
1380 5724 1443 5764 ex
1475 5709 1624 5763 libris
1656 5722 1783 5760 mss.

1872 3222 1939 3273 ad
1987 3217 2343 3271 invocandum
2394 3230 2587 3268 nomen
2640 3213 2879 3277 Domini,
2909 3211 3193 3280 adiuvante
3226 3212 3448 3264 Domino

1873 3317 2056 3362 nostro
2083 3307 2207 3361 Jesu
2232 3305 2463 3370 Christo,
2497 3303 2580 3373 qui
2611 3318 2730 3357 cum
2757 3318 2820 3357 eo
2854 3303 2979 3355 vivit
3007 3313 3058 3355 et
3088 3313 3270 3369 regnat
3306 3301 3449 3354 Deus

1876 3401 1925 3451 in
1955 3398 2155 3451 unitate
2184 3396 2414 3462 Spiritus
2452 3393 2621 3448 sancti
2646 3432 2662 3459 ,
2712 3405 2804 3461 per
2832 3392 3011 3445 omnia
3054 3391 3247 3445 saecula
3278 3404 3448 3445 saecu-

1875 3492 2067 3543 lorum.
2106 3486 2297 3542 Antea.

1946 3578 2093 3648 (694)
2126 3575 2416 3629 Benedictio
2438 3584 2681 3643 ejusdem.
2716 3596 2786 3607 -—
2814 3569 3032 3621 Domme
3057 3573 3256 3629 sancte,
3288 3562 3448 3617 Pater

1875 3672 2235 3737 omnipotens,
2286 3677 2486 3721 uterne
2513 3666 2674 3729 Deus,
2709 3659 3025 3718 benedicere
3056 3656 3287 3727 digneris
3316 3654 3455 3707 hunc

1878 3762 2128 3816 famulum
2175 3772 2359 3828 tuum,
2414 3756 2507 3811 Ill.
2537 3757 2855 3822 ostiarium,
2910 3764 2967 3808 ut
3014 3754 3152 3808 inter
3198 3750 3455 3818 ianitores

1881 3852 2131 3907 Ecclesia:
2162 3852 2243 3922 (tit.
2256 3848 2311 3920 5)
2339 3862 2484 3919 paret
2517 3847 2768 3917 obsequia
2796 3887 2810 3912 ,
2852 3854 2903 3899 et
2930 3845 3069 3898 inter
3107 3843 3308 3897 electos
3338 3850 3457 3893 tuos

1880 3955 2080 4012 partem
2130 3952 2231 3996 tua:
2272 3949 2542 3995 mereatur
2583 3940 2779 3992 habere
2823 3935 3106 3990 mercedis.
3148 3933 3249 3988 Per
3274 3931 3455 3985 Domi-

1878 4051 2005 4089 num
2036 4044 2298 4088 nostrum.

2403 4121 2674 4173 Ordinatio
2703 4120 2926 4171 lectoris.

1956 4215 2105 4287 (696)
2162 4214 2345 4266 Lector
2391 4229 2504 4265 cum
2544 4212 2833 4275 ordinatur,
2889 4208 3041 4278 faciat
3088 4205 3239 4276 (697)
3280 4206 3342 4258 de
3368 4204 3459 4257 illo

1878 4308 2079 4362 verbum
2128 4306 2392 4375 episc0pus
2436 4305 2501 4353 ad
2539 4302 2751 4371 plebem,
2796 4299 3026 4353 indicans
3075 4298 3186 4366 ejus
3219 4296 3369 4363 ﬁdem
3398 4309 3459 4347 ac

1881 4401 2071 4462 vitam,
2120 4406 2268 4464 atque
2311 4394 2602 4463 ingenium;
2651 4400 2763 4460 post
2812 4390 2953 4453 htec,
2998 4395 3253 4457 spectante
3292 4383 3452 4455 plebe,

1806 4509 1853 4567 ι)
1882 4491 2028 4562 (698)
2059 4493 2229 4542 tradat
2265 4488 2309 4539 ei
2334 4484 2599 4549 Codicem,
2631 4483 2694 4536 de
2716 4482 2862 4552 (699)
2895 4496 2992 4549 quo
3024 4480 3239 4532 lecturus
3259 4476 3346 4542 sit,
3381 4475 3459 4527 di-

1883 4598 1999 4637 cens
2024 4595 2043 4635 ἔ
3320 4628 3323 4631 .

1958 4671 2106 4743 (700)
2140 4668 2353 4738 Accipe,
2383 4675 2433 4721 et
2461 4676 2577 4721 esto
2608 4663 2755 4720 verbi
2784 4662 2873 4717 Dei
2906 4661 3120 4723 relator,
3152 4657 3453 4719 habiturus,

1888 4767 1931 4821 si
1965 4763 2196 4817 ﬁdeliter
2242 4769 2296 4813 et
2346 4758 2542 4812 utiliter
2590 4752 2894 4827 impleveris
2937 4749 3166 4805 officium
3193 4790 3209 4815 ,
3263 4754 3463 4816 partem

1890 4874 2009 4912 cum
2046 4856 2128 4909 his
2169 4854 2258 4923 qui
2308 4850 2524 4907 verbum
2556 4847 2651 4902 Dei
2678 4846 3145 4903 ministraverunt;
3180 4841 3382 4907 eligunt
3411 4848 3463 4891 te

1894 4948 2085 5001 fratres
2111 4944 2184 4998 tui
2216 4954 2270 4996 ut
2299 4943 2372 4995 sis
2401 4943 2564 4995 lector
2593 4941 2645 4991 in
2673 4937 2834 4989 domo
2862 4934 2951 4987 Dei
2984 4930 3057 4985 tui
3084 4970 3099 4995 ,
3137 4939 3187 4982 et
3212 4940 3464 4996 agnoscas

1891 5038 2126 5091 ol‘tieium
2175 5043 2360 5097 tuum,
2402 5041 2455 5085 et
2500 5029 2724 5095 impleas
2771 5025 2928 5089 illud;
2980 5029 3163 5091 potens
3205 5028 3283 5073 est
3323 5017 3463 5071 enim

1894 5129 2034 5181 Deus
2059 5134 2117 5180 ut
2144 5130 2336 5190 augeat
2364 5119 2456 5172 tibi
2478 5115 2725 5187 gratiam.

1899 5282 2244 5353 potissimum.
2291 5280 2573 5353 excerptas
2595 5310 2612 5334 ,
2667 5266 2880 5353 quibus
2906 5263 3165 5353 .d'oeezmrn
3196 5261 3463 5353 quomodo

1903 5332 2151 5405 Ecclesiae
2176 5345 2404 5398 ministri
2436 5332 2749 5395 ordinentur
2783 5332 2937 5405 apudg
2953 5332 3191 5405 Latinos,
3224 5332 3463 5405 (iuncos,

1898 5401 2185 5474 itaronitas
2210 5457 2225 5481 ,
2269 5414 2432 5483 Syros
2478 5401 2864 5483 Nestorianos',
2908 5403 3072 5472 Syros
3100 5401 3382 5467 Jacobitas,
3414 5411 3464 5457 et

1898 5488 2278 5557 Eutychtanos,
2307 5496 2370 5536 ac
2396 5482 2677 5557 Cophtass
2761 5552 2771 5557 Δ
2822 5542 2835 5554 ο
2990 5540 3001 5551 .

1970 5538 2181 5609 'c'Jl’ane
2213 5538 2322 5605 haec
2351 5538 2527 5605 omnia
2568 5552 2779 5600 exstant
2822 5542 2875 5596 in
2925 5540 3096 5609 primo
3124 5538 3348 5609 Theod.,
3380 5541 3460 5596 ubi

1899 5608 2112 5682 mutilus
2159 5638 2263 5676 non
2313 5633 2433 5684 est;
2488 5619 2678 5687 legitur
2728 5608 3002 5669 tamenin
3060 5608 3282 5679 plurali:
3337 5609 3477 5665 Ordo

1897 5701 2161 5760 lectarum,
2186 5703 2579 5755 exort‘cstarutn,
2606 5700 2709 5743 etc.
