3988 6300
570 305 673 361 νξῖθ

1780 305 2017 359 SANtZ'I'l
2062 304 2387 362 CllEGOlill
2430 308 2640 366 ΜΑΪᾸΜ

3738 319 3850 377 Ξό

643 422 933 477 appetitam
957 422 1174 474 lectoris,
1199 448 1265 459 -—-
1292 418 1440 489 (70l)
1488 419 1708 473 Domine
1750 433 1971 483 sancte.
2003 424 2155 474 Pater
2186 426 2233 483 Α
2263 434 2401 479 tatus
2432 432 2640 494 renuit,
2682 431 2937 498 quaesitus
2979 434 3207 501 refugit,
3252 438 3419 491 sacris
3458 450 3541 493 est
3581 441 3851 497 altaribus

570 524 903 581 omnipotens
929 552 944 574 ,
994 522 1190 562 :eterne
1238 508 1376 562 Deus
1402 547 1416 571 ,
1464 508 1781 564 benedicere
1820 512 2054 579 digneris
2076 512 2151 566 fa-

571 605 771 657 mulum
806 611 950 654 tuum
1004 602 1141 653 hunc
1193 599 1243 651 in
1270 599 1499 652 ofﬁcium
1540 600 1755 654 lectoris
1784 640 1798 663 ,
1844 611 1899 655 nt
1924 604 2149 657 assidui-

574 705 683 747 tate
709 694 1016 753 lectionum,
1043 691 1192 759 (702)
1210 690 1489 744 distinctus
1507 701 1663 761 atque
1684 694 1835 763 (705)
1852 696 2146 761 ordinatus,

569 791 626 834 et
654 781 856 849 agenda
889 781 1060 841 dicat,
1091 790 1142 832 et
1174 780 1312 834 dicta
1342 796 1504 848 opere
1534 785 1820 851 compleat,
1844 796 1900 839 et
1927 786 1977 839 in
2006 799 2151 842 utro-

571 887 675 941 que
704 879 902 924 sancta:
933 870 1186 923 Ecclesiae
1215 871 1473 925 consulat.
1509 873 1611 926 Per
1634 873 1932 928 Dominum.

1065 959 1337 1013 Ordinatio
1367 963 1649 1016 exorcislte.

632 1050 785 1122 (701)
819 1050 1083 1103 Exnrcista
1106 1091 1123 1114 ,
1166 1067 1282 1103 cum
1314 1052 1470 1119 (705)
1499 1055 1785 1118 ordinatur,
1844 1057 2060 1119 accipiat
2090 1058 2153 1111 de

561 1159 717 1194 manu
746 1143 971 1211 episcopi
1003 1140 1229 1195 libellum
1251 1183 1265 1206 ,
1295 1144 1347 1195 in
1374 1160 1471 1209 quo
1502 1147 1680 1213 scripti
1716 1157 1835 1199 sunt
1862 1148 2149 1211 exorcismi,

561 1237 764 1287 dicente
792 1235 887 1287 sibi
918 1237 1153 1303 episcopo
1180 1252 1197 1293 :

635 1325 789 1393 (706)
840 1326 1035 1393 Aet-ipe
1063 1366 1076 1388 ,
1126 1334 1181 1379 et
1219 1326 1533 1378 commenda
1581 1330 1875 1392 memorias,
1918 1339 1971 1384 et
2001 1330 2152 1401 (707)

569 1417 768 1471 habeto
796 1425 1114 1486 potesmtem
1148 1416 1452 1484 imponendi
1489 1433 1698 1471 manuni
1742 1435 1903 1489 super
1925 1436 2152 1492 energu-

568 1524 805 1572 menum,
835 1510 948 1562 sive
981 1511 1324 1576 baptizatum,
1353 1511 1465 1564 sive
1490 1514 1954 1568 catechmnenum.

639 1597 787 1665 (703')
832 1596 1079 1667 Pra’fatio
1122 1600 1405 1653 exorcistte.
1448 1629 1518 1641 -—
1555 1603 1704 1672 (709)
1749 1605 1914 1657 Deum
1942 1606 2149 1659 Patrem

569 1690 990 1757 omnipotentem
1022 1690 1293 1756 supplices
1319 1691 1687 1759 deprecemur,
1730 1702 1786 1746 ut
1817 1694 1955 1748 hunc
1984 1697 2136 1748 laniu-

2255 514 2408 585 (726)
2451 527 2473 551 α
2504 522 2891 585 removendus,
2942 524 3021 578 sic
3061 527 3150 594 qui
3190 526 3332 581 ultio
3372 531 3571 593 ambit,
3620 532 3703 586 vel
3746 536 3850 585 ini-

2258 616 2547 673 portnnnm
2592 625 2650 664 se
2681 612 2912 680 ingerit,
2947 624 3030 668 est
3060 618 3240 683 procul
3273 618 3436 673 dubio
3465 622 3847 690 repellendus;

2256 712 2379 751 nam
2408 714 2496 767 qui
2530 702 2716 754 nititur
2757 702 2823 756 ad
2863 704 3053 758 altiora
3095 708 3491 772 conscendere,
3537 711 3662 779 quid
3704 713 3851 780 agit,

2256 787 2354 842 nisi
2411 797 2469 843 ut
2517 793 2809 846 crescendo
2856 792 3181 849 decrescat?
3229 799 3340 851 Cur
3398 815 3503 852 non
3561 806 3851 870 perpendit

2256 880 2375 946 quia
2420 880 2726 935 benedictio
2769 884 2844 936 illi
2890 886 2940 938 in
2988 887 3330 942 maledictum
3374 894 3727 958 convertitur,
3757 896 3849 961 qui

2254 972 2333 1025 atl'
2352 974 2450 1025 hoc
2484 984 2539 1026 ut
2568 977 2658 1028 ﬁat
2688 977 2968 1032 haereticus
3000 984 3385 1046 promovetur?

2327 1061 2479 1130 (7'27)
2527 1062 2886 1119 Subdiaconus
2925 1084 3039 1119 cum
3067 1072 3353 1134 ordinatur,
3384 1076 3507 1139 quia
3534 1090 3715 1125 manus
3745 1076 3841 1125 im-

2254 1149 2553 1217 positionem
2596 1168 2696 1204 non
2732 1155 2951 1223 accipit,
2985 1156 3137 1226 (7‘28)
3164 1168 3404 1225 patenum
3435 1163 3498 1213 de
3528 1178 3685 1214 manu
3709 1167 3845 1232 epis-

2254 1240 2370 1305 copi
2397 1242 2617 1310 accipiat
2644 1258 2893 1309 vacuant,
2926 1255 2973 1298 et
3025 1249 3232 1301 calicem
3274 1265 3531 1305 uacuum:
3577 1255 3640 1306 de
3687 1271 3843 1307 manu

2252 1331 2601 1386 archidiaconi
2630 1336 2843 1401 accipiat
2875 1337 3022 1406 (7:29)
3048 1344 3306 1394 urceolum
3346 1359 3459 1396 cum
3486 1343 3646 1413 (750)
3678 1362 3838 1415 aqua-

2261 1423 2471 1485 ntanili,
2517 1440 2580 1475 ac
2628 1425 2783 1495 (731)
2826 1432 3226 1498 manutergium.
3272 1431 3594 1486 Eahibeatur
3632 1437 3687 1487 in
3719 1454 3845 1489 con-

2252 1519 2425 1572 specta
2464 1512 2690 1581 episcopi
2730 1524 2913 1582 patena
2953 1528 2999 1570 et
3039 1520 3174 1572 calix
3213 1535 3434 1587 vacuus,
3464 1533 3511 1576 et
3553 1525 3701 1577 dicat
3728 1529 3843 1595 epi-

2254 1612 2438 1663 sciipus
2468 1616 2487 1651 .'

2325 1688 2481 1757 (752)
2528 1688 2697 1756 Vide,
2740 1695 2892 1761 cujus
2937 1695 3299 1751 ministerium
3340 1700 3431 1754 tibi
3473 1702 3744 1768 traditur;
3788 1716 3842 1760 et

569 1777 676 1829 lum
710 1793 862 1831 suum
893 1777 985 1832 Ill.
1017 1781 1330 1834 benedicere
1361 1782 1608 1849 dignetur
1644 1784 1693 1835 in
1728 1784 1960 1837 officium
1993 1801 2136 1841 exor-

2255 1779 2373 1831 ideo
2430 1781 2474 1833 si
2532 1797 2702 1850 usque
2760 1800 2900 1840 nunc
2949 1788 3092 1842 fuisti
3142 1791 3329 1845 tardus
3374 1793 3441 1845 ad
3500 1795 3839 1865 Ecclesium,

566 1870 716 1923 cista:
743 1890 753 1922 :
788 1880 845 1925 ut
888 1875 958 1925 sit
993 1872 1243 1940 spiritalis
1273 1874 1562 1943 imperator
1589 1877 1655 1931 ad
1680 1878 2011 1947 abjiciendos
2042 1886 2149 1935 dic-

569 1974 756 2015 mones
802 1962 870 2015 de
917 1964 1229 2031 corporibus
1271 1965 1545 2032 obsessis,
1595 1984 1715 2021 cum
1741 1971 1885 2023 omni
1916 1971 2149 2040 nequitia

562 2067 748 2104 eorum
800 2052 1108 2106 multiformi
1138 2093 1154 2120 ,
1207 2054 1488 2121 adiuvante
1529 2059 1748 2113 Domino
1798 2071 1981 2115 nostro
2020 2062 2147 2116 Jesu

565 2140 793 2195 Christo.
844 2144 943 2209 Qui
974 2158 1093 2198 cum
1135 2162 1200 2199 eo
1239 2146 1369 2199 vivit
1396 2155 1451 2202 ct
1479 2160 1667 2218 regnat
1697 2150 1835 2205 Deus
1863 2152 1915 2204 in
1948 2155 2147 2207 unitate

562 2234 793 2296 Spiritus
819 2234 1007 2288 saneti.

631 2324 787 2393 221
818 2323 1108 2377 Benedictio
1138 2326 1492 2381 erorcisttc.—
1515 2330 1661 2399 (710)
1689 2330 1910 2386 Domine
1939 2344 2143 2398 sancte,

566 2412 724 2466 Pater
753 2415 1109 2482 omnipotens,
1152 2427 1351 2471 aeterne
1376 2418 1534 2482 Deus,
1564 2420 1884 2476 benedicere
1907 2423 2146 2493 digneris

564 2502 702 2555 hinc
728 2499 985 2557 famulum
1018 2515 1163 2558 tuum
1196 2505 1285 2560 Ill.
1319 2508 1372 2562 in
1404 2508 1633 2565 ofticium
1658 2514 1960 2584 exorcistte,
1994 2528 2047 2571 et
2078 2520 2142 2571 ad

574 2591 965 2657 iinpositioneni
997 2610 1246 2650 manuum
1277 2606 1331 2652 et
1371 2601 1481 2653 oris
1519 2601 1749 2657 oflicium
1789 2620 1908 2658 eum
1947 2607 2147 2675 eligere

566 2682 839 2750 digneris,
878 2694 934 2737 ut
965 2686 1245 2752 imperium
1301 2690 1489 2743 babcat
1529 2692 1678 2761 (711)
1722 2696 2000 2761 spirituum
2041 2699 2144 2751 ini-

572 2772 887 2825 mundorom
938 2776 1396 2843 coercendornm,
1443 2789 1498 2833 et
1543 2782 1691 2851 (71:2)
1747 2785 2030 2850 irobabilis
2074 2792 2143 2842 sit

563 2861 801 2916 med9cus
833 2862 1083 2918 Ecclesia:
1106 2905 1120 2930 ,
1153 2867 1301 2937 (715)
1330 2872 1512 2935 gratia:
1561 2874 1891 2928 curationum
1947 2880 2144 2934 virtute

561 2952 924 3006 confirmatus.
960 2955 1061 3022 l’er
1095 2956 1393 3013 Dominum.

1081 3044 1353 3099 Ordinatio
1382 3050 1625 3118 acolytlti.

2254 1870 2447 1925 amodo
2476 1872 2642 1929 debes
2672 1889 2793 1929 esse
2821 1878 3105 1945 assiduus;
3135 1882 3178 1933 si
3222 1898 3388 1951 usque
3428 1901 3573 1940 nunc
3618 1902 3841 1942 somno-

2252 1960 2429 2012 lentus
2448 2000 2464 2025 ,
2494 1962 2690 2015 amodo
2715 1965 2839 2033 vigil
2867 1983 2880 2031 ;
2911 1968 2953 2020 si
2984 1982 3151 2035 usque
3177 1984 3316 2024 nunc
3340 1972 3618 2042 ebriosus,
3650 1977 3843 2031 amotio

2255 2049 2505 2115 sobrius;
2537 2052 2582 2105 si
2616 2067 2783 2121 usque
2828 2071 2968 2109 nunc
3011 2058 3357 2125 inhonestus,
3400 2065 3597 2118 amodo
3639 2079 3840 2122 castus.

2252 2138 2565 2195 Oblationcs
2592 2156 2713 2210 qua:
2742 2146 2959 2198 veniunt
2988 2149 3036 2199 in
3064 2158 3235 2203 altare
3264 2165 3428 2219 panes
3452 2157 3842 2222 prapositionis

2248 2229 2613 2297 appellantur.
2646 2234 2722 2287 De
2752 2234 2881 2303 ipsis
2926 2235 3289 2293 oblationibus
3333 2250 3537 2296 tantum
3578 2245 3746 2299 debet
3784 2248 3839 2301 in

2249 2322 2404 2376 altari
2449 2324 2571 2391 poni
2614 2333 2870 2393 quantum
2922 2327 3120 2395 populo
3159 2330 3331 2397 possit
3356 2332 3639 2401 sufficere,
3675 2340 3835 2408 222

2250 2426 2316 2464 ne
2363 2413 2565 2478 aliquid
2620 2416 2889 2482 putridum
2941 2419 2992 2469 in
3041 2418 3276 2473 Sacrario
3324 2433 3621 2478 remaneat.
3674 2426 3837 2482 Pallae

2249 2517 2377 2556 vero
2408 2504 2558 2573 (755)
2596 2521 2715 2572 quae
2760 2516 2885 2559 sunt
2927 2506 2979 2560 in
3024 2509 3415 2577 substratorio,
3461 2514 3515 2567 in
3555 2515 3667 2568 alio
3708 2532 3837 2571 vase

2247 2592 2443 2649 debent
2472 2598 2670 2661 lavari,
2718 2598 2772 2651 itt
2815 2598 2966 2669 (754)
3007 2600 3109 2653 alio
3152 2604 3462 2672 corporales
3508 2608 3685 2673 pallia.
3736 2610 3833 2664 Ubi

2249 2686 2403 2754 polire
2433 2689 2741 2755 corporales
2769 2690 2956 2743 lavate:
2986 2690 3229 2757 fuerunt,
3280 2696 3487 2749 nullum
3534 2698 3828 2755 linteamen

2243 2777 2441 2833 ibidem
2480 2780 2621 2833 aliud
2661 2780 2821 2834 debet
2863 2782 3062 2846 lavari;
3110 2784 3219 2851 ipsa
3261 2799 3394 2852 aqua
3421 2788 3470 2839 in
3507 2789 3828 2856 baptisterio

2245 2869 2409 2924 debet
2440 2872 2608 2939 vergi.
2642 2869 2798 2937 ideo,
2832 2882 2882 2925 te
2912 2876 3208 2940 admoneo,
3243 2886 3293 2929 tu
3329 2879 3484 2931 talem
3520 2890 3569 2932 te
3600 2883 3823 2948 exhibe,

2246 2973 2303 3013 ut
2339 2962 2447 3015 Deo
2478 2963 2689 3028 placere
2720 2966 2911 3033 possis.
3458 2962 3482 2983 ⁶

2315 3056 2383 3108 Et
2413 3056 2585 3109 tradat
2610 3058 2660 3112 ei
2688 3060 2911 3113 calicem
2946 3068 2998 3114 et
3030 3070 3299 3129 patenam.

630 3134 778 3200 (711)
821 3135 1115 3205 Aeoli/titus,
1146 3155 1259 3191 cum
1290 3142 1579 3209 ordinatur,
1610 3145 1759 3215 (715)
1804 3152 2029 3219 primunt
2075 3156 2135 3207 ab

2315 3144 2589 3199 Ordinatio
2630 3149 2952 3205 subdiaconi.
2982 3180 3055 3191 --
3086 3152 3239 3221 (755)
3270 3152 3498 3210 Oremus
3552 3156 3723 3212 Deum
3770 3175 3828 3215 ac

558 3223 792 3291 episcopo
831 3228 1072 3279 doceatur
1100 3233 1317 3298 qualiter
1346 3233 1397 3284 in
1428 3234 1587 3300 officio
1613 3252 1704 3288 suo
1735 3255 1882 3306 agere
1920 3243 2096 3296 debeat
2122 3263 2139 3307 ;

560 3314 647 3362 sed
688 3312 838 3383 (716)
875 3316 939 3367 ab
968 3317 1329 3372 arcltidiacono
1367 3324 1585 3388 acciptat
1623 3332 1981 3395 ceroferarium
2023 3351 2137 3387 cum

559 3414 733 3465 cerea,
765 3412 821 3454 ut
848 3410 974 3457 sciat
1002 3422 1056 3459 se
1082 3406 1149 3459 ad
1185 3409 1329 3477 (7l7)
1364 3413 1693 3467 accendenda
1722 3418 1946 3473 ecclesiae
1978 3423 2133 3478 lumi—

560 3492 709 3543 naria
740 3499 1019 3566 mancipari
1038 3539 1051 3559 ,
1083 3499 1231 3569 (718)
1264 3504 1335 3553 ita
1366 3504 1461 3555 sibi
1491 3506 1687 3559 dicente
1707 3528 1727 3567 ,-

636 3583 787 3653 (7l9)
817 3588 1055 3658 Accipite
1085 3591 1186 3645 hoc
1215 3596 1557 3661 ge-tatorium
1586 3598 1830 3667 luminis,
1866 3611 1922 3655 ut
1956 3618 2046 3669 per
2078 3606 2136 3656 il-

558 3671 646 3727 lud
681 3678 902 3731 valeatis
932 3680 1361 3736 adversariorum
1396 3689 1644 3743 tenebras
1671 3692 1932 3760 effugarc,
1966 3704 2019 3748 et
2050 3711 2138 3750 ve-

559 3762 830 3818 rissimum
874 3767 1089 3839 lumcn,
1132 3772 1270 3839 quod
1313 3774 1574 3835 illuminat
1611 3794 1822 3834 omnem
1864 3778 2135 3839 hominem

566 3856 870 3910 venientem
905 3860 955 3913 in
988 3863 1241 3917 mundum
1264 3906 1278 3929 ,
1315 3867 1539 3923 fideliter
1569 3869 1828 3930 invenire.

633 3943 784 4014 (720)
816 3948 1051 4017 Accipiat
1081 3963 1134 4007 et
1165 3958 1439 4012 urceolum
1472 3976 1694 4015 vacuum
1728 3965 1880 4033 (721)
1909 3967 1973 4023 ad
2016 3967 2134 4023 fitti-

556 4032 787 4089 dandum
821 4039 973 4117 (722)
1006 4045 1184 4097 vinum
1216 4048 1268 4100 in
1305 4050 1631 4106 [ﬁucharistia
1661 4058 1919 4122 corporis.

626 4123 920 4183 Benedictio
950 4134 1195 4203 acolytlti.
1227 4166 1300 4177 --
1329 4139 1479 4209 (725)
1525 4139 1873 4213 OmnipOtcns
1929 4148 2130 4215 sempi-

555 4225 703 4271 tcrne
736 4222 906 4289 Deus,
943 4226 1059 4281 fons
1092 4228 1255 4296 lucis,
1297 4244 1347 4286 et
1389 4235 1540 4305 origo
1579 4237 1862 4303 bonitatis,
1906 4240 1993 4308 qui
2034 4256 2130 4308 per

553 4305 736 4362 Jesum
767 4310 1039 4368 Christum
1072 4317 1266 4373 Filium
1298 4331 1444 4377 tuum
1468 4366 1481 4389 ,
1512 4325 1689 4381 lumen
1721 4343 1937 4395 verum,
1970 4346 2129 4386 mun-

552 4398 678 4450 dum
722 4400 1071 4472 illuminasti,
1116 4409 1339 4478 ejusque
1382 4417 1641 4480 passionis
1682 4421 1938 4487 mysterio
1976 4422 2128 4476 rede-

2245 3237 2522 3291 Dominum
2573 3250 2848 3305 nostrum,
2903 3253 2959 3296 ut
3002 3256 3164 3312 super
3214 3260 3427 3300 servum
3478 3263 3640 3304 suum
3694 3249 3827 3317 Ill.,

2239 3344 2397 3396 quem
2450 3330 2518 3383 ad
2574 3331 2987 3388 snbdiaconatus
3040 3336 3273 3390 officium
3330 3353 3521 3393 vocare
3573 3343 3825 3411 dignatus

2239 3430 2354 3489 est,
2404 3422 2647 3476 infundat
2678 3423 3105 3481 benedictionem
3134 3438 3190 3483 et
3218 3442 3438 3499 gratiam
3469 3448 3623 3486 suam
3644 3477 3658 3495 ,
3690 3445 3749 3489 ut
3778 3438 3826 3491 in

2239 3523 2524 3578 conspectu
2558 3528 2654 3566 suo
2701 3516 2928 3570 fideliter
2969 3520 3240 3586 serviens,
3286 3522 3665 3588 przcdestinata
3707 3542 3826 3582 san-

2238 3604 2336 3656 ctis
2369 3606 2584 3669 prmmia
2616 3616 2999 3673 consequatur,
3034 3611 3324 3666 auxiliante
3368 3613 3593 3668 Domino
3639 3628 3825 3672 nostro

2235 3694 2359 3748 Jesu
2393 3694 2609 3749 Christo
2630 3736 2645 3761 ,
2678 3699 2768 3765 qui
2803 3713 2922 3750 cum
2956 3714 3020 3752 eo
3048 3701 3181 3755 vivit
3209 3710 3262 3755 et
3291 3713 3478 3772 regnat
3511 3705 3677 3761 Deus.

2310 3780 2598 3838 Benedictio
2639 3785 2957 3841 subdiaconi.
2999 3816 3069 3828 -—
3115 3790 3273 3861 (756)
3315 3792 3539 3850 Domine
3598 3809 3819 3866 sancte,

2239 3873 2395 3927 Pater
2419 3875 2780 3944 omnipotens,
2810 3887 3012 3934 aeterne
3041 3881 3199 3945 Deus,
3230 3882 3553 3941 benedicere
3580 3887 3823 3957 digneris

2237 3960 2495 4017 famulum
2530 3974 2679 4019 tuum
2724 3967 2896 4031 hunc,
2942 3984 3096 4037 quem
3138 3972 3203 4025 ad
3249 3973 3665 4032 subdiaconatus
3708 3980 3822 4033 ofﬁ-

2239 4055 2375 4107 cium
2410 4057 2611 4127 eligere
2641 4059 2890 4128 dignatus
2921 4076 2977 4115 es
3002 4102 3016 4126 ,
3051 4065 3124 4115 uti
3159 4079 3278 4117 cum
3310 4070 3545 4121 sacrario
3572 4078 3667 4122 tuo
3699 4086 3821 4125 sano

2232 4155 2319 4200 cto
2347 4154 2626 4201 strenuum
2654 4151 3049 4213 sollicitumque
3076 4156 3279 4209 caelesti
3309 4157 3513 4211 militiae
3543 4161 3814 4229 instituas,

2232 4245 2285 4290 et
2312 4246 2510 4291 sanctis
2537 4238 2791 4293 altaribus
2825 4240 3049 4295 fideliter
3079 4244 3477 4315 subministret,
3508 4258 3563 4301 et
3594 4252 3813 4318 requie-

2230 4336 2345 4381 scat
2391 4342 2553 4395 super
2598 4343 2719 4383 eum
2772 4330 3002 4393 Spiritus
3053 4334 3329 4399 sapientia:
3377 4345 3430 4389 et
3475 4337 3814 4406 intellectus,

2233 4420 2462 4485 Spiritus
2492 4421 2699 4476 consilii
2742 4432 2796 4477 et
2839 4423 3164 4480 fortitudinis
3186 4467 3201 4490 ,
3231 4427 3461 4495 Spiritus
3491 4432 3736 4484 scientiae
3765 4444 3817 4485 et

554 4486 741 4552 misti,
800 4493 1121 4553 benechere
1178 4501 1397 4569 dignare
1450 4504 1588 4558 hunc
1636 4486 1892 4563 famulum
1949 4523 2124 4577 tuum,
2152 4505 2206 4566 Ι)
2236 4510 2468 4578 pietatis.
2518 4509 2747 4576 Repleas
2794 4526 2915 4566 eum
2965 4513 3167 4581 Spiritu
3216 4518 3423 4571 timoris
3467 4520 3573 4584 tui,
3606 4529 3663 4573 et
3690 4536 3813 4575 eum

553 4590 711 4642 quem
756 4579 808 4632 in
849 4584 1084 4652 acolyttii
1125 4587 1358 4642 officium
1401 4606 1810 4660 consecremus,
1850 4609 2126 4665 poscentes

554 4672 696 4716 tuam
718 4666 1085 4737 clementiam,
1113 4685 1167 4728 tit
1191 4676 1307 4743 ejus
1340 4690 1569 4735 mentem
1596 4690 1650 4736 et
1670 4684 1866 4739 lumine
1885 4689 2124 4743 scientia:

554 4749 789 4807 illustres
810 4795 826 4820 ,
857 4766 910 4810 et
938 4761 1148 4827 pielalls
1179 4778 1279 4818 tua:
1309 4784 1428 4822 rore
1470 4771 1688 4837 irriges,
1732 4784 1790 4827 ut
1828 4775 1899 4829 ita
1944 4793 2125 4846 perce-

557 4853 703 4909 pttnn
734 4848 1087 4908 ministerium
1133 4867 1379 4926 peragat,
1410 4862 1637 4926 qualiter
1666 4864 1728 4917 ad
1759 4875 2010 4921 aeternam
2040 4886 2125 4924 re-

560 4939 984 4995 munerationem
1042 4949 1324 5012 pervenire
1379 4962 1666 5007 mereatur.
1723 4954 1823 5011 Per
1875 4960 2118 5018 eumdem

553 5023 837 5083 Dominum
862 5044 1120 5090 nostrum.

933 5125 1084 5195 (724)
1118 5127 1387 5182 Ordinatio
1414 5132 1732 5193 subdiaconi,

618 5206 913 5275 Capitulum
941 5218 1105 5270 sancti
1137 5217 1391 5287 Gregorii.
1416 5251 1489 5262 —
1515 5224 1664 5294 (725)
1692 5226 1839 5281 Sicut
1864 5228 1951 5295 qui
1984 5230 2122 5284 invi-

617 5389 905 5469 “attalcgit
933 5391 1080 5469 fingo
1107 5393 1420 5469 Menardns.
1451 5404 1507 5451 ut
1534 5412 1601 5451 ex
1626 5397 1742 5469 ejus
1773 5409 1896 5452 nota
1926 5399 2091 5469 liquet

550 5455 604 5533 l_n
636 5457 804 5511 Editis
835 5455 1210 5533 tanti-n'Vatic.
1241 5477 1292 5520 et
1323 5464 1587 5520 Gussanv.
1624 5455 1812 5533 legitur
1839 5455 2114 5526 admitten-

545 5526 681 5606 dtis;
731 5543 889 5606 quam
946 5532 1227 5588 lectionem
1279 5539 1599 5590 confirmant
1645 5526 1881 5606 epistola:
1938 5542 2107 5594 sancti

544 5595 785 5673 Gregorii
826 5600 1225 5673 sivehexicuste,
1273 5606 1385 5660 sive
1423 5622 1581 5660 manu
1622 5595 1920 5673 dit-seripula.
1963 5611 2111 5664 Adde

544 5665 685 5733 quod
739 5666 976 5724 Menardi
1033 5665 1287 5729 Editionis
1338 5677 1551 5731 lectioni
1603 5679 1687 5732 vix
1744 5665 1884 5735 ullus
1938 5683 2108 5750 aptari

2214 5544 2284 5615 aal
2312 5543 2575 5615 :Oremus
2597 5588 2611 5609 ,
2646 5547 2992 5613 dilectissimi,
3024 5563 3128 5605 etc.
3152 5593 3167 5615 ,

2217 5612 2441 5665 mittitur
2491 5615 2759 5669 Orationes
2804 5618 2873 5670 ad
2921 5612 3234 5676 ordinandas
3272 5612 3531 5678 diaconos.
3585 5612 3666 5678 Είῖ
3690 5641 3789 5679 λειιι

2215 5683 2316 5736 ritu
2338 5692 2528 5738 cit‘tera
2553 5701 2649 5754 pro
2670 5687 2844 5742 ordin.
2873 5691 3163 5759 presbyteri
3180 5704 3229 5747 et
3244 5696 3478 5765 episcopi
3500 5696 3765 5751 habentur

2231 4598 2528 4653 ministerio
2558 4600 2744 4655 divino
2773 4602 3061 4657 conﬁrmes
3088 4645 3103 4667 ,
3137 4612 3196 4657 ut
3220 4605 3478 4661 obediens
3504 4606 3689 4677 facto,
3733 4621 3808 4665 at-

2228 4703 2333 4756 que
2359 4688 2501 4743 dicto
2530 4703 2760 4757 parens,
2815 4702 2959 4745 tuam
3012 4696 3235 4762 gratiam
3284 4708 3667 4764 consequatur.
3712 4701 3813 4756 Per

2229 4777 2513 4832 Dominum
2546 4790 2787 4835 nostrum
2808 4824 2821 4847 ,
2857 4796 2961 4838 etc.
2988 4821 3003 4846 ,
3035 4785 3088 4838 in
3118 4787 3320 4840 unitate
3347 4786 3607 4855 ejusdem.

2286 4892 2433 4963 (757)
2466 4893 2607 4947 Ordo
2639 4895 2665 4932 δ
2695 4897 2908 4962 qualiter
2939 4900 2989 4950 in
3022 4898 3254 4951 Romana
3288 4900 3515 4955 Ecclesia
3544 4902 3756 4958 diaconi

2600 4975 2645 5016 et
2675 4969 2952 5036 presbyteri
2982 4970 3254 5021 ordinandi
3286 4985 3426 5024 sunt.

2308 5049 2493 5103 Mensis
2523 5054 2711 5119 primi,
2741 5056 2940 5122 quarti,
2983 5058 3181 5127 septimi
3220 5068 3265 5112 et
3304 5061 3519 5126 decimi,
3552 5062 3806 5118 Sobbato-

2231 5156 2341 5192 rum
2368 5140 2450 5194 die
2477 5140 2527 5193 in
2559 5142 2828 5195 duodecim
2857 5145 2973 5198 lect.
2996 5190 3011 5213 ,
3048 5148 3117 5198 ad
3154 5158 3381 5202 sanctum
3427 5149 3635 5205 Petrum
3654 5196 3669 5219 ,
3723 5156 3808 5208 ubi

2232 5232 2282 5283 Μ
2289 5232 2403 5285 issu:
2423 5248 2461 5283 ες
2480 5231 2762 5299 lebrantur,
2789 5245 3053 5305 postquam
3077 5241 3417 5309 Antipltonam
3438 5246 3506 5297 ad
3526 5243 3805 5299 lntrot'tum

2220 5401 2391 5470 possit
2419 5418 2629 5464 sensus.

2288 5470 2315 5509 ιι
2355 5472 2409 5553 in
2446 5475 2616 5540 primo
2645 5475 2851 5553 'l‘liend.
2880 5478 2994 5553 inec
3023 5482 3202 5536 omnia
3242 5482 3579 5551 omittuntur,
3623 5501 3795 5553 usque

3207 5556 3312 5607 eol.
3344 5571 3459 5623 seq.
3480 5597 3495 5618 ,
3527 5555 3612 5609 cui
3652 5572 3794 5623 prae-
