3988 6362
146 346 246 401 Eii

1359 351 1553 404 LIBER
1599 350 2229 408 SACllAMENTORUM.

3319 374 3422 428 321

144 462 386 515 αασίηι
407 501 425 524 .
463 464 587 516 data
621 462 884 526 Oratione,
917 463 1049 514 venit
1075 461 1465 516 archidiaconus
1485 503 1502 529 ,
1531 476 1578 518 et
1609 465 1755 531 offert
1784 470 1830 525 Α
1859 467 2094 520 excubiis
2150 481 2519 530 peruia-nentes
2543 513 2559 540 ,
2621 475 2982 532 lucreditatrm
3040 480 3421 540 benedictionis

143 571 261 608 eum
291 555 394 624 qui
428 557 759 609 ordinandus
789 564 861 609 est
893 555 1146 623 pontiﬁci,
1179 555 1249 606 ita
1278 554 1450 606 dicens
1481 569 1499 607 :

216 645 489 698 Postulat
516 655 701 698 sancta
737 653 906 697 mater
938 644 1170 698 Ecclesia
1202 645 1490 704 catholica,
1524 652 1580 696 ut
1609 644 1749 698 hunc

147 744 497 802 praesentem
529 735 907 788 subdiaconem
936 734 1000 786 ad
1030 749 1164 787 eous
1205 734 1468 799 diaconii,
1511 735 1597 789 vel
1627 734 1746 788 dia-

139 842 343 881 conum
383 831 457 880 ad
492 844 628 882 onus
657 828 969 899 presbyterii
999 828 1275 881 ordine‘tis.

211 920 527 989 Interrogor
553 923 820 986 episcopus
841 937 860 973 :
889 920 1003 976 Scis
1033 920 1176 974 illum
1209 921 1422 989 dignum
1453 918 1612 972 esse?
1645 917 1744 972 Re-

139 1013 366 1078 spondet
400 1009 632 1074 offerens
653 1025 674 1063 :

208 1101 506 1166 Quantum
536 1103 762 1154 humana
794 1101 1051 1169 fragilitas
1078 1115 1236 1154 nosse
1261 1099 1415 1162 sinit,
1448 1109 1500 1154 et
1526 1099 1658 1163 scio,
1687 1108 1740 1153 et

138 1191 407 1246 testiﬁcor
442 1194 620 1261 ipsum
653 1194 871 1260 dignum
903 1208 1023 1246 esse
1055 1193 1118 1246 ad
1151 1194 1307 1259 hujus
1336 1208 1470 1246 onus
1501 1190 1684 1246 oflicii.

205 1279 275 1332 Et
305 1290 440 1334 tunc
472 1284 746 1336 annuntiat
777 1285 1004 1352 pontifex
1032 1284 1221 1351 populo
1241 1323 1255 1347 ,
1285 1284 1457 1336 dicens
1485 1298 1504 1335 :

204 1369 534 1428 Ausiliante
569 1372 794 1427 Domino
826 1373 936 1428 Deo
967 1382 1020 1428 et
1059 1373 1334 1428 Salvatore
1375 1380 1561 1426 nostro
1603 1372 1732 1428 Jesu

133 1458 372 1513 Christo.

202 1549 410 1606 Iterum
442 1553 612 1606 dicit:
643 1580 715 1593 --
745 1553 1052 1607 Auxiliante
1098 1553 1324 1605 Domino
1365 1551 1476 1604 Deo
1515 1559 1569 1606 et
1607 1549 1730 1605 Sal-

135 1653 319 1695 vatore
346 1652 548 1694 nostro
573 1642 700 1696 Jesu
728 1643 972 1705 Christo,
1001 1640 1242 1711 eligimus
1269 1640 1321 1694 in
1352 1639 1593 1694 ordinem
1619 1639 1732 1692 dia.

134 1730 310 1795 conii,
339 1731 465 1784 sive
501 1732 821 1801 presbyterii
853 1731 947 1784 Ill.
979 1731 1370 1786 subdiaconum
1391 1773 1405 1790 ,
1451 1730 1568 1784 sive
1609 1729 1725 1782 dia-

1853 569 2065 610 δοκοῖ-ηαξ
2093 567 2236 610 sorte
2266 571 2513 628 perpetua
2544 564 2890 631 possiderent.
2921 567 3091 636 Super
3122 571 3258 625 hunc
3289 588 3419 642 quot

1851 660 1952 712 que
1974 645 2226 701 famulum
2251 658 2428 717 tuum,
2454 667 2773 718 qumsumus,
2803 656 3049 725 Domine,
3079 659 3312 726 placatus
3334 663 3414 716 itt-

1850 737 2027 802 tende,
2050 755 2203 807 quem
2224 743 2326 795 tuis
2355 746 2600 798 sacrariis
2621 750 2937 801 serviturum
2969 751 3018 803 in
3046 751 3276 806 ofﬁcium
3307 753 3418 808 dia-

1845 827 1964 877 coni
1992 829 2300 896 suppliciter
2326 832 2650 899 dedicamus.
2682 835 2745 888 Et
2773 852 2868 890 nos
2895 839 3137 906 quidem,
3171 850 3414 911 tanquam

1847 911 2088 968 homines
2129 917 2291 971 divini
2338 935 2527 974 sensus
2573 933 2626 976 et
2674 940 2897 980 summa:
2940 934 3160 984 rationis
3207 935 3410 1001 ignari,

1845 1000 2003 1071 hujus
2053 1008 2242 1070 vitam,
2293 1021 2544 1075 quantum
2594 1028 2900 1080 possumus,
2942 1000 3288 1077 assumamus.
3338 1023 3413 1080 Te

1841 1104 2016 1147 autem
2037 1137 2054 1162 ,
2086 1097 2325 1159 Domine,
2351 1115 2413 1154 ea
2439 1118 2555 1169 qua)
2582 1107 2729 1158 nobis
2757 1118 2879 1162 sunt
2907 1109 3080 1176 ignota
3106 1129 3207 1166 non
3239 1126 3408 1168 trans-

1837 1191 1999 1248 eunt,
2031 1193 2080 1236 te
2110 1188 2314 1240 occu‘lta
2348 1205 2450 1243 non
2483 1187 2688 1246 fallunt.
2739 1192 2813 1246 To
2871 1202 3111 1264 cognitor
3163 1216 3402 1256 secreto-

1837 1290 1990 1339 rum,
2025 1285 2075 1328 tu
2105 1288 2368 1331 scrutator
2399 1295 2459 1334 es
2484 1281 2757 1344 cordium,
2789 1294 2842 1338 tu
2872 1288 2987 1350 ejus
3014 1287 3173 1341 vitam
3204 1291 3407 1345 cmlesti

1839 1370 2039 1434 poteris
2063 1371 2370 1424 exitminare
2391 1371 2592 1439 judicio
2614 1413 2630 1437 ,
2660 1390 2763 1441 quo
2793 1391 3004 1442 semper
3035 1382 3288 1443 prtevales
3309 1425 3323 1446 ,
3357 1393 3411 1435 et

1835 1455 2064 1512 admissa
2099 1474 2355 1526 purgare,
2387 1469 2442 1514 et
2467 1461 2617 1530 (747)
2649 1478 2710 1515 ea
2740 1479 2856 1530 qua:
2885 1474 3008 1518 sunt
3052 1469 3250 1534 agenda
3288 1485 3412 1522 con-

1834 1548 2046 1600 cedere.
2084 1547 2277 1603 Emitte
2307 1551 2356 1603 in
2401 1567 2556 1615 eum,
2603 1553 2862 1618 Domine,
2906 1570 3242 1623 quaesumus,
3286 1558 3406 1624 Spi-

1833 1635 1994 1690 ritum
2026 1647 2303 1704 sanctum,
2336 1656 2440 1710 quo
2473 1642 2524 1695 in
2555 1658 2688 1710 opus
2722 1644 2999 1698 ministerii
3044 1646 3269 1700 lideliter
3305 1663 3402 1702 ex-

1833 1728 2086 1793 sequendi
2117 1729 2451 1797 septiformis
2479 1735 2661 1799 gratia:
2693 1748 2796 1787 tua:
2838 1749 3057 1789 munere
3101 1735 3398 1792 roboretur.

133 1834 328 1873 conum
357 1820 431 1873 de
465 1819 624 1888 (758)
665 1822 820 1874 titulo
860 1819 953 1873 Ill.
997 1820 1121 1889 IIl.,
1168 1820 1533 1890 presbyterum
1577 1817 1728 1887 (759)
1760 1819 1807 1879 Β
1835 1817 2080 1872 Abundet
2109 1818 2158 1871 in
2191 1835 2255 1873 eo
2287 1821 2448 1874 totius
2480 1820 2647 1874 forma
2681 1819 2920 1889 virtutis,
2951 1827 3236 1880 auctoritas
3279 1842 3396 1879 mo-

135 1907 197 1961 de
244 1909 408 1961 titulo
464 1909 566 1962 Ill.
621 1909 679 1964 Si
730 1910 880 1979 (740)
927 1911 1046 1978 quis
1092 1921 1267 1964 autem
1321 1908 1481 1961 habet
1529 1907 1725 1974 aliquid

137 2009 318 2053 contra
353 2001 459 2052 bos
490 2004 668 2066 viros,
702 2015 799 2068 pro
830 2001 936 2054 Deo
965 2010 1018 2053 et
1047 2009 1263 2068 propter
1309 1999 1471 2052 Deum
1512 2013 1630 2050 cum
1661 1998 1725 2050 il-

137 2089 282 2141 ducia
311 2097 518 2153 exeat,
549 2100 604 2144 et
633 2089 794 2144 dicat.
827 2089 1206 2143 Verumtamen
1236 2102 1445 2143 memor
1483 2087 1552 2140 sit
1594 2100 1726 2141 con-

139 2179 351 2232 ditionis
381 2193 524 2231 sure.

201 2269 268 2322 Et
308 2276 429 2338 post
478 2269 738 2321 modicum
776 2269 1101 2321 intervallum
1140 2283 1260 2320 mox
1289 2267 1439 2336 (741)
1471 2267 1722 2332 incipiunt

141 2379 298 2415 omnes
341 2362 517 2432 Kyrie
545 2362 747 2416 eleison
765 2402 779 2425 ,
804 2377 919 2414 cunt
947 2361 1144 2413 litania.
1180 2358 1290 2412 Ilac
1314 2356 1512 2427 expleta
1539 2375 1720 2411 ascen-

142 2455 256 2504 dunt
287 2453 387 2520 ipsi
419 2453 574 2504 electi
615 2452 683 2503 ad
720 2451 891 2504 sedem
933 2450 1227 2518 pontiﬁcis,
1271 2459 1318 2502 et
1358 2448 1606 2501 benedicit
1634 2463 1717 2501 eos

143 2543 196 2594 sd
222 2540 355 2607 quod
385 2541 558 2592 uocati
589 2551 742 2602 sunt,
789 2549 835 2593 et
872 2541 1229 2592 descendentes
1267 2547 1405 2592 stant
1443 2539 1496 2591 in
1539 2539 1718 2591 ordine

141 2647 250 2692 suo,
283 2631 642 2684 benedictione
687 2640 940 2700 percepta.
989 2631 1146 2702 223
1198 2629 1459 2682 Diaconus
1487 2646 1601 2682 cum
1631 2644 1715 2682 or-

145 2723 334 2773 dinatur
359 2762 375 2786 ,
411 2721 574 2789 (752)
621 2725 761 2775 solus
809 2723 1114 2791 episcopus,
1146 2721 1233 2789 qui
1272 2737 1386 2774 eum
1428 2721 1711 2790 benedicit,

145 2828 334 2863 sianum
356 2827 519 2879 ευριπ
547 2821 703 2880 caput
728 2811 870 2866 illius
896 2821 1084 2881 ponat,
1114 2813 1233 2880 quia
1263 2828 1360 2864 non
1385 2813 1453 2864 ad
1477 2813 1714 2865 sacerdo-

143 2904 256 2954 tium
274 2941 288 2963 ,
313 2905 405 2955 sed
438 2903 514 2954 ad
540 2904 874 2955 ministerium
901 2913 1241 2957 consecratur.
1265 2902 1345 2954 Ad
1373 2902 1714 2954 ordinandum

144 2993 396 3044 diaconum
426 3001 480 3044 et
513 2991 891 3061 presbyterum,
923 2987 1088 3061 prima
1120 2991 1299 3043 Oratio
1329 2990 1513 3043 dicitur
1542 2991 1714 3060 legen-

143 3083 215 3134 do.
245 3080 314 3135 Et
341 3088 581 3150 sequitur
614 3083 809 3137 Oratio.
843 3082 910 3136 Et
938 3099 1040 3136 non
1068 3083 1274 3146 dicitur,
1309 3081 1444 3136 Vere
1469 3082 1707 3150 dignum,

145 3174 185 3226 in
209 3175 607 3228 consecratione.
1736 3190 1781 3249 ρ

202 3263 393 3316 Oratio.
426 3291 502 3304 --
525 3263 753 3318 Oremus
783 3262 937 3334 (745)
957 3304 973 3327 ,
1005 3261 1370 3324 dilectissimi,
1408 3263 1569 3316 Deum
1600 3262 1705 3316 Pa-

146 3360 262 3406 trem
289 3353 752 3420 omnipotentem,
786 3364 841 3406 ut
871 3368 1030 3420 super
1061 3355 1201 3406 hunc
1232 3351 1483 3405 famulum
1515 3367 1705 3417 suum,

145 3457 288 3507 quem
320 3444 371 3495 in
401 3458 618 3496 sacrum
651 3441 893 3496 ordinem
939 3442 1182 3510 dignatur
1210 3456 1513 3507 assumere,
1546 3442 1709 3494 bene-

146 3532 376 3585 dictionis
435 3547 552 3586 sua:
608 3532 830 3601 gratiam
886 3532 1182 3586 clementer
1230 3531 1500 3599 effundat,
1550 3533 1707 3600 eique

146 3621 326 3674 donum
354 3625 785 3676 consecrationis
816 3624 1117 3690 indulgeat,
1165 3638 1258 3691 per
1301 3624 1440 3690 quod
1481 3640 1599 3676 eum
1640 3625 1704 3676 ad

146 3713 339 3778 pramia
367 3723 575 3766 eterna
610 3714 894 3782 perducat,
926 3715 1213 3766 auxiliante
1255 3713 1479 3767 Domino
1523 3723 1705 3769 nostro

146 3803 250 3856 lesu
280 3805 521 3860 Christo.
551 3805 650 3872 Qui
682 3820 800 3859 cum
832 3820 896 3859 eo
926 3805 1052 3858 vivit
1077 3815 1128 3858 et
1159 3813 1362 3874 regnat.

206 3892 440 3948 Oremus.
485 3923 558 3935 —-
600 3895 751 3964 (744)
799 3895 1036 3959 Exaudi,
1079 3894 1339 3958 Domine,
1381 3909 1567 3963 preces
1608 3909 1704 3948 no-

147 3989 294 4047 stras,
333 3993 389 4037 et
430 3999 595 4050 super
644 3984 784 4037 hunc
823 3983 1075 4038 famulum
1119 3994 1263 4037 tuum
1305 3983 1557 4049 Spiritum
1600 3994 1703 4038 ture

146 4075 515 4131 benedictionis
545 4080 760 4141 emitte,
795 4089 850 4132 ut
889 4081 1092 4134 cmlestt
1125 4095 1348 4134 munere
1379 4079 1610 4144 ditatus,
1645 4092 1703 4134 et

150 4174 235 4218 tua:
263 4168 488 4236 gratiam
520 4167 688 4232 possit
714 4169 1004 4235 Majestatis
1035 4171 1344 4236 acquirere,
1377 4179 1431 4222 et
1461 4170 1594 4224 bene
1623 4170 1701 4221 vi-

147 4257 286 4309 vendi
316 4259 435 4312 aliis
475 4260 774 4326 exemplum
807 4259 1063 4328 prtebete.
1094 4257 1194 4313 Per
1227 4259 1542 4324 Dominum,
1569 4270 1698 4328 etc.,

149 4347 192 4399 in
217 4350 408 4402 unitate
442 4349 708 4418 ejusdem.

205 4438 538 4494 Consecratio.
583 4468 653 4482 ——-
695 4439 843 4508 (745)
881 4440 1110 4505 Adesto,
1154 4455 1489 4507 quaesumus,
1530 4440 1699 4493 omni-

1827 1904 2008 1971 desta,
2045 1907 2214 1974 pudor
2241 1922 2527 1971 constans.
2566 1913 2884 1966 innocentia:
2925 1916 3152 1982 puritas,
3197 1926 3249 1969 et
3287 1917 3395 1983 spi-

1826 1995 1996 2048 ritalis
2025 1997 2326 2052 observatio
2355 2000 2686 2068 disciplinze;
2734 2001 2784 2054 in
2826 2002 3060 2056 moribus
3103 2003 3217 2070 ejus
3260 2021 3395 2071 pra:-

1825 2096 1976 2153 cepta
2012 2096 2097 2140 tua
2131 2087 2400 2155 fulgeant,
2434 2097 2492 2143 ut
2523 2105 2632 2143 suae
2661 2092 2918 2144 castitatis
2949 2090 3193 2159 exemplo
3223 2091 3398 2145 imita-

1823 2177 2022 2229 tionem
2054 2187 2234 2231 sancta
2269 2179 2415 2244 plebs
2444 2181 2718 2246 acquirat;
2750 2190 2803 2234 et
2832 2180 3023 2233 bonum
3055 2182 3395 2236 conscientiae

1832 2266 2192 2319 testimonium
2224 2267 2530 2336 proferens,
2564 2271 2614 2322 in
2646 2269 2862 2323 Christo
2894 2269 3078 2322 ﬁrmus
3099 2314 3113 2338 ,
3142 2278 3196 2324 et
3234 2273 3397 2326 stahi-

1825 2352 1891 2405 lis
1944 2363 2290 2421 perseveret;
2337 2356 2614 2423 dignisque
2660 2360 2996 2410 successibus
3046 2359 3112 2410 de
3161 2355 3394 2414 inferiori

1817 2443 1980 2508 gradu
2031 2459 2123 2511 per
2167 2444 2392 2511 gratiam
2444 2457 2585 2498 tuam
2615 2462 2807 2513 capere
2846 2449 3052 2516 potiora
3097 2459 3386 2504 mereatur.

1817 2529 1920 2586 Per
1946 2533 2190 2587 eumdem
2227 2533 2504 2586 Dominum
2538 2544 2779 2588 nostrum
2811 2536 2989 2590 Jesum
3018 2535 3305 2592 Christum.

1887 2621 2035 2690 (748)
2071 2623 2288 2690 Quando
2313 2626 2493 2676 stolam
2521 2641 2635 2677 eum
2662 2626 2836 2678 induis
2855 2669 2869 2692 ,
2901 2627 2973 2678 sic
3001 2624 3140 2678 dices
3162 2664 3174 2680 .

1891 2711 1992 2765 Per
2019 2711 2120 2765 hoc
2149 2714 2360 2781 signum
2393 2713 2546 2766 vobis
2589 2713 2900 2768 diaconatus
2943 2714 3172 2767 olficimn
3221 2715 3392 2768 humi-

1818 2799 1939 2854 liter
1967 2801 2128 2872 224
2167 2802 2519 2869 imponimus,
2554 2813 2608 2855 ut
2641 2803 3030 2856 ﬁrmamentum
3076 2818 3272 2856 mensa!
3312 2803 3392 2856 di-

1819 2894 1960 2947 vinae
1993 2906 2241 2964 tanquam
2273 2897 2629 2949 sustentacula
2661 2896 3023 2948 columnarum
3055 2910 3172 2947 esse
3213 2898 3388 2964 possi-

1820 2984 1916 3050 tis,
1967 2995 2021 3039 et
2068 3001 2342 3053 praecones
2390 2987 2526 3056 regis
2574 2985 2808 3041 coalestis
2853 2986 3390 3054 irreprehensibilittr

1818 3076 2050 3129 existere
2079 3076 2412 3130 mereamini.

1890 3163 2039 3237 (749)
2071 3164 2343 3235 Presbyter
2371 3183 2486 3220 cum
2508 3167 2794 3233 ordinatur,
2829 3182 3064 3236 episcopo
3092 3183 3203 3220 eum
3233 3167 3386 3220 bene-

1813 3257 2038 3322 diceute,
2086 3265 2132 3309 et
2172 3273 2376 3311 manum
2421 3275 2573 3328 super
2611 3269 2763 3327 caput
2800 3261 2910 3326 eius
2950 3269 3174 3325 tenente,
3227 3261 3380 3313 etiam

1813 3359 1985 3397 omnes
2040 3347 2346 3415 presbyteri,
2401 3349 2488 3415 qui
2535 3361 2802 3416 prwsentes
2846 3359 2992 3414 sunt,
3045 3367 3225 3402 manus
3267 3366 3387 3403 suas

1803 3437 1962 3505 juxta
1991 3453 2197 3489 manum
2225 3438 2448 3506 episcopi
2477 3456 2629 3506 super
2659 3451 2809 3507 caput
2838 3441 2976 3494 illius
3005 3451 3224 3496 teneant.

2113 3526 2291 3581 Oratio
2316 3530 2384 3580 ad
2404 3533 2722 3599 presbyteros
2744 3532 3079 3585 ordinandas.

1881 3613 2031 3684 (750)
2052 3614 2295 3682 Oremus,
2319 3617 2665 3684 dilecussimi,
2703 3621 2862 3672 Deum
2894 3619 3103 3674 Patrem
3132 3621 3379 3688 omnipo-

1810 3713 2010 3759 tentem
2038 3747 2052 3772 ,
2087 3715 2140 3760 ut
2195 3721 2354 3776 super
2410 3707 2549 3762 hunc
2590 3711 2838 3763 famulum
2884 3725 3068 3775 suum,
3118 3725 3274 3778 quem
3317 3712 3384 3766 ad

1808 3798 2122 3867 presbyterii
2148 3815 2340 3854 munus
2370 3801 2561 3872 elegit,
2604 3803 2838 3858 caelestia
2879 3803 3014 3857 dona
3043 3805 3377 3874 multiplicet,

1806 3900 1861 3943 et
1899 3906 2016 3958 qua:
2056 3889 2172 3959 ejus
2200 3893 2506 3959 dignatione
2546 3895 2807 3963 suscipit,
2859 3894 3024 3962 ipsius
3063 3906 3380 3964 exsequatur

1806 3980 2026 4043 auxilio,
2069 3982 2360 4036 auxiliante
2388 3983 2610 4038 Domino
2637 3993 2818 4038 nostro
2845 3985 2972 4039 Jesu
2999 3987 3232 4040 Christo.

1880 4071 2113 4125 Oremus.
2135 4101 2205 4113 —
2226 4073 2380 4144 (751)
2411 4075 2611 4128 Exaudi
2643 4091 2760 4138 nos,
2791 4091 3123 4142 qutesutnus,
3158 4075 3381 4130 Domine

1809 4165 1947 4217 Deus
1977 4175 2180 4229 noster,
2217 4175 2269 4220 et
2294 4181 2456 4233 super
2490 4167 2628 4219 hunc
2673 4168 2926 4220 famulum
2970 4177 3114 4220 tuum
3160 4166 3380 4222 benedi-

1803 4259 2034 4310 ctionem
2079 4258 2248 4310 sancti
2291 4256 2557 4327 Spiritus,
2601 4265 2653 4311 et
2697 4259 2881 4326 gratia:
2929 4258 3275 4311 sacerdotalis
3302 4261 3379 4310 el-

1803 4340 1966 4398 funde
1993 4347 2236 4399 virtutem
2254 4385 2270 4408 ,
2293 4353 2351 4397 ut
2376 4361 2529 4413 quem
2558 4355 2658 4400 tute
2689 4346 2896 4413 pietazis
2924 4347 3222 4411 aSpectibus
3245 4346 3380 4401 oll‘e-

1802 4434 1970 4488 ritnus
1997 4436 2414 4489 consecrandum
2441 4476 2456 4500 ,
2486 4447 2736 4505 perpetua
2765 4429 3000 4492 muneris
3029 4437 3102 4491 ttti
3138 4439 3378 4508 largitate

150 4538 314 4592 potens
345 4531 521 4593 Deus,
554 4528 705 4598 (7’36)
740 4528 1000 4582 honorum
1031 4529 1206 4593 datar,
1239 4528 1483 4582 ordinum
1522 4528 1698 4582 distri-
1731 4533 1780 4592 ι)
1806 4525 2169 4592 consequaris.
2205 4525 2305 4578 Per
2335 4523 2640 4577 Dominum.

150 4615 304 4680 butor,
340 4619 749 4686 ofliciorumque
787 4617 1092 4688 dispositor.
1131 4618 1230 4684 Qui
1280 4617 1333 4671 in
1382 4628 1432 4671 te
1479 4633 1697 4673 manens

154 4706 344 4760 innovas
380 4709 596 4774 omnia,
637 4718 689 4760 et
727 4720 914 4760 cuncta
953 4707 1242 4773 diSponens
1291 4722 1386 4775 per
1433 4707 1702 4773 Verbum,

152 4792 380 4849 \‘irtntem
402 4837 418 4860 ,
453 4795 888 4864 Sapientiamque
917 4806 1057 4850 tuam
1087 4797 1267 4852 Jesum
1297 4797 1566 4851 Christum
1601 4799 1701 4852 Fi-

152 4881 259 4938 lium
307 4898 451 4940 tuum
503 4888 784 4940 Dominum
834 4897 1104 4951 nostrum,
1153 4889 1476 4955 sempiterna
1524 4888 1701 4956 provio

150 4973 308 5028 tientia
346 4991 643 5046 pra-paras,
685 4986 739 5030 et
775 4977 993 5046 singulis
1031 4978 1330 5046 quibusque
1370 4979 1697 5046 temporibus

150 5064 348 5127 aptanda
395 5064 697 5132 dispensas.
741 5063 904 5133 Cujus
945 5078 1170 5132 corpus,
1217 5065 1508 5119 Ecclesiam
1555 5075 1698 5118 tuam

150 5154 422 5208 caelestium
453 5157 744 5226 gratiarum
773 5158 1026 5210 varietate
1055 5157 1362 5212 distinctam
1384 5197 1400 5223 ,
1445 5173 1697 5213 suorum-

149 5257 236 5310 que
261 5259 547 5300 coonesam
577 5247 901 5301 discretione
929 5251 1290 5304 membrorum
1311 5289 1330 5316 ,
1378 5265 1473 5318 per
1523 5252 1693 5319 legem

153 5333 422 5388 mirabilem
469 5336 635 5390 totius
681 5339 952 5406 compagis
1001 5339 1202 5393 unitam
1253 5340 1306 5392 in
1355 5351 1696 5406 augmentum

155 5426 320 5490 templi
348 5428 453 5491 tui,
483 5441 734 5483 crescere
761 5429 1077 5497 dilatarique
1121 5430 1359 5498 largiris,
1399 5434 1534 5486 sacri
1576 5449 1697 5488 mu-

1879 4615 2028 4685 (752)
2062 4614 2407 4668 Consecratio.
2435 4643 2506 4656 —
2535 4616 2687 4684 (755)
2723 4614 2942 4669 Domine
2969 4623 3154 4670 sancte
3173 4656 3188 4680 ,
3223 4616 3379 4671 Pater

1805 4707 2174 4774 omnipotens,
2206 4714 2419 4758 mternte
2453 4705 2589 4760 Deus
2611 4747 2626 4771 ,
2673 4704 2828 4775 (754)
2872 4704 3132 4759 honorum
3170 4715 3378 4774 auctor,

1803 4804 1857 4849 et
1893 4795 2205 4848 distributor
2247 4797 2482 4848 omnium
2523 4796 2837 4864 dignitatum
2859 4837 2872 4860 ,
2906 4810 2999 4864 per
3025 4811 3178 4863 quem
3213 4798 3376 4864 proli-

1807 4887 1956 4940 ciunt
1987 4887 2231 4939 universa
2253 4925 2268 4952 ,
2301 4902 2394 4955 per
2421 4902 2578 4954 quem
2609 4897 2798 4940 cuncta
2831 4886 3126 4951 firmantur,
3154 4887 3380 4954 amplifi-

1803 4981 1935 5032 catis
1965 4993 2178 5046 semper
2206 4995 2255 5031 tn
2286 4979 2475 5032 melius
2505 4987 2706 5032 natura}
2736 4978 3009 5030 rationalis
3040 4978 3378 5033 incrementis

1803 5083 1899 5137 per
1942 5068 2183 5122 ordinem
2235 5083 2466 5136 congrua
2519 5069 2724 5120 ratione
2753 5067 3090 5133 dispositum.
3137 5066 3288 5123 Unde
3323 5082 3378 5124 et

1803 5158 2167 5212 sacerdotales
2193 5157 2386 5224 gradus
2428 5166 2584 5226 atque
2625 5157 2797 5208 ol‘llcia
2829 5151 3126 5210 Levitarum
3148 5197 3163 5222 ,
3197 5173 3378 5212 sarra-

1801 5248 1998 5301 mentis
2041 5247 2279 5318 mysticis
2323 5247 2562 5299 instituta
2604 5258 2920 5310 creverunt,
2966 5255 3021 5320 ut
3063 5261 3181 5299 cum
3223 5246 3376 5319 (755)

1801 5339 2083 5409 pontifices
2129 5353 2368 5391 summos
2398 5337 2646 5408 regendis
2677 5337 2883 5405 pepulis
2913 5337 3274 5405 praefecisses,
3306 5338 3375 5391 ad
3416 5367 3420 5373 -

1801 5444 1984 5483 eorum
2033 5427 2302 5482 societatis
2349 5436 2404 5480 et
2450 5429 2627 5494 operis
2666 5427 3062 5494 adjumentum,
3103 5427 3374 5494 sequentis
3410 5435 3430 5507 ές

1797 5520 2003 5574 ordinis
2035 5520 2177 5573 viros
2205 5527 2260 5573 et
2287 5519 2536 5572 secundae
2578 5516 2850 5588 dignitatis
2889 5517 3139 5584 eligeres.
3187 5516 3276 5570 Sic
3321 5518 3375 5571 in
3412 5510 3442 5588 ἦ,

1796 5629 1981 5670 eremo
2014 5629 2106 5682 per
2147 5612 2479 5682 septuaginta
2521 5625 2758 5666 virorum
2799 5612 3131 5679 prudentium
3169 5621 3376 5666 mentes

1799 5703 1968 5775 Moysi
2014 5701 2262 5774 spiritum
2305 5701 2640 5772 prepagasti,
2680 5701 2872 5772 quibus
2911 5701 3000 5758 ille
3040 5700 3372 5771 adjutoribus

156 5513 278 5568 neris
302 5520 608 5573 servitutem
644 5521 794 5573 trinis
821 5521 1074 5590 gradibus
1104 5523 1465 5577 ministrorum
1496 5524 1699 5580 nomini

158 5613 230 5656 tuo
256 5609 472 5666 militare
501 5613 850 5667 constituens.
880 5613 1074 5669 Electis
1103 5615 1170 5667 ab
1199 5613 1347 5669 initio
1374 5614 1500 5670 Levi
1534 5616 1659 5671 liliis
1677 5657 1693 5683 ,

157 5696 257 5761 qui,
284 5699 332 5754 in
365 5703 602 5772 mysticis
632 5703 1034 5774 Operationibus
1074 5703 1262 5761 donius
1309 5713 1409 5762 tute
1449 5705 1694 5762 ﬁdelibus
