3988 6298
618 336 719 393 225

1787 336 2024 391 SANCTI
2066 336 2390 392 GliEUORIl
2430 337 2644 392 MAGNI

3752 353 3865 406 235

616 466 737 502 usus
769 449 819 502 in
850 447 1041 515 populo
1076 446 1379 500 innumeras
1411 443 1771 500 multitudines
1803 447 1952 500 facile
1982 448 2177 513 guber-
2206 451 2249 506 Α
2282 464 2493 503 sensum
2541 451 2606 504 de
2636 452 2891 520 exemplis
2943 454 3175 523 priorum
3217 469 3429 527 caperet
3458 472 3709 517 secutura
3768 481 3866 531 po-

617 539 779 590 navit.
802 536 893 590 Sic
916 537 963 588 in
988 534 1241 587 Eleazaro
1269 542 1322 586 et
1347 532 1575 586 ithamar
1604 534 1724 589 ﬁliis
1744 539 1919 589 Aaron
1943 548 2177 604 paterna:

616 625 950 692 ptenitudinis
993 623 1368 679 abundantiam
1398 623 1762 682 transfudisti.
1798 635 1853 679 ut
1880 627 1943 680 ad
1977 628 2176 682 hostias

614 718 875 769 salutares
904 723 958 769 et
989 714 1361 783 frequentioris
1388 714 1548 768 officii
1578 726 1905 769 sacramenta
1938 718 2178 772 ministe-

610 807 745 858 rium
789 805 1061 859 sufﬁceret
1103 805 1464 859 sacerdotum.
1508 806 1618 860 Hac
1660 806 2024 874 providentia,
2076 809 2179 862 Do-

611 897 783 959 mine,
815 896 1076 963 apostolis
1123 897 1245 950 Filii
1296 898 1403 961 tui,
1457 898 1702 952 doctores
1750 898 1903 965 ﬁdei,
1954 904 2178 954 comites

610 985 893 1052 addidisti,
924 986 1112 1053 quibus
1158 986 1234 1039 illi
1275 988 1454 1041 orbem
1499 996 1664 1040 totum
1694 990 1940 1043 secundis
1982 990 2176 1055 praedi-

612 1073 883 1125 catoribus
926 1074 1296 1139 impleverunt.
1344 1075 1675 1143 Quapropter
1712 1077 2000 1130 inﬁrmitati
2043 1093 2177 1146 quo-

615 1178 717 1229 que
748 1173 976 1228 nostra,
1010 1165 1229 1219 Domine
1250 1206 1263 1227 ,
1300 1172 1411 1219 tunc
1439 1166 1742 1233 adjumeuta
1784 1167 1975 1234 largire
1996 1207 2011 1231 ,
2056 1168 2177 1235 quia

610 1257 809 1317 quanto
838 1250 1006 1318 magis
1030 1250 1329 1318 fragiliores
1366 1266 1586 1316 sumus,
1632 1262 1776 1305 tanto
1817 1253 1898 1306 his
1938 1255 2177 1321 pluribus

611 1337 932 1406 indigemus.
976 1339 1086 1403 Da,
1131 1355 1468 1407 quaesumus,
1517 1343 1854 1410 omnipotens
1898 1343 2077 1409 Pater,
2125 1348 2174 1398 in

616 1426 757 1479 hunc
788 1428 1039 1481 famulum
1073 1438 1219 1481 tuum
1253 1431 1565 1499 presbyterii
1598 1431 1901 1499 dignitatem
1926 1472 1941 1497 ,
1986 1436 2176 1488 innova

618 1514 671 1565 in
704 1513 993 1568 visceribus
1026 1516 1139 1581 ejus
1167 1516 1420 1582 Spiritum
1452 1519 1783 1584 sanctitatis;
1818 1528 1871 1573 et
1899 1535 2174 1591 acceptum

612 1618 642 1655 a
677 1613 759 1667 te,
798 1600 934 1658 Deus
956 1645 971 1669 ,
1006 1605 1223 1658 sccundi
1254 1607 1427 1659 meriti
1460 1622 1649 1663 munus
1677 1609 1943 1677 obtineat,
1983 1627 2176 1667 censu-

613 1704 832 1759 ramque
854 1706 1057 1745 morutn
1080 1692 1329 1761 exemplo
1354 1709 1462 1747 suae
1485 1696 1903 1750 conversationis
1925 1698 2173 1754 insinuet.

2281 540 2512 601 ateritas,
2551 554 2650 594 nec
2671 542 2898 595 eruditio
2921 543 3181 601 doctrina:
3213 557 3315 601 tun
3336 550 3426 603 ulli
3454 551 3867 619 deessettetati;

2281 639 2481 682 cumet
2520 631 2659 698 apud
2690 642 2894 687 veteres
2942 638 3294 692 reverentiam
3345 641 3457 706 ipsa
3506 642 3866 710 signiﬁcatio-

2282 734 2404 771 num
2437 722 2641 782 species
2684 722 2966 787 obtineret,
2998 734 3052 778 et
3082 727 3219 793 apud
3270 742 3367 781 nos
3397 731 3623 783 certiora
3674 744 3869 787 essent

2280 810 2645 877 experimenta
2679 828 2856 866 rerum
2901 830 3057 883 quam
3100 819 3377 885 azuigmata
3419 820 3748 890 ﬁgurarum;
3801 825 3868 878 il-

2280 902 2380 955 lius
2427 917 2654 968 namque
2702 905 2987 958 sacerdotii
3040 908 3330 962 anterioris
3382 911 3591 965 habitus
3654 924 3867 969 nostrae

2282 991 2472 1043 mentis
2501 1002 2721 1045 ornatus
2763 1003 2865 1055 est,
2916 1003 2971 1047 et
3017 994 3170 1065 (7L9)
3220 998 3572 1061 pontiﬁcalem
3620 1002 3862 1070 gloriam

2282 1095 2386 1134 non
2450 1081 2562 1147 jam
2615 1082 2766 1135 nobis
2821 1082 2991 1136 honor
3033 1088 3386 1150 commendat
3438 1090 3704 1156 vestium,
3761 1093 3862 1148 sed

2280 1170 2530 1236 splendor
2558 1171 2875 1237 animarum,
2903 1172 3053 1241 (770)
3082 1174 3201 1239 quia
3231 1186 3283 1229 et
3310 1176 3397 1230 illa
3424 1193 3543 1246 quae
3575 1186 3703 1234 tunc
3727 1195 3860 1235 caro

2281 1260 2486 1312 natibus
2530 1260 2931 1316 blandiebantur
2980 1264 3272 1328 obtutibus,
3304 1280 3365 1321 ea
3414 1269 3589 1335 potius
3632 1286 3756 1339 que
3804 1274 3859 1325 in

2281 1349 2412 1416 ipsis
2443 1359 2593 1403 erant
2644 1352 2985 1421 intelligenda
3033 1355 3348 1422 poscebant;
3381 1365 3437 1412 et
3481 1358 3684 1415 idcirco
3733 1361 3859 1416 huic

2281 1438 2474 1491 famulo
2500 1448 2610 1504 tuo,
2654 1456 2813 1508 quem
2859 1443 3007 1512 (771)
3039 1445 3102 1497 ad
3134 1448 3325 1500 summi
3365 1451 3646 1503 sacerdotii
3696 1453 3859 1507 mini-

2279 1529 2499 1582 sterium
2527 1530 2749 1599 elegisti,
2785 1532 2941 1595 hanc,
2971 1548 3309 1602 quaesumus,
3344 1537 3589 1604 Domine,
3622 1542 3855 1609 gratiam

2284 1618 2540 1686 largiaris,
2574 1628 2630 1673 ut
2657 1621 2803 1690 (772)
2834 1624 3087 1691 quidquid
3119 1626 3207 1679 illa
3251 1628 3509 1683 velamina
3541 1631 3596 1683 in
3649 1631 3857 1700 fulgore

2280 1710 2414 1776 auri,
2444 1710 2495 1762 in
2529 1712 2701 1766 nitore
2729 1728 3084 1780 gemmarum,
3135 1717 3187 1768 in
3222 1719 3518 1773 multimodi
3547 1724 3733 1789 operis
3762 1739 3854 1775 va-

612 1781 692 1832 Sit
719 1783 911 1848 probus
942 1796 1255 1850 cooperator
1284 1783 1486 1838 ordinis
1514 1785 1716 1853 nostri,
1749 1796 1801 1839 et
1828 1786 2002 1842 luceat
2030 1788 2083 1842 in
2113 1804 2176 1843 eo
2207 1801 2254 1862 Β
2284 1798 2465 1852 rietate
2510 1799 2807 1869 signabaut,
2840 1803 2940 1857 hoc
2976 1804 3027 1855 in
3075 1804 3193 1871 ejus
3245 1808 3485 1861 moribus
3531 1781 3856 1879 ac-tibusque

616 1871 777 1925 totius
810 1872 978 1927 forma
1004 1874 1255 1941 iustitiae,
1286 1885 1339 1927 ut
1360 1916 1373 1938 ,
1404 1875 1593 1929 bonam
1624 1876 1881 1932 rationem
1908 1878 2177 1949 dispensa-

615 1959 774 2014 tionis
804 1961 900 2016 sibi
945 1965 1159 2017 credita:
1203 1965 1538 2030 redditurus,
1583 1974 1797 2020 aeterna:
1838 1968 2178 2025 beatitudinis

611 2052 829 2118 praemia
856 2064 1229 2120 consequatur.
1261 2054 1362 2108 Per
1388 2055 1633 2108 eumdem
1664 2055 1960 2111 Dominum.

686 2141 836 2209 (756)
876 2140 979 2194 Hic
1004 2144 1152 2195 vestis
1177 2145 1220 2195 ei
1248 2146 1495 2198 casulam.
1525 2175 1594 2185 —
1625 2146 1927 2203 Benedictio
1967 2149 2176 2215 Patris,

610 2239 664 2284 et
693 2230 847 2297 Filii,
873 2242 927 2285 et
951 2233 1180 2301 Spiritus
1203 2237 1369 2289 sancti
1398 2236 1684 2292 descendat
1714 2254 1874 2306 super
1904 2251 1985 2305 te,
2022 2249 2078 2295 ut
2105 2243 2178 2297 sis

608 2320 921 2374 benedictus
953 2322 1003 2374 in
1047 2323 1234 2377 ordine
1276 2325 1627 2390 sacerdotali,
1669 2337 1722 2381 et
1769 2327 1961 2383 offeras
2006 2330 2178 2397 placa-

611 2408 746 2463 biles
777 2409 988 2464 Hostias
1021 2426 1115 2477 pro
1147 2414 1376 2480 peccatis
1405 2422 1564 2483 atque
1593 2416 1972 2474 oﬂ‘ensiouibus
2001 2422 2177 2489 populi

608 2501 957 2568 omnipotenti
986 2503 1115 2556 Deo.
1147 2505 1242 2557 Cui
1271 2515 1352 2558 est
1385 2505 1554 2559 honor
1597 2515 1650 2560 et
1688 2507 1854 2577 gloria
1891 2508 1945 2562 in
1983 2512 2173 2565 sucula

607 2591 948 2646 saeculorum.

678 2679 836 2748 225
868 2680 1187 2734 Consecratio
1234 2699 1436 2737 manus.
1484 2713 1554 2727 —-
1607 2686 1754 2756 (757)
1784 2686 2175 2744 Consecrentur

606 2783 794 2822 manus
835 2771 973 2838 istm,
1020 2786 1342 2839 quaesumus,
1385 2774 1630 2839 Domine,
1679 2786 1733 2830 et
1778 2780 2174 2833 sanctificeutur

606 2871 698 2923 per
724 2858 874 2911 istam
926 2862 1225 2915 unctionem
1268 2871 1323 2917 et
1353 2875 1587 2918 nostram
1641 2865 2085 2932 benedictionem,
2118 2877 2176 2923 ut

604 2960 931 3016 quaecunque
976 2950 1366 3017 benedixerint,
1418 2955 1691 3009 benedicta
1750 2957 1878 3024 sint,
1931 2969 1986 3014 et
2031 2976 2175 3031 quae-

605 3049 811 3104 cunque
833 3040 1279 3096 sanctiﬁcaverlnt
1305 3045 1720 3100 sanz'liﬁcenlur.
1756 3046 1855 3101 Per
1881 3055 1931 3103 ⁸.

2281 1889 2559 1943 clarescat.
2613 1890 2764 1959 (775)
2813 1892 2918 1947 Hic
2962 1895 3149 1965 accipis
3201 1898 3442 1955 chrisma.
3469 1900 3719 1971 Comple,
3758 1906 3856 1957 Do.

2278 1979 2441 2046 mine,
2472 1979 2523 2032 in
2560 1983 2835 2036 sacerdOte
2864 1992 2950 2036 tuo
2979 1985 3218 2053 mysterii
3249 1988 3320 2040 tui
3367 2002 3657 2055 summam,
3682 2000 3738 2046 et
3767 2007 3857 2047 or-

2279 2071 2538 2126 namentis
2570 2073 2732 2126 totius
2775 2075 3175 2142 gloriﬁcationis
3203 2078 3517 2133 instructum
3552 2081 3710 2150 (774)
3739 2098 3853 2139 cae-

2278 2160 2425 2213 lestis
2455 2163 2705 2231 unguenti
2735 2160 2867 2215 ﬂore
2915 2164 3251 2233 sancti-j-ﬁca.
3284 2168 3433 2237 (775)
3466 2168 3567 2221 Hic
3597 2172 3775 2237 [undis
3803 2174 3864 2225 in

2277 2242 2428 2312 caput
2450 2252 2581 2317 ejus.
2614 2249 2746 2314 Hoc,
2777 2246 3018 2315 Domine,
3042 2255 3256 2318 copiose
3286 2257 3335 2307 in
3367 2257 3483 2323 ejus
3507 2267 3671 2325 caput
3699 2258 3741 2328 f
3766 2259 3855 2312 in-

2277 2336 2421 2402 ﬂuat,
2454 2336 2555 2393 hoc
2582 2338 2635 2393 in
2662 2341 2769 2393 oris
2794 2340 3029 2408 subjecta
3070 2341 3111 2411 -ι-
3137 2342 3403 2412 decurrat,
3443 2346 3542 2400 hoc
3577 2347 3635 2401 in
3687 2349 3855 2405 totius

2277 2428 2514 2496 corporis
2560 2438 2798 2484 extrema
2827 2432 3133 2497 descendat,
3167 2441 3224 2486 ut
3267 2436 3339 2487 tui
3389 2434 3620 2504 Spiritus
3652 2440 3850 2503 virtus.

2278 2529 2327 2572 et
2375 2520 2623 2575 interiora
2671 2522 2786 2591 ejus
2818 2523 3038 2592 repleat,
3084 2535 3137 2578 et
3185 2528 3447 2582 exteriora
3475 2530 3853 2603 circutntcgat.

2278 2596 2522 2664 Abundet
2566 2611 2617 2664 in
2646 2626 2710 2665 eo
2746 2615 3040 2668 constantia
3091 2616 3230 2681 ﬁdei,
3265 2620 3469 2684 puritas
3517 2596 3854 2687 dilectionis,

2279 2697 2428 2767 (776)
2459 2697 2734 2753 sinceritas
2784 2702 2959 2768 pacis;
2992 2702 3144 2773 (777)
3189 2706 3387 2760 tribuas
3417 2708 3485 2772 ei,
3537 2711 3707 2781 226
3752 2712 3853 2764 Do-

2279 2792 2440 2854 mine,
2491 2792 2796 2845 cathedram
2828 2796 3182 2862 episcopalem
3212 2798 3277 2849 ad
3331 2800 3617 2867 regendam
3666 2803 3849 2857 Eccle-

2276 2880 2410 2933 siam
2444 2888 2610 2946 tuam,
2642 2891 2696 2936 et
2724 2882 2931 2951 plebem
2967 2885 3289 2939 universam.
3336 2888 3421 2943 Sis
3451 2891 3498 2943 ei
3530 2893 3849 2954 auctoritas.

2276 2970 2350 3024 sis
2376 2972 2421 3024 ei
2451 2971 2690 3037 firmitas,
2723 2973 2796 3027 sis
2826 2972 2875 3027 ei
2908 2984 3161 3041 potestas.
3192 2976 3503 3046 Multiplices
3530 2993 3697 3048 Super
3726 2996 3849 3035 eum

2276 3060 2696 3115 benedictionem
2739 3071 2793 3116 et
2839 3066 3059 3131 gratiam
3110 3075 3276 3131 tuam,
3331 3077 3385 3123 ut
3414 3069 3479 3122 ad
3509 3074 3845 3125 exorandam

678 3124 826 3195 (758)
859 3127 1141 3200 Episcopus
1150 3148 1283 3232 "eum
1322 3135 1607 3200 ordinatur,
1640 3136 1739 3190 duo
1770 3138 1919 3208 (759)
1954 3142 2171 3212 episcopi
2201 3144 2246 3203 C
2276 3164 2487 3219 semper
2528 3124 2947 3208 misericordiam
3001 3164 3173 3221 tuam,
3227 3124 3320 3211 tuo
3368 3173 3587 3216 munere
3632 3175 3847 3232 semper

604 3226 792 3285 ponant
819 3227 867 3270 et
895 3230 1095 3273 teneant
1140 3220 1533 3292 Evangeliorum
1565 3225 1787 3280 codicem
1826 3245 1979 3299 super
2017 3242 2170 3301 caput

604 3309 747 3376 ejus;
780 3319 825 3362 et
849 3326 949 3363 uno
976 3328 1129 3379 super
1155 3329 1268 3366 eum
1298 3316 1539 3384 fundente
1577 3318 1984 3389 benedictionem,
2018 3325 2168 3397 (760)

604 3399 785 3466 reliqui
812 3416 980 3456 omnes
1007 3405 1249 3475 episcOpi,
1282 3409 1369 3478 qui
1397 3412 1602 3477 adsunt,
1631 3413 1781 3483 (761)
1812 3417 2041 3471 manibus
2063 3422 2169 3473 suis

604 3500 753 3555 caput
779 3495 888 3563 ejus
911 3503 1141 3564 tangant.

834 3584 984 3656 (762)
1016 3585 1193 3642 Oratio
1222 3590 1290 3643 ad
1314 3593 1627 3648 ordinandas
1653 3597 1934 3666 episcopos.

678 3668 826 3759 (765)
848 3672 1090 3737 Oremus.
1115 3676 1442 3733 dilectissimi
1474 3682 1644 3747 nobis,
1673 3694 1730 3737 ut
1759 3684 1841 3738 his
1872 3687 1994 3739 viris
2016 3687 2166 3759 (764)

606 3757 672 3809 ad
705 3756 983 3816 utilitatem
1017 3766 1268 3821 Ecclesim
1300 3772 1676 3837 providendatn
1701 3760 1888 3831 electis
1926 3756 2166 3848 benigni-

606 3857 686 3903 tas
718 3851 1093 3920 omnipotentis
1136 3858 1227 3911 Dci
1253 3861 1437 3929 gratia:
1481 3877 1591 3918 suae
1619 3865 1814 3920 tribuat
1841 3866 2162 3937 largitatem.

604 3937 709 3994 Per
736 3940 1015 3998 Dominum
1048 3958 1310 4006 nostrum.

675 4029 961 4087 Benedictio
986 4038 1355 4107 episcoporum.
1384 4071 1455 4081 —
1483 4043 1636 4114 (765)
1669 4043 1864 4101 Adesto
1902 4050 2168 4116 supplica-

601 4110 831 4175 tionibus
859 4126 1075 4195 nostris,
1108 4131 1443 4199 omnipotens
1490 4110 1652 4199 Deus,
1694 4144 1750 4190 et
1778 4137 1917 4206 quod
1950 4110 2163 4194 humili-

598 4211 721 4265 tatis
764 4222 958 4268 nostrae
986 4219 1275 4285 gerendum
1322 4231 1407 4278 est
1448 4225 1767 4293 ministerio,
1820 4237 1922 4283 tua:
1951 4230 2164 4286 virtutis

596 4301 789 4369 itnplea
800 4314 881 4358 tur
911 4306 1119 4362 effectu.
1160 4310 1279 4366 Per.

667 4396 803 4448 Alia.
830 4426 895 4435 —
913 4398 1063 4468 (766)
1090 4401 1399 4470 Propitiare,
1423 4404 1666 4475 Domine,
1690 4409 2160 4477 supplicationibus

600 4490 829 4550 nostris,
861 4498 914 4541 et
944 4491 1194 4546 inclinato
1215 4510 1375 4562 super
1393 4496 1533 4551 hunc
1556 4499 1808 4554 famulum
1828 4510 1972 4555 tuum
1997 4518 2163 4559 cornu
2195 4501 2245 4560 D

596 4578 781 4642 gratia:
807 4580 1170 4642 sacerdotalis.
1201 4582 1723 4644 benetlictionistute
1753 4592 1804 4646 in
1837 4608 1900 4646 eo
1946 4596 2161 4649 effunde

598 4664 868 4719 virtutem.
898 4669 1019 4723 Per.

665 4754 692 4791 δ
722 4756 1064 4815 Consccratio.
1115 4791 1185 4802 ——
1232 4765 1381 4835 (767)
1414 4767 1554 4821 Deus
1592 4770 1853 4823 bonorum
1895 4775 2156 4838 omnium,

596 4845 743 4916 (768)
775 4849 913 4903 Deus
942 4852 1175 4906 omnium
1206 4854 1522 4923 dignitatum
1555 4874 1670 4927 qua
1699 4860 1880 4927 gloria:
1924 4870 2027 4916 tuae
2068 4879 2157 4917 sa-

592 4940 754 4995 cratis
781 4940 1101 4996 famulantur
1128 4944 1424 5014 ordinibus,
1454 4948 1591 5003 Deus
1612 4948 1725 5018 qui,
1744 4950 1957 5021 Moysen
1988 4953 2157 5007 famu-

589 5031 695 5085 lum
742 5032 887 5087 tuum
916 5036 1107 5089 secreti
1140 5035 1413 5093 familiaris
1456 5039 1612 5094 aliatu
1640 5043 1782 5097 inter
1827 5054 2017 5098 extera
2045 5059 2157 5099 cm-

587 5121 735 5176 lestis
782 5125 1098 5179 documenta
1144 5128 1364 5182 cultura:
1419 5130 1484 5183 de
1534 5131 1715 5186 habitu
1744 5148 1954 5201 quoque
2001 5122 2156 5189 indu-

586 5216 746 5268 menti
770 5217 1116 5270 sacerdotalis
1139 5216 1442 5285 instituens,
1466 5221 1695 5275 electum
1718 5221 1896 5277 Aaron
1930 5226 2154 5294 mystico

584 5307 780 5363 amictu
828 5308 1011 5363 vestiri
1055 5311 1194 5365 inter
1238 5324 1391 5365 sacra
1416 5311 1644 5380 jussisti,
1695 5324 1751 5368 ut
1779 5314 2147 5386 intelligentia:

656 5450 680 5477 α
702 5443 756 5515 ln
775 5442 1059 5515 Edﬁ’atic.
1090 5444 1305 5515 etaliis,
1335 5445 1417 5499 hic
1446 5456 1570 5500 ante
1596 5447 1821 5501 Orat.ad
1842 5447 1958 5502 ord.
1983 5449 2151 5515 episc.

587 5514 838 5578 ponitur:
872 5511 1196 5587 Epaminatio
1225 5515 1278 5566 in
1310 5517 1627 5587 ordinatione
1650 5519 1868 5587 episcopi
1899 5511 2157 5572 antema-

584 5582 1005 5655 uiam‘facienda.
1044 5580 1301 5655 Nimirum
1333 5584 1420 5651 qui
1451 5580 1771 5643 ordinandus
1819 5580 1901 5642 est
1945 5589 2158 5655 episeo-

586 5665 683 5716 pus
713 5650 779 5706 de
805 5650 928 5707 ﬁdei
959 5650 1189 5707 articulis
1219 5650 1585 5723 ittter’togatur.

2274 3241 2494 3297 idoneus
2517 3283 2530 3309 ,
2565 3252 2652 3299 tua
2680 3244 2848 3315 gratia
2876 3247 3043 3314 possit
3066 3261 3185 3302 esse
3214 3248 3457 3306 devotus.
3490 3252 3613 3306 Per.

2272 3356 2424 3425 (778)
2477 3356 2535 3411 Si
2563 3373 2698 3426 papa
2731 3370 2752 3397 α
2796 3359 3060 3412 ordinatus
3110 3368 3201 3423 est,
3238 3361 3344 3414 hazc
3392 3362 3518 3415 addi
3560 3364 3750 3419 debent
3794 3366 3848 3420 in

2747 3431 2853 3481 ioco
2883 3430 2966 3481 ubi
2988 3436 3235 3499 scriptum
3256 3440 3330 3484 est
3353 3446 3371 3485 :

2344 3534 2412 3588 Et
2439 3534 2635 3589 idcirco
2666 3534 2788 3590 huic
2810 3535 3008 3590 famulo
3037 3547 3148 3601 tuo,
3172 3552 3327 3608 quem
3358 3542 3666 3607 apostolicae
3688 3545 3840 3600 sedis

2270 3627 2550 3694 praesulem
2580 3624 2727 3695 (779)
2772 3635 2826 3681 et
2877 3627 3156 3695 primatem
3209 3628 3445 3682 omnium
3476 3631 3564 3698 qui
3615 3635 3670 3685 in
3700 3635 3838 3688 urbe

2272 3728 2529 3772 terrarum
2576 3728 2701 3771 sunt
2747 3729 3084 3773 sacerdotum
3134 3734 3197 3774 ac
3227 3722 3539 3776 universalis
3571 3722 3834 3779 Ecclesite

2271 3817 2373 3862 tute
2400 3810 2672 3863 doctorem
2702 3809 2914 3876 dedisti,
2948 3822 2999 3863 et
3025 3810 3089 3864 ad
3125 3810 3315 3864 summi
3348 3813 3635 3866 sacerdotii
3670 3816 3837 3870 mini-

2270 3900 2489 3952 sterium
2518 3898 2741 3968 elegisti,
2775 3899 2927 3963 hanc,
2959 3898 3282 3968 quassamus,
3318 3901 3574 3967 Domine,
3598 3905 3838 3973 gratiam

2268 3987 2531 4057 largiaris.

2343 4077 2513 4147 Super
2545 4077 2732 4130 oblata.
2766 4078 2961 4131 --Haec
2991 4077 3184 4144 hostia,
3228 4079 3470 4143 Domine,
3501 4094 3840 4149 quaasumus,

2266 4169 2521 4221 emundet
2567 4177 2747 4219 nostra
2776 4168 2988 4232 delicta,
3021 4178 3076 4222 et
3125 4169 3275 4240 (780)
3317 4171 3637 4224 sacriﬁcium
3686 4174 3842 4229 cele-

2267 4255 2525 4309 brandum
2552 4256 2885 4311 subditorum
2915 4257 3007 4310 tibi
3035 4272 3264 4326 corpora
3287 4271 3599 4329 mentesque
3635 4264 3841 4318 sanati-

2267 4348 2407 4402 ﬁcet.
2438 4348 2537 4402 Per
2562 4348 2839 4402 Dominum
2870 4358 3130 4404 nostrum.

2338 4457 2488 4530 Infra
2518 4461 2788 4513 actionem.
2819 4489 2889 4499 —
2920 4460 3071 4531 (781)
3123 4461 3269 4515 lianc
3317 4459 3478 4531 igitur
3507 4463 3839 4518 oblationem

2269 4552 2537 4604 servitutis
2566 4560 2784 4616 nostra,
2815 4553 2907 4605 sed
2937 4560 2991 4605 et
3020 4562 3224 4606 cunctae
3255 4553 3468 4607 familiae
3491 4562 3627 4619 tute,
3664 4571 3830 4624 quam

2269 4641 2360 4695 tibi
2391 4641 2680 4705 offerimus,
2711 4641 2869 4695 etiam
2917 4657 3009 4710 pro
3056 4641 3251 4697 famulo
3296 4654 3383 4697 tuo
3408 4642 3523 4708 ΙΙΙ..
3568 4660 3726 4714 quem
3762 4649 3831 4701 ad

2268 4733 2605 4800 episcopatus
2634 4732 2875 4786 ordinem
2907 4748 3216 4800 promovere
3263 4733 3507 4805 dignatus
3541 4748 3620 4801 es,
3673 4750 3829 4804 qua:-

2266 4838 2468 4887 sumus,
2504 4822 2744 4885 Domine,
2770 4832 2824 4875 ut
2856 4825 3088 4890 placatus
3110 4823 3363 4891 accipias,
3406 4834 3459 4878 et
3488 4826 3752 4893 propitius
3783 4830 3835 4881 in

2269 4929 2333 4969 eo
2364 4924 2451 4969 tua
2479 4915 2615 4969 dona
2643 4915 2928 4981 custodias,
2960 4926 3017 4969 ut
3045 4918 3183 4985 quod
3229 4917 3411 4971 divino
3438 4932 3658 4971 munere
3687 4932 3831 4973 con-

2264 5019 2477 5063 secutus
2506 5018 2609 5073 est,
2640 5007 2831 5061 divinis
2877 5007 3154 5061 etl'ectibus
3201 5018 3561 5076 exsequatur;
3600 5010 3834 5079 diesque

2259 5110 2488 5165 n0stros,
2521 5109 2626 5154 etc.

2282 5232 2291 5238 ‘
2327 5218 2407 5270 Ad
2439 5215 2827 5283 Complendum.
2867 5241 2935 5252 —-
2964 5211 3119 5281 (782)
3171 5211 3294 5267 ﬂare
3337 5225 3433 5266 nos
3481 5214 3830 5278 communio,

2258 5317 2500 5380 Domine,
2531 5319 2718 5381 purget
2744 5325 2775 5363 a
2801 5311 3045 5374 crimine,
3076 5317 3131 5363 et
3153 5308 3391 5364 caelestis
3413 5311 3637 5364 remedii
3670 5310 3829 5365 faciat

2331 5447 2360 5486 ιι
2395 5448 2532 5499 Ante
2577 5440 3034 5497 ccttsecrationem
3081 5438 3234 5492 istam
3269 5437 3573 5492 referuntur
3615 5440 3668 5495 in
3703 5442 3827 5495 lau-

2256 5519 2395 5572 datis
2440 5516 2572 5568 Edit.
2607 5511 2911 5573 orationes,
2953 5511 3023 5561 ad
3069 5512 3319 5561 annulum
3363 5510 3611 5572 dandum,
3665 5519 3722 5564 et
3758 5512 3827 5562 ad

2259 5585 2494 5658 bacuium
2523 5586 2621 5658 (_s_c_.
2650 5580 3265 5658 pastoraletn‘idandum.
3414 5647 3426 5658 .
3542 5647 3553 5658 .

2332 5668 2354 5695 ο
2389 5654 2503 5723 Ipsa
2532 5648 2627 5707 Ed.
2651 5648 2834 5715 Rom”
2857 5664 2949 5703 seu
2964 5648 3237 5714 Vaticana,
3264 5648 3517 5703 mantissa
3541 5648 3636 5702 ista
3652 5658 3832 5703 caret.
