3988 6294
117 264 209 320 225

1262 259 1463 314 [ABER
1502 262 1718 316 SACRA
1730 262 1997 318 MENTO“
2011 266 2043 319 Ε
2058 264 2119 317 Μ.

3231 280 3332 331 22⁸)

113 398 217 435 esse
245 384 538 433 consortes.
573 374 671 429 Per
699 372 980 427 Dominum
1017 381 1254 425 nostrum
1284 372 1465 426 Jesum
1494 373 1664 427 Cltri-
1700 384 1738 438 Α
1774 378 2062 441 cerdotem,
2095 377 2340 443 obsecro,
2382 377 2623 445 Domine,
2654 381 2890 450 placatus
2912 387 3197 453 suscipias,
3225 390 3334 442 Ma-

114 484 258 527 itum.

452 574 628 628 Oratio
668 574 720 627 in
770 572 916 643 (785)
948 574 1109 627 natali
1140 590 1304 642 papre.

180 693 327 749 Deus.
359 688 447 755 qui
494 686 616 738 licet
660 685 734 737 sis
777 699 1003 754 magnus
1034 684 1085 736 iu
1119 685 1365 753 magnis,
1394 685 1657 739 mirabilia

116 794 275 837 tamen
304 780 565 847 gloriosus
600 775 842 842 operaris
873 775 925 827 in
956 774 1208 839 minimis,
1258 773 1494 828 concede
1534 775 1661 827 mihi

116 874 312 940 indigno
339 867 538 920 famulo
568 876 680 928 tuo,
710 863 877 917 sacris
903 865 1286 917 convenienter
1314 864 1520 916 servire
1556 880 1664 931 my-

115 965 287 1025 steriis,
311 970 468 1029 atque
518 959 570 1012 in
601 957 849 1011 omnibus
883 965 969 1008 tua
1001 955 1368 1008 misericordia
1416 964 1662 1023 pr0tegat

116 1073 251 1127 quem
280 1052 619 1109 conscientias
647 1058 828 1103 reatus
849 1056 1085 1103 accusat.
1122 1048 1242 1100 Per.

146 1140 149 1145 ’
181 1142 564 1205 Alia.—Deus,
585 1139 677 1209 qui
696 1137 901 1208 populis
926 1137 1029 1190 tuis
1050 1136 1373 1203 indulgentia
1404 1137 1662 1200 coosnlis,

118 1252 162 1295 et
186 1252 356 1293 amore
396 1234 715 1297 dominaris,
762 1231 827 1284 da
858 1230 1115 1298 Spiritum
1155 1230 1429 1297 Sapientia:
1470 1231 1667 1296 quibus

122 1332 287 1386 dedisti
334 1327 572 1396 regimen
604 1324 932 1390 disciplina),
980 1332 1036 1376 ut
1062 1323 1130 1376 de
1170 1320 1411 1391 profectu
1454 1330 1665 1374 sancta-

120 1436 217 1473 rum
244 1419 411 1471 ovium
440 1416 568 1467 (iant
597 1414 786 1484 gaudia
835 1422 1035 1467 aeterna
1079 1422 1372 1480 pastorum.
1408 1410 1510 1464 Per
1558 1410 1664 1463 Do-

119 1513 293 1566 minum
322 1520 586 1562 nostrum.

176 1602 328 1669 Super
344 1600 534 1652 oblata.
570 1625 641 1637 —
672 1596 909 1650 Hostiam
939 1595 1059 1663 tibi,
1089 1595 1336 1659 Domine,
1370 1593 1542 1647 laudis
1570 1609 1667 1648 ex-

120 1692 263 1758 εοινο,
312 1690 624 1757 suppliciter
670 1688 997 1754 implorans,
1077 1696 1134 1739 ut
1199 1686 1339 1753 quod
1398 1684 1664 1739 immerito

120 1784 227 1837 mihi
272 1778 560 1844 contulisti,
610 1776 975 1830 intercedente
1010 1775 1165 1829 beato
1217 1774 1378 1829 Petro
1411 1773 1659 1843 apostolo

122 1885 212 1937 tuo,
242 1869 489 1939 propitius
520 1869 853 1935 exsequeris.
889 1867 1006 1918 Per.

180 1961 419 2029 Pra’fatio.
448 1989 524 1998 —
555 1959 693 2011 Vere
740 1957 956 2025 dignum
998 1967 1049 2009 et
1090 1955 1287 2025 justum
1320 1964 1421 2018 est,
1455 1970 1663 2025 aequum

123 2066 165 2108 et
188 2053 418 2117 salutare,
442 2065 545 2104 nos
571 2050 664 2102 tibi
696 2063 909 2114 semper
937 2056 991 2100 et
1013 2046 1205 2113 ubique
1245 2046 1444 2115 gratias
1489 2061 1667 2114 agere,

126 2140 311 2195 Domine
341 2151 552 2199 sancte,
586 2136 744 2189 Pater
766 2133 1103 2200 omnipotens
1123 2171 1137 2194 ,
1170 2140 1373 2185 aeterne
1403 2131 1541 2185 Deus
1561 2171 1576 2195 ,
1612 2138 1670 2183 ut

126 2232 223 2298 quia
249 2230 295 2281 in
320 2242 474 2280 manu
509 2237 602 2278 tua
632 2224 748 2278 dies
778 2223 945 2276 nostri
972 2222 1187 2288 vitaque
1216 2221 1495 2286 COHSiSlll,
1532 2218 1671 2275 sicut

130 2324 347 2376 honorem
379 2320 543 2372 nobis
574 2317 807 2385 indignis
837 2312 1045 2383 largiris
1088 2311 1400 2375 ministerii,
1445 2312 1521 2365 sic
1544 2326 1658 2379 quos

132 2430 216 2480 que
262 2413 453 2465 tribuas
512 2408 853 2463 rationabilis
902 2405 1142 2474 obsequii
1195 2405 1460 2473 propitius
1506 2404 1676 2457 incre-

136 2516 353 2560 mentum.
385 2503 449 2556 Et
502 2511 596 2554 tua
624 2500 761 2554 dona
812 2500 863 2553 in
899 2499 1055 2551 nobis
1084 2497 1379 2561 custodias,
1412 2504 1468 2548 ut
1514 2494 1673 2564 227

138 2602 228 2666 ejus
252 2595 505 2664 suffragiis
552 2591 692 2662 apud
734 2600 784 2644 te
808 2605 1025 2658 semper
1057 2589 1252 2644 reddar
1295 2598 1567 2654 acceptus,
1591 2601 1679 2639 cu-

137 2690 203 2756 ius
238 2703 312 2742 me
340 2689 453 2741 vice
488 2685 655 2740 hodie
697 2684 954 2739 Ecclesiae
998 2666 1102 2736 tuae
1152 2695 1385 2750 prmesse
1438 2680 1677 2735 voluisti.

139 2783 219 2834 Per
239 2778 514 2833 Christum.

195 2871 258 2921 Ad
307 2853 694 2936 Complendum.
755 2894 824 2903 ——-
866 2863 1120 2930 Corporis
1167 2862 1308 2915 sacri
1351 2870 1404 2915 et
1459 2860 1679 2927 pretiosi

140 2960 370 3029 sanguinis
400 2959 595 3027 repleti
629 2956 911 3019 libamine,
932 2942 1259 3024 quaesumus,
1289 2952 1512 3006 Domine
1532 2952 1674 3004 Dens

140 3064 308 3115 noster,
336 3062 387 3106 ut
423 3051 617 3121 gratite
648 3060 751 3103 tua:
779 3064 991 3111 munus,
1026 3047 1165 3115 quod
1200 3046 1355 3099 ttobis
1395 3044 1679 3099 immeritis

140 3148 388 3210 contulisti,
435 3141 809 3198 intercedente
860 3126 1015 3193 beato
1058 3138 1213 3191 Petro
1262 3136 1508 3203 apostolo
1566 3145 1676 3197 tuo,

141 3234 362 3301 propitius
410 3231 706 3286 muniendo
750 3228 1044 3283 custodias.
1098 3226 1199 3280 Per
1251 3226 1537 3280 Dominum
1590 3237 1685 3276 no~

141 3340 278 3379 strum
289 3366 302 3379 .

258 3435 403 3488 Missa
431 3433 649 3503 propria
679 3428 830 3499 (784)
857 3430 908 3481 in
938 3428 1021 3481 die
1048 3424 1381 3482 ordinationis
1411 3437 1539 3477 sua.

197 3556 338 3617 Deus,
367 3556 451 3621 qui
484 3566 596 3605 non
630 3546 860 3616 propriis
883 3540 1296 3613 suifragantibus
1325 3539 1554 3603 meritis,
1583 3537 1679 3591 sed

141 3648 231 3701 sola
271 3644 547 3700 inelhbilis
593 3642 779 3710 gratiae
834 3639 1119 3707 largitate,
1171 3649 1257 3688 me
1308 3631 1527 3686 familiae
1579 3639 1685 3684 tum

143 3752 337 3801 prteesse
362 3735 595 3804 iussisti,
639 3732 812 3785 tribue
845 3731 936 3782 tibi
979 3728 1140 3795 digne
1174 3724 1481 3793 persolvere
1513 3722 1676 3775 mini-

142 3828 323 3881 sterium
352 3823 704 3881 sacerdotalis
755 3820 940 3888 ofiicii,
990 3829 1044 3873 et
1075 3814 1455 3871 ecclesiasticis
1484 3827 1683 3867 conve-

145 3921 316 3973 nienter
342 3917 548 3972 servire
579 3913 911 3980 ministeriis,
957 3911 1277 3981 plebemque
1319 3906 1684 3964 commissam,

144 4018 183 4061 te
207 4012 250 4061 in
274 4011 511 4063 omnibus
540 4012 875 4076 protegente,
909 4004 1205 4073 gubernare
1233 3998 1487 4053 concede.
1521 3996 1641 4049 Per.

197 4102 317 4154 Alia.
346 4131 412 4141 —
441 4100 614 4163 Deus,
644 4096 825 4151 mundi
851 4094 1072 4148 Creator
1111 4100 1166 4146 et
1192 4098 1387 4147 rector.
1415 4087 1479 4141 ad
1511 4086 1688 4140 humi-

144 4192 279 4244 litatis
307 4207 432 4245 meze
462 4203 656 4258 preces
683 4188 924 4256 placatus
954 4183 1192 4247 intende,
1220 4192 1276 4236 et
1311 4195 1397 4234 me
1429 4178 1684 4232 famulum

145 4294 461 4354 tuum,quem
519 4282 684 4336 nullis
726 4278 1140 4345 suifragantibus
1190 4274 1417 4336 meritis,
1450 4272 1545 4326 sed
1592 4271 1691 4324 im-

148 4388 299 4426 mensa
328 4375 575 4443 largitate
608 4370 906 4425 clementiae
937 4379 1039 4420 tua:
1082 4363 1395 4419 cmlestibus
1425 4359 1693 4428 mysteriis

146 4465 319 4518 servire
364 4462 619 4525 tribuisti,
653 4460 867 4528 dignum
915 4458 1082 4511 sacris
1131 4454 1389 4509 altaribus
1421 4451 1503 4505 fac
1531 4446 1691 4501 mini-
1722 4469 1773 4530 ι)

148 4564 307 4620 strum,
334 4564 389 4608 ut
416 4555 561 4623 quod
593 4567 708 4606 mea
742 4548 1116 4604 celebrandum
1163 4558 1294 4598 voce
1340 4541 1690 4608 depromitur,

151 4650 221 4695 tua
243 4644 658 4697 sanctificatione
688 4642 944 4693 firmetur.
979 4638 1075 4691 Per
1105 4636 1383 4689 Dominum
1433 4640 1694 4686 nostrum.

210 4736 359 4803 Super
385 4736 580 4789 oblata.
611 4762 677 4774 —
724 4733 802 4785 Ad
849 4730 1095 4799 gloriam,
1128 4726 1374 4789 Domine,
1408 4725 1481 4777 tui
1529 4721 1700 4776 nomi-

156 4829 239 4889 nis,
282 4845 447 4884 annua
498 4828 636 4883 festa
693 4834 999 4894 repetentes
1054 4818 1398 4874 sacerdotalis
1456 4813 1699 4877 exordii,

157 4920 361 4973 Hostiam
394 4920 485 4973 tibi
519 4916 698 4971 laudis
728 4914 1022 4976 offerimus,
1055 4909 1368 4978 suppliciter
1391 4913 1695 4967 exorantes,

156 5020 201 5061 ut
222 5010 361 5077 cujus
390 4988 675 5063 ministerii
702 5006 816 5059 vice
848 5004 939 5057 tibi
990 5002 1259 5057 servimus
1287 4992 1559 5059 immeriti,
1591 4992 1703 5047 sui.

157 5100 313 5167 [regiis
340 5101 454 5168 eius
481 5099 768 5153 reddamur
794 5095 1016 5161 accepti.
1050 5092 1168 5145 Per.

216 5187 348 5257 Infra
378 5191 653 5243 actionem.
696 5215 765 5228 —-
796 5186 941 5239 lianc
973 5184 1129 5253 igitur
1165 5180 1513 5237 oblationem.
1544 5191 1703 5245 quam

160 5278 235 5332 tibi
261 5280 416 5334 offero
443 5294 544 5349 ego
576 5288 696 5332 tuus
736 5276 964 5329 famulus
993 5282 1047 5328 et
1075 5270 1327 5326 sacerdos
1354 5268 1421 5321 ob
1453 5267 1620 5331 diem,
1654 5265 1702 5316 in

162 5386 249 5437 quo
275 5386 354 5425 me
382 5372 630 5440 dignatus
656 5382 714 5423 es
744 5364 1044 5421 ministerio
1070 5375 1228 5418 sacro
1256 5359 1580 5413 constituere
1612 5371 1702 5409 sa-

227 5538 250 5565 ·
285 5530 336 5583 1η
383 5527 807 5608 Benedicti-mimi
835 5526 1029 5597 legitur
1073 5525 1171 5580 alia
1203 5535 1296 5592 pro
1338 5518 1710 5574 anniversario

165 5601 553 5653 consecrationis
577 5599 832 5665 episcopi.

231 5670 251 5705 δ
282 5672 439 5723 Abest
468 5672 533 5724 ab
562 5669 683 5722 aliis
708 5667 893 5720 Editis.

1760 466 2012 534 jestatem
2045 475 2185 521 tuam
2214 468 2434 536 supplex
2468 485 2695 525 exorans
2717 483 2772 525 ut
2800 475 2851 525 in
2881 492 2965 529 me
2992 479 3130 544 quod
3155 480 3334 549 largiri

1764 558 2008 628 dignatus
2034 574 2113 623 es,
2149 561 2408 628 propitius
2439 563 2708 616 custodire
2737 562 2993 632 digneris.
3031 566 3151 619 Per.

1837 661 1863 689 ⁸
1888 652 2206 707 Benedictio.
2237 684 2308 695 —-
2334 655 2682 725 Omnipotens
2718 657 2878 722 Deus,
2911 660 2997 726 qui
3044 659 3098 712 in
3145 662 3341 727 popqu

1765 757 1863 796 suo
1894 744 2193 800 ministerio
2220 747 2385 800 utitur
2407 749 2763 812 sacerdotum,
2792 749 3029 803 conferat
3056 753 3208 805 vobis
3228 768 3338 806 sure

1768 833 2154 899 propitiationis
2180 843 2229 887 et
2262 836 2645 890 benedictionis
2693 836 2911 891 donum.
2966 838 3161 894 Amen.
3210 841 3342 906 Qui-

1765 933 1868 984 que
1915 935 1999 972 me
2048 919 2321 987 indignum
2368 922 2524 975 nullis
2568 921 2920 977 existentibus
2972 926 3199 990 meritis,
3246 928 3339 981 sed

1766 1009 1992 1075 gratuita
2044 1022 2136 1061 sua
2174 1011 2369 1077 pietate
2419 1010 2541 1064 huic
2596 1011 2850 1065 Ecclesiae
2882 1029 3116 1080 praeesse
3146 1017 3340 1081 voluit,

1766 1098 2033 1168 suffragiis
2060 1110 2362 1152 sanctorum
2415 1114 2634 1153 suorum
2663 1116 2751 1155 me
2783 1102 2848 1155 ab
2878 1105 3128 1159 omnibus
3156 1106 3343 1159 vincu-

1768 1190 1831 1243 lis
1885 1200 2223 1258 peccatorum
2272 1191 2533 1255 absolvat,
2569 1195 2874 1262 sanctisque
2920 1195 3031 1249 suis
3085 1196 3341 1253 altaribus

1769 1288 2048 1335 strennum
2113 1281 2438 1351 dignumque
2501 1282 2805 1336 ministrum
2872 1283 3087 1337 efficiat.
3145 1289 3340 1341 Amen.

1767 1372 2063 1439 Quatenus,
2099 1388 2190 1440 per
2218 1374 2461 1441 exempla
2506 1383 2812 1427 sanctorum
2864 1376 3203 1429 sacerdotum
3253 1380 3341 1446 qui

1770 1463 1821 1515 irt
1854 1463 1952 1515 hac
1981 1463 2109 1517 sede
2140 1472 2192 1516 et
2225 1464 2277 1515 in
2313 1465 2412 1517 hoc
2446 1463 2746 1518 ministerio
2793 1464 2842 1518 ei
2873 1466 3185 1533 placuerunt
3229 1483 3373 1535 grav

1768 1552 1997 1615 dientes,
2026 1567 2347 1622 gregemque
2376 1555 2731 1607 commissum
2758 1554 3055 1607 secundum
3080 1570 3228 1609 suam
3252 1571 3345 1609 vo-

1770 1642 2046 1705 luntatem,
2095 1657 2160 1696 eo
2190 1642 2504 1709 opitulante,
2540 1650 2809 1711 regentes.
2850 1643 2915 1697 ab
2966 1645 3201 1699 omnium
3253 1660 3345 1713 pa-

1694 1741 1970 1802 Bstorum
2024 1732 2242 1787 Pastore
2292 1731 2507 1785 Christo
2560 1732 2787 1786 Domino
2855 1733 3072 1801 praemia
3140 1735 3340 1788 sanctis

1771 1824 2035 1890 promissa
2083 1836 2186 1875 una
2216 1836 2337 1875 cum
2382 1821 2612 1874 subditis
2643 1822 2919 1890 percipere
2949 1830 3003 1876 et
3054 1822 3105 1875 in
3144 1823 3346 1877 electo-

1771 1926 1885 1964 rum
1918 1926 2137 1964 numero
2170 1925 2472 1965 mereamur
2517 1911 2753 1980 adiungi.
2801 1912 2993 1967 Amen.
3041 1913 3191 1979 Quod
3231 1918 3347 1982 ipse

1772 2011 2026 2069 przestare
2053 2002 2322 2064 dignetur.

1844 2092 2006 2162 228
2029 2092 2106 2143 Ad
2136 2092 2521 2161 Comptendum.
2559 2121 2626 2130 —
2659 2090 2980 2160 Repleantur
3024 2095 3348 2149 consolatio—

1773 2182 1930 2235 nibus
1960 2183 2082 2246 tuis,
2119 2183 2358 2246 Domine,
2392 2196 2718 2250 qntesumus,
2766 2191 2976 2236 tuorum
3013 2184 3175 2237 corda
3218 2186 3346 2239 fide-

1773 2269 1925 2335 lium,
1951 2268 2254 2339 pariterque
2274 2270 2433 2323 etiam
2462 2279 2515 2323 et
2540 2271 2607 2323 de
2632 2270 2883 2323 Ecclesiae
2916 2271 3162 2337 praesule,
3195 2281 3250 2326 et
3271 2274 3340 2326 de

1775 2373 1993 2412 suorum
2061 2367 2303 2412 votorum
2367 2359 2697 2427 plenitudine
2753 2361 3044 2427 gratiarum
3113 2362 3349 2417 referant

1780 2450 2064 2503 actionem.
2098 2449 2219 2503 Per.

2112 2562 2376 2617 Orationes
2406 2580 2496 2634 pro
2526 2564 2711 2634 adepta
2741 2564 3001 2634 dignitate.

1856 2654 2009 2719 Dens,
2039 2654 2123 2707 eui
2152 2654 2324 2707 omnis
2355 2664 2589 2722 patestas
2614 2664 2668 2709 et
2697 2654 2924 2725 dignitas
2952 2657 3263 2722 famulatur,
3288 2661 3352 2713 da

1782 2743 1982 2797 famulo
2012 2752 2101 2797 tuo
2133 2742 2223 2797 Ιιι.
2255 2758 2564 2812 prosperum
2599 2759 2711 2798 Suae
2751 2746 3027 2814 dignitatis
3071 2748 3316 2801 eflectum
3337 2790 3353 2813 ,

1784 2836 1835 2889 in
1867 2851 1966 2903 qua
2026 2847 2076 2889 te
2122 2849 2332 2901 semper
2388 2836 2589 2899 timeat,
2644 2836 2841 2905 tibique
2884 2836 3084 2905 jugiter
3141 2838 3354 2906 placere

1784 2926 2091 2980 contendat.
2126 2926 2225 2980 Per
2258 2926 2563 2979 Dominum.

1859 3015 1996 3070 Atia.
2023 3045 2086 3055 —
2115 3016 2388 3082 Omnium,
2442 3016 2683 3079 Domine,
2719 3016 2834 3070 fons
2862 3018 3121 3071 bonorum
3173 3026 3359 3086 iusto-

1713 3108 1757 3167 C
1789 3122 2011 3174 rumque
2042 3115 2404 3174 provectuurn,
2440 3108 2632 3169 tribue,
2662 3120 2989 3175 quzesumus,
3022 3105 3114 3160 Ill.
3158 3109 3358 3159 famulo

1790 3210 1879 3252 tuo
1924 3201 2168 3265 adeptam
2215 3198 2347 3251 bene
2394 3212 2587 3267 gerere
2630 3197 2968 3268 dignitatem,
3014 3209 3073 3251 et
3107 3207 3215 3250 ate
3260 3199 3359 3250 sibi

1788 3290 2073 3359 prsertitam
2122 3288 2271 3340 bonis
2326 3288 2574 3353 Operibus
2622 3288 2991 3355 comprobare.
3043 3285 3145 3341 Per
3187 3286 3362 3340 Domi.

1789 3397 1913 3433 IIUIII
1944 3391 2205 3434 IIOSU'UIH.

2028 3471 2180 3542 (705)
2214 3471 2393 3524 Oratio
2418 3468 2445 3506 ι)
2474 3471 2540 3522 ad
2572 3470 2796 3524 abbatem
2825 3471 3132 3539 faciendum.

1858 3563 2191 3630 Quaesumus,
2216 3564 2560 3631 omnipotens
2592 3563 2749 3625 Deus,
2789 3563 3041 3615 famulum
3077 3572 3217 3616 tuum
3244 3562 3362 3626 ιιι..

1789 3670 1947 3723 quem
1979 3656 2042 3706 ad
2075 3655 2311 3722 regimen
2342 3659 2639 3705 animarum
2688 3654 2974 3719 elegimus,
3022 3655 3206 3721 gratia:
3258 3666 3359 3707 tua:

1790 3745 1931 3799 dono
1978 3759 2318 3813 prosequere,
2361 3754 2417 3797 ut
2448 3754 2500 3798 te
2527 3743 2783 3812 largiente
2825 3758 2945 3797 cum
2977 3746 3090 3813 ipsa
3131 3746 3223 3799 tibi
3266 3761 3365 3799 no—

1791 3848 1899 3890 stra
1930 3837 2189 3890 electione
2221 3835 2543 3901 placeamus.
2574 3833 2694 3887 Per.

2160 3945 2312 4016 (786)
2346 3958 2366 3985 ο
2400 3959 2665 3999 metemur
2704 3960 2993 3999 seococm.

1866 4060 2017 4131 (787)
2064 4059 2288 4122 Impellit
2336 4057 2671 4111 ministrandi
2722 4057 2954 4109 officium
2988 4056 3135 4123 (788)
3182 4056 3364 4111 Hostia

1794 4152 2041 4209 salutaris
2068 4150 2243 4220 populi
2276 4163 2370 4215 pro
2396 4148 2618 4211 delicto,
2654 4152 2819 4200 terret
2848 4147 3173 4199 conscientia
3207 4146 3361 4200 inde-

1797 4245 1892 4299 biti
1920 4241 2203 4297 sacerdmii
2235 4254 2331 4306 pro
2361 4249 2530 4291 reatu.
2564 4236 2621 4290 Si
2654 4250 2680 4287 a
2717 4250 2802 4289 me
2829 4236 3066 4289 omnium
3119 4236 3369 4288 sacerdo-

1800 4347 1906 4389 tum
1939 4335 2088 4405 (789)
2126 4331 2421 4400 [ιθννὶρεθιηει
2467 4327 2787 4380 sacrificium
2840 4324 3127 4389 offeratur,
3160 4326 3376 4393 pollutte

1801 4424 2138 4481 conscientia:
2165 4430 2364 4474 crimen
2416 4426 2656 4487 augetur.
2691 4416 2746 4470 Si
2782 4424 2939 4469 tanta:
2973 4416 3232 4483 Majestati
3261 4417 3380 4469 uni-

1801 4532 1970 4572 versae
2001 4518 2179 4570 carnis
2202 4512 2372 4583 jndici
2404 4528 2507 4566 non
2539 4510 2783 4573 ofl'ertur,
2818 4509 3152 4577 negligentia:
3199 4518 3381 4563 reatus

1800 4610 2103 4663 ascribitur.
2156 4607 2294 4661 inter
2343 4605 2460 4659 hzec
2513 4612 2639 4664 tute,
2702 4600 3061 4667 omnipotens,
3121 4600 3381 4653 libramen

1804 4701 2014 4769 pietatis
2043 4700 2291 4768 imploro,
2319 4695 2470 4764 cujus
2498 4692 2715 4746 ultionis
2744 4691 2885 4744 diem
2941 4700 3225 4743 accusante
3253 4704 3383 4741 con—

1803 4792 2019 4847 scientia
2075 4790 2411 4859 pertimesco.
2462 4786 2614 4855 (790)
2662 4783 2738 4837 Ne
2794 4782 3101 4849 indignum,
3163 4798 3384 4848 quaeso,

1808 4883 2167 4939 misericordia
2202 4892 2284 4935 tua
2309 4878 2540 4949 judicee,
2572 4889 2727 4945 quem
2754 4888 2784 4927 a
2837 4882 3076 4939 tempore
3109 4870 3384 4935 paeniten-

1811 4978 1894 5030 tia)
1942 4990 2049 5028 :ton
2092 4970 2350 5027 excludis.
2399 4966 2547 5036 (791)
2577 4960 2855 5032 Suspende
2899 4958 3160 5021 securim,
3208 4957 3380 5009 donec

1810 5067 1981 5122 cultor
2029 5066 2200 5118 viuere
2253 5062 2533 5114 admoveat
2579 5054 2868 5121 cophinum
2915 5056 3168 5103 stercoris
3219 5048 3386 5101 ἰΙιΙιίιο

1812 5170 2012 5213 ctuosaa
2039 5156 2246 5208 arboris
2275 5149 2341 5201 ad
2370 5147 2628 5202 radicem.
2663 5142 2828 5195 Parce
2857 5139 3006 5199 mihi,
3036 5138 3257 5191 Domine
3282 5139 3391 5189 cle-

1813 5247 2148 5309 mentissine,
2203 5236 2503 5310 pmnitenti,
2535 5234 2623 5301 qui
2659 5232 2823 5285 David
2869 5237 2990 5297 post
3029 5230 3232 5295 lapsum
3282 5229 3390 5278 cle-

1818 5357 2026 5398 menter
2077 5339 2143 5392 ad
2177 5334 2386 5388 veniam
2434 5325 2733 5389 revocasti;
2777 5322 2863 5392 qui
2896 5321 3035 5375 Petri
3085 5320 3393 5373 misericors

1895 5521 1916 5548 ε
1959 5507 2082 5561 llaec
2129 5500 2367 5571 apologia
2419 5510 2558 5571 cum_
2588 5488 2847 5571 sequenti
2882 5487 2933 5540 in

1822 5551 2492 5634 Gttssatii'il."contiinctur.
2545 5564 2598 5616 In
2634 5551 2738 5634 vet.
2784 5560 2927 5613 Miss.
2955 5554 3141 5634 Gallic.
3174 5551 3273 5601 alia
3311 5563 3397 5634 rc-

1827 5624 2027 5722 Eéiiiii'
2045 5624 2316 5717 apologis,
2340 5639 2465 5695 licet
2492 5633 2665 5705 quoad
2687 5644 2913 5688 isensum
2945 5627 3035 5682 vix
3064 5624 3354 5690 discrepet.
