3988 6300
625 254 722 308 Ξιὲῗ

1805 249 1882 301 SA
1894 249 2041 302 NCTI
2087 250 2121 300 (ἰ
2136 249 2410 303 RECORII
2453 251 2498 304 Μ
2510 251 2663 305 .\GNI

3759 269 3865 326 2'23

623 380 804 424 antare
849 363 1019 420 flentis
1065 365 1320 419 lacrvmas
1351 361 1661 425 resnexistt,
1710 363 1798 428 qui
1827 363 2086 416 lationem
2127 364 2178 415 in
2210 365 2259 423 Α
2285 364 2560 429 accingere
2583 403 2598 427 ,
2628 364 2940 434 lumbosque
2972 383 3120 422 meos
3149 370 3321 426 balteo
3353 373 3424 426 tui
3455 377 3651 430 amoris
3690 384 3865 435 ambi-

624 458 798 513 erucis
846 456 1080 525 patibulo
1129 453 1260 504 tanti
1309 451 1556 504 facinoris
1601 466 1751 505 reum
1801 452 1978 506 divina
2010 455 2178 519 gratia

625 549 920 608 illnstrasti,
970 545 1052 597 cui
1098 559 1217 596 mox
1260 541 1484 594 obtinuit
1538 541 1804 597 confessio
1860 544 2011 610 (792)
2065 559 2184 612 per-

621 639 803 704 spicue
837 634 926 686 Dei
958 632 1168 694 Filium,
1219 629 1348 683 lides
1397 630 1701 698 praemium,
1739 646 1892 698 paena
1931 635 2178 697 veniam,

619 728 843 780 lamenta
873 721 1062 790 gaudia
1089 721 1432 788 sempiterna,
1468 719 1619 790 (795)
1645 722 1769 773 dum
1813 721 2087 776 confessor
2127 723 2179 774 in

615 829 793 876 cruce,
845 826 1120 876 possessor
1149 811 1350 865 exstitit
1375 810 1602 878 paradisi
1636 821 1753 879 post
1797 827 2033 866 crucem.
2074 813 2178 868 Sed

617 905 735 971 quia
769 903 926 956 verba
958 907 1108 956 venia
1143 913 1244 956 tua:
1283 902 1493 970 pietatis
1526 903 1782 972 indigent,
1821 918 1939 972 qua:
1979 904 2181 972 indigni

613 993 903 1046 sacerdotis
933 1008 1096 1062 Opera
1125 1010 1229 1048 non
1250 995 1648 1060 commendant,
1683 993 1856 1048 saltim
1894 997 2172 1053 astantiqu

614 1093 736 1135 vota
777 1084 1007 1149 suscipe,
1042 1093 1097 1136 ut
1128 1096 1181 1139 et
1211 1086 1338 1139 mihi
1370 1088 1478 1138 suis
1509 1087 1644 1152 apud
1695 1094 1746 1140 te
1791 1086 2036 1153 precibus
2081 1103 2174 1140 ve~

612 1173 778 1237 niam,
811 1182 862 1225 et
893 1188 1076 1226 eormn
1105 1173 1309 1227 meritis
1339 1173 1601 1227 sacrificia
1648 1187 1948 1228 nostrorum
1994 1177 2177 1228 vulne-

611 1279 728 1316 rum
759 1264 1043 1316 salubriter
1069 1264 1220 1318 nobis
1248 1267 1524 1319 conferant
1554 1265 1892 1329 medicinam,
1925 1268 2074 1336 (794)
2119 1277 2180 1322 ut

612 1351 732 1421 quia
769 1353 1104 1420 omnipotens
1155 1369 1250 1421 pro
1279 1356 1526 1408 omnibus
1559 1355 1727 1408 factus
1764 1371 1822 1411 es
1866 1357 2037 1410 hostia
2079 1373 2172 1426 pro

585 1446 864 1509 .peccatis,
909 1446 1053 1499 adsis
1083 1446 1233 1499 nobis
1282 1448 1636 1501 sanctificatio
1666 1448 1716 1500 in
1767 1448 2030 1503 sacrillcio
2080 1465 2174 1517 pro

613 1535 841 1602 delictis,
891 1535 1121 1596 Christe,
1162 1535 1407 1590 Salvator
1435 1537 1637 1600 mundi,
1679 1538 1766 1604 qui
1807 1554 1924 1590 cum
1975 1549 2174 1593 aeterno

613 1623 772 1677 l’atre
803 1612 909 1677 una
932 1640 1052 1678 cum
1084 1625 1285 1692 Spiritu
1315 1635 1500 1678 sancto
1541 1627 1673 1679 vivis
1704 1639 1755 1681 et
1787 1621 1976 1696 regnas
2010 1628 2168 1683 Deus.

609 1713 708 1767 Per
736 1713 910 1767 omnia
940 1713 1133 1766 sazcula
1163 1715 1500 1768 saeculorum.

677 1804 806 1857 Item
826 1806 1084 1873 apolagia.
1112 1833 1183 1843 —
1211 1804 1361 1872 (795)
1391 1807 1526 1858 Ante
1549 1806 1730 1858 oculos
1752 1813 1892 1872 tuos,
1921 1806 2166 1870 Domine,

605 1908 727 1946 rens
757 1893 1093 1946 conscientia:
1127 1893 1275 1944 testis
1304 1892 1497 1946 assiste
1523 1909 1536 1943 :
1567 1908 1756 1958 rogare
1783 1893 1871 1946 vix
1899 1893 2050 1963 (796)
2073 1909 2171 1947 au-

601 1985 704 2034 deo
747 1983 885 2050 quod
933 1982 1215 2048 impetrare
1250 1983 1410 2050 229
1457 1996 1565 2034 non
1611 1995 1839 2034 mereor.
1890 1982 1966 2034 Tu
2014 1982 2166 2052 (707)

603 2071 744 2127 enim
801 2073 928 2136 scis,
968 2072 1209 2136 Domine,
1241 2075 1417 2124 omnia
1460 2086 1578 2139 qua:
1625 2081 1857 2140 agtmtur
1894 2073 1947 2126 in
1990 2072 2162 2126 nobis.

599 2163 750 2230 (798)
783 2163 1146 2218 Erubescimus
1173 2159 1413 2216 confiteri
1446 2162 1582 2229 quod
1613 2162 1768 2230 (799)
1797 2177 1889 2228 per
1919 2177 2015 2216 nos
2059 2178 2164 2218 non

599 2253 849 2305 timemus
889 2251 1034 2318 (800)
1064 2253 1364 2306 admittere.
1404 2251 1592 2306 Verbis
1630 2253 1721 2306 tibi
1771 2247 1971 2307 tantum
2005 2253 2165 2308 obse-

600 2341 830 2408 quimur,
853 2342 1014 2396 corde
1036 2343 1346 2407 mentimur,
1371 2351 1424 2395 ct
1444 2343 1583 2410 quod
1615 2343 1747 2397 velle
1785 2358 1884 2396 nos
1911 2344 2162 2408 dicimus,

601 2431 739 2484 nolle
770 2432 963 2485 nostris
992 2433 1200 2484 actibus
1238 2433 1614 2498 approbanius.
1655 2433 1802 2503 (801)
1838 2434 2024 2496 Parce,
2061 2433 2167 2485 Do-

601 2521 761 2583 mine,
793 2520 1168 2572 conlitentibus
1197 2519 1428 2587 ignosce.
1462 2521 1826 2584 Peccavimus,
1885 2522 2158 2587 tniseiere,

597 2619 646 2660 te
673 2623 939 2676 rogamus.
969 2607 1034 2661 Et
1059 2607 1181 2677 quia
1210 2610 1261 2662 in
1285 2611 1633 2662 sacramentis
1665 2611 1766 2663 tuis
1794 2624 1942 2662 meus
1973 2625 2066 2664 sen
2099 2625 2162 2664 us

595 2695 746 2765 (802)
777 2694 1011 2748 inﬁrmus
1057 2704 1159 2761 est,
1194 2708 1406 2764 praesta,
1440 2715 1760 2766 quaasumus,
1795 2698 1948 2768 (805)
1981 2707 2037 2752 ut
2074 2701 2159 2768 qui

594 2801 657 2836 ex
691 2785 842 2837 nobis
866 2786 979 2837 duri
1005 2784 1181 2837 cordis
1207 2788 1370 2840 verba
1399 2801 1501 2838 non
1534 2788 1780 2856 suscipis,
1813 2786 1961 2858 (8M)
1993 2803 2086 2857 per
2110 2799 2159 2842 te

594 2875 749 2926 nobis
778 2869 980 2926 veniam
1014 2874 1272 2942 largiaris.
1309 2875 1458 2943 (802i)
1491 2875 1591 2929 Per
1617 2876 1918 2929 Dominum.

664 2963 796 3016 Item
824 2964 1310 3034 apologia.—(803)
1333 2966 1664 3020 Conscientia
1690 2967 1900 3034 quidem
1934 2968 2146 3036 trepidi,

2286 468 2363 516 re,
2400 467 2462 506 ac
2493 470 2644 507 renes
2670 456 2842 508 cordis
2873 458 2975 510 tnei
3006 459 3124 528 igne
3155 469 3256 514 tua:
3285 464 3562 518 charitatis
3598 483 3775 536 urere,
3809 485 3866 526 ut

2286 556 2381 608 pro
2418 546 2645 610 peccatis
2669 547 2802 600 meis
2829 548 3026 615 pttS>iIII
3053 551 3406 621 intercedere,
3436 566 3491 610 et
3516 565 3738 614 astantis
3770 580 3864 633 po-

2283 634 2388 701 puli
2414 647 2749 704 peccatorum
2773 642 2976 694 veniam
3002 649 3306 711 promereri,
3332 664 3395 702 ac
3418 651 3665 711 pacilicas
3683 657 3866 724 singu-

2283 725 2456 780 lorum
2481 729 2680 782 hostias
2703 731 2995 798 immolare,
3028 749 3110 789 me
3136 753 3344 806 quoque
3370 740 3460 794 tibi
3488 743 3762 798 audaciter
3779 764 3866 801 ar-

2281 814 2559 870 cedentem
2584 833 2686 870 non
2711 817 2851 873 sinas
2868 824 3038 884 per're
3054 863 3068 885 ,
3090 825 3183 878 sed
3210 825 3426 893 dignare
3452 830 3647 893 lavare,
3671 848 3863 890 ornare

2279 912 2334 957 et
2357 906 2542 959 leniter
2563 909 2853 976 suscipere.
2880 911 2980 964 Per
3009 911 3285 967 Dominum
3317 929 3554 971 nustrtnn
3582 921 3790 975 Iesum.

2348 991 2480 1046 Item
2500 996 2866 1065 alim—(8w)
2891 1005 3024 1054 Ante
3042 1006 3222 1058 aeterni
3244 1008 3382 1074 regis
3404 1009 3584 1063 Christ
3626 1028 3860 1078 praesen-

2281 1081 2403 1134 tiam
2429 1096 2604 1138 nostra
2637 1088 2844 1151 indigna
2870 1091 3406 1163 acceduntprmconia
3427 1115 3545 1167 qua:
3571 1119 3612 1154 γε
3634 1103 3744 1156 lent
3771 1121 3860 1170 ιο·

2281 1171 2896 1241 νιιῐὶἱιιιριὶνιινθόυιίίδιε.
2920 1181 3069 1251 (819)
3090 1184 3277 1239 Livore
3297 1197 3856 1256 torqtteturcmtsrien-

2278 1261 2370 1326 tia,
2392 1264 2506 1330 quia
2534 1269 2699 1320 sacris
2723 1272 2984 1338 mysteriis
3007 1273 3287 1328 oﬂ'erendis
3308 1292 3365 1330 se
3384 1278 3578 1347 ingerit
3602 1285 3855 1338 crimino-

2275 1365 2418 1414 sam;
2445 1365 2497 1404 et
2513 1356 2634 1406 dum
2660 1357 2869 1422 respicit
2891 1359 3141 1424 admissa,
3167 1371 3391 1416 tetre'ur
3420 1367 3522 1420 tuis
3546 1375 3857 1437 conspecti-

2275 1437 2372 1492 bus
2401 1451 2574 1496 astare
2603 1445 2840 1500 confusa.
2873 1446 2974 1501 Sed
3005 1465 3184 1517 quaeso
3214 1453 3422 1506 hunnlis
3467 1473 3606 1516 reus,
3641 1467 3762 1528 quia
3789 1465 3850 1518 ad

2275 1537 2326 1581 te
2356 1541 2471 1596 post
2496 1532 2695 1596 lapsum
2721 1539 2880 1590 redeo
2903 1539 3106 1604 devius,
3129 1540 3280 1609 jacert
3303 1549 3533 1607 saucius,
3570 1549 3620 1601 in
3655 1558 3709 1604 te
3737 1555 3853 1607 vilis

2275 1622 2502 1685 respiro,
2544 1622 2678 1675 bone
2709 1625 2943 1692 medice,
2987 1629 3292 1684 vulneratus
3317 1674 3331 1697 ,
3365 1643 3423 1688 ut
3461 1637 3545 1705 qui
3593 1641 3852 1697 sacrilicia

2200 1721 2246 1779 Β
2273 1709 2524 1764 altaribus
2553 1713 2657 1767 tuis
2688 1717 2880 1769 munda
2911 1719 3086 1772 offerri
3131 1723 3373 1791 pz'mtipis
3396 1766 3410 1788 ,
3453 1742 3571 1780 cum
3616 1731 3852 1789 olieren~

2273 1800 2399 1852 tium
2415 1802 2614 1856 meritis
2630 1807 2917 1861 sacerdotis
2940 1810 3137 1878 indigni
3162 1813 3293 1866 labia
3313 1816 3505 1882 polluta
3525 1823 3848 1890 sanctifices,

2269 1891 2356 1956 qui
2398 1891 2632 1954 indigere
2672 1911 2757 1948 me
2786 1898 3034 1952 miserum
3081 1913 3187 1962 ltta,
3231 1906 3442 1961 Christe
3493 1910 3744 1967 Salvator
3772 1932 3847 1969 tn-

2268 1990 2424 2050 ciyte,
2461 1987 2826 2041 moericordTa
2854 1996 3208 2060 recognoecis.
3239 1996 3338 2060 Qui
3363 2000 3495 2054 vivis
3538 2013 3588 2056 et
3633 2019 3846 2074 regnas.

2339 2075 2499 2143 23o
2549 2073 2681 2129 Item
2717 2078 2822 2132 alia
2862 2081 2914 2134 in
2939 2085 3208 2150 festivitate
3253 2100 3557 2145 sanctorum.
3593 2125 3664 2134 -
3687 2073 3838 2168 (78-0)

2270 2161 2472 2228 Eripiat
2497 2179 2611 2230 nos,
2648 2183 2971 2234 quaesumus,
3005 2172 3241 2242 Domine,
3276 2187 3486 2234 tuorum
3527 2185 3841 2252 deprecatio

2265 2264 2591 2318 sanctorum,
2635 2267 2687 2310 et
2710 2259 2846 2312 sicut
2877 2277 2968 2328 per
2991 2264 3224 2335 Moysem
3258 2267 3508 2323 famulum
3543 2285 3693 2328 tuum
3720 2293 3846 2346 pec-

2267 2351 2380 2394 cata
2417 2346 2589 2411 populi
2620 2347 2901 2416 dimisisti,
2939 2353 3008 2405 ita
3033 2370 3129 2422 per
3160 2350 3591 2418 intercessionem
3623 2376 3841 2422 sanita-

2265 2448 2382 2485 rum
2416 2444 2626 2489 tuortnn
2661 2448 2838 2492 nostra
2869 2446 3103 2498 ontnium
3131 2445 3318 2515 jubeas
3351 2453 3579 2506 relaxari
3619 2458 3836 2512 delicta.

2265 2522 2365 2577 Per
2396 2525 2694 2582 Dominum.

2337 2613 2468 2668 Itent
2510 2621 2760 2688 apologiw
2806 2627 3115 2690 quotidiana:
3165 2634 3442 2684 sacerdotis
3491 2652 3740 2704 prapme.
3770 2669 3839 2681 —

2267 2704 2416 2776 (821)
2452 2714 2475 2741 ³
2507 2707 2766 2762 Mordacis
2797 2714 3137 2769 conscientia:
3166 2719 3393 2773 stimulis
3422 2732 3474 2776 et
3518 2723 3835 2781 delictorum

2263 2805 2565 2849 nostrorum
2607 2800 2977 2858 raeordatione
3004 2812 3308 2863 commoniti
3341 2811 3494 2877 (822)
3521 2854 3538 2880 ,
3580 2824 3632 2870 te
3668 2818 3782 2873 Deu
3807 2837 3833 2871 ιι

2261 2881 2604 2952 indulgentiae
2643 2887 3026 2958 deprecamur,
3068 2905 3125 2950 ut.
3151 2901 3401 2965 quidquid
3451 2901 3617 2970 di'cto,
3655 2907 3829 2970 facto,

2260 2977 2580 3041 cogitatione
2619 2977 2769 3048 (825)
2802 2993 3069 3047 peccatum
3118 2995 3193 3040 est
3223 3028 3238 3051 ,
3269 2989 3379 3044 sive
3409 2992 3630 3048 lubrica:
3659 3006 3733 3050 att
3769 3002 3834 3051 lis

597 3054 934 3118 omnipotens
963 3055 1122 3118 Deus,
1163 3055 1227 3106 ad
1258 3056 1423 3110 altare
1447 3068 1588 3109 tuum
1618 3058 1938 3118 θεουιιξιιιιιε.
1971 3061 2062 3115 sed
2097 3066 2156 3114 li-
2183 3076 2226 3135 ρ
2260 3061 2521 3129 impulsu,
2561 3080 2672 3121 srve
2712 3069 3021 3137 ignorantia:
3067 3090 3248 3132 errore
3279 3078 3424 3151 (89.1)
3459 3087 3834 3150 commissum.

593 3144 802 3197 duciam
825 3144 892 3196 de
921 3154 1022 3196 tum.
1047 3145 1256 3212 pietatis
1283 3146 1642 3201 misericordia
1665 3159 1973 3204 retinemus.
2007 3153 2071 3205 Et
2095 3153 2156 3206 li-

595 3239 683 3284 cet
715 3232 779 3284 ad
810 3233 1123 3285 celebranda
1150 3235 1406 3288 sacrilicia
1431 3249 1640 3305 semper
1665 3236 1992 3292 inveniamur
2018 3233 2154 3294 indi-

593 3323 706 3392 gni,
739 3322 890 3393 (807)
923 3325 1014 3379 sed
1041 3326 1087 3380 si
1129 3328 1455 3394 recedimus,
1485 3344 1726 3385 verentur
1758 3331 1823 3385 de
1853 3335 2157 3389 inobedien—

591 3415 660 3464 tia
686 3415 1044 3468 condemnari.
1076 3415 1178 3470 Pro
1208 3416 1358 3488 (808)
1389 3433 1488 3485 qua
1517 3434 1572 3474 te
1597 3419 1814 3490 dignare
1841 3438 1935 3477 nos
1963 3425 2157 3492 pietate

594 3510 808 3568 paterna
840 3503 1032 3571 placito
1055 3507 1200 3558 vultu
1230 3521 1513 3574 resmcere,
1536 3519 1592 3562 et
1620 3510 1796 3564 cordis
1820 3514 1989 3566 nostri
2023 3514 2156 3567 inte-

590 3593 729 3643 riora
759 3606 1002 3660 purgare.
1053 3594 1204 3666 (809)
1252 3596 1319 3650 Et
1355 3598 1400 3651 si
1432 3613 1527 3651 nos
1558 3600 1792 3668 pondere
1820 3611 2153 3669 peccatorum

593 3691 896 3736 nostrorum
926 3700 987 3739 ac
1013 3697 1160 3740 reatu
1187 3690 1613 3760 constringimur,
1640 3705 1938 3748 nostrarum
1973 3708 2150 3754 tamen

593 3785 805 3834 precum
829 3772 1047 3827 obtentu
1072 3775 1160 3828 tibi
1192 3779 1316 3844 sint,
1341 3794 1662 3847 quaesumus,
1689 3783 1930 3853 Domine,
1959 3785 2008 3839 in
2037 3802 2152 3841 om-

592 3861 750 3916 nibus
781 3863 967 3930 placita
999 3867 1244 3935 mysteria
1275 3873 1652 3926 consecranda.
1677 3874 1795 3929 Per.

659 3955 794 4008 Item
821 3956 1163 4028 apologia.—-
1186 3961 1338 4030 (810)
1369 3963 1606 4033 Ignosce,
1639 3966 1881 4037 Domine,
1909 3971 2148 4039 ignosce,

589 4044 738 4114 (811)
761 4048 898 4114 quod
923 4047 1045 4101 dum
1078 4066 1262 4118 rogare
1287 4055 1600 4122 compellor,
1630 4057 1753 4111 dutn
1789 4075 1882 4127 per
1911 4061 2145 4117 immun-

588 4137 655 4189 da
679 4137 812 4191 labia
844 4153 1039 4194 nomen
1070 4151 1306 4196 sanctum
1341 4155 1484 4198 tuum
1512 4163 1746 4214 assumo,
1777 4161 1830 4203 et
1856 4151 2006 4223 (8l2)
2027 4169 2148 4210 cum

589 4229 951 4292 pudendorum
972 4241 1184 4286 actuum
1206 4245 1421 4289 secreta
1450 4239 1730 4307 conﬁteor,
1754 4242 1906 4312 (815)
1929 4261 2032 4300 non
2058 4247 2150 4300 lia-

582 4317 681 4372 beo
711 4321 846 4388 apud
885 4330 935 4375 te
971 4338 1069 4377 nec
1111 4325 1270 4378 verba
1316 4329 1432 4382 sine
1458 4330 1701 4386 crimine.
1737 4334 1814 4387 Tu
1843 4338 1982 4390 enim
2011 4353 2144 4392 con-

2261 3156 2427 3220 pietas
2477 3158 2681 3213 Domini
2713 3164 2875 3215 nostri
2897 3163 3020 3218 Jcsu
3052 3168 3244 3222 Christi
3277 3168 3427 3243 (825i
3469 3178 3748 3233 resolvere
3775 3195 3834 3236 ac

2257 3243 2535 3311 indulgere
2565 3247 2830 3316 dignetur.
2857 3253 2978 3309 Per.

2335 3333 2465 3386 Item
2485 3337 2838 3410 alim—(826)
2863 3343 3132 3412 Indignum
3150 3361 3255 3413 me,
3283 3348 3516 3415 Domine,
3536 3356 3711 3409 sacris
3733 3357 3834 3410 tuis

2259 3440 2380 3480 esse
2405 3426 2571 3480 fateor
2595 3470 2610 3494 ,
2649 3431 2737 3498 qui
2766 3434 3056 3488 innumeris
3085 3438 3322 3506 quotidie
3359 3445 3595 3507 peccatis
3627 3446 3829 3501 fuscor.

2258 3514 2408 3588 (837)
2447 3517 2581 3585 Quid
2621 3535 2721 3589 ego
2762 3531 2813 3576 te
2853 3524 3060 3580 blandis
3101 3529 3279 3583 verbis
3317 3547 3504 3600 rogare
3543 3551 3830 3602 praesumo,

2255 3623 2411 3675 quem
2465 3611 2720 3679 improbis
2763 3617 3056 3682 saepissime
3103 3619 3253 3674 factis
3300 3623 3556 3678 oﬂ'endo?
3605 3636 3660 3680 tu
3688 3632 3834 3684 enim

2256 3698 2385 3752 mihi
2408 3701 2722 3756 medicinam
2748 3704 2896 3777 (82:1)
2922 3707 3134 3776 ingeris,
3157 3726 3254 3780 ego
3278 3710 3426 3784 (823))
3457 3719 3671 3772 sanitati
3698 3736 3834 3775 mea

2252 3793 2518 3847 contraria
2541 3809 2660 3862 ago.
2687 3795 2881 3866 Legem
2913 3808 3054 3854 tuam
3082 3805 3252 3856 sacris
3283 3805 3498 3859 inditam
3527 3810 3739 3876 paginis
3760 3813 3833 3866 lc-

2252 3899 2336 3952 go,
2369 3900 2550 3940 sanam
2582 3902 2706 3943 vero
2733 3889 3069 3958 disciplinam
3101 3893 3282 3949 infelix
3323 3898 3651 3968 negligo.Ad
3677 3915 3830 3957 tuum

2251 3976 2466 4053 quidem
2495 3979 2663 4032 altare
2691 3982 2840 4048 quasi
2869 3981 3090 4036 devotus
3117 3986 3334 4050 accedo,
3365 3989 3459 4042 sed
3483 4006 3513 4043 a
3542 3995 3832 4060 praeceptis

2251 4051 2358 4122 tuis
2383 4071 2685 4125 contumaci
2725 4075 2887 4128 corde
2932 4075 3084 4145 (850)
3115 4079 3326 4133 recedo.
3383 4081 3454 4134 Da
3491 4051 3622 4152 ergo
3665 4051 3826 4151 mihi,

2254 4158 2514 4226 Domine,
2562 4177 2654 4216 cor
2687 4176 3086 4231 compunctum,
3124 4183 3230 4237 quo
3259 4172 3518 4224 veraciter
3556 4173 3690 4228 odio
3732 4176 3830 4228 ba-

2252 4249 2404 4304 beam
2454 4263 2745 4320 peccatum.
2790 4253 2965 4310 Meum
3009 4266 3121 4323 est,
3167 4259 3212 4312 si
3264 4260 3574 4329 donaveris,
3629 4263 3828 4320 delicta

2249 4341 2447 4394 deflere
2472 4358 2487 4405 ;
2521 4354 2664 4395 tuum
2697 4353 2780 4398 est
2809 4349 2966 4399 etiam
2999 4345 3145 4416 (851)
3174 4348 3367 4403 nubem
3391 4365 3508 4404 eam
3538 4359 3649 4404 cito
3671 4353 3830 4408 dele-

578 4410 813 4463 scientite
838 4427 971 4464 meae
1000 4415 1213 4469 vulnera
1243 4427 1295 4470 et
1332 4418 1484 4490 (814)
1507 4424 1878 4492 cogitationum
1911 4443 2144 4484 mearum
2172 4423 2224 4486 Ι)
2253 4447 2332 4496 re,
2363 4442 2421 4485 ut
2445 4431 2593 4503 (852)
2622 4434 2710 4500 qui
2735 4436 2869 4489 hanc
2895 4438 3118 4504 palmam
3143 4440 3408 4493 amiserim
3440 4441 3659 4496 inimico
3679 4443 3832 4497 frau-

577 4500 784 4552 occulta
829 4505 988 4565 nosti,
1032 4515 1088 4556 et
1131 4507 1485 4566 immunditias
1527 4529 1672 4569 meas
1701 4526 1756 4570 tu
1797 4521 1939 4574 solus
1975 4538 2140 4592 agno-

575 4588 699 4640 scis.
724 4589 975 4645 Miserere
1000 4595 1126 4648 mihi
1154 4637 1169 4658 ,
1203 4599 1420 4652 Domine
1441 4639 1458 4664 ,
1494 4605 1748 4662 miserere
1773 4609 1899 4662 mihi
1929 4651 1945 4674 ,
1981 4588 2137 4682 igno-

575 4691 667 4729 sce
695 4680 931 4746 mysterii
959 4683 1029 4734 tui
1057 4695 1258 4738 secreta
1287 4693 1528 4744 tractanti
1551 4733 1564 4756 ,
1595 4709 1692 4748 nec
1725 4680 2141 4766 indignttmmi-

577 4765 866 4821 sericordia
898 4781 982 4822 tua
1005 4771 1209 4838 judices
1233 4791 1388 4843 quem
1429 4795 1524 4847 pro
1550 4783 1669 4836 aliis
1699 4765 1884 4853 rogare
1915 4795 2135 4858 permit-

577 4856 666 4917 tis,
701 4856 826 4912 etin
867 4874 972 4924 quo
1003 4863 1359 4920 testimonium
1390 4869 1508 4924 boni
1539 4877 1715 4941 Operis
1759 4894 1862 4932 non
1892 4856 2134 4948 agnoscis

573 4944 809 5002 officium
849 4950 1035 5003 saltem
1077 4953 1486 5015 dispensationis
1517 4965 1738 5021 creditae
1766 4985 1869 5025 non
1899 4944 2136 5032 recuses.

567 5033 674 5089 Per
699 5037 850 5106 (8l5)
881 5040 1159 5098 Dominum
1185 5059 1444 5104 noetrum.

648 5125 776 5179 Item
788 5130 989 5182 alta.—
1005 5130 1152 5204 (816)
1175 5135 1319 5207 Rogo
1339 5146 1410 5202 te,
1436 5141 1572 5196 Deus
1601 5145 1829 5203 Sabaoth
1858 5150 2133 5221 altissime,

572 5225 721 5282 pater
745 5229 930 5277 sancte
953 5261 969 5288 ,
1008 5222 1158 5296 (8l7)
1186 5231 1257 5282 uti
1285 5245 1370 5285 me
1401 5237 1572 5288 tunica
1621 5239 1876 5296 castitatis
1902 5244 2135 5313 digneris

638 5341 665 5425 ἶ
693 5332 911 5425 Legitur
1015 5338 1240 5425 laudatis
1275 5343 1416 5425 Edit.
1445 5362 1577 5425 cum
1620 5351 1826 5407 duabus
1865 5369 2130 5425 sequenti.

569 5399 687 5487 bus,
734 5399 1010 5487 mordacis,
1061 5421 1186 5487 εις..
1242 5424 1315 5487 et,
1364 5399 1632 5487 indignum
1681 5439 1793 5485 me,
1846 5399 1956 5479 etc:
1986 5399 2135 5482 Drior

813 5469 1030 5562 estnbet
1057 5469 1229 5562 ‘etiain
1269 5469 2129 5562 huiusmodiMapologia'svpartini

567 5540 1007 5633 Κῆυξιὶέο
1041 5547 1310 5633 diversas.
1339 5540 1398 5606 Ῑιι
1450 5558 1532 5633 bis
1585 5540 1810 5633 notrand:
1844 5540 1983 5618 venit
2012 5582 2130 5633 quae

565 5607 738 5661 adhuc
769 5612 918 5667 nubis
947 5615 1216 5674 familiaris
1236 5632 1337 5688 est,
1371 5607 1555 5692 paucis
1585 5607 2120 5702 ἰὶῇὶῖιῖιῐᾶιίζέἶὶιέὲῖἑζ

2247 4521 2427 4590 dante,
2461 4523 2610 4594 (855)
2628 4526 2692 4577 ad
2720 4529 2924 4581 veniam
2953 4529 3139 4582 saltem
3176 4531 3483 4598 pcrLineam,
3513 4541 3566 4589 te
3596 4535 3829 4590 Domino

2247 4617 2720 4686 miserante.(8.'4)
2742 4617 2856 4671 Tibi
2875 4622 3012 4671 enim
3043 4619 3148 4673 Deo
3172 4630 3254 4676 est
3283 4624 3450 4676 honor
3483 4638 3663 4693 legum
3690 4626 3826 4694 Regi

2245 4715 2554 4761 cunctorum
2597 4723 2688 4775 per
2730 4720 2917 4762 cuncta
2958 4712 3195 4779 regnanti
3235 4715 3424 4768 smcula
3472 4718 3826 4774 saeculorum.

2321 4795 2446 4852 Item
2485 4799 2610 4852 alia.
2653 4829 2722 4839 —
2768 4799 2916 4870 (855)
2953 4802 3206 4870 Projcctis
3238 4806 3389 4858 nobis
3413 4844 3428 4868 ,
3463 4805 3691 4861 Domine
3716 4849 3734 4874 ,
3770 4811 3823 4862 ia

2245 4889 2738 4944 condemnationem
2759 4905 2978 4958 operum
3008 4903 3328 4959 nosttorum,
3357 4897 3423 4949 da
3445 4900 3605 4965 capiti
3630 4909 3827 4955 nostro

2242 4989 2453 5043 aquam,
2477 4990 2528 5032 et
2553 4981 2721 5032 oculis
2745 4983 2940 5034 nostris
2961 4981 3160 5037 fontem
3183 4983 3400 5038 infunde
3425 4985 3824 5056 lacrymarum,

2243 5076 2299 5119 ut
2325 5070 2522 5136 peccati
2551 5072 2785 5124 maculas
2808 5072 3071 5127 abluendo
3100 5074 3315 5127 ultrices
3348 5089 3629 5142 pinnarum
3662 5079 3824 5132 flant-

2241 5173 2354 5213 mas
2381 5159 2600 5214 fletuum
2645 5161 2884 5218 ubertate
2915 5165 3206 5228 vincamus,
3237 5164 3386 5234 (850)
3427 5169 3547 5234 quia
3577 5167 3676 5223 tibi
3713 5188 3823 5225 non

2241 5259 2367 5305 sunt
2394 5251 2598 5306 occulta
2628 5268 2746 5320 quas
2777 5253 2928 5324 (857)
2956 5257 3209 5324 gerimus.
3242 5258 3326 5312 Sit
3347 5257 3496 5329 (858)
3538 5259 3591 5314 in
3621 5262 3786 5317 nobis
3806 5303 3822 5325 ,

2237 5361 2471 5436 Domine,
2502 5381 2557 5418 os
2598 5382 2765 5420 meum
2813 5369 2883 5420 ad
2931 5370 3326 5423 benedicendum
3377 5386 3558 5424 nomen
3615 5381 3820 5436 tuum;

2235 5435 2525 5504 mundaque
2565 5452 2652 5490 car
2681 5452 2846 5490 meum
2875 5439 2936 5491 ab
2973 5442 3205 5492 omnibus
3241 5441 3393 5498 variis
3416 5453 3460 5491 et
3491 5435 3821 5506 aequissimis

2230 5505 2637 5584 cogitationibus,
2662 5517 2740 5584 ait.
2751 5509 2985 5562 exaudiri
3007 5525 3200 5562 merear
3219 5511 3494 5580 deprecans
3524 5505 3573 5563 te
3601 5526 3699 5580 pro
3722 5529 3816 5584 ρο-

2231 5577 2348 5640 pulo
2369 5592 2514 5643 quem
2543 5575 2758 5646 elcgistt'.
