3988 6304
148 290 237 344 239

1341 280 1543 336 LIBER
1586 281 2222 340 SACRAMEN'l'ORUM.

3298 297 3403 350 27in

148 404 380 468 homine,
413 416 513 455 non
542 400 653 453 oris
702 407 902 455 tantum
951 370 1238 464 crinfessio,
1284 400 1376 453 sed
1412 407 1466 454 et
1487 399 1719 464 doloris;
1752 402 1795 455 Α
1826 402 1944 455 cisti
1970 402 2123 469 (8.15)
2154 416 2219 454 ex
2244 399 2409 453 nihilo
2439 400 2591 470 (864)
2614 400 2703 469 qui
2737 412 3003 471 rogarem.
3038 404 3405 462 Clamantihns

146 512 241 551 non
285 490 556 547 excusatio
603 492 924 556 criminum,
974 490 1069 545 sed
1119 490 1430 544 lamentatio
1470 500 1716 557 peccato-

144 604 271 643 rttm.
297 584 450 653 (839)
480 583 669 636 Castos
695 584 837 636 enim
864 582 1037 636 ‘nostri
1075 584 1317 650 corporis
1343 583 1527 636 oculos
1554 583 1713 638 lascio

144 682 234 732 vim
266 675 416 746 (810)
449 675 629 727 mundi
653 673 871 727 violavit
900 683 1169 740 aspectus.
1201 672 1350 742 (841)
1382 673 1557 727 Mores
1582 688 1717 727 cor-

142 768 295 835 rupti,
326 765 604 832 disciplina
651 766 852 831 vitiata,
896 765 1165 817 simulatio
1212 764 1265 817 in
1306 775 1476 827 vuttn,
1508 764 1713 819 fallacia

141 864 187 914 in
204 858 401 922 verbis,
432 856 587 910 dolus
608 855 662 908 in
682 856 863 920 corde,
890 855 1193 908 volubilium
1222 854 1273 907 in
1300 854 1493 920 lingua,
1525 868 1715 923 opera-

142 953 208 1003 tio
232 950 401 1001 stulta.
446 962 597 1000 mens
624 946 803 1008 dubia,
833 946 1266 1015 concupiscentia
1288 945 1536 1006 carnalis,
1564 942 1714 1013 (812)

138 1040 429 1096 sollicitudo
459 1041 660 1103 carnis,
688 1035 883 1092 oblivio
899 1053 1110 1103 animae,
1145 1037 1461 1105 negligentia
1512 1038 1712 1088 sancti-

139 1135 283 1193 tatis,
329 1148 496 1198 super
527 1133 642 1184 bace
667 1140 844 1185 autem
877 1131 1063 1183 mortis
1097 1127 1257 1182 timor
1287 1129 1529 1181 increvit.
1559 1129 1712 1181 Mise-

139 1241 247 1279 rere
272 1224 449 1288 nobis,
479 1223 723 1286 Domine,
752 1223 1008 1274 miserere
1032 1219 1203 1275 nobis.
1244 1222 1312 1272 lla
1340 1221 1490 1289 (845)
1525 1231 1712 1287 praete-

136 1316 241 1369 ritis
259 1315 465 1366 veniam
486 1353 501 1375 ,
531 1313 881 1380 pra‘sentibus
912 1311 1363 1375 emendationem,
1393 1309 1580 1364 futuris
1611 1312 1713 1363 lar-

135 1406 236 1473 gire
262 1403 584 1458 custodiam.
620 1403 743 1456 Per.

202 1537 321 1586 Item
349 1533 475 1586 alia.
508 1563 580 1572 —
603 1530 752 1603 (8H)
780 1532 875 1594 Ita,
909 1531 1153 1594 Domine,
1187 1533 1434 1585 immensi
1467 1531 1711 1585 criminis

137 1627 223 1685 rei,
255 1624 589 1678 conscientia
631 1632 764 1675 teste
790 1667 803 1689 ,
836 1624 1212 1677 confundimur
1240 1664 1253 1688 ,
1288 1631 1346 1676 ut
1374 1626 1437 1675 ad
1478 1624 1709 1677 officium

137 1727 266 1767 tztttttt
316 1729 414 1768 nec
456 1716 637 1767 securi
686 1713 949 1781 possimus
996 1716 1198 1779 venire,
1231 1730 1327 1767 nec
1378 1715 1553 1768 liberi.
1582 1716 1710 1781 Quis

138 1808 260 1856 enim
291 1817 523 1872 pensans
568 1814 843 1871 peccatum
873 1819 1026 1856 suum
1053 1846 1066 1865 ,
1103 1803 1252 1871 (845)
1288 1819 1385 1857 nec
1416 1819 1474 1857 se
1515 1822 1541 1855 a
1577 1806 1711 1859 faeie

139 1908 215 1947 tua
256 1894 407 1947 vellet
455 1894 833 1959 abscondere,
888 1894 932 1947 si
987 1896 1167 1948 liceret
1218 1906 1376 1948 tantae
1426 1897 1717 1964 maje~tatis

141 1985 304 2038 oculos
333 1985 655 2049 declinare,
699 1985 745 2038 si
795 1995 886 2038 aut
932 2000 1187 2040 evasurus
1229 1987 1457 2054 lateret,
1500 1997 1590 2041 aut
1626 2008 1719 2040 or-

141 2076 347 2127 cultatus
403 2075 702 2128 evaderet?
762 2078 866 2128 Aut
912 2077 1030 2145 quis
1074 2092 1177 2129 non
1230 2079 1393 2145 magis
1434 2078 1615 2133 videre
1666 2087 1715 2133 te

148 2175 340 2231 cuperet
369 2204 383 2226 ,
416 2165 461 2217 t-i
494 2180 605 2217 non
633 2165 743 2234 jam
776 2166 899 2218 hinc
920 2165 1069 2234 (846)
1099 2167 1447 2235 quodcunque
1482 2182 1710 2235 peccan-

148 2267 237 2307 tctu
268 2253 529 2321 prospicis
562 2255 680 2322 plus
709 2254 964 2308 timeret?
991 2254 1130 2323 Ergo
1156 2256 1276 2323 quia
1312 2267 1365 2308 tu
1393 2257 1585 2324 ubique
1618 2272 1711 2310 nos

142 2346 354 2408 iuvenis,
404 2348 470 2399 ad
505 2355 561 2400 te
589 2346 921 2414 confugimus
946 2388 963 2413 ,
1004 2363 1159 2415 quem
1202 2346 1387 2418 fugere
1429 2366 1530 2401 non
1564 2352 1711 2405 vale-

148 2456 267 2493 mus.
308 2439 493 2492 Restat
526 2439 742 2491 miseris
769 2453 873 2492 non
903 2439 1134 2491 latebras
1156 2438 1499 2502 intervenire,
1526 2442 1617 2493 sed
1646 2442 1715 2492 la-

146 2545 345 2599 rrymas.
374 2529 587 2584 Foveat
619 2531 774 2599 231
804 2529 1158 2598 indulgentia,
1186 2546 1319 2596 quos
1351 2540 1515 2584 terret
1544 2532 1712 2584 offen-

148 2639 211 2673 sa.
241 2620 460 2674 Minatur
520 2625 781 2691 potentia,
828 2621 918 2674 sed
968 2620 1330 2675 misericordia
1379 2622 1705 2679 consoletur.

149 2713 208 2764 lix
237 2723 281 2765 te
307 2722 384 2764 est
411 2713 505 2780 qui
564 2713 790 2771 liberet,
822 2726 915 2779 per
946 2721 996 2765 te
1023 2722 1103 2764 est
1133 2714 1221 2781 qui
1251 2721 1487 2766 excuset.
1524 2713 1709 2780 Parce,

153 2806 281 2857 Pater
305 2806 693 2871 omniporens;
744 2815 797 2856 et
824 2818 957 2871 quos
987 2805 1179 2871 aspicis
1213 2805 1438 2858 humiles
1471 2820 1563 2871 per
1594 2820 1712 2859 rea-

147 2906 237 2945 tum
258 2934 270 2954 ,
296 2906 505 2947 erectos
542 2908 827 2947 munerare
855 2894 1091 2961 digneris
1119 2894 1169 2946 in
1204 2896 1446 2962 praemio.
1479 2896 1541 2947 Et
1575 2911 1707 2963 quos

148 2984 367 3051 intelligis
416 2997 517 3051 per
567 2982 960 3035 confessionem
1008 2984 1253 3043 miseros,
1306 2999 1409 3038 non
1450 2984 1615 3041 facias
1653 2985 1705 3039 in

145 3076 513 3129 examinatione
550 3075 825 3128 confusos.
862 3075 963 3128 Per
990 3075 1288 3131 Dominum.

206 3189 342 3259 (847)
371 3190 504 3245 Item
548 3190 656 3243 alia
697 3198 720 3225 ³
758 3192 811 3245 in
848 3191 1193 3248 tribulatione.
1220 3223 1290 3233 —-
1317 3192 1469 3261 (818)
1497 3194 1552 3246 Si
1587 3203 1711 3250 ante

148 3284 304 3335 oculos
334 3293 468 3348 tuos,
507 3282 739 3337 Domine
764 3324 778 3345 .
808 3282 990 3351 eulpas
1029 3299 1161 3351 quas
1192 3283 1411 3339 fecimus
1433 3326 1447 3349 ,
1474 3296 1524 3337 et
1557 3284 1707 3355 (849)

151 3376 306 3440 plagas
334 3391 459 3444 quas
502 3376 809 3442 excipimus
850 3374 1188 3428 conferamus
1215 3417 1229 3441 ,
1261 3377 1432 3432 minus
1456 3385 1538 3431 est
1565 3375 1707 3443 quod

150 3467 366 3531 patimur,
390 3467 569 3535 majus
592 3476 675 3519 est
696 3466 845 3537 (830)
875 3467 1013 3535 quod
1040 3482 1325 3523 meremur.
1366 3468 1572 3523 Pechi
1600 3483 1706 3535 pm-

150 3570 251 3606 nam
280 3560 561 3619 sentimus,
594 3568 648 3610 et
671 3556 922 3624 peccandi
958 3558 1300 3625 pertinaciam
1328 3574 1431 3611 non
1456 3558 1708 3613 vitamus.

150 3644 195 3697 In
220 3645 426 3715 ﬂagellis
459 3650 573 3701 tuis
605 3648 863 3709 fragilitas
908 3659 1087 3702 nostra
1140 3650 1289 3719 (851)
1336 3651 1627 3720 frangitur,
1656 3659 1712 3706 et

150 3739 366 3805 iniquitas
389 3755 493 3792 non
518 3749 771 3792 mutatur.
793 3740 938 3793 Mens
959 3748 1155 3808 aegrota
1184 3749 1485 3809 torquetur,
1511 3753 1565 3795 et
1588 3757 1710 3797 cer-

149 3827 220 3878 vix
242 3827 361 3879 dura
388 3846 491 3881 non
518 3828 890 3882 flectitur.Vita
915 3831 967 3883 in
994 3830 1178 3883 dolore
1199 3831 1452 3899 suspirat,
1474 3840 1529 3884 et
1552 3830 1707 3900 (852)

148 3915 191 3969 in
213 3933 364 3983 opere
393 3933 499 3973 non
534 3918 686 3989 (855)
714 3904 983 3974 emendat.
1011 3920 1068 3976 Si
1099 3932 1397 3989 exspectas.
1424 3920 1578 3991 (854)
1606 3938 1709 3976 non

147 4009 483 4075 corrigimur;
520 4008 568 4063 si
593 4009 829 4063 vindicas
855 4050 870 4075 ,
922 4026 1027 4063 non
1071 4012 1338 4064 duramus.
1374 4008 1706 4065 Confitentur

147 4094 276 4166 (833)
302 4100 353 4151 in
401 4099 750 4169 correptione
792 4102 928 4169 quod
971 4100 1223 4165 fecimus,
1256 4101 1625 4156 ohliviscimur
1661 4106 1710 4158 in

150 4188 423 4244 visitatione
478 4190 630 4261 quod
687 4180 947 4245 flevimus.
1009 4192 1064 4246 Si
1118 4190 1315 4261 (856)
1381 4192 1714 4259 impresseris

150 4292 386 4345 manum,
453 4282 702 4337 facienda
764 4284 1158 4349 proiiiittimus;
1243 4282 1288 4336 si
1376 4285 1715 4351 suspenderis

147 4370 374 4435 gladium,
427 4375 696 4439 promissa
734 4390 837 4427 non
872 4374 1137 4435 facimus;
1186 4375 1228 4427 si
1274 4371 1465 4441 ferias,
1508 4375 1717 4429 clamn-

151 4474 249 4512 mus
288 4471 341 4514 ut
385 4476 579 4531 parcas
606 4504 620 4528 ,
664 4464 707 4516 si
759 4463 909 4533 (857)
961 4479 1182 4533 parcas,
1230 4464 1422 4519 iterum
1467 4476 1515 4521 te
1564 4464 1710 4536 (8.8)
1748 4509 1793 4567 ο

150 4575 475 4623 provocamus
530 4575 587 4618 ut
621 4565 811 4629 ferias;
864 4566 909 4619 si
964 4564 1112 4635 (859)
1166 4567 1420 4632 angustiae
1466 4564 1711 4628 veniunt,

153 4663 335 4725 tempus
365 4662 602 4727 petimus
645 4659 977 4729 pmnitendi;
1023 4661 1065 4714 si
1109 4659 1470 4713 misericordia
1520 4660 1712 4714 subve-

153 4748 243 4798 niat
264 4787 278 4811 ,
310 4750 582 4803 abutimur
614 4751 870 4819 patientia
903 4767 1020 4817 quae
1051 4752 1307 4819 pepercit.
1343 4751 1530 4804 Adhuc
1566 4751 1710 4818 νιενεει

155 4832 274 4887 illata
305 4840 387 4890 vix
418 4839 701 4907 praeterit,
743 4841 902 4894 etiam
950 4856 1054 4893 non
1094 4840 1278 4893 recolit
1324 4855 1475 4893 meus
1505 4839 1712 4908 ingrata

154 4927 274 4989 ttttod
306 4931 546 4993 pertulit.
578 4931 631 4982 Si
664 4929 819 4985 citius
866 4945 962 4983 nos
1006 4930 1211 4992 audias,
1252 4947 1314 4984 ex
1350 4930 1656 4984 miser-icon!
1681 4945 1709 4982 a

156 5014 549 5084 insolescimus;
583 5021 627 5073 si
659 5020 859 5075 tardius
884 5061 900 5085 ,
942 5037 1007 5075 ex
1055 5021 1383 5090 impatientia
1422 5036 1720 5073 lnlll'tttttt‘uo

154 5124 275 5161 mus.
307 5109 380 5163 Te
408 5150 424 5175 ,
475 5112 700 5165 Domine
726 5152 740 5172 ,
783 5112 1022 5164 volumus
1059 5126 1280 5166 servare
1315 5112 1457 5180 quod
1485 5112 1672 5164 feceris
1700 5150 1715 5172 ,

153 5198 284 5266 :860)
326 5217 429 5255 non
471 5205 724 5256 timemus
758 5204 1046 5258 observare
1075 5205 1213 5265 quod
1240 5202 1486 5272 jusseris.
1520 5200 1715 5265 llabes,

154 5282 377 5355 Domine,
412 5295 739 5349 conﬁtentes
768 5309 912 5357 reos,
946 5308 1124 5362 parce,
1158 5294 1278 5364 quia
1309 5296 1429 5363 pius
1456 5308 1535 5346 es.
1566 5294 1714 5361 (861)

157 5379 388 5437 Novimus
412 5387 557 5453 quod
596 5386 698 5439 nisi
729 5385 988 5451 dimittas,
1022 5394 1169 5440 recte
1197 5399 1293 5439 nos
1325 5382 1475 5453 (862)
1506 5382 1713 5448 punias.

152 5470 242 5524 Sed
272 5477 403 5541 apud
432 5488 483 5528 te
515 5488 595 5530 est
626 5476 793 5529 multa
828 5478 1122 5533 miseratio.
1154 5485 1208 5530 et
1238 5474 1538 5543 propitiatio
1568 5488 1717 5540 pera-

156 5564 397 5622 bmdans.
432 5569 628 5624 Precsta
661 5570 777 5623 sine
819 5570 1010 5623 merito
1043 5568 1179 5635 quod
1213 5582 1482 5636 rogamus,
1514 5581 1601 5633 qm
1637 5568 1713 5617 fe-

1818 492 1972 546 nobis
1999 490 2062 543 ad
2097 499 2185 555 te;
2221 490 2445 544 Domine
2471 530 2487 555 ,
2516 488 2769 545 miserere
2797 508 2813 557 ;
2855 504 3063 548 moveat
3092 494 3399 550 misericor-

1814 585 1956 639 diam
1991 596 2133 637 tuam
2163 599 2268 637 vox
2312 584 2484 637 fidelis
2522 593 2574 637 et
2601 583 2828 646 ﬂebilis;
2860 594 3019 652 atque
3049 586 3133 640 illa
3156 624 3173 650 ,
3204 589 3269 639 de
3297 600 3398 652 qua

1818 685 1985 729 totum
2038 688 2339 740 speramus,
2391 674 2559 741 pietas
2604 690 2708 727 non
2749 672 3135 745 reputet'quod
3179 677 3403 731 offendi-

1818 784 1957 829 mus,
1990 769 2112 819 dum
2148 766 2362 833 respicit
2392 765 2530 833 quod
2556 780 2829 833 rogamus;
2861 780 2909 820 et
2942 783 3060 821 cum
3088 769 3305 836 grandis
3336 773 3405 823 sit

1817 859 2027 913 miseria
2062 871 2181 910 esse
2221 872 2319 909 nos
2350 871 2472 909 reos
2496 898 2510 919 ,
2546 856 2717 923 major
2761 857 2853 909 tibi
2887 857 3254 912 sitclementia
3283 873 3405 913 esse

1817 964 1918 1002 nos
1956 948 2202 1000 miseros.
2245 946 2359 997 Tuo
2390 944 2540 1015 (865)
2572 945 2840 1013 supplices
2874 949 3074 1001 auxilio
3109 960 3233 1002 ante
3271 958 3323 1002 te
3352 959 3406 1002 et

1814 1039 2057 1091 criminis
2088 1036 2256 1089 nostri
2299 1036 2437 1088 mala
2466 1035 2713 1103 ponimus
2737 1079 2751 1103 ,
2780 1043 2833 1089 et
2866 1038 3115 1102 dolores;
3150 1055 3176 1090 a
3205 1050 3254 1093 te
3286 1056 3407 1107 pre-

1815 1130 1986 1181 cando
2028 1126 2448 1181 misericordiam
2476 1167 2490 1190 ,
2534 1140 2691 1190 quam
2742 1131 3010 1192 peccan-lo
3070 1129 3359 1197 repulimns
3386 1168 3403 1194 ,

1815 1225 2209 1284 exspectamus.
2263 1215 2552 1267 Prmstetur
2608 1214 2690 1266 bis
2743 1214 2811 1266 de
2869 1215 3192 1284 indulgentia
3246 1221 3264 1286 (
3307 1219 3399 1285 66)

1814 1307 1953 1373 quod
1997 1304 2199 1372 rogaris
2243 1304 2527 1370 accipere,
2576 1317 2711 1369 quos
2754 1304 2997 1369 agnoscis
3045 1304 3290 1358 fiduciam
3332 1308 3398 1359 de

1815 1393 1967 1463 (867)
2007 1402 2092 1446 tua
2129 1392 2336 1461 justitia
2381 1407 2486 1444 non
2536 1390 2752 1443 habere.
2802 1390 2960 1453 Erige
2996 1406 3127 1458 nos,
3173 1391 3397 1447 Domine

1821 1489 1956 1540 Deus
2015 1494 2234 1545 noster,
2300 1491 2355 1535 et
2413 1482 2583 1535 alleva
2641 1481 2693 1531 in
2740 1479 3101 1533 misericordia
3152 1488 3279 1545 tua,
3340 1492 3401 1536 ut

1813 1575 2189 1630 communione
2228 1573 2413 1625 salutis
2438 1611 2453 1634 ,
2487 1580 2541 1625 et
2574 1568 2768 1639 gaudio
2792 1568 3069 1622 cbaritatis
3098 1610 3110 1632 ,
3147 1569 3270 1622 dum
3300 1568 3401 1637 ipsi

1818 1664 2012 1718 salvari
2047 1679 2116 1717 ex
2161 1676 2383 1715 munere
2422 1669 2514 1713 tuo
2543 1657 2788 1727 cupimus
2811 1698 2828 1723 ,
2858 1657 3018 1710 etiam
3051 1657 3153 1712 fide
3178 1668 3232 1710 et
3265 1672 3396 1725 pace

1743 1778 1789 1836 Β
1819 1756 1970 1827 (868)
2000 1762 2191 1809 cuncta
2221 1751 2516 1819 regentium
2546 1749 2893 1818 gaudeamus.
2928 1747 3032 1801 Per
3063 1748 3362 1801 Dominum.

1894 1847 2023 1901 Item
2049 1847 2170 1898 alia.
2211 1874 2278 1885 —-—
2300 1842 2451 1912 (869)
2489 1842 2738 1910 Ignosce.
2774 1838 2994 1892 Domine
3018 1878 3035 1903 ,
3070 1838 3220 1909 (870)
3249 1854 3398 1894 coni-

1820 1941 2097 1993 macnlatx
2121 1937 2216 1988 vice
2244 1933 2586 1987 conscientia:
2609 1929 2849 1995 sordido,
2877 1937 2931 1982 et
2957 1929 3246 1981 criminum
3270 1944 3401 1981 cun-

1821 2032 2030 2085 fusioue
2060 2028 2291 2096 captivo,
2324 2025 2472 2097 (87f)
2504 2024 2591 2091 qui
2623 2038 2717 2091 pro
2742 2036 2829 2075 me
2852 2022 3097 2075 obtinere
3123 2020 3254 2075 nihil
3283 2035 3398 2074 nte—

1819 2138 1963 2185 reor,
2012 2136 2108 2188 pro
2140 2119 2259 2171 aliis
2306 2124 2590 2185 rogaturus
2621 2114 2831 2167 assiste.
2881 2111 3100 2165 Profero
3141 2112 3206 2163 ad
3240 2121 3324 2176 te,
3354 2112 3399 2164 si

1816 2211 2054 2281 digneris
2081 2250 2096 2275 ,
2129 2208 2347 2261 Domine
2367 2246 2383 2271 ,
2418 2206 2650 2274 gemitus
2677 2202 3016 2270 captivorum
3046 2241 3061 2263 ,
3094 2200 3395 2253 tribulatio-

1817 2318 1914 2356 nes
1964 2299 2221 2367 plebium,
2280 2295 2511 2364 pt-ricula
2561 2294 2893 2361 populorum,
2929 2287 3079 2359 (872)
3126 2288 3399 2357 angustias

1821 2405 2137 2458 pauperum,
2170 2385 2517 2440 necessitates
2549 2381 2983 2450 peregrinorum,
3020 2379 3223 2447 inopias
3250 2378 3399 2433 debi-

1815 2483 1940 2536 lunn
1967 2524 1981 2545 ,
2015 2479 2420 2547 desperationes
2458 2474 2819 2542 languentium
2844 2510 2861 2529 .
2894 2470 3130 2525 defectus
3162 2484 3349 2524 senum
3378 2508 3394 2533 ,

1813 2574 2039 2641 suspiria
2071 2572 2327 2642 juvenum
2354 2611 2367 2633 ,
2400 2578 2521 2620 vota
2553 2566 2839 2636 virginum,
2870 2563 3025 2633 (875)
3059 2564 3286 2614 lamenta
3313 2560 3394 2613 vi-

1813 2668 2059 2719 duarum.
2091 2666 2155 2716 Et
2181 2660 2331 2731 (874)
2356 2659 2604 2728 quoniam
2640 2672 2724 2708 me
2753 2653 2962 2716 eadem,
2995 2666 3112 2721 qua:
3137 2651 3393 2720 poltulum

1811 2766 1961 2809 tuum
1994 2763 2179 2808 catena
2210 2749 2545 2816 constringit,
2577 2746 2728 2817 (875)
2758 2757 3069 2798 communes
3092 2743 3243 2811 lugeo
3272 2756 3395 2810 pas-

1812 2848 2012 2905 siones,
2045 2859 2148 2896 uon
2179 2841 2317 2895 obsit
2351 2837 2545 2905 populo
2576 2848 2664 2889 tuo
2695 2836 2867 2890 oratio
2889 2833 3162 2901 subjugata
3195 2846 3388 2899 pecca-

1812 2946 1899 2989 tis.
1946 2934 2044 2987 Per
2087 2946 2171 2985 me
2196 2928 2288 2982 tibi
2327 2928 2548 2982 offertur
2580 2926 2731 2997 (876)
2765 2934 2979 2988 votum,
3018 2938 3111 2990 per
3136 2930 3189 2977 te
3214 2936 3392 2977 meum

1810 3027 2137 3091 compleatur
2163 3021 2422 3079 officium.
2455 3020 2577 3074 Per.

1888 3116 2044 3184 232
2076 3114 2207 3167 Alia.
2232 3135 2303 3152 --
2326 3110 2475 3178 (877)
2502 3104 2661 3166 Dens,
2688 3104 2754 3158 ad
2777 3118 2930 3166 quem
2960 3099 3214 3154 accedere
3240 3114 3394 3153 mun-

1818 3203 1871 3257 di
1901 3204 2289 3266 desideramus,
2318 3208 2372 3252 et
2395 3198 2463 3250 ob
2488 3196 2638 3262 cujus
2660 3194 2881 3261 gloriam
2911 3189 2962 3242 in
2994 3191 3248 3242 honerem
3270 3199 3393 3243 tuo-

1816 3310 1939 3348 rum
1982 3300 2275 3362 martyrum
2322 3288 2527 3357 expiari
2571 3285 2952 3353 deposcimus,
3002 3282 3055 3336 in
3087 3282 3256 3335 vivam
3295 3295 3394 3334 nos

1813 3385 1907 3439 tibi
1951 3397 2185 3450 prtepara
2232 3378 2494 3443 hostiam;
2540 3377 2779 3430 cordiutu
2831 3389 3041 3443 quoque
3081 3382 3389 3427 nostrorum

1812 3474 1991 3528 abdita
2018 3469 2164 3525 omni
2212 3468 2435 3524 crimine
2476 3466 2589 3520 lava
2618 3506 2633 3530 ,
2666 3473 2721 3519 et
2750 3463 2974 3532 spiritali
3016 3462 3163 3530 reple
3188 3462 3394 3516 laetitia.

1812 3564 2022 3630 Quique
2046 3575 2224 3615 coram
2249 3568 2301 3613 te
2324 3598 2339 3623 ,
2377 3567 2429 3612 et
2460 3572 2555 3625 pro
2579 3558 2775 3609 nostris
2798 3595 2813 3617 .
2846 3564 2900 3609 et
2927 3570 3019 3619 pro
3053 3556 3272 3608 fratrum
3301 3554 3395 3607 de-

1815 3652 1951 3704 lictis
1979 3647 2395 3716 ingemiscitnus,
2424 3644 2663 3699 exaudiri
2695 3659 2724 3697 a
2755 3654 2806 3698 te
2838 3646 3150 3711 quantocius
3181 3657 3390 3698 merea-

1814 3757 1951 3805 ntur,
1978 3751 2034 3793 ut
2066 3754 2163 3793 nec
2191 3746 2373 3791 nostro
2403 3736 2703 3805 puniamur,
2745 3747 2845 3788 nec
2872 3733 3044 3786 alieno
3070 3743 3304 3797 peccato,
3336 3742 3393 3786 nt

1808 3832 2008 3903 justitia
2039 3840 2093 3885 ct
2112 3829 2392 3884 sanctitate
2418 3827 2592 3882 ventiti
2612 3866 2627 3891 ,
2655 3835 3040 3894 praesentetuur
3065 3825 3157 3878 tibi
3187 3822 3393 3878 indem-

1818 3938 1914 3978 nes
1944 3922 1996 3975 in
2026 3920 2116 3975 die
2142 3918 2348 3987 judicii.

1887 4014 2024 4067 Alia.
2053 4041 2122 4052 -—
2145 4009 2295 4079 (878)
2321 4008 2555 4071 Dimitte,
2583 4008 2743 4071 Deus,
2779 4005 2928 4075 (879)
2950 4002 3165 4073 quiquid
3189 4016 3283 4070 per
3307 4003 3391 4055 itt-

1819 4103 2224 4171 Iemperantiam
2273 4100 2535 4155 mordacis
2580 4100 2774 4163 lingua:
2816 4099 3025 4150 incauta
3067 4107 3178 4145 orts
3215 4092 3382 4146 nostri

1818 4194 2110 4260 increpatio
2138 4188 2428 4243 momordit
2456 4190 2506 4241 in
2536 4186 2795 4239 subditos.
2828 4180 3092 4250 Quidquid
3122 4182 3297 4233 minus
3322 4180 3393 4233 de

1819 4285 1940 4339 botti
1966 4281 2289 4351 perfectione
2302 4279 2551 4341 diximus,
2573 4290 2751 4344 parce;
2770 4271 3017 4342 quidquid
3044 4270 3389 4336 incongruum

1823 4375 1901 4426 vel
1935 4371 2111 4425 minus
2138 4376 2431 4437 temperate
2457 4365 2795 4434 protulimus,
2826 4372 2879 4416 tu
2913 4363 3144 4428 ignosce.
3168 4354 3285 4411 Non
3314 4360 3393 4411 in-

1826 4475 2034 4520 cautum
2061 4463 2400 4532 praesumptio
2426 4460 2626 4527 puniat,
2655 4456 2749 4511 sed
2784 4460 3156 4524 agnoscentem
3182 4466 3265 4503 me
3287 4450 3393 4503 in?-

1819 4559 2049 4622 quitates
2083 4567 2229 4607 meas
2274 4554 2442 4619 pietas
2482 4547 2842 4603 miserationis
2884 4554 2984 4597 tute
3021 4541 3280 4595 absolvat.
3328 4539 3395 4594 Et

1818 4652 1941 4717 quia
1971 4661 2077 4700 non
2105 4642 2235 4698 mibi
2277 4642 2408 4696 alibi
2437 4650 2520 4695 est
2547 4639 2762 4702 fiducia,
2802 4635 2901 4690 nisi
2934 4631 2986 4686 in
3028 4629 3394 4684 misericordia

1822 4751 1930 4804 tua,
1962 4747 2016 4791 tu
2047 4746 2102 4792 et
2127 4750 2189 4789 os
2220 4748 2394 4790 meum
2425 4730 2692 4801 praeconio
2726 4725 2961 4782 veritatis
2979 4718 3129 4791 (880)
3154 4733 3395 4787 perarrra

1819 4834 1909 4903 (lu
1934 4832 2035 4887 Ma.
2069 4847 2165 4901 per
2186 4828 2380 4901 arma],
2420 4836 2476 4882 et
2502 4841 2636 4895 opus
2664 4820 2887 4891 pleniori
2917 4817 3155 4871 ubertate
3189 4813 3395 4867 sancti.

1827 4926 1948 4992 fica,
1980 4935 2036 4978 ut
2063 4933 2116 4978 et
2144 4922 2416 4990 indignum
2448 4933 2533 4973 me
2554 4918 2735 4972 salves
2755 4953 2768 4976 ,
2804 4920 2859 4965 et
2887 4907 3225 4962 commissum
3260 4903 3391 4956 inibi

1822 5030 2035 5083 gregem
2086 5028 2182 5081 pro
2212 5021 2297 5065 tua
2331 5012 2528 5079 pietate
2561 5004 2717 5076 (881)
2739 5000 3018 5070 justiflces.
3048 4993 3310 5060 Quidquid
3342 4993 3395 5044 in
3452 5032 3455 5051 ί

1826 5082 1939 5163 illis
1974 5106 2217 5160 vitiatum
2271 5100 2421 5169 (882)
2451 5095 2669 5162 reSpicis
2693 5131 2707 5155 ,
2737 5103 2897 5151 sana;
2944 5082 3196 5153 quidquid
3229 5083 3277 5132 in
3306 5096 3393 5133 me

1823 5197 2069 5251 vitiosum
2095 5192 2332 5259 inspicis,
2363 5204 2509 5245 cura.
2543 5187 2596 5239 Si
2629 5180 2776 5257 (885)
2800 5191 2953 5247 quam
2984 5174 3110 5226 vitio
3137 5170 3394 5236 tepidu-

1822 5288 1889 5338 tis
1918 5299 2051 5339 mete
2074 5323 2087 5344 ,
2122 5281 2205 5335 vel
2244 5280 2447 5332 incuria
2493 5278 2866 5328 entitraxerunt
2896 5306 2909 5329 ,
2941 5263 3023 5317 vel
3064 5262 3391 5314 contrahunt

1826 5376 2020 5433 tabem,
2049 5371 2253 5424 omitte.
2282 5366 2341 5420 Si
2365 5380 2469 5433 quo
2494 5365 2674 5423 etiam,
2702 5371 2786 5410 me
2808 5358 3103 5422 ignorante,
3132 5350 3212 5402 vel
3240 5345 3392 5415 (884)

1824 5480 1956 5531 cogn
1984 5472 2059 5527 to,
2083 5460 2398 5514 deciderunt
2427 5457 2477 5509 in
2503 5449 2745 5511 crimine,
2772 5454 2925 5511 atque
2954 5442 3002 5496 si
3027 5438 3259 5506 exempli
3286 5440 3390 5531 mei

1822 5526 2144 5609 offendicqu
2174 5553 2522 5621 proruerunt.
2555 5537 2707 5610 (885)
2737 5537 2971 5605 ignosce;
3013 5540 3061 5586 et
3095 5544 3192 5600 pro
3220 5526 3390 5598 culpis

220 5710 243 5737 ι
272 5702 392 5757 "ac
424 5706 665 5775 apologia
699 5704 969 5758 nonnullis
997 5702 1287 5756 immutatis
1311 5698 1500 5768 legitur
1524 5694 1577 5747 in
1607 5702 1716 5748 vet.
1760 5694 2090 5746 Sacrauteut.
2126 5687 2237 5742 Gai.
