  <div class='ocr_page' id='page_1' title='image "/cluster/home/n/w/nwhite01/storage/ocr_20150623/78/uva.x000827090/123.png"; bbox 0 0 3988 6294; ppageno 0'>
   <div class='ocr_carea' id='block_1_1' title="bbox 591 302 683 353">
    <p class='ocr_par' dir='ltr' id='par_1_1' title="bbox 591 302 683 353">
     <span class='ocr_line' id='line_1_1' title="bbox 591 302 683 353; baseline 0 -1"><span class='ocrx_word' id='word_1_1' title='bbox 591 302 683 353; x_wconf 70' lang='grc' dir='ltr'><strong>ΞἩ</strong></span> 
     </span>
    </p>
   </div>
   <div class='ocr_carea' id='block_1_2' title="bbox 1803 286 2664 344">
    <p class='ocr_par' dir='ltr' id='par_1_2' title="bbox 1803 286 2664 344">
     <span class='ocr_line' id='line_1_2' title="bbox 1803 286 2664 344; baseline 0 -1"><span class='ocrx_word' id='word_1_2' title='bbox 1803 289 2042 344; x_wconf 71' lang='grc' dir='ltr'><strong>8ΛΝ1,ῘΤ1</strong></span> <span class='ocrx_word' id='word_1_3' title='bbox 2084 286 2407 343; x_wconf 73' lang='lat' dir='ltr'><strong>(IREGORII</strong></span> <span class='ocrx_word' id='word_1_4' title='bbox 2450 287 2664 343; x_wconf 74' lang='lat' dir='ltr'><strong>MAGNI</strong></span> 
     </span>
    </p>
   </div>
   <div class='ocr_carea' id='block_1_3' title="bbox 3735 292 3846 347">
    <p class='ocr_par' dir='ltr' id='par_1_3' title="bbox 3735 292 3846 347">
     <span class='ocr_line' id='line_1_3' title="bbox 3735 292 3846 347; baseline 0.018 -2"><span class='ocrx_word' id='word_1_5' title='bbox 3735 292 3846 347; x_wconf 65' lang='lat'><strong>2&#39;52</strong></span> 
     </span>
    </p>
   </div>
   <div class='ocr_carea' id='block_1_4' title="bbox 590 399 3847 473">
    <p class='ocr_par' dir='ltr' id='par_1_4' title="bbox 590 399 3847 473">
     <span class='ocr_line' id='line_1_4' title="bbox 590 399 3847 473; baseline -0.002 -6"><span class='ocrx_word' id='word_1_6' title='bbox 590 414 781 467; x_wconf 88' lang='lat' dir='ltr'><strong>talibus</strong></span> <span class='ocrx_word' id='word_1_7' title='bbox 809 412 1004 466; x_wconf 89' lang='lat' dir='ltr'><strong>ntisero</strong></span> <span class='ocrx_word' id='word_1_8' title='bbox 1035 408 1163 463; x_wconf 89' lang='lat' dir='ltr'><strong>mihi</strong></span> <span class='ocrx_word' id='word_1_9' title='bbox 1194 406 1403 460; x_wconf 75' lang='lat' dir='ltr'><strong>ultioois</strong></span> <span class='ocrx_word' id='word_1_10' title='bbox 1433 418 1532 457; x_wconf 87' lang='lat' dir='ltr'><strong>non</strong></span> <span class='ocrx_word' id='word_1_11' title='bbox 1568 403 1814 456; x_wconf 85' lang='lat' dir='ltr'><strong>restituas</strong></span> <span class='ocrx_word' id='word_1_12' title='bbox 1844 404 2035 456; x_wconf 84' lang='lat' dir='ltr'><strong>vicem.</strong></span> <span class='ocrx_word' id='word_1_13' title='bbox 2064 403 2153 454; x_wconf 85' lang='lat' dir='ltr'><strong>llis</strong></span> <span class='ocrx_word' id='word_1_14' title='bbox 2186 407 2227 463; x_wconf 78' lang='grc' dir='ltr'><strong>Α</strong></span> <span class='ocrx_word' id='word_1_15' title='bbox 2263 402 2312 463; x_wconf 75' lang='lat' dir='ltr'><strong>in</strong></span> <span class='ocrx_word' id='word_1_16' title='bbox 2345 401 2558 453; x_wconf 85' lang='lat' dir='ltr'><strong>nomiue</strong></span> <span class='ocrx_word' id='word_1_17' title='bbox 2592 400 2682 453; x_wconf 86' lang='lat' dir='ltr'><strong>Dei</strong></span> <span class='ocrx_word' id='word_1_18' title='bbox 2711 399 2880 454; x_wconf 82' lang='lat' dir='ltr'><strong>Patris</strong></span> <span class='ocrx_word' id='word_1_19' title='bbox 2906 402 3302 473; x_wconf 69' lang='lat' dir='ltr'><strong>omnipotentis,</strong></span> <span class='ocrx_word' id='word_1_20' title='bbox 3328 414 3385 459; x_wconf 89' lang='lat' dir='ltr'><strong>et</strong></span> <span class='ocrx_word' id='word_1_21' title='bbox 3414 406 3465 458; x_wconf 93' lang='lat' dir='ltr'><strong>in</strong></span> <span class='ocrx_word' id='word_1_22' title='bbox 3488 406 3701 460; x_wconf 84' lang='lat' dir='ltr'><strong>nomine</strong></span> <span class='ocrx_word' id='word_1_23' title='bbox 3717 406 3847 460; x_wconf 76' lang='lat' dir='ltr'><strong>Jesu</strong></span> 
     </span>
    </p>
   </div>
   <div class='ocr_carea' id='block_1_5' title="bbox 590 491 2155 566">
    <p class='ocr_par' dir='ltr' id='par_1_5' title="bbox 590 491 2155 566">
     <span class='ocr_line' id='line_1_5' title="bbox 590 491 2155 566; baseline -0.006 -13"><span class='ocrx_word' id='word_1_24' title='bbox 590 512 765 555; x_wconf 91' lang='lat' dir='ltr'><strong>tamen</strong></span> <span class='ocrx_word' id='word_1_25' title='bbox 791 540 807 564; x_wconf 93' lang='lat'><strong>,</strong></span> <span class='ocrx_word' id='word_1_26' title='bbox 848 500 1036 566; x_wconf 83' lang='lat' dir='ltr'><strong>quibus</strong></span> <span class='ocrx_word' id='word_1_27' title='bbox 1066 494 1442 561; x_wconf 87' lang='lat' dir='ltr'><strong>increpationis</strong></span> <span class='ocrx_word' id='word_1_28' title='bbox 1473 494 1612 545; x_wconf 83' lang='lat' dir='ltr'><strong>visus</strong></span> <span class='ocrx_word' id='word_1_29' title='bbox 1636 507 1750 545; x_wconf 90' lang='lat' dir='ltr'><strong>sum</strong></span> <span class='ocrx_word' id='word_1_30' title='bbox 1782 491 2036 546; x_wconf 88' lang='lat' dir='ltr'><strong>adhibere</strong></span> <span class='ocrx_word' id='word_1_31' title='bbox 2069 492 2155 560; x_wconf 89' lang='lat' dir='ltr'><strong>ju-</strong></span> 
     </span>
    </p>
   </div>
   <div class='ocr_carea' id='block_1_6' title="bbox 590 580 2160 657">
    <p class='ocr_par' dir='ltr' id='par_1_6' title="bbox 590 580 2160 657">
     <span class='ocr_line' id='line_1_6' title="bbox 590 580 2160 657; baseline -0.007 -14"><span class='ocrx_word' id='word_1_32' title='bbox 590 590 785 644; x_wconf 74' lang='lat' dir='ltr'><strong>dicium</strong></span> <span class='ocrx_word' id='word_1_33' title='bbox 808 628 822 652; x_wconf 92' lang='lat'><strong>,</strong></span> <span class='ocrx_word' id='word_1_34' title='bbox 857 596 912 640; x_wconf 89' lang='lat' dir='ltr'><strong>et</strong></span> <span class='ocrx_word' id='word_1_35' title='bbox 947 584 1096 657; x_wconf 82' lang='grc'>(886)</span> <span class='ocrx_word' id='word_1_36' title='bbox 1128 583 1423 650; x_wconf 83' lang='lat' dir='ltr'><strong>increpatio</strong></span> <span class='ocrx_word' id='word_1_37' title='bbox 1454 583 1563 649; x_wconf 90' lang='lat' dir='ltr'><strong>ipsa</strong></span> <span class='ocrx_word' id='word_1_38' title='bbox 1594 580 1673 635; x_wconf 90' lang='lat' dir='ltr'><strong>eis</strong></span> <span class='ocrx_word' id='word_1_39' title='bbox 1700 581 1942 648; x_wconf 89' lang='lat' dir='ltr'><strong>proﬁciat</strong></span> <span class='ocrx_word' id='word_1_40' title='bbox 1978 581 2043 633; x_wconf 89' lang='lat' dir='ltr'><strong>ad</strong></span> <span class='ocrx_word' id='word_1_41' title='bbox 2076 595 2160 633; x_wconf 88' lang='lat' dir='ltr'><strong>sa-</strong></span> 
     </span>
    </p>
   </div>
   <div class='ocr_carea' id='block_1_7' title="bbox 587 670 2160 739">
    <p class='ocr_par' dir='ltr' id='par_1_7' title="bbox 587 670 2160 739">
     <span class='ocr_line' id='line_1_7' title="bbox 587 670 2160 739; baseline -0.005 -8"><span class='ocrx_word' id='word_1_42' title='bbox 587 680 753 731; x_wconf 82' lang='lat' dir='ltr'><strong>lutem</strong></span> <span class='ocrx_word' id='word_1_43' title='bbox 780 714 795 739; x_wconf 95' lang='lat'><strong>,</strong></span> <span class='ocrx_word' id='word_1_44' title='bbox 842 683 897 727; x_wconf 85' lang='lat' dir='ltr'><strong>et</strong></span> <span class='ocrx_word' id='word_1_45' title='bbox 921 674 1091 727; x_wconf 91' lang='lat' dir='ltr'><strong>oratio</strong></span> <span class='ocrx_word' id='word_1_46' title='bbox 1125 673 1237 725; x_wconf 71' lang='lat' dir='ltr'><strong>haec</strong></span> <span class='ocrx_word' id='word_1_47' title='bbox 1263 671 1611 739; x_wconf 83' lang='lat' dir='ltr'><strong>interpellans</strong></span> <span class='ocrx_word' id='word_1_48' title='bbox 1642 670 1927 723; x_wconf 84' lang='lat' dir='ltr'><strong>commisso</strong></span> <span class='ocrx_word' id='word_1_49' title='bbox 1952 684 2047 724; x_wconf 90' lang='lat' dir='ltr'><strong>eos</strong></span> <span class='ocrx_word' id='word_1_50' title='bbox 2076 684 2160 723; x_wconf 90' lang='lat' dir='ltr'><strong>re-</strong></span> 
     </span>
    </p>
   </div>
   <div class='ocr_carea' id='block_1_8' title="bbox 590 759 2157 828">
    <p class='ocr_par' dir='ltr' id='par_1_8' title="bbox 590 759 2157 828">
     <span class='ocr_line' id='line_1_8' title="bbox 590 759 2157 828; baseline -0.006 -10"><span class='ocrx_word' id='word_1_51' title='bbox 590 775 739 818; x_wconf 81' lang='lat' dir='ltr'><strong>vocet</strong></span> <span class='ocrx_word' id='word_1_52' title='bbox 765 769 829 816; x_wconf 88' lang='lat' dir='ltr'><strong>ab</strong></span> <span class='ocrx_word' id='word_1_53' title='bbox 849 777 1051 823; x_wconf 91' lang='lat' dir='ltr'><strong>errore,</strong></span> <span class='ocrx_word' id='word_1_54' title='bbox 1076 763 1136 813; x_wconf 89' lang='lat' dir='ltr'><strong>ut</strong></span> <span class='ocrx_word' id='word_1_55' title='bbox 1164 776 1270 813; x_wconf 90' lang='lat' dir='ltr'><strong>non</strong></span> <span class='ocrx_word' id='word_1_56' title='bbox 1295 763 1568 828; x_wconf 85' lang='lat' dir='ltr'><strong>perierant</strong></span> <span class='ocrx_word' id='word_1_57' title='bbox 1592 768 1849 813; x_wconf 83' lang='lat' dir='ltr'><strong>tartareus</strong></span> <span class='ocrx_word' id='word_1_58' title='bbox 1871 759 2157 824; x_wconf 83' lang='lat' dir='ltr'><strong>cruciatus,</strong></span> 
     </span>
    </p>
   </div>
   <div class='ocr_carea' id='block_1_9' title="bbox 586 849 2162 921">
    <p class='ocr_par' dir='ltr' id='par_1_9' title="bbox 586 849 2162 921">
     <span class='ocr_line' id='line_1_9' title="bbox 586 849 2162 921; baseline -0.001 -16"><span class='ocrx_word' id='word_1_59' title='bbox 586 853 777 921; x_wconf 83' lang='lat' dir='ltr'><strong>quibus</strong></span> <span class='ocrx_word' id='word_1_60' title='bbox 817 892 834 917; x_wconf 95' lang='lat'><strong>,</strong></span> <span class='ocrx_word' id='word_1_61' title='bbox 864 860 920 905; x_wconf 91' lang='lat' dir='ltr'><strong>ut</strong></span> <span class='ocrx_word' id='word_1_62' title='bbox 949 859 1073 919; x_wconf 91' lang='lat' dir='ltr'><strong>pote</strong></span> <span class='ocrx_word' id='word_1_63' title='bbox 1098 850 1247 920; x_wconf 80' lang='grc'>(887)</span> <span class='ocrx_word' id='word_1_64' title='bbox 1293 849 1569 917; x_wconf 86' lang='lat' dir='ltr'><strong>mortales,</strong></span> <span class='ocrx_word' id='word_1_65' title='bbox 1606 850 1932 917; x_wconf 62' lang='lat' dir='ltr'><strong>paenitentiae</strong></span> <span class='ocrx_word' id='word_1_66' title='bbox 1965 850 2162 903; x_wconf 79' lang='lat' dir='ltr'><strong>indixi-</strong></span> 
     </span>
    </p>
   </div>
   <div class='ocr_carea' id='block_1_10' title="bbox 589 938 2157 1009">
    <p class='ocr_par' dir='ltr' id='par_1_10' title="bbox 589 938 2157 1009">
     <span class='ocr_line' id='line_1_10' title="bbox 589 938 2157 1009; baseline -0.001 -15"><span class='ocrx_word' id='word_1_67' title='bbox 589 955 705 994; x_wconf 88' lang='lat' dir='ltr'><strong>mus</strong></span> <span class='ocrx_word' id='word_1_68' title='bbox 737 941 910 1007; x_wconf 81' lang='lat' dir='ltr'><strong>leges;</strong></span> <span class='ocrx_word' id='word_1_69' title='bbox 960 955 1065 1007; x_wconf 90' lang='lat' dir='ltr'><strong>quo</strong></span> <span class='ocrx_word' id='word_1_70' title='bbox 1092 938 1244 1009; x_wconf 83' lang='grc'>(888)</span> <span class='ocrx_word' id='word_1_71' title='bbox 1276 950 1626 1005; x_wconf 87' lang='lat' dir='ltr'><strong>utrorumque</strong></span> <span class='ocrx_word' id='word_1_72' title='bbox 1657 938 2011 992; x_wconf 86' lang='lat' dir='ltr'><strong>incommodis</strong></span> <span class='ocrx_word' id='word_1_73' title='bbox 2035 952 2157 1005; x_wconf 81' lang='lat' dir='ltr'><strong>par-</strong></span> 
     </span>
    </p>
   </div>
   <div class='ocr_carea' id='block_1_11' title="bbox 586 1031 2160 1099">
    <p class='ocr_par' dir='ltr' id='par_1_11' title="bbox 586 1031 2160 1099">
     <span class='ocr_line' id='line_1_11' title="bbox 586 1031 2160 1099; baseline -0.001 -14"><span class='ocrx_word' id='word_1_74' title='bbox 586 1046 733 1094; x_wconf 83' lang='lat' dir='ltr'><strong>cens,</strong></span> <span class='ocrx_word' id='word_1_75' title='bbox 764 1031 974 1085; x_wconf 86' lang='lat' dir='ltr'><strong>illorum</strong></span> <span class='ocrx_word' id='word_1_76' title='bbox 1016 1031 1380 1099; x_wconf 87' lang='lat' dir='ltr'><strong>iniquitatibus</strong></span> <span class='ocrx_word' id='word_1_77' title='bbox 1412 1032 1613 1086; x_wconf 85' lang='lat' dir='ltr'><strong>tribuas</strong></span> <span class='ocrx_word' id='word_1_78' title='bbox 1646 1033 1877 1095; x_wconf 84' lang='lat' dir='ltr'><strong>veniam,</strong></span> <span class='ocrx_word' id='word_1_79' title='bbox 1905 1040 1959 1086; x_wconf 89' lang='lat' dir='ltr'><strong>et</strong></span> <span class='ocrx_word' id='word_1_80' title='bbox 1989 1047 2160 1085; x_wconf 84' lang='lat' dir='ltr'><strong>meam</strong></span> 
     </span>
    </p>
   </div>
   <div class='ocr_carea' id='block_1_12' title="bbox 590 1120 2164 1188">
    <p class='ocr_par' dir='ltr' id='par_1_12' title="bbox 590 1120 2164 1188">
     <span class='ocr_line' id='line_1_12' title="bbox 590 1120 2164 1188; baseline 0.001 -17"><span class='ocrx_word' id='word_1_81' title='bbox 590 1121 776 1173; x_wconf 81' lang='lat' dir='ltr'><strong>abluas</strong></span> <span class='ocrx_word' id='word_1_82' title='bbox 806 1130 1134 1173; x_wconf 88' lang='lat' dir='ltr'><strong>contractam</strong></span> <span class='ocrx_word' id='word_1_83' title='bbox 1180 1120 1247 1174; x_wconf 91' lang='lat' dir='ltr'><strong>de</strong></span> <span class='ocrx_word' id='word_1_84' title='bbox 1287 1121 1502 1188; x_wconf 81' lang='lat' dir='ltr'><strong>gerendi</strong></span> <span class='ocrx_word' id='word_1_85' title='bbox 1538 1121 1969 1174; x_wconf 81' lang='lat' dir='ltr'><strong>incommoditate</strong></span> <span class='ocrx_word' id='word_1_86' title='bbox 1995 1120 2164 1174; x_wconf 64' lang='lat' dir='ltr'><strong>offen-</strong></span> 
     </span>
    </p>
   </div>
   <div class='ocr_carea' id='block_1_13' title="bbox 587 1211 2166 1278">
    <p class='ocr_par' dir='ltr' id='par_1_13' title="bbox 587 1211 2166 1278">
     <span class='ocr_line' id='line_1_13' title="bbox 587 1211 2166 1278; baseline 0 -14"><span class='ocrx_word' id='word_1_87' title='bbox 587 1226 724 1265; x_wconf 87' lang='lat' dir='ltr'><strong>satn.</strong></span> <span class='ocrx_word' id='word_1_88' title='bbox 774 1212 981 1274; x_wconf 58' lang='lat' dir='ltr'><strong>Prasbe,</strong></span> <span class='ocrx_word' id='word_1_89' title='bbox 1026 1211 1190 1278; x_wconf 91' lang='lat' dir='ltr'><strong>Deus,</strong></span> <span class='ocrx_word' id='word_1_90' title='bbox 1220 1226 1403 1265; x_wconf 89' lang='lat' dir='ltr'><strong>aurem</strong></span> <span class='ocrx_word' id='word_1_91' title='bbox 1449 1213 1722 1265; x_wconf 89' lang='lat' dir='ltr'><strong>sacriliciis</strong></span> <span class='ocrx_word' id='word_1_92' title='bbox 1752 1212 1969 1277; x_wconf 88' lang='lat' dir='ltr'><strong>nostris,</strong></span> <span class='ocrx_word' id='word_1_93' title='bbox 2001 1220 2055 1265; x_wconf 93' lang='lat' dir='ltr'><strong>et</strong></span> <span class='ocrx_word' id='word_1_94' title='bbox 2081 1226 2166 1264; x_wconf 90' lang='lat' dir='ltr'><strong>me</strong></span> 
     </span>
    </p>
   </div>
   <div class='ocr_carea' id='block_1_14' title="bbox 595 1300 2158 1369">
    <p class='ocr_par' dir='ltr' id='par_1_14' title="bbox 595 1300 2158 1369">
     <span class='ocr_line' id='line_1_14' title="bbox 595 1300 2158 1369; baseline -0.002 -15"><span class='ocrx_word' id='word_1_95' title='bbox 595 1300 829 1369; x_wconf 84' lang='lat' dir='ltr'><strong>mihique</strong></span> <span class='ocrx_word' id='word_1_96' title='bbox 852 1303 1171 1355; x_wconf 87' lang='lat' dir='ltr'><strong>commissos</strong></span> <span class='ocrx_word' id='word_1_97' title='bbox 1197 1300 1297 1354; x_wconf 90' lang='lat' dir='ltr'><strong>tuis</strong></span> <span class='ocrx_word' id='word_1_98' title='bbox 1327 1300 1533 1354; x_wconf 85' lang='lat' dir='ltr'><strong>ascribe</strong></span> <span class='ocrx_word' id='word_1_99' title='bbox 1564 1302 1613 1353; x_wconf 95' lang='lat' dir='ltr'><strong>in</strong></span> <span class='ocrx_word' id='word_1_100' title='bbox 1646 1302 1869 1369; x_wconf 81' lang='lat' dir='ltr'><strong>paginis,</strong></span> <span class='ocrx_word' id='word_1_101' title='bbox 1901 1316 2007 1364; x_wconf 88' lang='lat' dir='ltr'><strong>quo</strong></span> <span class='ocrx_word' id='word_1_102' title='bbox 2038 1314 2158 1353; x_wconf 93' lang='lat' dir='ltr'><strong>cttm</strong></span> 
     </span>
    </p>
   </div>
   <div class='ocr_carea' id='block_1_15' title="bbox 594 1389 2160 1460">
    <p class='ocr_par' dir='ltr' id='par_1_15' title="bbox 594 1389 2160 1460">
     <span class='ocr_line' id='line_1_15' title="bbox 594 1389 2160 1460; baseline -0.003 -17"><span class='ocrx_word' id='word_1_103' title='bbox 594 1406 755 1460; x_wconf 87' lang='lat' dir='ltr'><strong>grege</strong></span> <span class='ocrx_word' id='word_1_104' title='bbox 786 1390 917 1443; x_wconf 88' lang='lat' dir='ltr'><strong>mihi</strong></span> <span class='ocrx_word' id='word_1_105' title='bbox 952 1390 1179 1450; x_wconf 89' lang='lat' dir='ltr'><strong>credito,</strong></span> <span class='ocrx_word' id='word_1_106' title='bbox 1212 1400 1264 1442; x_wconf 88' lang='lat' dir='ltr'><strong>et</strong></span> <span class='ocrx_word' id='word_1_107' title='bbox 1292 1404 1321 1442; x_wconf 89' lang='lat' dir='ltr'><strong>a</strong></span> <span class='ocrx_word' id='word_1_108' title='bbox 1353 1398 1546 1442; x_wconf 87' lang='lat' dir='ltr'><strong>cuncto</strong></span> <span class='ocrx_word' id='word_1_109' title='bbox 1567 1389 1714 1442; x_wconf 90' lang='lat' dir='ltr'><strong>eluar</strong></span> <span class='ocrx_word' id='word_1_110' title='bbox 1743 1389 1986 1451; x_wconf 87' lang='lat' dir='ltr'><strong>crimine,</strong></span> <span class='ocrx_word' id='word_1_111' title='bbox 2016 1399 2069 1440; x_wconf 82' lang='lat' dir='ltr'><strong>et</strong></span> <span class='ocrx_word' id='word_1_112' title='bbox 2095 1390 2160 1440; x_wconf 88' lang='lat' dir='ltr'><strong>ad</strong></span> 
     </span>
    </p>
   </div>
   <div class='ocr_carea' id='block_1_16' title="bbox 609 1476 2163 1546">
    <p class='ocr_par' dir='ltr' id='par_1_16' title="bbox 609 1476 2163 1546">
     <span class='ocr_line' id='line_1_16' title="bbox 609 1476 2163 1546; baseline -0.003 -13"><span class='ocrx_word' id='word_1_113' title='bbox 609 1493 660 1534; x_wconf 88' lang='lat' dir='ltr'><strong>te</strong></span> <span class='ocrx_word' id='word_1_114' title='bbox 700 1493 909 1532; x_wconf 89' lang='lat' dir='ltr'><strong>merear</strong></span> <span class='ocrx_word' id='word_1_115' title='bbox 940 1481 1216 1546; x_wconf 75' lang='lat' dir='ltr'><strong>pervenire</strong></span> <span class='ocrx_word' id='word_1_116' title='bbox 1244 1478 1296 1531; x_wconf 90' lang='lat' dir='ltr'><strong>in</strong></span> <span class='ocrx_word' id='word_1_117' title='bbox 1329 1493 1481 1546; x_wconf 87' lang='lat' dir='ltr'><strong>pace.</strong></span> <span class='ocrx_word' id='word_1_118' title='bbox 1513 1478 1759 1531; x_wconf 86' lang='lat' dir='ltr'><strong>Pacatum</strong></span> <span class='ocrx_word' id='word_1_119' title='bbox 1790 1478 1975 1541; x_wconf 84' lang='lat' dir='ltr'><strong>redde,</strong></span> <span class='ocrx_word' id='word_1_120' title='bbox 2003 1476 2163 1539; x_wconf 90' lang='lat' dir='ltr'><strong>Deus,</strong></span> 
     </span>
    </p>
   </div>
   <div class='ocr_carea' id='block_1_17' title="bbox 594 1567 2165 1636">
    <p class='ocr_par' dir='ltr' id='par_1_17' title="bbox 594 1567 2165 1636">
     <span class='ocr_line' id='line_1_17' title="bbox 594 1567 2165 1636; baseline -0.002 -13"><span class='ocrx_word' id='word_1_121' title='bbox 594 1579 896 1623; x_wconf 90' lang='lat' dir='ltr'><strong>nostrorum</strong></span> <span class='ocrx_word' id='word_1_122' title='bbox 919 1571 1157 1623; x_wconf 89' lang='lat' dir='ltr'><strong>cordium</strong></span> <span class='ocrx_word' id='word_1_123' title='bbox 1172 1569 1530 1623; x_wconf 87' lang='lat' dir='ltr'><strong>habitaculum</strong></span> <span class='ocrx_word' id='word_1_124' title='bbox 1547 1586 1610 1622; x_wconf 78' lang='lat' dir='ltr'><strong>ex</strong></span> <span class='ocrx_word' id='word_1_125' title='bbox 1624 1570 1866 1636; x_wconf 81' lang='lat' dir='ltr'><strong>pulsione</strong></span> <span class='ocrx_word' id='word_1_126' title='bbox 1878 1567 2165 1621; x_wconf 77' lang='lat' dir='ltr'><strong>carnalium</strong></span> 
     </span>
    </p>
   </div>
   <div class='ocr_carea' id='block_1_18' title="bbox 591 1661 2166 1730">
    <p class='ocr_par' dir='ltr' id='par_1_18' title="bbox 591 1661 2166 1730">
     <span class='ocr_line' id='line_1_18' title="bbox 591 1661 2166 1730; baseline -0.001 -16"><span class='ocrx_word' id='word_1_127' title='bbox 591 1661 860 1716; x_wconf 88' lang='lat' dir='ltr'><strong>vitiorum.</strong></span> <span class='ocrx_word' id='word_1_128' title='bbox 904 1661 969 1714; x_wconf 84' lang='lat' dir='ltr'><strong>Et</strong></span> <span class='ocrx_word' id='word_1_129' title='bbox 992 1661 1142 1730; x_wconf 84' lang='lat'><strong>(889)</strong></span> <span class='ocrx_word' id='word_1_130' title='bbox 1161 1662 1247 1729; x_wconf 87' lang='lat' dir='ltr'><strong>qui</strong></span> <span class='ocrx_word' id='word_1_131' title='bbox 1280 1662 1332 1714; x_wconf 92' lang='lat' dir='ltr'><strong>in</strong></span> <span class='ocrx_word' id='word_1_132' title='bbox 1360 1661 1585 1715; x_wconf 89' lang='lat' dir='ltr'><strong>subditis</strong></span> <span class='ocrx_word' id='word_1_133' title='bbox 1603 1676 1765 1714; x_wconf 91' lang='lat' dir='ltr'><strong>conor</strong></span> <span class='ocrx_word' id='word_1_134' title='bbox 1792 1676 1997 1714; x_wconf 84' lang='lat' dir='ltr'><strong>summa</strong></span> <span class='ocrx_word' id='word_1_135' title='bbox 2015 1676 2166 1713; x_wconf 83' lang='lat' dir='ltr'><strong>exer-</strong></span> 
     </span>
    </p>
   </div>
   <div class='ocr_carea' id='block_1_19' title="bbox 2261 488 3849 562">
    <p class='ocr_par' dir='ltr' id='par_1_19' title="bbox 2261 488 3849 562">
     <span class='ocr_line' id='line_1_19' title="bbox 2261 488 3849 562; baseline 0.004 -21"><span class='ocrx_word' id='word_1_136' title='bbox 2261 488 2457 542; x_wconf 70' lang='lat' dir='ltr'><strong>(lltristi</strong></span> <span class='ocrx_word' id='word_1_137' title='bbox 2491 489 2609 542; x_wconf 79' lang='lat' dir='ltr'><strong>Filii</strong></span> <span class='ocrx_word' id='word_1_138' title='bbox 2638 490 2754 556; x_wconf 89' lang='lat' dir='ltr'><strong>ejus</strong></span> <span class='ocrx_word' id='word_1_139' title='bbox 2801 490 3011 545; x_wconf 85' lang='lat' dir='ltr'><strong>Domini</strong></span> <span class='ocrx_word' id='word_1_140' title='bbox 3050 495 3238 559; x_wconf 88' lang='lat' dir='ltr'><strong>nostri,</strong></span> <span class='ocrx_word' id='word_1_141' title='bbox 3282 502 3339 547; x_wconf 92' lang='lat' dir='ltr'><strong>ut</strong></span> <span class='ocrx_word' id='word_1_142' title='bbox 3377 495 3474 547; x_wconf 89' lang='lat' dir='ltr'><strong>ﬁas</strong></span> <span class='ocrx_word' id='word_1_143' title='bbox 3517 509 3652 562; x_wconf 89' lang='lat' dir='ltr'><strong>aqua</strong></span> <span class='ocrx_word' id='word_1_144' title='bbox 3683 510 3849 548; x_wconf 78' lang='lat' dir='ltr'><strong>exor-</strong></span> 
     </span>
    </p>
   </div>
   <div class='ocr_carea' id='block_1_20' title="bbox 2261 578 3850 652">
    <p class='ocr_par' dir='ltr' id='par_1_20' title="bbox 2261 578 3850 652">
     <span class='ocr_line' id='line_1_20' title="bbox 2261 578 3850 652; baseline 0.004 -21"><span class='ocrx_word' id='word_1_145' title='bbox 2261 579 2453 643; x_wconf 85' lang='lat' dir='ltr'><strong>cizata,</strong></span> <span class='ocrx_word' id='word_1_146' title='bbox 2487 580 2551 632; x_wconf 91' lang='lat' dir='ltr'><strong>ad</strong></span> <span class='ocrx_word' id='word_1_147' title='bbox 2582 578 2917 648; x_wconf 71' lang='lat' dir='ltr'><strong>eﬂugandam</strong></span> <span class='ocrx_word' id='word_1_148' title='bbox 2943 581 3156 636; x_wconf 77' lang='lat' dir='ltr'><strong>omnem</strong></span> <span class='ocrx_word' id='word_1_149' title='bbox 3181 594 3502 652; x_wconf 87' lang='lat' dir='ltr'><strong>potestatem</strong></span> <span class='ocrx_word' id='word_1_150' title='bbox 3533 582 3759 648; x_wconf 90' lang='lat' dir='ltr'><strong>inimici,</strong></span> <span class='ocrx_word' id='word_1_151' title='bbox 3793 597 3850 638; x_wconf 90' lang='lat' dir='ltr'><strong>et</strong></span> 
     </span>
    </p>
   </div>
   <div class='ocr_carea' id='block_1_21' title="bbox 2263 667 3847 742">
    <p class='ocr_par' dir='ltr' id='par_1_21' title="bbox 2263 667 3847 742">
     <span class='ocr_line' id='line_1_21' title="bbox 2263 667 3847 742; baseline 0.006 -23"><span class='ocrx_word' id='word_1_152' title='bbox 2263 667 2436 735; x_wconf 86' lang='lat' dir='ltr'><strong>ipsum</strong></span> <span class='ocrx_word' id='word_1_153' title='bbox 2470 669 2743 722; x_wconf 89' lang='lat' dir='ltr'><strong>inimicum</strong></span> <span class='ocrx_word' id='word_1_154' title='bbox 2786 671 3061 726; x_wconf 89' lang='lat' dir='ltr'><strong>eradicare</strong></span> <span class='ocrx_word' id='word_1_155' title='bbox 3090 681 3145 725; x_wconf 89' lang='lat' dir='ltr'><strong>et</strong></span> <span class='ocrx_word' id='word_1_156' title='bbox 3174 675 3485 742; x_wconf 81' lang='lat' dir='ltr'><strong>explantare</strong></span> <span class='ocrx_word' id='word_1_157' title='bbox 3515 673 3695 727; x_wconf 90' lang='lat' dir='ltr'><strong>valeas</strong></span> <span class='ocrx_word' id='word_1_158' title='bbox 3724 688 3847 729; x_wconf 87' lang='lat' dir='ltr'><strong>cum</strong></span> 
     </span>
    </p>
   </div>
   <div class='ocr_carea' id='block_1_22' title="bbox 2262 760 3851 831">
    <p class='ocr_par' dir='ltr' id='par_1_22' title="bbox 2262 760 3851 831">
     <span class='ocr_line' id='line_1_22' title="bbox 2262 760 3851 831; baseline 0.005 -20"><span class='ocrx_word' id='word_1_159' title='bbox 2262 760 2466 826; x_wconf 89' lang='lat' dir='ltr'><strong>angelis</strong></span> <span class='ocrx_word' id='word_1_160' title='bbox 2497 760 2609 814; x_wconf 83' lang='lat' dir='ltr'><strong>suis</strong></span> <span class='ocrx_word' id='word_1_161' title='bbox 2643 762 2975 828; x_wconf 87' lang='lat' dir='ltr'><strong>apostaticis,</strong></span> <span class='ocrx_word' id='word_1_162' title='bbox 3010 779 3103 831; x_wconf 88' lang='lat' dir='ltr'><strong>per</strong></span> <span class='ocrx_word' id='word_1_163' title='bbox 3139 765 3394 818; x_wconf 81' lang='lat' dir='ltr'><strong>virtutem</strong></span> <span class='ocrx_word' id='word_1_164' title='bbox 3428 764 3637 817; x_wconf 87' lang='lat' dir='ltr'><strong>Domini</strong></span> <span class='ocrx_word' id='word_1_165' title='bbox 3679 767 3851 819; x_wconf 88' lang='lat' dir='ltr'><strong>nostri</strong></span> 
     </span>
    </p>
   </div>
   <div class='ocr_carea' id='block_1_23' title="bbox 2263 847 3854 921">
    <p class='ocr_par' dir='ltr' id='par_1_23' title="bbox 2263 847 3854 921">
     <span class='ocr_line' id='line_1_23' title="bbox 2263 847 3854 921; baseline 0.004 -20"><span class='ocrx_word' id='word_1_166' title='bbox 2263 847 2387 901; x_wconf 76' lang='lat' dir='ltr'><strong>Jesu</strong></span> <span class='ocrx_word' id='word_1_167' title='bbox 2413 848 2631 913; x_wconf 77' lang='lat' dir='ltr'><strong>Chrisﬁ,</strong></span> <span class='ocrx_word' id='word_1_168' title='bbox 2665 849 2753 916; x_wconf 90' lang='lat' dir='ltr'><strong>qui</strong></span> <span class='ocrx_word' id='word_1_169' title='bbox 2788 856 3044 904; x_wconf 85' lang='lat' dir='ltr'><strong>venturus</strong></span> <span class='ocrx_word' id='word_1_170' title='bbox 3071 860 3155 906; x_wconf 92' lang='lat' dir='ltr'><strong>est</strong></span> <span class='ocrx_word' id='word_1_171' title='bbox 3175 853 3417 921; x_wconf 85' lang='lat' dir='ltr'><strong>judicare</strong></span> <span class='ocrx_word' id='word_1_172' title='bbox 3451 855 3603 907; x_wconf 89' lang='lat' dir='ltr'><strong>vivos</strong></span> <span class='ocrx_word' id='word_1_173' title='bbox 3633 864 3689 907; x_wconf 91' lang='lat' dir='ltr'><strong>et</strong></span> <span class='ocrx_word' id='word_1_174' title='bbox 3714 869 3854 907; x_wconf 86' lang='lat' dir='ltr'><strong>mor-</strong></span> 
     </span>
    </p>
   </div>
   <div class='ocr_carea' id='block_1_24' title="bbox 2267 939 3129 1009">
    <p class='ocr_par' dir='ltr' id='par_1_24' title="bbox 2267 939 3129 1009">
     <span class='ocr_line' id='line_1_24' title="bbox 2267 939 3129 1009; baseline 0.006 -19"><span class='ocrx_word' id='word_1_175' title='bbox 2267 948 2403 1000; x_wconf 89' lang='lat' dir='ltr'><strong>tuos,</strong></span> <span class='ocrx_word' id='word_1_176' title='bbox 2445 948 2498 992; x_wconf 91' lang='lat' dir='ltr'><strong>et</strong></span> <span class='ocrx_word' id='word_1_177' title='bbox 2528 939 2782 992; x_wconf 71' lang='lat' dir='ltr'><strong>saeculum</strong></span> <span class='ocrx_word' id='word_1_178' title='bbox 2816 955 2908 1008; x_wconf 91' lang='lat' dir='ltr'><strong>per</strong></span> <span class='ocrx_word' id='word_1_179' title='bbox 2934 943 3129 1009; x_wconf 83' lang='lat' dir='ltr'><strong>ignem.</strong></span> 
     </span>
    </p>
   </div>
   <div class='ocr_carea' id='block_1_25' title="bbox 2335 1027 3828 1103">
    <p class='ocr_par' dir='ltr' id='par_1_25' title="bbox 2335 1027 3828 1103">
     <span class='ocr_line' id='line_1_25' title="bbox 2335 1027 3828 1103; baseline 0.006 -24"><span class='ocrx_word' id='word_1_180' title='bbox 2335 1027 2630 1081; x_wconf 59' lang='lat' dir='ltr'><strong>Benedicto</strong></span> <span class='ocrx_word' id='word_1_181' title='bbox 2679 1046 2843 1097; x_wconf 67' lang='lat' dir='ltr'><strong>aqua.</strong></span> <span class='ocrx_word' id='word_1_182' title='bbox 2892 1061 2949 1071; x_wconf 85' lang='lat'><strong>-</strong></span> <span class='ocrx_word' id='word_1_183' title='bbox 2983 1033 3143 1098; x_wconf 90' lang='lat' dir='ltr'><strong>Dens,</strong></span> <span class='ocrx_word' id='word_1_184' title='bbox 3200 1050 3311 1103; x_wconf 87' lang='lat' dir='ltr'><strong>qui,</strong></span> <span class='ocrx_word' id='word_1_185' title='bbox 3356 1036 3422 1088; x_wconf 88' lang='lat' dir='ltr'><strong>ad</strong></span> <span class='ocrx_word' id='word_1_186' title='bbox 3474 1035 3703 1090; x_wconf 86' lang='lat' dir='ltr'><strong>salutem</strong></span> <span class='ocrx_word' id='word_1_187' title='bbox 3756 1036 3828 1088; x_wconf 90' lang='lat' dir='ltr'><strong>hu</strong></span> 
     </span>
    </p>
   </div>
   <div class='ocr_carea' id='block_1_26' title="bbox 2268 1119 3853 1194">
    <p class='ocr_par' dir='ltr' id='par_1_26' title="bbox 2268 1119 3853 1194">
     <span class='ocr_line' id='line_1_26' title="bbox 2268 1119 3853 1194; baseline 0.004 -23"><span class='ocrx_word' id='word_1_188' title='bbox 2268 1120 2412 1171; x_wconf 87' lang='lat' dir='ltr'><strong>mani</strong></span> <span class='ocrx_word' id='word_1_189' title='bbox 2444 1119 2676 1187; x_wconf 88' lang='lat' dir='ltr'><strong>generis,</strong></span> <span class='ocrx_word' id='word_1_190' title='bbox 2713 1123 2940 1176; x_wconf 82' lang='lat' dir='ltr'><strong>maxima</strong></span> <span class='ocrx_word' id='word_1_191' title='bbox 2966 1139 3193 1192; x_wconf 69' lang='lat' dir='ltr'><strong>qumque</strong></span> <span class='ocrx_word' id='word_1_192' title='bbox 3223 1139 3555 1179; x_wconf 87' lang='lat' dir='ltr'><strong>sacramenta</strong></span> <span class='ocrx_word' id='word_1_193' title='bbox 3594 1127 3646 1180; x_wconf 92' lang='lat' dir='ltr'><strong>in</strong></span> <span class='ocrx_word' id='word_1_194' title='bbox 3691 1144 3853 1194; x_wconf 71' lang='lat' dir='ltr'><strong>aqua-</strong></span> 
     </span>
    </p>
   </div>
   <div class='ocr_carea' id='block_1_27' title="bbox 2272 1212 3855 1284">
    <p class='ocr_par' dir='ltr' id='par_1_27' title="bbox 2272 1212 3855 1284">
     <span class='ocr_line' id='line_1_27' title="bbox 2272 1212 3855 1284; baseline 0.006 -23"><span class='ocrx_word' id='word_1_195' title='bbox 2272 1225 2389 1261; x_wconf 88' lang='lat' dir='ltr'><strong>rum</strong></span> <span class='ocrx_word' id='word_1_196' title='bbox 2442 1212 2796 1264; x_wconf 83' lang='lat' dir='ltr'><strong>substantiam</strong></span> <span class='ocrx_word' id='word_1_197' title='bbox 2829 1214 3143 1284; x_wconf 45' lang='lat' dir='ltr'><strong>cond‘idiSti,</strong></span> <span class='ocrx_word' id='word_1_198' title='bbox 3192 1219 3377 1269; x_wconf 87' lang='lat' dir='ltr'><strong>adesto</strong></span> <span class='ocrx_word' id='word_1_199' title='bbox 3421 1217 3855 1271; x_wconf 82' lang='lat' dir='ltr'><strong>invocationibus</strong></span> 
     </span>
    </p>
   </div>
   <div class='ocr_carea' id='block_1_28' title="bbox 2272 1300 3853 1374">
    <p class='ocr_par' dir='ltr' id='par_1_28' title="bbox 2272 1300 3853 1374">
     <span class='ocr_line' id='line_1_28' title="bbox 2272 1300 3853 1374; baseline 0.006 -23"><span class='ocrx_word' id='word_1_200' title='bbox 2272 1300 2492 1363; x_wconf 85' lang='lat' dir='ltr'><strong>nostris,</strong></span> <span class='ocrx_word' id='word_1_201' title='bbox 2526 1308 2579 1351; x_wconf 91' lang='lat' dir='ltr'><strong>et</strong></span> <span class='ocrx_word' id='word_1_202' title='bbox 2600 1301 2869 1355; x_wconf 87' lang='lat' dir='ltr'><strong>elemento</strong></span> <span class='ocrx_word' id='word_1_203' title='bbox 2893 1304 3014 1355; x_wconf 86' lang='lat' dir='ltr'><strong>huic</strong></span> <span class='ocrx_word' id='word_1_204' title='bbox 3042 1304 3370 1358; x_wconf 84' lang='lat' dir='ltr'><strong>multimodis</strong></span> <span class='ocrx_word' id='word_1_205' title='bbox 3392 1306 3853 1374; x_wconf 81' lang='lat' dir='ltr'><strong>puriﬁeationibus</strong></span> 
     </span>
    </p>
   </div>
   <div class='ocr_carea' id='block_1_29' title="bbox 2271 1393 3857 1461">
    <p class='ocr_par' dir='ltr' id='par_1_29' title="bbox 2271 1393 3857 1461">
     <span class='ocr_line' id='line_1_29' title="bbox 2271 1393 3857 1461; baseline 0.008 -21"><span class='ocrx_word' id='word_1_206' title='bbox 2271 1400 2569 1458; x_wconf 74' lang='lat' dir='ltr'><strong>praeparato</strong></span> <span class='ocrx_word' id='word_1_207' title='bbox 2618 1393 2867 1447; x_wconf 76' lang='lat' dir='ltr'><strong>virtutem</strong></span> <span class='ocrx_word' id='word_1_208' title='bbox 2921 1403 3027 1448; x_wconf 70' lang='lat' dir='ltr'><strong>ture</strong></span> <span class='ocrx_word' id='word_1_209' title='bbox 3076 1395 3460 1451; x_wconf 89' lang='lat' dir='ltr'><strong>benedictionis</strong></span> <span class='ocrx_word' id='word_1_210' title='bbox 3508 1398 3750 1461; x_wconf 73' lang='lat' dir='ltr'><strong>aliunde.</strong></span> <span class='ocrx_word' id='word_1_211' title='bbox 3799 1411 3857 1453; x_wconf 92' lang='lat' dir='ltr'><strong>nt</strong></span> 
     </span>
    </p>
   </div>
   <div class='ocr_carea' id='block_1_30' title="bbox 2270 1485 3852 1559">
    <p class='ocr_par' dir='ltr' id='par_1_30' title="bbox 2270 1485 3852 1559">
     <span class='ocr_line' id='line_1_30' title="bbox 2270 1485 3852 1559; baseline 0.008 -26"><span class='ocrx_word' id='word_1_212' title='bbox 2270 1493 2511 1534; x_wconf 84' lang='lat' dir='ltr'><strong>creatura</strong></span> <span class='ocrx_word' id='word_1_213' title='bbox 2563 1485 2801 1552; x_wconf 87' lang='lat' dir='ltr'><strong>mysterii</strong></span> <span class='ocrx_word' id='word_1_214' title='bbox 2834 1486 2930 1551; x_wconf 93' lang='lat' dir='ltr'><strong>tui,</strong></span> <span class='ocrx_word' id='word_1_215' title='bbox 2986 1486 3078 1539; x_wconf 89' lang='lat' dir='ltr'><strong>tibi</strong></span> <span class='ocrx_word' id='word_1_216' title='bbox 3118 1490 3357 1542; x_wconf 82' lang='lat' dir='ltr'><strong>serviens</strong></span> <span class='ocrx_word' id='word_1_217' title='bbox 3404 1489 3472 1543; x_wconf 88' lang='lat' dir='ltr'><strong>ad</strong></span> <span class='ocrx_word' id='word_1_218' title='bbox 3519 1491 3852 1559; x_wconf 88' lang='lat' dir='ltr'><strong>abjiciendos</strong></span> 
     </span>
    </p>
   </div>
   <div class='ocr_carea' id='block_1_31' title="bbox 2286 1572 3855 1649">
    <p class='ocr_par' dir='ltr' id='par_1_31' title="bbox 2286 1572 3855 1649">
     <span class='ocr_line' id='line_1_31' title="bbox 2286 1572 3855 1649; baseline 0.01 -28"><span class='ocrx_word' id='word_1_219' title='bbox 2286 1572 2543 1625; x_wconf 67' lang='lat' dir='ltr'><strong>liemones</strong></span> <span class='ocrx_word' id='word_1_220' title='bbox 2572 1574 2894 1643; x_wconf 90' lang='lat' dir='ltr'><strong>morbosque</strong></span> <span class='ocrx_word' id='word_1_221' title='bbox 2924 1577 3222 1644; x_wconf 88' lang='lat' dir='ltr'><strong>pellendos,</strong></span> <span class='ocrx_word' id='word_1_222' title='bbox 3246 1579 3439 1633; x_wconf 65' lang='lat' dir='ltr'><strong>divinas</strong></span> <span class='ocrx_word' id='word_1_223' title='bbox 3466 1585 3654 1649; x_wconf 72' lang='lat' dir='ltr'><strong>gratia:</strong></span> <span class='ocrx_word' id='word_1_224' title='bbox 3679 1593 3855 1637; x_wconf 86' lang='lat' dir='ltr'><strong>sumat</strong></span> 
     </span>
    </p>
   </div>
   <div class='ocr_carea' id='block_1_32' title="bbox 2274 1661 3853 1734">
    <p class='ocr_par' dir='ltr' id='par_1_32' title="bbox 2274 1661 3853 1734">
     <span class='ocr_line' id='line_1_32' title="bbox 2274 1661 3853 1734; baseline 0.009 -21"><span class='ocrx_word' id='word_1_225' title='bbox 2274 1661 2550 1726; x_wconf 71' lang='lat' dir='ltr'><strong>allectum;</strong></span> <span class='ocrx_word' id='word_1_226' title='bbox 2584 1672 2643 1717; x_wconf 93' lang='lat' dir='ltr'><strong>ut</strong></span> <span class='ocrx_word' id='word_1_227' title='bbox 2686 1666 2935 1734; x_wconf 82' lang='lat' dir='ltr'><strong>quidquid</strong></span> <span class='ocrx_word' id='word_1_228' title='bbox 2976 1668 3030 1720; x_wconf 90' lang='lat' dir='ltr'><strong>in</strong></span> <span class='ocrx_word' id='word_1_229' title='bbox 3070 1668 3315 1723; x_wconf 87' lang='lat' dir='ltr'><strong>domibus</strong></span> <span class='ocrx_word' id='word_1_230' title='bbox 3356 1672 3438 1724; x_wconf 82' lang='lat' dir='ltr'><strong>vel</strong></span> <span class='ocrx_word' id='word_1_231' title='bbox 3468 1672 3520 1724; x_wconf 84' lang='lat' dir='ltr'><strong>iit</strong></span> <span class='ocrx_word' id='word_1_232' title='bbox 3553 1673 3688 1726; x_wconf 88' lang='lat' dir='ltr'><strong>locis</strong></span> <span class='ocrx_word' id='word_1_233' title='bbox 3727 1674 3853 1728; x_wconf 81' lang='lat' dir='ltr'><strong>lide—</strong></span> 
     </span>
    </p>
   </div>
   <div class='ocr_carea' id='block_1_33' title="bbox 592 1750 3851 1828">
    <p class='ocr_par' dir='ltr' id='par_1_33' title="bbox 592 1750 3851 1828">
     <span class='ocr_line' id='line_1_33' title="bbox 592 1750 3851 1828; baseline 0.004 -24"><span class='ocrx_word' id='word_1_234' title='bbox 592 1765 716 1804; x_wconf 89' lang='lat' dir='ltr'><strong>cere</strong></span> <span class='ocrx_word' id='word_1_235' title='bbox 737 1750 1012 1815; x_wconf 90' lang='lat' dir='ltr'><strong>virtutum,</strong></span> <span class='ocrx_word' id='word_1_236' title='bbox 1041 1751 1240 1818; x_wconf 86' lang='lat' dir='ltr'><strong>pacatis</strong></span> <span class='ocrx_word' id='word_1_237' title='bbox 1265 1752 1517 1803; x_wconf 90' lang='lat' dir='ltr'><strong>mentium</strong></span> <span class='ocrx_word' id='word_1_238' title='bbox 1543 1765 1932 1819; x_wconf 86' lang='lat' dir='ltr'><strong>corporumque</strong></span> <span class='ocrx_word' id='word_1_239' title='bbox 1968 1750 2171 1804; x_wconf 88' lang='lat' dir='ltr'><strong>incom-</strong></span> <span class='ocrx_word' id='word_1_240' title='bbox 2200 1751 2246 1810; x_wconf 81' lang='grc' dir='ltr'><strong>Β</strong></span> <span class='ocrx_word' id='word_1_241' title='bbox 2279 1751 2408 1804; x_wconf 91' lang='lat' dir='ltr'><strong>lium</strong></span> <span class='ocrx_word' id='word_1_242' title='bbox 2437 1753 2550 1807; x_wconf 58' lang='lat' dir='ltr'><strong>haec</strong></span> <span class='ocrx_word' id='word_1_243' title='bbox 2581 1756 2719 1807; x_wconf 91' lang='lat' dir='ltr'><strong>unda</strong></span> <span class='ocrx_word' id='word_1_244' title='bbox 2760 1760 3076 1825; x_wconf 46' lang='lat' dir='ltr'><strong>resperset‘it</strong></span> <span class='ocrx_word' id='word_1_245' title='bbox 3120 1768 3302 1812; x_wconf 85' lang='lat' dir='ltr'><strong>careat</strong></span> <span class='ocrx_word' id='word_1_246' title='bbox 3330 1760 3691 1828; x_wconf 88' lang='lat' dir='ltr'><strong>immunditia,</strong></span> <span class='ocrx_word' id='word_1_247' title='bbox 3723 1764 3851 1817; x_wconf 78' lang='lat' dir='ltr'><strong>libe-</strong></span> 
     </span>
    </p>
   </div>
   <div class='ocr_carea' id='block_1_34' title="bbox 595 1840 2159 1909">
    <p class='ocr_par' dir='ltr' id='par_1_34' title="bbox 595 1840 2159 1909">
     <span class='ocr_line' id='line_1_34' title="bbox 595 1840 2159 1909; baseline -0.001 -15"><span class='ocrx_word' id='word_1_248' title='bbox 595 1840 767 1894; x_wconf 89' lang='lat' dir='ltr'><strong>modls</strong></span> <span class='ocrx_word' id='word_1_249' title='bbox 805 1841 1054 1909; x_wconf 87' lang='lat' dir='ltr'><strong>paciﬁcus</strong></span> <span class='ocrx_word' id='word_1_250' title='bbox 1074 1855 1281 1894; x_wconf 89' lang='lat' dir='ltr'><strong>merear</strong></span> <span class='ocrx_word' id='word_1_251' title='bbox 1306 1879 1321 1905; x_wconf 91' lang='lat'><strong>,</strong></span> <span class='ocrx_word' id='word_1_252' title='bbox 1352 1850 1402 1893; x_wconf 90' lang='lat' dir='ltr'><strong>te</strong></span> <span class='ocrx_word' id='word_1_253' title='bbox 1424 1840 1718 1907; x_wconf 89' lang='lat' dir='ltr'><strong>judicante,</strong></span> <span class='ocrx_word' id='word_1_254' title='bbox 1759 1840 2006 1893; x_wconf 90' lang='lat' dir='ltr'><strong>coronari</strong></span> <span class='ocrx_word' id='word_1_255' title='bbox 2039 1854 2159 1892; x_wconf 90' lang='lat' dir='ltr'><strong>cum</strong></span> 
     </span>
    </p>
   </div>
   <div class='ocr_carea' id='block_1_35' title="bbox 594 1930 2161 2004">
    <p class='ocr_par' dir='ltr' id='par_1_35' title="bbox 594 1930 2161 2004">
     <span class='ocr_line' id='line_1_35' title="bbox 594 1930 2161 2004; baseline -0.001 -19"><span class='ocrx_word' id='word_1_256' title='bbox 594 1933 819 2004; x_wconf 84' lang='lat' dir='ltr'><strong>angelis.</strong></span> <span class='ocrx_word' id='word_1_257' title='bbox 857 1933 964 1987; x_wconf 86' lang='lat' dir='ltr'><strong>Fac</strong></span> <span class='ocrx_word' id='word_1_258' title='bbox 992 1947 1142 2001; x_wconf 85' lang='lat' dir='ltr'><strong>ergo,</strong></span> <span class='ocrx_word' id='word_1_259' title='bbox 1174 1946 1499 2001; x_wconf 66' lang='lat' dir='ltr'><strong>quaesumus,</strong></span> <span class='ocrx_word' id='word_1_260' title='bbox 1536 1945 1653 1996; x_wconf 90' lang='lat' dir='ltr'><strong>nos,</strong></span> <span class='ocrx_word' id='word_1_261' title='bbox 1690 1931 1774 1997; x_wconf 90' lang='lat' dir='ltr'><strong>pie</strong></span> <span class='ocrx_word' id='word_1_262' title='bbox 1804 1930 1963 1995; x_wconf 92' lang='lat' dir='ltr'><strong>Deus,</strong></span> <span class='ocrx_word' id='word_1_263' title='bbox 2005 1932 2161 1998; x_wconf 88' lang='lat' dir='ltr'><strong>aspi-</strong></span> 
     </span>
    </p>
   </div>
   <div class='ocr_carea' id='block_1_36' title="bbox 589 2018 2159 2090">
    <p class='ocr_par' dir='ltr' id='par_1_36' title="bbox 589 2018 2159 2090">
     <span class='ocr_line' id='line_1_36' title="bbox 589 2018 2159 2090; baseline -0.002 -15"><span class='ocrx_word' id='word_1_264' title='bbox 589 2023 791 2076; x_wconf 82' lang='lat' dir='ltr'><strong>cientes</strong></span> <span class='ocrx_word' id='word_1_265' title='bbox 838 2021 889 2074; x_wconf 91' lang='lat' dir='ltr'><strong>in</strong></span> <span class='ocrx_word' id='word_1_266' title='bbox 947 2030 1231 2087; x_wconf 90' lang='lat' dir='ltr'><strong>conspectu</strong></span> <span class='ocrx_word' id='word_1_267' title='bbox 1280 2029 1389 2083; x_wconf 89' lang='lat' dir='ltr'><strong>tuo,</strong></span> <span class='ocrx_word' id='word_1_268' title='bbox 1423 2018 1573 2090; x_wconf 83' lang='lat'><strong>(890)</strong></span> <span class='ocrx_word' id='word_1_269' title='bbox 1602 2020 2026 2073; x_wconf 73' lang='lat' dir='ltr'><strong>ﬂammescenles</strong></span> <span class='ocrx_word' id='word_1_270' title='bbox 2057 2028 2159 2072; x_wconf 84' lang='lat' dir='ltr'><strong>tuac</strong></span> 
     </span>
    </p>
   </div>
   <div class='ocr_carea' id='block_1_37' title="bbox 590 2110 2161 2181">
    <p class='ocr_par' dir='ltr' id='par_1_37' title="bbox 590 2110 2161 2181">
     <span class='ocr_line' id='line_1_37' title="bbox 590 2110 2161 2181; baseline 0 -17"><span class='ocrx_word' id='word_1_271' title='bbox 590 2112 774 2181; x_wconf 62' lang='lat' dir='ltr'><strong>gratiae</strong></span> <span class='ocrx_word' id='word_1_272' title='bbox 811 2111 972 2172; x_wconf 92' lang='lat' dir='ltr'><strong>dono,</strong></span> <span class='ocrx_word' id='word_1_273' title='bbox 1004 2118 1060 2163; x_wconf 91' lang='lat' dir='ltr'><strong>ut</strong></span> <span class='ocrx_word' id='word_1_274' title='bbox 1094 2110 1239 2163; x_wconf 84' lang='lat' dir='ltr'><strong>zelus</strong></span> <span class='ocrx_word' id='word_1_275' title='bbox 1268 2119 1368 2162; x_wconf 74' lang='lat' dir='ltr'><strong>tute</strong></span> <span class='ocrx_word' id='word_1_276' title='bbox 1420 2110 1611 2162; x_wconf 89' lang='lat' dir='ltr'><strong>domus</strong></span> <span class='ocrx_word' id='word_1_277' title='bbox 1649 2125 1744 2162; x_wconf 92' lang='lat' dir='ltr'><strong>nos</strong></span> <span class='ocrx_word' id='word_1_278' title='bbox 1770 2110 2036 2163; x_wconf 86' lang='lat' dir='ltr'><strong>comedat.</strong></span> <span class='ocrx_word' id='word_1_279' title='bbox 2067 2113 2161 2163; x_wconf 84' lang='lat' dir='ltr'><strong>At-</strong></span> 
     </span>
    </p>
   </div>
   <div class='ocr_carea' id='block_1_38' title="bbox 589 2199 2160 2267">
    <p class='ocr_par' dir='ltr' id='par_1_38' title="bbox 589 2199 2160 2267">
     <span class='ocr_line' id='line_1_38' title="bbox 589 2199 2160 2267; baseline -0.001 -13"><span class='ocrx_word' id='word_1_280' title='bbox 589 2215 694 2264; x_wconf 89' lang='lat' dir='ltr'><strong>que</strong></span> <span class='ocrx_word' id='word_1_281' title='bbox 723 2202 792 2253; x_wconf 91' lang='lat' dir='ltr'><strong>ita</strong></span> <span class='ocrx_word' id='word_1_282' title='bbox 822 2215 919 2253; x_wconf 79' lang='lat' dir='ltr'><strong>uer</strong></span> <span class='ocrx_word' id='word_1_283' title='bbox 949 2200 1182 2267; x_wconf 83' lang='lat' dir='ltr'><strong>vigorem</strong></span> <span class='ocrx_word' id='word_1_284' title='bbox 1213 2199 1379 2251; x_wconf 84' lang='lat' dir='ltr'><strong>sancti</strong></span> <span class='ocrx_word' id='word_1_285' title='bbox 1407 2199 1632 2266; x_wconf 88' lang='lat' dir='ltr'><strong>Spiritus</strong></span> <span class='ocrx_word' id='word_1_286' title='bbox 1659 2206 1902 2266; x_wconf 87' lang='lat' dir='ltr'><strong>regentes</strong></span> <span class='ocrx_word' id='word_1_287' title='bbox 1922 2199 2160 2253; x_wconf 89' lang='lat' dir='ltr'><strong>subditos</strong></span> 
     </span>
    </p>
   </div>
   <div class='ocr_carea' id='block_1_39' title="bbox 592 2287 2161 2359">
    <p class='ocr_par' dir='ltr' id='par_1_39' title="bbox 592 2287 2161 2359">
     <span class='ocr_line' id='line_1_39' title="bbox 592 2287 2161 2359; baseline -0.003 -15"><span class='ocrx_word' id='word_1_288' title='bbox 592 2304 987 2358; x_wconf 84' lang='lat' dir='ltr'><strong>temperemus;</strong></span> <span class='ocrx_word' id='word_1_289' title='bbox 1028 2287 1178 2359; x_wconf 82' lang='grc'>(891)</span> <span class='ocrx_word' id='word_1_290' title='bbox 1210 2298 1263 2342; x_wconf 89' lang='grc' dir='ltr'><strong>ιιι</strong></span> <span class='ocrx_word' id='word_1_291' title='bbox 1293 2298 1347 2342; x_wconf 86' lang='lat' dir='ltr'><strong>et</strong></span> <span class='ocrx_word' id='word_1_292' title='bbox 1371 2288 1662 2356; x_wconf 86' lang='lat' dir='ltr'><strong>disciplinis</strong></span> <span class='ocrx_word' id='word_1_293' title='bbox 1702 2288 1867 2342; x_wconf 91' lang='lat' dir='ltr'><strong>nostri</strong></span> <span class='ocrx_word' id='word_1_294' title='bbox 1891 2288 2161 2355; x_wconf 89' lang='lat' dir='ltr'><strong>regiminis</strong></span> 
     </span>
    </p>
   </div>
   <div class='ocr_carea' id='block_1_40' title="bbox 595 2378 2157 2450">
    <p class='ocr_par' dir='ltr' id='par_1_40' title="bbox 595 2378 2157 2450">
     <span class='ocr_line' id='line_1_40' title="bbox 595 2378 2157 2450; baseline 0 -18"><span class='ocrx_word' id='word_1_295' title='bbox 595 2380 870 2434; x_wconf 87' lang='lat' dir='ltr'><strong>obtineant</strong></span> <span class='ocrx_word' id='word_1_296' title='bbox 912 2381 1113 2433; x_wconf 91' lang='lat' dir='ltr'><strong>lucrum</strong></span> <span class='ocrx_word' id='word_1_297' title='bbox 1147 2419 1162 2445; x_wconf 92' lang='lat'><strong>,</strong></span> <span class='ocrx_word' id='word_1_298' title='bbox 1211 2388 1264 2432; x_wconf 88' lang='lat' dir='ltr'><strong>et</strong></span> <span class='ocrx_word' id='word_1_299' title='bbox 1301 2379 1511 2433; x_wconf 90' lang='lat' dir='ltr'><strong>illorum</strong></span> <span class='ocrx_word' id='word_1_300' title='bbox 1543 2378 1737 2433; x_wconf 84' lang='lat' dir='ltr'><strong>duritia</strong></span> <span class='ocrx_word' id='word_1_301' title='bbox 1767 2380 2061 2450; x_wconf 76' lang='lat' dir='ltr'><strong>frangatur,</strong></span> <span class='ocrx_word' id='word_1_302' title='bbox 2094 2393 2157 2432; x_wconf 90' lang='lat' dir='ltr'><strong>ac</strong></span> 
     </span>
    </p>
   </div>
   <div class='ocr_carea' id='block_1_41' title="bbox 593 2468 2163 2533">
    <p class='ocr_par' dir='ltr' id='par_1_41' title="bbox 593 2468 2163 2533">
     <span class='ocr_line' id='line_1_41' title="bbox 593 2468 2163 2533; baseline -0.001 -10"><span class='ocrx_word' id='word_1_303' title='bbox 593 2471 700 2523; x_wconf 87' lang='lat' dir='ltr'><strong>vita</strong></span> <span class='ocrx_word' id='word_1_304' title='bbox 730 2468 1107 2523; x_wconf 78' lang='lat' dir='ltr'><strong>sanctiﬁcetur.</strong></span> <span class='ocrx_word' id='word_1_305' title='bbox 1142 2469 1383 2533; x_wconf 81' lang='lat' dir='ltr'><strong>Suscipe,</strong></span> <span class='ocrx_word' id='word_1_306' title='bbox 1405 2469 1649 2533; x_wconf 90' lang='lat' dir='ltr'><strong>Domine,</strong></span> <span class='ocrx_word' id='word_1_307' title='bbox 1682 2478 1983 2523; x_wconf 88' lang='lat' dir='ltr'><strong>nostrorum</strong></span> <span class='ocrx_word' id='word_1_308' title='bbox 2014 2479 2163 2524; x_wconf 85' lang='lat' dir='ltr'><strong>voto-</strong></span> 
     </span>
    </p>
   </div>
   <div class='ocr_carea' id='block_1_42' title="bbox 590 2558 2159 2628">
    <p class='ocr_par' dir='ltr' id='par_1_42' title="bbox 590 2558 2159 2628">
     <span class='ocr_line' id='line_1_42' title="bbox 590 2558 2159 2628; baseline 0.002 -17"><span class='ocrx_word' id='word_1_309' title='bbox 590 2574 708 2612; x_wconf 91' lang='lat' dir='ltr'><strong>rum</strong></span> <span class='ocrx_word' id='word_1_310' title='bbox 739 2558 1009 2623; x_wconf 85' lang='lat' dir='ltr'><strong>libamina,</strong></span> <span class='ocrx_word' id='word_1_311' title='bbox 1057 2567 1111 2612; x_wconf 90' lang='lat' dir='ltr'><strong>et</strong></span> <span class='ocrx_word' id='word_1_312' title='bbox 1141 2572 1235 2626; x_wconf 91' lang='lat' dir='ltr'><strong>per</strong></span> <span class='ocrx_word' id='word_1_313' title='bbox 1264 2560 1379 2612; x_wconf 72' lang='lat' dir='ltr'><strong>haec</strong></span> <span class='ocrx_word' id='word_1_314' title='bbox 1408 2559 1660 2628; x_wconf 86' lang='lat' dir='ltr'><strong>quidquid</strong></span> <span class='ocrx_word' id='word_1_315' title='bbox 1692 2561 1746 2613; x_wconf 90' lang='lat' dir='ltr'><strong>in</strong></span> <span class='ocrx_word' id='word_1_316' title='bbox 1770 2559 2010 2615; x_wconf 88' lang='lat' dir='ltr'><strong>subditos</strong></span> <span class='ocrx_word' id='word_1_317' title='bbox 2042 2574 2159 2614; x_wconf 90' lang='lat' dir='ltr'><strong>cor-</strong></span> 
     </span>
    </p>
   </div>
   <div class='ocr_carea' id='block_1_43' title="bbox 588 2640 2162 2719">
    <p class='ocr_par' dir='ltr' id='par_1_43' title="bbox 588 2640 2162 2719">
     <span class='ocr_line' id='line_1_43' title="bbox 588 2640 2162 2719; baseline 0.002 -17"><span class='ocrx_word' id='word_1_318' title='bbox 588 2649 844 2702; x_wconf 88' lang='lat' dir='ltr'><strong>rectionis</strong></span> <span class='ocrx_word' id='word_1_319' title='bbox 873 2649 1035 2702; x_wconf 84' lang='lat' dir='ltr'><strong>verbo</strong></span> <span class='ocrx_word' id='word_1_320' title='bbox 1063 2650 1148 2703; x_wconf 80' lang='lat' dir='ltr'><strong>vel</strong></span> <span class='ocrx_word' id='word_1_321' title='bbox 1177 2649 1371 2704; x_wconf 92' lang='lat' dir='ltr'><strong>merito</strong></span> <span class='ocrx_word' id='word_1_322' title='bbox 1393 2640 1745 2719; x_wconf 89' lang='lat' dir='ltr'><strong>impertimus,</strong></span> <span class='ocrx_word' id='word_1_323' title='bbox 1799 2665 1905 2706; x_wconf 91' lang='lat' dir='ltr'><strong>non</strong></span> <span class='ocrx_word' id='word_1_324' title='bbox 1952 2651 2017 2705; x_wconf 91' lang='lat' dir='ltr'><strong>ad</strong></span> <span class='ocrx_word' id='word_1_325' title='bbox 2050 2651 2162 2705; x_wconf 89' lang='lat' dir='ltr'><strong>dis-</strong></span> 
     </span>
    </p>
   </div>
   <div class='ocr_carea' id='block_1_44' title="bbox 588 2739 2163 2812">
    <p class='ocr_par' dir='ltr' id='par_1_44' title="bbox 588 2739 2163 2812">
     <span class='ocr_line' id='line_1_44' title="bbox 588 2739 2163 2812; baseline 0.002 -19"><span class='ocrx_word' id='word_1_326' title='bbox 588 2739 825 2794; x_wconf 88' lang='lat' dir='ltr'><strong>cordiam</strong></span> <span class='ocrx_word' id='word_1_327' title='bbox 856 2739 1067 2804; x_wconf 90' lang='lat' dir='ltr'><strong>nostri,</strong></span> <span class='ocrx_word' id='word_1_328' title='bbox 1102 2739 1195 2793; x_wconf 90' lang='lat' dir='ltr'><strong>sed</strong></span> <span class='ocrx_word' id='word_1_329' title='bbox 1226 2739 1291 2792; x_wconf 91' lang='lat' dir='ltr'><strong>ad</strong></span> <span class='ocrx_word' id='word_1_330' title='bbox 1323 2749 1637 2809; x_wconf 88' lang='lat' dir='ltr'><strong>perpetuum</strong></span> <span class='ocrx_word' id='word_1_331' title='bbox 1684 2741 1984 2796; x_wconf 83' lang='lat' dir='ltr'><strong>dulcedinis</strong></span> <span class='ocrx_word' id='word_1_332' title='bbox 2033 2757 2163 2812; x_wconf 88' lang='lat' dir='ltr'><strong>gau-</strong></span> 
     </span>
    </p>
   </div>
   <div class='ocr_carea' id='block_1_45' title="bbox 589 2830 2160 2903">
    <p class='ocr_par' dir='ltr' id='par_1_45' title="bbox 589 2830 2160 2903">
     <span class='ocr_line' id='line_1_45' title="bbox 589 2830 2160 2903; baseline 0.002 -19"><span class='ocrx_word' id='word_1_333' title='bbox 589 2831 758 2895; x_wconf 88' lang='lat' dir='ltr'><strong>dium,</strong></span> <span class='ocrx_word' id='word_1_334' title='bbox 800 2840 847 2885; x_wconf 91' lang='lat' dir='ltr'><strong>et</strong></span> <span class='ocrx_word' id='word_1_335' title='bbox 902 2832 1075 2895; x_wconf 86' lang='lat' dir='ltr'><strong>nobis,</strong></span> <span class='ocrx_word' id='word_1_336' title='bbox 1129 2841 1182 2885; x_wconf 91' lang='lat' dir='ltr'><strong>et</strong></span> <span class='ocrx_word' id='word_1_337' title='bbox 1235 2830 1338 2885; x_wconf 90' lang='lat' dir='ltr'><strong>illis</strong></span> <span class='ocrx_word' id='word_1_338' title='bbox 1364 2830 1651 2900; x_wconf 82' lang='lat' dir='ltr'><strong>profecisse</strong></span> <span class='ocrx_word' id='word_1_339' title='bbox 1705 2832 1854 2903; x_wconf 71' lang='lat'><strong>(892)</strong></span> <span class='ocrx_word' id='word_1_340' title='bbox 1896 2833 2160 2888; x_wconf 82' lang='lat' dir='ltr'><strong>l.-t-temur.</strong></span> 
     </span>
    </p>
   </div>
   <div class='ocr_carea' id='block_1_46' title="bbox 591 2920 2158 2990">
    <p class='ocr_par' dir='ltr' id='par_1_46' title="bbox 591 2920 2158 2990">
     <span class='ocr_line' id='line_1_46' title="bbox 591 2920 2158 2990; baseline 0.001 -15"><span class='ocrx_word' id='word_1_341' title='bbox 591 2923 759 2976; x_wconf 85' lang='lat' dir='ltr'><strong>Ablue</strong></span> <span class='ocrx_word' id='word_1_342' title='bbox 786 2920 933 2989; x_wconf 71' lang='lat'><strong>(8925)</strong></span> <span class='ocrx_word' id='word_1_343' title='bbox 966 2936 1082 2988; x_wconf 91' lang='lat' dir='ltr'><strong>nos,</strong></span> <span class='ocrx_word' id='word_1_344' title='bbox 1118 2921 1276 2984; x_wconf 89' lang='lat' dir='ltr'><strong>Deus,</strong></span> <span class='ocrx_word' id='word_1_345' title='bbox 1324 2928 1380 2974; x_wconf 91' lang='lat' dir='ltr'><strong>et</strong></span> <span class='ocrx_word' id='word_1_346' title='bbox 1429 2922 1603 2975; x_wconf 88' lang='lat' dir='ltr'><strong>alieno</strong></span> <span class='ocrx_word' id='word_1_347' title='bbox 1648 2930 1704 2976; x_wconf 85' lang='lat' dir='ltr'><strong>et</strong></span> <span class='ocrx_word' id='word_1_348' title='bbox 1733 2933 1914 2977; x_wconf 88' lang='lat' dir='ltr'><strong>nostro</strong></span> <span class='ocrx_word' id='word_1_349' title='bbox 1942 2924 2158 2990; x_wconf 86' lang='lat' dir='ltr'><strong>delicto,</strong></span> 
     </span>
    </p>
   </div>
   <div class='ocr_carea' id='block_1_47' title="bbox 590 3010 2162 3080">
    <p class='ocr_par' dir='ltr' id='par_1_47' title="bbox 590 3010 2162 3080">
     <span class='ocr_line' id='line_1_47' title="bbox 590 3010 2162 3080; baseline 0.004 -19"><span class='ocrx_word' id='word_1_350' title='bbox 590 3020 666 3074; x_wconf 91' lang='lat' dir='ltr'><strong>ut,</strong></span> <span class='ocrx_word' id='word_1_351' title='bbox 724 3010 775 3062; x_wconf 91' lang='lat' dir='ltr'><strong>in</strong></span> <span class='ocrx_word' id='word_1_352' title='bbox 824 3017 1045 3078; x_wconf 91' lang='lat' dir='ltr'><strong>utroque</strong></span> <span class='ocrx_word' id='word_1_353' title='bbox 1074 3010 1328 3077; x_wconf 85' lang='lat' dir='ltr'><strong>spiritalis</strong></span> <span class='ocrx_word' id='word_1_354' title='bbox 1359 3012 1543 3079; x_wconf 80' lang='lat' dir='ltr'><strong>gratiae</strong></span> <span class='ocrx_word' id='word_1_355' title='bbox 1574 3011 1918 3065; x_wconf 83' lang='lat' dir='ltr'><strong>efﬁcientiam</strong></span> <span class='ocrx_word' id='word_1_356' title='bbox 1949 3015 2162 3080; x_wconf 81' lang='lat' dir='ltr'><strong>capien-</strong></span> 
     </span>
    </p>
   </div>
   <div class='ocr_carea' id='block_1_48' title="bbox 2275 1848 3848 1922">
    <p class='ocr_par' dir='ltr' id='par_1_48' title="bbox 2275 1848 3848 1922">
     <span class='ocr_line' id='line_1_48' title="bbox 2275 1848 3848 1922; baseline 0.008 -26"><span class='ocrx_word' id='word_1_357' title='bbox 2275 1858 2425 1899; x_wconf 90' lang='lat' dir='ltr'><strong>retur</strong></span> <span class='ocrx_word' id='word_1_358' title='bbox 2465 1860 2495 1898; x_wconf 92' lang='lat' dir='ltr'><strong>a</strong></span> <span class='ocrx_word' id='word_1_359' title='bbox 2541 1861 2696 1901; x_wconf 79' lang='lat' dir='ltr'><strong>noxa.</strong></span> <span class='ocrx_word' id='word_1_360' title='bbox 2730 1848 2845 1901; x_wconf 84' lang='lat' dir='ltr'><strong>Non</strong></span> <span class='ocrx_word' id='word_1_361' title='bbox 2886 1850 2992 1903; x_wconf 90' lang='lat' dir='ltr'><strong>illic</strong></span> <span class='ocrx_word' id='word_1_362' title='bbox 3039 1851 3271 1904; x_wconf 87' lang='lat' dir='ltr'><strong>resideat</strong></span> <span class='ocrx_word' id='word_1_363' title='bbox 3316 1852 3535 1920; x_wconf 88' lang='lat' dir='ltr'><strong>spiritus</strong></span> <span class='ocrx_word' id='word_1_364' title='bbox 3575 1857 3848 1922; x_wconf 88' lang='lat' dir='ltr'><strong>pestilens,</strong></span> 
     </span>
    </p>
   </div>
   <div class='ocr_carea' id='block_1_49' title="bbox 2273 1937 3853 2003">
    <p class='ocr_par' dir='ltr' id='par_1_49' title="bbox 2273 1937 3853 2003">
     <span class='ocr_line' id='line_1_49' title="bbox 2273 1937 3853 2003; baseline 0.009 -19"><span class='ocrx_word' id='word_1_365' title='bbox 2273 1947 2378 1985; x_wconf 93' lang='lat' dir='ltr'><strong>non</strong></span> <span class='ocrx_word' id='word_1_366' title='bbox 2409 1947 2540 1986; x_wconf 86' lang='lat' dir='ltr'><strong>aura</strong></span> <span class='ocrx_word' id='word_1_367' title='bbox 2570 1947 2951 2003; x_wconf 89' lang='lat' dir='ltr'><strong>corrumpens;</strong></span> <span class='ocrx_word' id='word_1_368' title='bbox 3000 1937 3279 1993; x_wconf 78' lang='lat' dir='ltr'><strong>discedant</strong></span> <span class='ocrx_word' id='word_1_369' title='bbox 3307 1954 3495 1995; x_wconf 89' lang='lat' dir='ltr'><strong>omnes</strong></span> <span class='ocrx_word' id='word_1_370' title='bbox 3538 1941 3750 1996; x_wconf 58' lang='lat' dir='ltr'><strong>insidia</strong></span> <span class='ocrx_word' id='word_1_371' title='bbox 3783 1946 3853 1997; x_wconf 82' lang='lat' dir='ltr'><strong>la-</strong></span> 
     </span>
    </p>
   </div>
   <div class='ocr_carea' id='block_1_50' title="bbox 2267 2021 3847 2096">
    <p class='ocr_par' dir='ltr' id='par_1_50' title="bbox 2267 2021 3847 2096">
     <span class='ocr_line' id='line_1_50' title="bbox 2267 2021 3847 2096; baseline 0.009 -24"><span class='ocrx_word' id='word_1_372' title='bbox 2267 2021 2427 2075; x_wconf 89' lang='lat' dir='ltr'><strong>tentis</strong></span> <span class='ocrx_word' id='word_1_373' title='bbox 2458 2021 2692 2087; x_wconf 89' lang='lat' dir='ltr'><strong>inimici;</strong></span> <span class='ocrx_word' id='word_1_374' title='bbox 2724 2034 2778 2077; x_wconf 92' lang='lat' dir='ltr'><strong>et</strong></span> <span class='ocrx_word' id='word_1_375' title='bbox 2821 2025 2864 2076; x_wconf 89' lang='lat' dir='ltr'><strong>si</strong></span> <span class='ocrx_word' id='word_1_376' title='bbox 2892 2026 3016 2093; x_wconf 89' lang='lat' dir='ltr'><strong>quid</strong></span> <span class='ocrx_word' id='word_1_377' title='bbox 3053 2036 3136 2080; x_wconf 77' lang='lat' dir='ltr'><strong>est</strong></span> <span class='ocrx_word' id='word_1_378' title='bbox 3178 2030 3317 2096; x_wconf 91' lang='lat' dir='ltr'><strong>quod</strong></span> <span class='ocrx_word' id='word_1_379' title='bbox 3359 2038 3451 2083; x_wconf 90' lang='lat' dir='ltr'><strong>aut</strong></span> <span class='ocrx_word' id='word_1_380' title='bbox 3490 2031 3847 2086; x_wconf 86' lang='lat' dir='ltr'><strong>incolumitati</strong></span> 
     </span>
    </p>
   </div>
   <div class='ocr_carea' id='block_1_51' title="bbox 2268 2114 3850 2193">
    <p class='ocr_par' dir='ltr' id='par_1_51' title="bbox 2268 2114 3850 2193">
     <span class='ocr_line' id='line_1_51' title="bbox 2268 2114 3850 2193; baseline 0.009 -29"><span class='ocrx_word' id='word_1_381' title='bbox 2268 2114 2617 2168; x_wconf 86' lang='lat' dir='ltr'><strong>habitantium</strong></span> <span class='ocrx_word' id='word_1_382' title='bbox 2665 2116 2898 2181; x_wconf 89' lang='lat' dir='ltr'><strong>invidet,</strong></span> <span class='ocrx_word' id='word_1_383' title='bbox 2950 2127 3041 2171; x_wconf 91' lang='lat' dir='ltr'><strong>aut</strong></span> <span class='ocrx_word' id='word_1_384' title='bbox 3085 2120 3283 2187; x_wconf 84' lang='lat' dir='ltr'><strong>quieti,</strong></span> <span class='ocrx_word' id='word_1_385' title='bbox 3325 2126 3639 2190; x_wconf 89' lang='lat' dir='ltr'><strong>aspersione</strong></span> <span class='ocrx_word' id='word_1_386' title='bbox 3696 2125 3850 2193; x_wconf 82' lang='lat' dir='ltr'><strong>hujus</strong></span> 
     </span>
    </p>
   </div>
   <div class='ocr_carea' id='block_1_52' title="bbox 2265 2205 3851 2278">
    <p class='ocr_par' dir='ltr' id='par_1_52' title="bbox 2265 2205 3851 2278">
     <span class='ocr_line' id='line_1_52' title="bbox 2265 2205 3851 2278; baseline 0.01 -24"><span class='ocrx_word' id='word_1_387' title='bbox 2265 2218 2419 2271; x_wconf 66' lang='lat' dir='ltr'><strong>aqua:</strong></span> <span class='ocrx_word' id='word_1_388' title='bbox 2463 2205 2704 2272; x_wconf 77' lang='lat' dir='ltr'><strong>eﬁugiat,</strong></span> <span class='ocrx_word' id='word_1_389' title='bbox 2755 2217 2812 2260; x_wconf 92' lang='lat' dir='ltr'><strong>ut</strong></span> <span class='ocrx_word' id='word_1_390' title='bbox 2849 2208 3136 2263; x_wconf 88' lang='lat' dir='ltr'><strong>salubritas</strong></span> <span class='ocrx_word' id='word_1_391' title='bbox 3185 2226 3279 2278; x_wconf 92' lang='lat' dir='ltr'><strong>per</strong></span> <span class='ocrx_word' id='word_1_392' title='bbox 3329 2211 3728 2269; x_wconf 90' lang='lat' dir='ltr'><strong>invocationem</strong></span> <span class='ocrx_word' id='word_1_393' title='bbox 3780 2217 3851 2270; x_wconf 90' lang='lat' dir='ltr'><strong>tui</strong></span> 
     </span>
    </p>
   </div>
   <div class='ocr_carea' id='block_1_53' title="bbox 2267 2293 3851 2373">
    <p class='ocr_par' dir='ltr' id='par_1_53' title="bbox 2267 2293 3851 2373">
     <span class='ocr_line' id='line_1_53' title="bbox 2267 2293 3851 2373; baseline 0.01 -28"><span class='ocrx_word' id='word_1_394' title='bbox 2267 2293 2496 2347; x_wconf 79' lang='lat' dir='ltr'><strong>nominis</strong></span> <span class='ocrx_word' id='word_1_395' title='bbox 2534 2297 2790 2363; x_wconf 85' lang='lat' dir='ltr'><strong>expetita,</strong></span> <span class='ocrx_word' id='word_1_396' title='bbox 2834 2300 2901 2352; x_wconf 90' lang='lat' dir='ltr'><strong>ab</strong></span> <span class='ocrx_word' id='word_1_397' title='bbox 2948 2300 3196 2355; x_wconf 89' lang='lat' dir='ltr'><strong>omnibus</strong></span> <span class='ocrx_word' id='word_1_398' title='bbox 3250 2302 3322 2354; x_wconf 92' lang='lat' dir='ltr'><strong>sit</strong></span> <span class='ocrx_word' id='word_1_399' title='bbox 3360 2302 3851 2373; x_wconf 81' lang='lat' dir='ltr'><strong>impugnationibus</strong></span> 
     </span>
    </p>
   </div>
   <div class='ocr_carea' id='block_1_54' title="bbox 2264 2382 2667 2440">
    <p class='ocr_par' dir='ltr' id='par_1_54' title="bbox 2264 2382 2667 2440">
     <span class='ocr_line' id='line_1_54' title="bbox 2264 2382 2667 2440; baseline -0.002 -3"><span class='ocrx_word' id='word_1_400' title='bbox 2264 2382 2504 2437; x_wconf 81' lang='lat' dir='ltr'><strong>defensa.</strong></span> <span class='ocrx_word' id='word_1_401' title='bbox 2548 2386 2667 2440; x_wconf 89' lang='lat' dir='ltr'><strong>Per.</strong></span> 
     </span>
    </p>
   </div>
   <div class='ocr_carea' id='block_1_55' title="bbox 2335 2474 3850 2553">
    <p class='ocr_par' dir='ltr' id='par_1_55' title="bbox 2335 2474 3850 2553">
     <span class='ocr_line' id='line_1_55' title="bbox 2335 2474 3850 2553; baseline 0.01 -26"><span class='ocrx_word' id='word_1_402' title='bbox 2335 2474 2627 2533; x_wconf 81' lang='lat' dir='ltr'><strong>Benedictio</strong></span> <span class='ocrx_word' id='word_1_403' title='bbox 2651 2479 2775 2534; x_wconf 73' lang='lat' dir='ltr'><strong>satis</strong></span> <span class='ocrx_word' id='word_1_404' title='bbox 2798 2488 2846 2534; x_wconf 90' lang='lat' dir='ltr'><strong>et</strong></span> <span class='ocrx_word' id='word_1_405' title='bbox 2874 2496 3021 2551; x_wconf 67' lang='lat' dir='ltr'><strong>aqua:</strong></span> <span class='ocrx_word' id='word_1_406' title='bbox 3049 2486 3255 2553; x_wconf 89' lang='lat' dir='ltr'><strong>pariter.</strong></span> <span class='ocrx_word' id='word_1_407' title='bbox 3290 2485 3441 2539; x_wconf 18' lang='lat'><strong>~71!</strong></span> <span class='ocrx_word' id='word_1_408' title='bbox 3446 2487 3492 2541; x_wconf 87' lang='lat' dir='ltr'><strong>ic</strong></span> <span class='ocrx_word' id='word_1_409' title='bbox 3519 2490 3743 2543; x_wconf 78' lang='lat' dir='ltr'><strong>mittitur</strong></span> <span class='ocrx_word' id='word_1_410' title='bbox 3772 2491 3850 2543; x_wconf 83' lang='lat' dir='ltr'><strong>sal</strong></span> 
     </span>
    </p>
   </div>
   <div class='ocr_carea' id='block_1_56' title="bbox 2265 2569 3079 2638">
    <p class='ocr_par' dir='ltr' id='par_1_56' title="bbox 2265 2569 3079 2638">
     <span class='ocr_line' id='line_1_56' title="bbox 2265 2569 3079 2638; baseline 0.007 -17"><span class='ocrx_word' id='word_1_411' title='bbox 2265 2569 2318 2621; x_wconf 87' lang='lat' dir='ltr'><strong>in</strong></span> <span class='ocrx_word' id='word_1_412' title='bbox 2342 2584 2542 2638; x_wconf 86' lang='lat' dir='ltr'><strong>aquam.</strong></span> <span class='ocrx_word' id='word_1_413' title='bbox 3077 2597 3079 2599; x_wconf 58' lang='grc' dir='ltr'>ί</span> 
     </span>
    </p>
   </div>
   <div class='ocr_carea' id='block_1_57' title="bbox 2340 2660 3850 2739">
    <p class='ocr_par' dir='ltr' id='par_1_57' title="bbox 2340 2660 3850 2739">
     <span class='ocr_line' id='line_1_57' title="bbox 2340 2660 3850 2739; baseline 0.006 -23"><span class='ocrx_word' id='word_1_414' title='bbox 2340 2661 2514 2724; x_wconf 92' lang='lat' dir='ltr'><strong>Deus,</strong></span> <span class='ocrx_word' id='word_1_415' title='bbox 2559 2660 2770 2716; x_wconf 71' lang='lat' dir='ltr'><strong>invictae</strong></span> <span class='ocrx_word' id='word_1_416' title='bbox 2818 2664 3029 2718; x_wconf 84' lang='lat' dir='ltr'><strong>virtutis</strong></span> <span class='ocrx_word' id='word_1_417' title='bbox 3073 2672 3279 2732; x_wconf 90' lang='lat' dir='ltr'><strong>auctor,</strong></span> <span class='ocrx_word' id='word_1_418' title='bbox 3333 2675 3387 2721; x_wconf 91' lang='lat' dir='ltr'><strong>et</strong></span> <span class='ocrx_word' id='word_1_419' title='bbox 3418 2676 3444 2704; x_wconf 71' lang='grc' dir='ltr'><strong>ι</strong></span> <span class='ocrx_word' id='word_1_420' title='bbox 3474 2668 3850 2739; x_wconf 71' lang='lat' dir='ltr'><strong>inseparabilis</strong></span> 
     </span>
    </p>
   </div>
   <div class='ocr_carea' id='block_1_58' title="bbox 2266 2750 3848 2831">
    <p class='ocr_par' dir='ltr' id='par_1_58' title="bbox 2266 2750 3848 2831">
     <span class='ocr_line' id='line_1_58' title="bbox 2266 2750 3848 2831; baseline 0.008 -27"><span class='ocrx_word' id='word_1_421' title='bbox 2266 2751 2479 2820; x_wconf 89' lang='lat' dir='ltr'><strong>imperii</strong></span> <span class='ocrx_word' id='word_1_422' title='bbox 2503 2750 2634 2817; x_wconf 76' lang='lat' dir='ltr'><strong>Rex,</strong></span> <span class='ocrx_word' id='word_1_423' title='bbox 2673 2767 2735 2807; x_wconf 91' lang='lat' dir='ltr'><strong>ac</strong></span> <span class='ocrx_word' id='word_1_424' title='bbox 2763 2768 2974 2824; x_wconf 88' lang='lat' dir='ltr'><strong>semper</strong></span> <span class='ocrx_word' id='word_1_425' title='bbox 2998 2759 3311 2827; x_wconf 79' lang='lat' dir='ltr'><strong>magniﬁcus</strong></span> <span class='ocrx_word' id='word_1_426' title='bbox 3340 2759 3726 2829; x_wconf 85' lang='lat' dir='ltr'><strong>triumphator,</strong></span> <span class='ocrx_word' id='word_1_427' title='bbox 3761 2766 3848 2831; x_wconf 88' lang='lat' dir='ltr'><strong>qui</strong></span> 
     </span>
    </p>
   </div>
   <div class='ocr_carea' id='block_1_59' title="bbox 2264 2845 3843 2921">
    <p class='ocr_par' dir='ltr' id='par_1_59' title="bbox 2264 2845 3843 2921">
     <span class='ocr_line' id='line_1_59' title="bbox 2264 2845 3843 2921; baseline 0.007 -25"><span class='ocrx_word' id='word_1_428' title='bbox 2264 2845 2504 2899; x_wconf 72' lang='lat' dir='ltr'><strong>adversa:</strong></span> <span class='ocrx_word' id='word_1_429' title='bbox 2553 2846 2937 2901; x_wconf 87' lang='lat' dir='ltr'><strong>dominationis</strong></span> <span class='ocrx_word' id='word_1_430' title='bbox 2992 2849 3136 2904; x_wconf 87' lang='lat' dir='ltr'><strong>vires</strong></span> <span class='ocrx_word' id='word_1_431' title='bbox 3178 2851 3446 2919; x_wconf 85' lang='lat' dir='ltr'><strong>reprimis,</strong></span> <span class='ocrx_word' id='word_1_432' title='bbox 3499 2855 3591 2921; x_wconf 90' lang='lat' dir='ltr'><strong>qui</strong></span> <span class='ocrx_word' id='word_1_433' title='bbox 3640 2855 3843 2909; x_wconf 90' lang='lat' dir='ltr'><strong>inimici</strong></span> 
     </span>
    </p>
   </div>
   <div class='ocr_carea' id='block_1_60' title="bbox 2266 2935 3847 3012">
    <p class='ocr_par' dir='ltr' id='par_1_60' title="bbox 2266 2935 3847 3012">
     <span class='ocr_line' id='line_1_60' title="bbox 2266 2935 3847 3012; baseline 0.008 -25"><span class='ocrx_word' id='word_1_434' title='bbox 2266 2935 2521 3001; x_wconf 86' lang='lat' dir='ltr'><strong>rugientis</strong></span> <span class='ocrx_word' id='word_1_435' title='bbox 2565 2936 2823 2990; x_wconf 76' lang='lat' dir='ltr'><strong>saevitiam</strong></span> <span class='ocrx_word' id='word_1_436' title='bbox 2863 2951 3111 3005; x_wconf 88' lang='lat' dir='ltr'><strong>superas,</strong></span> <span class='ocrx_word' id='word_1_437' title='bbox 3164 2939 3256 3007; x_wconf 89' lang='lat' dir='ltr'><strong>qui</strong></span> <span class='ocrx_word' id='word_1_438' title='bbox 3304 2940 3529 2996; x_wconf 88' lang='lat' dir='ltr'><strong>hostiles</strong></span> <span class='ocrx_word' id='word_1_439' title='bbox 3576 2947 3847 3012; x_wconf 86' lang='lat' dir='ltr'><strong>nequitias</strong></span> 
     </span>
    </p>
   </div>
   <div class='ocr_carea' id='block_1_61' title="bbox 2266 3030 3848 3105">
    <p class='ocr_par' dir='ltr' id='par_1_61' title="bbox 2266 3030 3848 3105">
     <span class='ocr_line' id='line_1_61' title="bbox 2266 3030 3848 3105; baseline 0.008 -28"><span class='ocrx_word' id='word_1_440' title='bbox 2266 3035 2453 3093; x_wconf 90' lang='lat' dir='ltr'><strong>potens</strong></span> <span class='ocrx_word' id='word_1_441' title='bbox 2494 3040 2792 3097; x_wconf 75' lang='lat' dir='ltr'><strong>expugnas,</strong></span> <span class='ocrx_word' id='word_1_442' title='bbox 2827 3036 2903 3094; x_wconf 91' lang='lat' dir='ltr'><strong>te,</strong></span> <span class='ocrx_word' id='word_1_443' title='bbox 2939 3030 3185 3095; x_wconf 90' lang='lat' dir='ltr'><strong>Domine,</strong></span> <span class='ocrx_word' id='word_1_444' title='bbox 3220 3040 3512 3087; x_wconf 83' lang='lat' dir='ltr'><strong>trementes</strong></span> <span class='ocrx_word' id='word_1_445' title='bbox 3554 3049 3619 3088; x_wconf 90' lang='lat' dir='ltr'><strong>ac</strong></span> <span class='ocrx_word' id='word_1_446' title='bbox 3646 3037 3848 3105; x_wconf 89' lang='lat' dir='ltr'><strong>suppli-</strong></span> 
     </span>
    </p>
   </div>
   <div class='ocr_carea' id='block_1_62' title="bbox 588 3101 2154 3187">
    <p class='ocr_par' dir='ltr' id='par_1_62' title="bbox 588 3101 2154 3172">
     <span class='ocr_line' id='line_1_62' title="bbox 588 3101 2154 3172; baseline 0.003 -19"><span class='ocrx_word' id='word_1_447' title='bbox 588 3112 691 3165; x_wconf 88' lang='lat' dir='ltr'><strong>tes,</strong></span> <span class='ocrx_word' id='word_1_448' title='bbox 721 3101 1017 3154; x_wconf 87' lang='lat' dir='ltr'><strong>ﬁducialius</strong></span> <span class='ocrx_word' id='word_1_449' title='bbox 1060 3110 1148 3155; x_wconf 90' lang='lat' dir='ltr'><strong>tuo</strong></span> <span class='ocrx_word' id='word_1_450' title='bbox 1191 3103 1390 3156; x_wconf 90' lang='lat' dir='ltr'><strong>nomini</strong></span> <span class='ocrx_word' id='word_1_451' title='bbox 1438 3105 1817 3172; x_wconf 89' lang='lat' dir='ltr'><strong>supplicemus.</strong></span> <span class='ocrx_word' id='word_1_452' title='bbox 1854 3106 1956 3158; x_wconf 84' lang='lat' dir='ltr'><strong>Per</strong></span> <span class='ocrx_word' id='word_1_453' title='bbox 1982 3105 2154 3157; x_wconf 88' lang='lat' dir='ltr'><strong>Domi-</strong></span> 
     </span>
    </p>
   </div>
   <div class='ocr_carea' id='block_1_63' title="bbox 2269 3101 3849 3187">
    <p class='ocr_par' dir='ltr' id='par_1_63' title="bbox 2269 3115 3849 3187">
     <span class='ocr_line' id='line_1_63' title="bbox 2269 3115 3849 3187; baseline 0.007 -19"><span class='ocrx_word' id='word_1_454' title='bbox 2269 3129 2355 3169; x_wconf 83' lang='lat' dir='ltr'><strong>ces</strong></span> <span class='ocrx_word' id='word_1_455' title='bbox 2376 3115 2750 3184; x_wconf 88' lang='lat' dir='ltr'><strong>deprecamur,</strong></span> <span class='ocrx_word' id='word_1_456' title='bbox 2779 3133 2842 3173; x_wconf 90' lang='lat' dir='ltr'><strong>ac</strong></span> <span class='ocrx_word' id='word_1_457' title='bbox 2864 3120 3115 3187; x_wconf 82' lang='lat' dir='ltr'><strong>petimus,</strong></span> <span class='ocrx_word' id='word_1_458' title='bbox 3149 3130 3207 3175; x_wconf 93' lang='lat' dir='ltr'><strong>ut</strong></span> <span class='ocrx_word' id='word_1_459' title='bbox 3234 3122 3370 3176; x_wconf 87' lang='lat' dir='ltr'><strong>hanc</strong></span> <span class='ocrx_word' id='word_1_460' title='bbox 3393 3133 3697 3178; x_wconf 88' lang='lat' dir='ltr'><strong>creaturam</strong></span> <span class='ocrx_word' id='word_1_461' title='bbox 3723 3127 3849 3179; x_wconf 89' lang='lat' dir='ltr'><strong>salis</strong></span> 
     </span>
    </p>
   </div>
   <div class='ocr_carea' id='block_1_64' title="bbox 596 3206 746 3245">
    <p class='ocr_par' dir='ltr' id='par_1_64' title="bbox 596 3206 746 3245">
     <span class='ocr_line' id='line_1_64' title="bbox 596 3206 746 3245; baseline 0.013 -2"><span class='ocrx_word' id='word_1_462' title='bbox 596 3206 746 3245; x_wconf 89' lang='lat' dir='ltr'><strong>num.</strong></span> 
     </span>
    </p>
   </div>
   <div class='ocr_carea' id='block_1_65' title="bbox 764 3278 1959 3353">
    <p class='ocr_par' dir='ltr' id='par_1_65' title="bbox 764 3278 1959 3353">
     <span class='ocr_line' id='line_1_65' title="bbox 764 3278 1959 3353; baseline 0.008 -22"><span class='ocrx_word' id='word_1_463' title='bbox 764 3278 914 3350; x_wconf 73' lang='grc'>(894)</span> <span class='ocrx_word' id='word_1_464' title='bbox 946 3279 1214 3334; x_wconf 79' lang='lat' dir='ltr'><strong>Orationes</strong></span> <span class='ocrx_word' id='word_1_465' title='bbox 1240 3283 1307 3335; x_wconf 88' lang='lat' dir='ltr'><strong>ad</strong></span> <span class='ocrx_word' id='word_1_466' title='bbox 1341 3283 1649 3338; x_wconf 84' lang='lat' dir='ltr'><strong>visitandum</strong></span> <span class='ocrx_word' id='word_1_467' title='bbox 1676 3286 1959 3353; x_wconf 85' lang='lat' dir='ltr'><strong>inﬁrmum.</strong></span> 
     </span>
    </p>
   </div>
   <div class='ocr_carea' id='block_1_66' title="bbox 657 3368 2158 3446">
    <p class='ocr_par' dir='ltr' id='par_1_66' title="bbox 657 3368 2158 3446">
     <span class='ocr_line' id='line_1_66' title="bbox 657 3368 2158 3446; baseline 0.008 -26"><span class='ocrx_word' id='word_1_468' title='bbox 657 3368 723 3421; x_wconf 90' lang='lat' dir='ltr'><strong>In</strong></span> <span class='ocrx_word' id='word_1_469' title='bbox 776 3370 952 3438; x_wconf 80' lang='lat' dir='ltr'><strong>primis</strong></span> <span class='ocrx_word' id='word_1_470' title='bbox 1003 3373 1194 3439; x_wconf 83' lang='lat' dir='ltr'><strong>faciant</strong></span> <span class='ocrx_word' id='word_1_471' title='bbox 1235 3374 1520 3428; x_wconf 81' lang='lat' dir='ltr'><strong>sacerdotes</strong></span> <span class='ocrx_word' id='word_1_472' title='bbox 1570 3392 1776 3444; x_wconf 85' lang='lat' dir='ltr'><strong>asperso</strong></span> <span class='ocrx_word' id='word_1_473' title='bbox 1822 3378 1930 3431; x_wconf 85' lang='lat' dir='ltr'><strong>sale</strong></span> <span class='ocrx_word' id='word_1_474' title='bbox 1972 3395 2158 3446; x_wconf 88' lang='lat' dir='ltr'><strong>aquam</strong></span> 
     </span>
    </p>
   </div>
   <div class='ocr_carea' id='block_1_67' title="bbox 588 3458 2157 3537">
    <p class='ocr_par' dir='ltr' id='par_1_67' title="bbox 588 3458 2157 3537">
     <span class='ocr_line' id='line_1_67' title="bbox 588 3458 2157 3537; baseline 0.008 -28"><span class='ocrx_word' id='word_1_475' title='bbox 588 3458 917 3521; x_wconf 76' lang='lat' dir='ltr'><strong>benedictum,</strong></span> <span class='ocrx_word' id='word_1_476' title='bbox 960 3469 1006 3513; x_wconf 84' lang='lat' dir='ltr'><strong>et</strong></span> <span class='ocrx_word' id='word_1_477' title='bbox 1054 3460 1200 3529; x_wconf 66' lang='lat' dir='ltr'><strong>(81th)</strong></span> <span class='ocrx_word' id='word_1_478' title='bbox 1242 3474 1515 3536; x_wconf 81' lang='lat' dir='ltr'><strong>aspergunt</strong></span> <span class='ocrx_word' id='word_1_479' title='bbox 1557 3483 1662 3518; x_wconf 87' lang='lat' dir='ltr'><strong>eam</strong></span> <span class='ocrx_word' id='word_1_480' title='bbox 1693 3467 1846 3537; x_wconf 88' lang='lat'><strong>(896)</strong></span> <span class='ocrx_word' id='word_1_481' title='bbox 1878 3470 2157 3522; x_wconf 78' lang='lat' dir='ltr'><strong>cumAnti-</strong></span> 
     </span>
    </p>
   </div>
   <div class='ocr_carea' id='block_1_68' title="bbox 584 3548 2156 3628">
    <p class='ocr_par' dir='ltr' id='par_1_68' title="bbox 584 3548 2156 3628">
     <span class='ocr_line' id='line_1_68' title="bbox 584 3548 2156 3628; baseline 0.01 -30"><span class='ocrx_word' id='word_1_482' title='bbox 584 3549 754 3617; x_wconf 82' lang='lat' dir='ltr'><strong>pltona</strong></span> <span class='ocrx_word' id='word_1_483' title='bbox 783 3548 938 3618; x_wconf 77' lang='lat'><strong>233</strong></span> <span class='ocrx_word' id='word_1_484' title='bbox 983 3560 1028 3602; x_wconf 87' lang='lat' dir='ltr'><strong>et</strong></span> <span class='ocrx_word' id='word_1_485' title='bbox 1079 3550 1406 3608; x_wconf 83' lang='lat' dir='ltr'><strong>Orationibus</strong></span> <span class='ocrx_word' id='word_1_486' title='bbox 1432 3570 1581 3625; x_wconf 81' lang='lat' dir='ltr'><strong>super</strong></span> <span class='ocrx_word' id='word_1_487' title='bbox 1611 3559 1775 3627; x_wconf 84' lang='lat' dir='ltr'><strong>ipsum</strong></span> <span class='ocrx_word' id='word_1_488' title='bbox 1803 3561 2079 3628; x_wconf 78' lang='lat' dir='ltr'><strong>inﬁrmum,</strong></span> <span class='ocrx_word' id='word_1_489' title='bbox 2108 3573 2156 3614; x_wconf 88' lang='lat' dir='ltr'><strong>et</strong></span> 
     </span>
    </p>
   </div>
   <div class='ocr_carea' id='block_1_69' title="bbox 585 3638 1119 3709">
    <p class='ocr_par' dir='ltr' id='par_1_69' title="bbox 585 3638 1119 3709">
     <span class='ocr_line' id='line_1_69' title="bbox 585 3638 1119 3709; baseline 0.009 -20"><span class='ocrx_word' id='word_1_490' title='bbox 585 3654 737 3703; x_wconf 83' lang='lat' dir='ltr'><strong>super</strong></span> <span class='ocrx_word' id='word_1_491' title='bbox 761 3638 963 3691; x_wconf 85' lang='lat' dir='ltr'><strong>domum</strong></span> <span class='ocrx_word' id='word_1_492' title='bbox 990 3642 1119 3709; x_wconf 82' lang='lat' dir='ltr'><strong>ejus.</strong></span> 
     </span>
    </p>
   </div>
   <div class='ocr_carea' id='block_1_70' title="bbox 657 3720 2151 3805">
    <p class='ocr_par' dir='ltr' id='par_1_70' title="bbox 657 3720 2151 3805">
     <span class='ocr_line' id='line_1_70' title="bbox 657 3720 2151 3805; baseline 0.013 -28"><span class='ocrx_word' id='word_1_493' title='bbox 657 3727 803 3795; x_wconf 78' lang='lat'><strong>(897)</strong></span> <span class='ocrx_word' id='word_1_494' title='bbox 836 3726 1166 3785; x_wconf 70' lang='lat' dir='ltr'><strong>Exoreismus</strong></span> <span class='ocrx_word' id='word_1_495' title='bbox 1219 3734 1365 3787; x_wconf 77' lang='lat' dir='ltr'><strong>satis.</strong></span> <span class='ocrx_word' id='word_1_496' title='bbox 1394 3762 1464 3777; x_wconf 88' lang='lat'><strong>--</strong></span> <span class='ocrx_word' id='word_1_497' title='bbox 1495 3720 1752 3792; x_wconf 77' lang='lat' dir='ltr'><strong>Exorcizo</strong></span> <span class='ocrx_word' id='word_1_498' title='bbox 1798 3750 1868 3805; x_wconf 92' lang='lat' dir='ltr'><strong>te,</strong></span> <span class='ocrx_word' id='word_1_499' title='bbox 1912 3752 2151 3795; x_wconf 89' lang='lat' dir='ltr'><strong>creatura</strong></span> 
     </span>
    </p>
   </div>
   <div class='ocr_carea' id='block_1_71' title="bbox 584 3816 2149 3900">
    <p class='ocr_par' dir='ltr' id='par_1_71' title="bbox 584 3816 2149 3900">
     <span class='ocr_line' id='line_1_71' title="bbox 584 3816 2149 3900; baseline 0.015 -33"><span class='ocrx_word' id='word_1_500' title='bbox 584 3816 734 3880; x_wconf 88' lang='lat' dir='ltr'><strong>salis,</strong></span> <span class='ocrx_word' id='word_1_501' title='bbox 763 3831 856 3884; x_wconf 92' lang='lat' dir='ltr'><strong>per</strong></span> <span class='ocrx_word' id='word_1_502' title='bbox 882 3817 1049 3873; x_wconf 86' lang='lat' dir='ltr'><strong>Deum</strong></span> <span class='ocrx_word' id='word_1_503' title='bbox 1080 3821 1282 3887; x_wconf 88' lang='lat' dir='ltr'><strong>vivum,</strong></span> <span class='ocrx_word' id='word_1_504' title='bbox 1315 3841 1410 3891; x_wconf 92' lang='lat' dir='ltr'><strong>per</strong></span> <span class='ocrx_word' id='word_1_505' title='bbox 1438 3826 1600 3882; x_wconf 90' lang='lat' dir='ltr'><strong>Deum</strong></span> <span class='ocrx_word' id='word_1_506' title='bbox 1628 3845 1830 3896; x_wconf 90' lang='lat' dir='ltr'><strong>verum,</strong></span> <span class='ocrx_word' id='word_1_507' title='bbox 1863 3847 1958 3900; x_wconf 89' lang='lat' dir='ltr'><strong>per</strong></span> <span class='ocrx_word' id='word_1_508' title='bbox 1988 3834 2149 3889; x_wconf 90' lang='lat' dir='ltr'><strong>Deum</strong></span> 
     </span>
    </p>
   </div>
   <div class='ocr_carea' id='block_1_72' title="bbox 582 3908 2149 3990">
    <p class='ocr_par' dir='ltr' id='par_1_72' title="bbox 582 3908 2149 3990">
     <span class='ocr_line' id='line_1_72' title="bbox 582 3908 2149 3990; baseline 0.013 -33"><span class='ocrx_word' id='word_1_509' title='bbox 582 3908 668 3973; x_wconf 92' lang='lat' dir='ltr'><strong>qui</strong></span> <span class='ocrx_word' id='word_1_510' title='bbox 692 3914 742 3959; x_wconf 87' lang='lat' dir='ltr'><strong>te</strong></span> <span class='ocrx_word' id='word_1_511' title='bbox 773 3922 865 3974; x_wconf 89' lang='lat' dir='ltr'><strong>per</strong></span> <span class='ocrx_word' id='word_1_512' title='bbox 888 3908 1135 3965; x_wconf 69' lang='lat' dir='ltr'><strong>Elismum</strong></span> <span class='ocrx_word' id='word_1_513' title='bbox 1166 3915 1476 3982; x_wconf 87' lang='lat' dir='ltr'><strong>prophetam</strong></span> <span class='ocrx_word' id='word_1_514' title='bbox 1506 3918 1556 3970; x_wconf 93' lang='lat' dir='ltr'><strong>in</strong></span> <span class='ocrx_word' id='word_1_515' title='bbox 1587 3933 1782 3988; x_wconf 86' lang='lat' dir='ltr'><strong>aquam</strong></span> <span class='ocrx_word' id='word_1_516' title='bbox 1815 3922 1950 3976; x_wconf 89' lang='lat' dir='ltr'><strong>mitti</strong></span> <span class='ocrx_word' id='word_1_517' title='bbox 1970 3922 2149 3990; x_wconf 89' lang='lat' dir='ltr'><strong>jussit,</strong></span> 
     </span>
    </p>
   </div>
   <div class='ocr_carea' id='block_1_73' title="bbox 584 4006 2153 4079">
    <p class='ocr_par' dir='ltr' id='par_1_73' title="bbox 584 4006 2153 4079">
     <span class='ocr_line' id='line_1_73' title="bbox 584 4006 2153 4079; baseline 0.015 -30"><span class='ocrx_word' id='word_1_518' title='bbox 584 4006 643 4051; x_wconf 89' lang='lat' dir='ltr'><strong>ut</strong></span> <span class='ocrx_word' id='word_1_519' title='bbox 669 4012 945 4055; x_wconf 83' lang='lat' dir='ltr'><strong>saltaretur</strong></span> <span class='ocrx_word' id='word_1_520' title='bbox 973 4007 1229 4061; x_wconf 86' lang='lat' dir='ltr'><strong>sterilitas</strong></span> <span class='ocrx_word' id='word_1_521' title='bbox 1256 4024 1440 4079; x_wconf 58' lang='lat' dir='ltr'><strong>aquae;</strong></span> <span class='ocrx_word' id='word_1_522' title='bbox 1474 4022 1531 4066; x_wconf 92' lang='lat' dir='ltr'><strong>ut</strong></span> <span class='ocrx_word' id='word_1_523' title='bbox 1558 4014 1807 4071; x_wconf 79' lang='lat' dir='ltr'><strong>efﬂeiaris</strong></span> <span class='ocrx_word' id='word_1_524' title='bbox 1833 4019 1910 4073; x_wconf 89' lang='lat' dir='ltr'><strong>sal</strong></span> <span class='ocrx_word' id='word_1_525' title='bbox 1939 4022 2153 4074; x_wconf 81' lang='lat' dir='ltr'><strong>exorci-</strong></span> 
     </span>
    </p>
   </div>
   <div class='ocr_carea' id='block_1_74' title="bbox 584 4092 2149 4167">
    <p class='ocr_par' dir='ltr' id='par_1_74' title="bbox 584 4092 2149 4167">
     <span class='ocr_line' id='line_1_74' title="bbox 584 4092 2149 4167; baseline 0.017 -28"><span class='ocrx_word' id='word_1_526' title='bbox 584 4096 755 4142; x_wconf 86' lang='lat' dir='ltr'><strong>zatum</strong></span> <span class='ocrx_word' id='word_1_527' title='bbox 788 4092 837 4144; x_wconf 91' lang='lat' dir='ltr'><strong>in</strong></span> <span class='ocrx_word' id='word_1_528' title='bbox 865 4093 1084 4149; x_wconf 88' lang='lat' dir='ltr'><strong>salutem</strong></span> <span class='ocrx_word' id='word_1_529' title='bbox 1127 4094 1500 4167; x_wconf 46' lang='lat' dir='ltr'><strong>credentium,&#39;</strong></span> <span class='ocrx_word' id='word_1_530' title='bbox 1524 4115 1578 4159; x_wconf 87' lang='lat' dir='ltr'><strong>et</strong></span> <span class='ocrx_word' id='word_1_531' title='bbox 1605 4107 1679 4161; x_wconf 84' lang='lat' dir='ltr'><strong>sis</strong></span> <span class='ocrx_word' id='word_1_532' title='bbox 1705 4110 1948 4163; x_wconf 89' lang='lat' dir='ltr'><strong>omnibus</strong></span> <span class='ocrx_word' id='word_1_533' title='bbox 1981 4119 2032 4164; x_wconf 88' lang='lat' dir='ltr'><strong>te</strong></span> <span class='ocrx_word' id='word_1_534' title='bbox 2061 4128 2149 4167; x_wconf 91' lang='lat' dir='ltr'><strong>su-</strong></span> 
     </span>
    </p>
   </div>
   <div class='ocr_carea' id='block_1_75' title="bbox 583 4360 2143 4451">
    <p class='ocr_par' dir='ltr' id='par_1_75' title="bbox 583 4360 2143 4451">
     <span class='ocr_line' id='line_1_75' title="bbox 583 4360 2143 4451; baseline 0.019 -43"><span class='ocrx_word' id='word_1_535' title='bbox 583 4360 855 4423; x_wconf 85' lang='lat' dir='ltr'><strong>pliantasia</strong></span> <span class='ocrx_word' id='word_1_536' title='bbox 880 4372 934 4415; x_wconf 90' lang='lat' dir='ltr'><strong>et</strong></span> <span class='ocrx_word' id='word_1_537' title='bbox 958 4366 1207 4434; x_wconf 91' lang='lat' dir='ltr'><strong>nequitia,</strong></span> <span class='ocrx_word' id='word_1_538' title='bbox 1238 4372 1318 4424; x_wconf 89' lang='lat' dir='ltr'><strong>vel</strong></span> <span class='ocrx_word' id='word_1_539' title='bbox 1350 4378 1579 4428; x_wconf 87' lang='lat' dir='ltr'><strong>versutia</strong></span> <span class='ocrx_word' id='word_1_540' title='bbox 1610 4376 1889 4433; x_wconf 68' lang='lat' dir='ltr'><strong>diabolicae</strong></span> <span class='ocrx_word' id='word_1_541' title='bbox 1921 4381 2143 4451; x_wconf 82' lang='lat' dir='ltr'><strong>fraudis,</strong></span> 
     </span>
    </p>
   </div>
   <div class='ocr_carea' id='block_1_76' title="bbox 2265 3206 3847 3285">
    <p class='ocr_par' dir='ltr' id='par_1_76' title="bbox 2265 3206 3847 3285">
     <span class='ocr_line' id='line_1_76' title="bbox 2265 3206 3847 3285; baseline 0.006 -27"><span class='ocrx_word' id='word_1_542' title='bbox 2265 3218 2318 3258; x_wconf 91' lang='lat' dir='ltr'><strong>et</strong></span> <span class='ocrx_word' id='word_1_543' title='bbox 2340 3220 2489 3274; x_wconf 65' lang='lat' dir='ltr'><strong>aqua:</strong></span> <span class='ocrx_word' id='word_1_544' title='bbox 2517 3206 2798 3274; x_wconf 88' lang='lat' dir='ltr'><strong>dignanter</strong></span> <span class='ocrx_word' id='word_1_545' title='bbox 2824 3209 3074 3277; x_wconf 88' lang='lat' dir='ltr'><strong>accipias,</strong></span> <span class='ocrx_word' id='word_1_546' title='bbox 3106 3210 3366 3281; x_wconf 88' lang='lat' dir='ltr'><strong>benignus</strong></span> <span class='ocrx_word' id='word_1_547' title='bbox 3396 3213 3653 3280; x_wconf 89' lang='lat' dir='ltr'><strong>illustres,</strong></span> <span class='ocrx_word' id='word_1_548' title='bbox 3680 3218 3847 3285; x_wconf 84' lang='lat' dir='ltr'><strong>pieta-</strong></span> 
     </span>
    </p>
   </div>
   <div class='ocr_carea' id='block_1_77' title="bbox 2266 3296 3844 3375">
    <p class='ocr_par' dir='ltr' id='par_1_77' title="bbox 2266 3296 3844 3375">
     <span class='ocr_line' id='line_1_77' title="bbox 2266 3296 3844 3375; baseline 0.01 -28"><span class='ocrx_word' id='word_1_549' title='bbox 2266 3296 2331 3347; x_wconf 89' lang='lat' dir='ltr'><strong>tis</strong></span> <span class='ocrx_word' id='word_1_550' title='bbox 2364 3305 2469 3349; x_wconf 66' lang='lat' dir='ltr'><strong>tuai</strong></span> <span class='ocrx_word' id='word_1_551' title='bbox 2497 3311 2645 3352; x_wconf 88' lang='lat' dir='ltr'><strong>more</strong></span> <span class='ocrx_word' id='word_1_552' title='bbox 2667 3300 2988 3363; x_wconf 82' lang='lat' dir='ltr'><strong>sanctiﬁces,</strong></span> <span class='ocrx_word' id='word_1_553' title='bbox 3016 3310 3071 3354; x_wconf 92' lang='lat' dir='ltr'><strong>ut</strong></span> <span class='ocrx_word' id='word_1_554' title='bbox 3095 3302 3394 3373; x_wconf 74' lang='lat' dir='ltr'><strong>ubicunque</strong></span> <span class='ocrx_word' id='word_1_555' title='bbox 3417 3305 3579 3360; x_wconf 81' lang='lat' dir='ltr'><strong>fuerit</strong></span> <span class='ocrx_word' id='word_1_556' title='bbox 3600 3321 3844 3375; x_wconf 79' lang='lat' dir='ltr'><strong>aSpersa,</strong></span> 
     </span>
    </p>
   </div>
   <div class='ocr_carea' id='block_1_78' title="bbox 2265 3385 3848 3452">
    <p class='ocr_par' dir='ltr' id='par_1_78' title="bbox 2265 3385 3848 3452">
     <span class='ocr_line' id='line_1_78' title="bbox 2265 3385 3848 3452; baseline 0.009 -15"><span class='ocrx_word' id='word_1_557' title='bbox 2265 3399 2360 3451; x_wconf 89' lang='lat' dir='ltr'><strong>per</strong></span> <span class='ocrx_word' id='word_1_558' title='bbox 2393 3385 2784 3441; x_wconf 85' lang='lat' dir='ltr'><strong>invocationem</strong></span> <span class='ocrx_word' id='word_1_559' title='bbox 2811 3391 2981 3444; x_wconf 89' lang='lat' dir='ltr'><strong>sancti</strong></span> <span class='ocrx_word' id='word_1_560' title='bbox 3015 3394 3085 3445; x_wconf 91' lang='lat' dir='ltr'><strong>tui</strong></span> <span class='ocrx_word' id='word_1_561' title='bbox 3119 3395 3347 3448; x_wconf 89' lang='lat' dir='ltr'><strong>nominis</strong></span> <span class='ocrx_word' id='word_1_562' title='bbox 3370 3396 3543 3449; x_wconf 89' lang='lat' dir='ltr'><strong>omnis</strong></span> <span class='ocrx_word' id='word_1_563' title='bbox 3573 3398 3848 3452; x_wconf 70' lang='lat' dir='ltr'><strong>infestato</strong></span> 
     </span>
    </p>
   </div>
   <div class='ocr_carea' id='block_1_79' title="bbox 2263 3475 3843 3556">
    <p class='ocr_par' dir='ltr' id='par_1_79' title="bbox 2263 3475 3843 3556">
     <span class='ocr_line' id='line_1_79' title="bbox 2263 3475 3843 3556; baseline 0.012 -31"><span class='ocrx_word' id='word_1_564' title='bbox 2263 3475 2519 3528; x_wconf 89' lang='lat' dir='ltr'><strong>immundi</strong></span> <span class='ocrx_word' id='word_1_565' title='bbox 2558 3477 2775 3544; x_wconf 90' lang='lat' dir='ltr'><strong>spiritus</strong></span> <span class='ocrx_word' id='word_1_566' title='bbox 2825 3479 3124 3548; x_wconf 89' lang='lat' dir='ltr'><strong>abjiciatur,</strong></span> <span class='ocrx_word' id='word_1_567' title='bbox 3157 3484 3320 3555; x_wconf 66' lang='grc'><strong>234,</strong></span> <span class='ocrx_word' id='word_1_568' title='bbox 3348 3496 3628 3556; x_wconf 88' lang='lat' dir='ltr'><strong>terrorque</strong></span> <span class='ocrx_word' id='word_1_569' title='bbox 3666 3504 3843 3543; x_wconf 70' lang='lat' dir='ltr'><strong>vene-</strong></span> 
     </span>
    </p>
   </div>
   <div class='ocr_carea' id='block_1_80' title="bbox 2261 3568 3845 3648">
    <p class='ocr_par' dir='ltr' id='par_1_80' title="bbox 2261 3568 3845 3648">
     <span class='ocr_line' id='line_1_80' title="bbox 2261 3568 3845 3648; baseline 0.013 -30"><span class='ocrx_word' id='word_1_570' title='bbox 2261 3568 2380 3620; x_wconf 89' lang='lat' dir='ltr'><strong>nosi</strong></span> <span class='ocrx_word' id='word_1_571' title='bbox 2419 3571 2682 3637; x_wconf 90' lang='lat' dir='ltr'><strong>serpentis</strong></span> <span class='ocrx_word' id='word_1_572' title='bbox 2727 3574 2909 3641; x_wconf 90' lang='lat' dir='ltr'><strong>procul</strong></span> <span class='ocrx_word' id='word_1_573' title='bbox 2959 3576 3205 3645; x_wconf 90' lang='lat' dir='ltr'><strong>pellatur,</strong></span> <span class='ocrx_word' id='word_1_574' title='bbox 3253 3589 3306 3633; x_wconf 92' lang='lat' dir='ltr'><strong>et</strong></span> <span class='ocrx_word' id='word_1_575' title='bbox 3335 3582 3619 3648; x_wconf 67' lang='lat' dir='ltr'><strong>praesentia</strong></span> <span class='ocrx_word' id='word_1_576' title='bbox 3666 3586 3845 3638; x_wconf 86' lang='lat' dir='ltr'><strong>saneti</strong></span> 
     </span>
    </p>
   </div>
   <div class='ocr_carea' id='block_1_81' title="bbox 2261 3657 3847 3743">
    <p class='ocr_par' dir='ltr' id='par_1_81' title="bbox 2261 3657 3847 3743">
     <span class='ocr_line' id='line_1_81' title="bbox 2261 3657 3847 3743; baseline 0.011 -32"><span class='ocrx_word' id='word_1_577' title='bbox 2261 3657 2489 3725; x_wconf 83' lang='lat' dir='ltr'><strong>Spiritus</strong></span> <span class='ocrx_word' id='word_1_578' title='bbox 2545 3660 2700 3716; x_wconf 87' lang='lat' dir='ltr'><strong>nobis</strong></span> <span class='ocrx_word' id='word_1_579' title='bbox 2750 3663 3173 3722; x_wconf 88' lang='lat' dir='ltr'><strong>misericordiam</strong></span> <span class='ocrx_word' id='word_1_580' title='bbox 3240 3675 3581 3739; x_wconf 86' lang='lat' dir='ltr'><strong>poscentibus</strong></span> <span class='ocrx_word' id='word_1_581' title='bbox 3648 3674 3847 3743; x_wconf 85' lang='lat' dir='ltr'><strong>ubique</strong></span> 
     </span>
    </p>
   </div>
   <div class='ocr_carea' id='block_1_82' title="bbox 2259 3747 3213 3820">
    <p class='ocr_par' dir='ltr' id='par_1_82' title="bbox 2259 3747 3213 3820">
     <span class='ocr_line' id='line_1_82' title="bbox 2259 3747 3213 3820; baseline 0.016 -21"><span class='ocrx_word' id='word_1_582' title='bbox 2259 3747 2448 3803; x_wconf 91' lang='lat' dir='ltr'><strong>adesse</strong></span> <span class='ocrx_word' id='word_1_583' title='bbox 2477 3749 2744 3820; x_wconf 84' lang='lat' dir='ltr'><strong>dignetur.</strong></span> <span class='ocrx_word' id='word_1_584' title='bbox 2778 3753 2879 3808; x_wconf 90' lang='lat' dir='ltr'><strong>Per</strong></span> <span class='ocrx_word' id='word_1_585' title='bbox 2911 3755 3213 3814; x_wconf 89' lang='lat' dir='ltr'><strong>Dominum.</strong></span> 
     </span>
    </p>
   </div>
   <div class='ocr_carea' id='block_1_83' title="bbox 2473 3841 3619 3921">
    <p class='ocr_par' dir='ltr' id='par_1_83' title="bbox 2473 3841 3619 3921">
     <span class='ocr_line' id='line_1_83' title="bbox 2473 3841 3619 3921; baseline 0.014 -28"><span class='ocrx_word' id='word_1_586' title='bbox 2473 3841 2653 3895; x_wconf 85' lang='lat' dir='ltr'><strong>Oratio</strong></span> <span class='ocrx_word' id='word_1_587' title='bbox 2682 3848 2888 3914; x_wconf 83' lang='lat' dir='ltr'><strong>quando</strong></span> <span class='ocrx_word' id='word_1_588' title='bbox 2925 3864 3059 3918; x_wconf 82' lang='lat' dir='ltr'><strong>aqua</strong></span> <span class='ocrx_word' id='word_1_589' title='bbox 3087 3852 3344 3921; x_wconf 85' lang='lat' dir='ltr'><strong>spargitur</strong></span> <span class='ocrx_word' id='word_1_590' title='bbox 3365 3855 3416 3906; x_wconf 90' lang='lat' dir='ltr'><strong>in</strong></span> <span class='ocrx_word' id='word_1_591' title='bbox 3443 3864 3619 3910; x_wconf 76' lang='lat' dir='ltr'><strong>domo.</strong></span> 
     </span>
    </p>
   </div>
   <div class='ocr_carea' id='block_1_84' title="bbox 2330 3932 3840 4020">
    <p class='ocr_par' dir='ltr' id='par_1_84' title="bbox 2330 3932 3840 4020">
     <span class='ocr_line' id='line_1_84' title="bbox 2330 3932 3840 4020; baseline 0.015 -36"><span class='ocrx_word' id='word_1_592' title='bbox 2330 3932 2529 3988; x_wconf 79' lang='lat' dir='ltr'><strong>Exaudi</strong></span> <span class='ocrx_word' id='word_1_593' title='bbox 2577 3950 2695 4006; x_wconf 89' lang='lat' dir='ltr'><strong>nos,</strong></span> <span class='ocrx_word' id='word_1_594' title='bbox 2748 3938 2970 3995; x_wconf 91' lang='lat' dir='ltr'><strong>Domine</strong></span> <span class='ocrx_word' id='word_1_595' title='bbox 3011 3953 3226 4010; x_wconf 82' lang='lat' dir='ltr'><strong>sancte,</strong></span> <span class='ocrx_word' id='word_1_596' title='bbox 3271 3945 3428 4001; x_wconf 81' lang='lat' dir='ltr'><strong>Pater</strong></span> <span class='ocrx_word' id='word_1_597' title='bbox 3468 3952 3840 4020; x_wconf 89' lang='lat' dir='ltr'><strong>onmipotcns,</strong></span> 
     </span>
    </p>
   </div>
   <div class='ocr_carea' id='block_1_85' title="bbox 2255 4024 3843 4108">
    <p class='ocr_par' dir='ltr' id='par_1_85' title="bbox 2255 4024 3843 4108">
     <span class='ocr_line' id='line_1_85' title="bbox 2255 4024 3843 4108; baseline 0.013 -31"><span class='ocrx_word' id='word_1_598' title='bbox 2255 4024 2581 4093; x_wconf 86' lang='lat' dir='ltr'><strong>sempiterne</strong></span> <span class='ocrx_word' id='word_1_599' title='bbox 2612 4028 2777 4095; x_wconf 90' lang='lat' dir='ltr'><strong>Deus,</strong></span> <span class='ocrx_word' id='word_1_600' title='bbox 2808 4042 2863 4085; x_wconf 88' lang='lat' dir='ltr'><strong>et</strong></span> <span class='ocrx_word' id='word_1_601' title='bbox 2893 4031 3108 4088; x_wconf 89' lang='lat' dir='ltr'><strong>mittere</strong></span> <span class='ocrx_word' id='word_1_602' title='bbox 3146 4036 3366 4106; x_wconf 88' lang='lat' dir='ltr'><strong>dignare</strong></span> <span class='ocrx_word' id='word_1_603' title='bbox 3405 4040 3654 4108; x_wconf 87' lang='lat' dir='ltr'><strong>angelmn</strong></span> <span class='ocrx_word' id='word_1_604' title='bbox 3691 4051 3843 4097; x_wconf 88' lang='lat' dir='ltr'><strong>tuum</strong></span> 
     </span>
    </p>
   </div>
   <div class='ocr_carea' id='block_1_86' title="bbox 2256 4118 3842 4202">
    <p class='ocr_par' dir='ltr' id='par_1_86' title="bbox 2256 4118 3842 4202">
     <span class='ocr_line' id='line_1_86' title="bbox 2256 4118 3842 4202; baseline 0.014 -36"><span class='ocrx_word' id='word_1_605' title='bbox 2256 4124 2497 4170; x_wconf 88' lang='lat' dir='ltr'><strong>sanctum</strong></span> <span class='ocrx_word' id='word_1_606' title='bbox 2545 4118 2612 4173; x_wconf 88' lang='lat' dir='ltr'><strong>de</strong></span> <span class='ocrx_word' id='word_1_607' title='bbox 2648 4120 2823 4187; x_wconf 67' lang='lat' dir='ltr'><strong>caelis,</strong></span> <span class='ocrx_word' id='word_1_608' title='bbox 2876 4122 2961 4191; x_wconf 90' lang='lat' dir='ltr'><strong>qui</strong></span> <span class='ocrx_word' id='word_1_609' title='bbox 3003 4127 3289 4195; x_wconf 89' lang='lat' dir='ltr'><strong>custodiat,</strong></span> <span class='ocrx_word' id='word_1_610' title='bbox 3323 4130 3515 4196; x_wconf 79' lang='lat' dir='ltr'><strong>foveat,</strong></span> <span class='ocrx_word' id='word_1_611' title='bbox 3574 4144 3842 4202; x_wconf 85' lang='lat' dir='ltr'><strong>protegat,</strong></span> 
     </span>
    </p>
   </div>
   <div class='ocr_carea' id='block_1_87' title="bbox 2252 4210 3842 4279">
    <p class='ocr_par' dir='ltr' id='par_1_87' title="bbox 2252 4210 3842 4279">
     <span class='ocr_line' id='line_1_87' title="bbox 2252 4210 3842 4279; baseline 0.01 -16"><span class='ocrx_word' id='word_1_612' title='bbox 2252 4210 2452 4273; x_wconf 87' lang='lat' dir='ltr'><strong>visitet,</strong></span> <span class='ocrx_word' id='word_1_613' title='bbox 2485 4219 2538 4265; x_wconf 89' lang='lat' dir='ltr'><strong>et</strong></span> <span class='ocrx_word' id='word_1_614' title='bbox 2562 4210 2814 4267; x_wconf 79' lang='lat' dir='ltr'><strong>defendat</strong></span> <span class='ocrx_word' id='word_1_615' title='bbox 2855 4228 3041 4271; x_wconf 87' lang='lat' dir='ltr'><strong>omnes</strong></span> <span class='ocrx_word' id='word_1_616' title='bbox 3070 4215 3369 4275; x_wconf 89' lang='lat' dir='ltr'><strong>habitantes</strong></span> <span class='ocrx_word' id='word_1_617' title='bbox 3413 4222 3465 4275; x_wconf 89' lang='lat' dir='ltr'><strong>in</strong></span> <span class='ocrx_word' id='word_1_618' title='bbox 3496 4221 3602 4277; x_wconf 89' lang='lat' dir='ltr'><strong>hoc</strong></span> <span class='ocrx_word' id='word_1_619' title='bbox 3635 4225 3842 4279; x_wconf 79' lang='lat' dir='ltr'><strong>habita-</strong></span> 
     </span>
    </p>
   </div>
   <div class='ocr_carea' id='block_1_88' title="bbox 2252 4300 2542 4357">
    <p class='ocr_par' dir='ltr' id='par_1_88' title="bbox 2252 4300 2542 4357">
     <span class='ocr_line' id='line_1_88' title="bbox 2252 4300 2542 4357; baseline 0.01 -3"><span class='ocrx_word' id='word_1_620' title='bbox 2252 4300 2394 4355; x_wconf 92' lang='lat' dir='ltr'><strong>culo.</strong></span> <span class='ocrx_word' id='word_1_621' title='bbox 2420 4301 2542 4357; x_wconf 92' lang='lat' dir='ltr'><strong>Per.</strong></span> 
     </span>
    </p>
   </div>
   <div class='ocr_carea' id='block_1_89' title="bbox 2325 4394 3844 4477">
    <p class='ocr_par' dir='ltr' id='par_1_89' title="bbox 2325 4394 3844 4477">
     <span class='ocr_line' id='line_1_89' title="bbox 2325 4394 3844 4477; baseline 0.01 -30"><span class='ocrx_word' id='word_1_622' title='bbox 2325 4394 2621 4449; x_wconf 86' lang='lat' dir='ltr'><strong>Benedictio</strong></span> <span class='ocrx_word' id='word_1_623' title='bbox 2660 4398 2861 4451; x_wconf 85' lang='lat' dir='ltr'><strong>domus.</strong></span> <span class='ocrx_word' id='word_1_624' title='bbox 2891 4429 2960 4439; x_wconf 92' lang='lat'>—</span> <span class='ocrx_word' id='word_1_625' title='bbox 3000 4401 3221 4467; x_wconf 83' lang='lat' dir='ltr'><strong>Adesto,</strong></span> <span class='ocrx_word' id='word_1_626' title='bbox 3262 4403 3523 4472; x_wconf 82' lang='lat' dir='ltr'><strong>Domine,</strong></span> <span class='ocrx_word' id='word_1_627' title='bbox 3571 4409 3844 4477; x_wconf 76' lang='lat' dir='ltr'><strong>supplica-</strong></span> 
     </span>
    </p>
   </div>
   <div class='ocr_carea' id='block_1_90' title="bbox 579 4452 3841 4554">
    <p class='ocr_par' dir='ltr' id='par_1_90' title="bbox 579 4452 3841 4554">
     <span class='ocr_line' id='line_1_90' title="bbox 711 4452 3815 4477; baseline 0.001 -19"><span class='ocrx_word' id='word_1_628' title='bbox 711 4452 721 4458; x_wconf 92' lang='lat'><strong>.</strong></span> <span class='ocrx_word' id='word_1_629' title='bbox 989 4452 999 4463; x_wconf 84' lang='lat'><strong><em>.</em></strong></span> <span class='ocrx_word' id='word_1_630' title='bbox 1038 4454 1049 4465; x_wconf 87' lang='grc'><em>,</em></span> <span class='ocrx_word' id='word_1_631' title='bbox 3002 4452 3011 4453; x_wconf 35' lang='grc' dir='ltr'><em>κ</em></span> <span class='ocrx_word' id='word_1_632' title='bbox 3262 4452 3523 4472; x_wconf 71' lang='lat'><strong>_------.-,</strong></span> <span class='ocrx_word' id='word_1_633' title='bbox 3571 4452 3815 4477; x_wconf 65' lang='grc' dir='ltr'><strong>-..,,,,..ν..</strong></span> 
     </span>
     <span class='ocr_line' id='line_1_91' title="bbox 579 4458 3841 4554; baseline 0.005 -16"><span class='ocrx_word' id='word_1_634' title='bbox 579 4461 858 4554; x_wconf 57' lang='grc' dir='ltr'><strong>⁰¹¹Ϊη¹³ῳξ⁶</strong></span> <span class='ocrx_word' id='word_1_635' title='bbox 924 4465 1137 4553; x_wconf 62' lang='grc' dir='ltr'><strong>⁵β¹Γ¹¹¹ξ⁸</strong></span> <span class='ocrx_word' id='word_1_636' title='bbox 1164 4458 1495 4554; x_wconf 69' lang='lat' dir='ltr'><strong>__im&#39;&quot;“&quot;_d“5</strong></span> <span class='ocrx_word' id='word_1_637' title='bbox 1550 4466 1829 4535; x_wconf 63' lang='lat' dir='ltr'><strong>adiuralus</strong></span> <span class='ocrx_word' id='word_1_638' title='bbox 1878 4486 1970 4539; x_wconf 64' lang='lat' dir='ltr'><strong>PG?</strong></span> <span class='ocrx_word' id='word_1_639' title='bbox 2025 4489 2145 4529; x_wconf 78' lang='lat' dir='ltr'><strong>eum</strong></span> <span class='ocrx_word' id='word_1_640' title='bbox 2176 4477 2227 4537; x_wconf 90' lang='lat' dir='ltr'><strong>D</strong></span> <span class='ocrx_word' id='word_1_641' title='bbox 2255 4482 2487 4538; x_wconf 92' lang='lat' dir='ltr'><strong>tionibus</strong></span> <span class='ocrx_word' id='word_1_642' title='bbox 2530 4488 2751 4553; x_wconf 91' lang='lat' dir='ltr'><strong>nostris,</strong></span> <span class='ocrx_word' id='word_1_643' title='bbox 2784 4498 2837 4543; x_wconf 93' lang='lat' dir='ltr'><strong>et</strong></span> <span class='ocrx_word' id='word_1_644' title='bbox 2868 4488 3004 4544; x_wconf 88' lang='lat' dir='ltr'><strong>hanc</strong></span> <span class='ocrx_word' id='word_1_645' title='bbox 3036 4491 3252 4546; x_wconf 88' lang='lat' dir='ltr'><strong>domum</strong></span> <span class='ocrx_word' id='word_1_646' title='bbox 3297 4497 3503 4550; x_wconf 89' lang='lat' dir='ltr'><strong>serenis</strong></span> <span class='ocrx_word' id='word_1_647' title='bbox 3533 4501 3705 4553; x_wconf 86' lang='lat' dir='ltr'><strong>oculis</strong></span> <span class='ocrx_word' id='word_1_648' title='bbox 3739 4510 3841 4554; x_wconf 73' lang='lat' dir='ltr'><strong>tute</strong></span> 
     </span>
    </p>
   </div>
   <div class='ocr_carea' id='block_1_91' title="bbox 581 4536 2145 4625">
    <p class='ocr_par' dir='ltr' id='par_1_91' title="bbox 581 4536 2145 4625">
     <span class='ocr_line' id='line_1_92' title="bbox 581 4536 2145 4625; baseline 0.022 -40"><span class='ocrx_word' id='word_1_649' title='bbox 581 4536 669 4599; x_wconf 86' lang='lat' dir='ltr'><strong>qui</strong></span> <span class='ocrx_word' id='word_1_650' title='bbox 701 4545 955 4591; x_wconf 83' lang='lat' dir='ltr'><strong>venturus</strong></span> <span class='ocrx_word' id='word_1_651' title='bbox 984 4552 1064 4594; x_wconf 88' lang='lat' dir='ltr'><strong>est</strong></span> <span class='ocrx_word' id='word_1_652' title='bbox 1085 4543 1324 4610; x_wconf 86' lang='lat' dir='ltr'><strong>judicare</strong></span> <span class='ocrx_word' id='word_1_653' title='bbox 1353 4551 1501 4606; x_wconf 85' lang='lat' dir='ltr'><strong>vivos</strong></span> <span class='ocrx_word' id='word_1_654' title='bbox 1531 4566 1585 4607; x_wconf 89' lang='lat' dir='ltr'><strong>et</strong></span> <span class='ocrx_word' id='word_1_655' title='bbox 1614 4536 1958 4625; x_wconf 42' lang='lat' dir='ltr'><strong>tnortuos,_et</strong></span> <span class='ocrx_word' id='word_1_656' title='bbox 1978 4577 2145 4618; x_wconf 67' lang='lat' dir='ltr'><strong>saecu-</strong></span> 
     </span>
    </p>
   </div>
   <div class='ocr_carea' id='block_1_92' title="bbox 585 4625 1033 4691">
    <p class='ocr_par' dir='ltr' id='par_1_92' title="bbox 585 4625 1033 4691">
     <span class='ocr_line' id='line_1_93' title="bbox 585 4625 1033 4691; baseline 0.016 -17"><span class='ocrx_word' id='word_1_657' title='bbox 585 4625 691 4676; x_wconf 88' lang='lat' dir='ltr'><strong>lum</strong></span> <span class='ocrx_word' id='word_1_658' title='bbox 722 4639 813 4691; x_wconf 91' lang='lat' dir='ltr'><strong>per</strong></span> <span class='ocrx_word' id='word_1_659' title='bbox 843 4630 1033 4691; x_wconf 87' lang='lat' dir='ltr'><strong>ignem.</strong></span> 
     </span>
    </p>
   </div>
   <div class='ocr_carea' id='block_1_93' title="bbox 652 4710 2137 4816">
    <p class='ocr_par' dir='ltr' id='par_1_93' title="bbox 652 4710 2137 4816">
     <span class='ocr_line' id='line_1_94' title="bbox 652 4710 2137 4816; baseline 0.027 -55"><span class='ocrx_word' id='word_1_660' title='bbox 652 4710 943 4812; x_wconf 75' lang='lat' dir='ltr'><strong>Benedictio</strong></span> <span class='ocrx_word' id='word_1_661' title='bbox 973 4719 1114 4772; x_wconf 82' lang='lat' dir='ltr'><strong>salis.</strong></span> <span class='ocrx_word' id='word_1_662' title='bbox 1141 4751 1210 4764; x_wconf 91' lang='lat'><strong>—</strong></span> <span class='ocrx_word' id='word_1_663' title='bbox 1232 4724 1546 4784; x_wconf 89' lang='lat' dir='ltr'><strong>lmmensam</strong></span> <span class='ocrx_word' id='word_1_664' title='bbox 1585 4734 1921 4794; x_wconf 84' lang='lat' dir='ltr'><strong>clementiam</strong></span> <span class='ocrx_word' id='word_1_665' title='bbox 1974 4753 2137 4816; x_wconf 91' lang='lat' dir='ltr'><strong>tuam,</strong></span> 
     </span>
    </p>
   </div>
   <div class='ocr_carea' id='block_1_94' title="bbox 577 4801 2139 4901">
    <p class='ocr_par' dir='ltr' id='par_1_94' title="bbox 577 4801 2139 4901">
     <span class='ocr_line' id='line_1_95' title="bbox 577 4801 2139 4901; baseline 0.028 -52"><span class='ocrx_word' id='word_1_666' title='bbox 577 4801 914 4901; x_wconf 76' lang='lat' dir='ltr'><strong>omnipotens</strong></span> <span class='ocrx_word' id='word_1_667' title='bbox 951 4815 1145 4865; x_wconf 67' lang='lat' dir='ltr'><strong>atterite</strong></span> <span class='ocrx_word' id='word_1_668' title='bbox 1173 4814 1333 4883; x_wconf 91' lang='lat' dir='ltr'><strong>Deus,</strong></span> <span class='ocrx_word' id='word_1_669' title='bbox 1370 4820 1642 4879; x_wconf 92' lang='lat' dir='ltr'><strong>humiliter</strong></span> <span class='ocrx_word' id='word_1_670' title='bbox 1682 4826 2048 4901; x_wconf 88' lang='lat' dir='ltr'><strong>imploramus,</strong></span> <span class='ocrx_word' id='word_1_671' title='bbox 2087 4801 2139 4893; x_wconf 69' lang='grc' dir='ltr'><strong>ιιί</strong></span> 
     </span>
    </p>
   </div>
   <div class='ocr_carea' id='block_1_95' title="bbox 577 4888 2135 4986">
    <p class='ocr_par' dir='ltr' id='par_1_95' title="bbox 577 4888 2135 4986">
     <span class='ocr_line' id='line_1_96' title="bbox 577 4888 2135 4986; baseline 0.025 -46"><span class='ocrx_word' id='word_1_672' title='bbox 577 4888 1036 4986; x_wconf 66' lang='lat' dir='ltr'><strong>hanccreaturam</strong></span> <span class='ocrx_word' id='word_1_673' title='bbox 1066 4902 1386 4974; x_wconf 88' lang='lat' dir='ltr'><strong>salis,quam</strong></span> <span class='ocrx_word' id='word_1_674' title='bbox 1418 4910 1469 4964; x_wconf 92' lang='lat' dir='ltr'><strong>in</strong></span> <span class='ocrx_word' id='word_1_675' title='bbox 1504 4927 1654 4968; x_wconf 89' lang='lat' dir='ltr'><strong>usum</strong></span> <span class='ocrx_word' id='word_1_676' title='bbox 1685 4919 1894 4986; x_wconf 84' lang='lat' dir='ltr'><strong>generis</strong></span> <span class='ocrx_word' id='word_1_677' title='bbox 1922 4888 2135 4981; x_wconf 72' lang='lat' dir='ltr'><strong>huniani</strong></span> 
     </span>
    </p>
   </div>
   <div class='ocr_carea' id='block_1_96' title="bbox 575 4978 2137 5078">
    <p class='ocr_par' dir='ltr' id='par_1_96' title="bbox 575 4978 2137 5078">
     <span class='ocr_line' id='line_1_97' title="bbox 575 4978 2137 5078; baseline 0.026 -48"><span class='ocrx_word' id='word_1_678' title='bbox 575 4978 827 5078; x_wconf 80' lang='lat' dir='ltr'><strong>tribuisti,</strong></span> <span class='ocrx_word' id='word_1_679' title='bbox 876 4981 1187 5046; x_wconf 88' lang='lat' dir='ltr'><strong>benedicere</strong></span> <span class='ocrx_word' id='word_1_680' title='bbox 1235 5004 1291 5049; x_wconf 90' lang='lat' dir='ltr'><strong>et</strong></span> <span class='ocrx_word' id='word_1_681' title='bbox 1333 5002 1664 5060; x_wconf 86' lang='lat' dir='ltr'><strong>sanctiﬁcare</strong></span> <span class='ocrx_word' id='word_1_682' title='bbox 1687 4978 1791 5062; x_wconf 44' lang='lat' dir='ltr'><strong>&#39;tua</strong></span> <span class='ocrx_word' id='word_1_683' title='bbox 1831 5010 2025 5078; x_wconf 87' lang='lat' dir='ltr'><strong>pietate</strong></span> <span class='ocrx_word' id='word_1_684' title='bbox 2053 4978 2137 5071; x_wconf 17' lang='lat' dir='ltr'><strong>dii-</strong></span> 
     </span>
    </p>
   </div>
   <div class='ocr_carea' id='block_1_97' title="bbox 579 5256 2134 5356">
    <p class='ocr_par' dir='ltr' id='par_1_97' title="bbox 579 5256 2134 5356">
     <span class='ocr_line' id='line_1_98' title="bbox 579 5256 2134 5356; baseline 0.027 -51"><span class='ocrx_word' id='word_1_685' title='bbox 579 5256 726 5353; x_wconf 78' lang='lat' dir='ltr'><strong>omni</strong></span> <span class='ocrx_word' id='word_1_686' title='bbox 761 5256 1103 5356; x_wconf 42' lang='lat' dir='ltr'><strong>.intmnunditia</strong></span> <span class='ocrx_word' id='word_1_687' title='bbox 1151 5272 1398 5340; x_wconf 86' lang='lat' dir='ltr'><strong>omnique</strong></span> <span class='ocrx_word' id='word_1_688' title='bbox 1438 5280 1836 5348; x_wconf 86' lang='lat' dir='ltr'><strong>impugnatione</strong></span> <span class='ocrx_word' id='word_1_689' title='bbox 1881 5288 2134 5356; x_wconf 81' lang='lat' dir='ltr'><strong>spiritalis</strong></span> 
     </span>
    </p>
   </div>
   <div class='ocr_carea' id='block_1_98' title="bbox 574 5345 1000 5410">
    <p class='ocr_par' dir='ltr' id='par_1_98' title="bbox 574 5345 1000 5410">
     <span class='ocr_line' id='line_1_99' title="bbox 574 5345 1000 5410; baseline 0.021 -17"><span class='ocrx_word' id='word_1_690' title='bbox 574 5345 843 5410; x_wconf 60' lang='lat' dir='ltr'><strong>nequitia}.</strong></span> <span class='ocrx_word' id='word_1_691' title='bbox 877 5345 1000 5402; x_wconf 86' lang='lat' dir='ltr'><strong>Per.</strong></span> 
     </span>
    </p>
   </div>
   <div class='ocr_carea' id='block_1_99' title="bbox 528 5432 2124 5538">
    <p class='ocr_par' dir='ltr' id='par_1_99' title="bbox 528 5432 2124 5538">
     <span class='ocr_line' id='line_1_100' title="bbox 528 5432 2124 5538; baseline 0.026 -57"><span class='ocrx_word' id='word_1_692' title='bbox 528 5436 549 5536; x_wconf 43' lang='grc' dir='ltr'><strong>ἶ</strong></span> <span class='ocrx_word' id='word_1_693' title='bbox 644 5432 969 5491; x_wconf 71' lang='lat' dir='ltr'><strong>Exorcismns</strong></span> <span class='ocrx_word' id='word_1_694' title='bbox 998 5456 1161 5497; x_wconf 76' lang='lat' dir='ltr'><strong>antire.</strong></span> <span class='ocrx_word' id='word_1_695' title='bbox 1192 5476 1263 5486; x_wconf 94' lang='lat'><em>—</em></span> <span class='ocrx_word' id='word_1_696' title='bbox 1294 5448 1547 5511; x_wconf 85' lang='lat' dir='ltr'><strong>Exorcizo</strong></span> <span class='ocrx_word' id='word_1_697' title='bbox 1576 5466 1649 5524; x_wconf 93' lang='lat' dir='ltr'><strong>te,</strong></span> <span class='ocrx_word' id='word_1_698' title='bbox 1676 5473 1917 5518; x_wconf 86' lang='lat' dir='ltr'><strong>creatura</strong></span> <span class='ocrx_word' id='word_1_699' title='bbox 1955 5480 2124 5538; x_wconf 82' lang='lat' dir='ltr'><strong>aquae,</strong></span> 
     </span>
    </p>
   </div>
   <div class='ocr_carea' id='block_1_100' title="bbox 642 5564 2115 5658">
    <p class='ocr_par' dir='ltr' id='par_1_100' title="bbox 642 5564 2115 5658">
     <span class='ocr_line' id='line_1_101' title="bbox 642 5564 2115 5658; baseline 0.031 -47"><span class='ocrx_word' id='word_1_700' title='bbox 886 5570 1106 5658; x_wconf 64' lang='lat' dir='ltr'><strong>Codice,</strong></span> <span class='ocrx_word' id='word_1_701' title='bbox 1128 5580 1227 5658; x_wconf 50' lang='grc' dir='ltr'><strong>ιιὶιί</strong></span> <span class='ocrx_word' id='word_1_702' title='bbox 1264 5588 1435 5658; x_wconf 73' lang='lat' dir='ltr'><strong>tamen</strong></span> <span class='ocrx_word' id='word_1_703' title='bbox 1474 5589 1740 5647; x_wconf 81' lang='lat' dir='ltr'><strong>Pamclius</strong></span> <span class='ocrx_word' id='word_1_704' title='bbox 1771 5606 2009 5653; x_wconf 85' lang='lat' dir='ltr'><strong>autumat</strong></span> <span class='ocrx_word' id='word_1_705' title='bbox 2036 5609 2115 5658; x_wconf 80' lang='lat' dir='ltr'><strong>ie-</strong></span> 
     </span>
    </p>
   </div>
   <div class='ocr_carea' id='block_1_101' title="bbox 572 5632 2115 5734">
    <p class='ocr_par' dir='ltr' id='par_1_101' title="bbox 572 5632 2115 5734">
     <span class='ocr_line' id='line_1_102' title="bbox 572 5632 2115 5734; baseline 0.032 -52"><span class='ocrx_word' id='word_1_706' title='bbox 572 5632 798 5696; x_wconf 72' lang='lat' dir='ltr'><strong>gendttttt</strong></span> <span class='ocrx_word' id='word_1_707' title='bbox 851 5632 1220 5707; x_wconf 64' lang='lat' dir='ltr'><strong>insuperabilis.</strong></span> 
     </span>
    </p>
   </div>
   <div class='ocr_carea' id='block_1_102' title="bbox 2250 4574 3836 4651">
    <p class='ocr_par' dir='ltr' id='par_1_102' title="bbox 2250 4574 3836 4651">
     <span class='ocr_line' id='line_1_103' title="bbox 2250 4574 3836 4651; baseline 0.011 -24"><span class='ocrx_word' id='word_1_708' title='bbox 2250 4574 2459 4642; x_wconf 89' lang='lat' dir='ltr'><strong>pietatis</strong></span> <span class='ocrx_word' id='word_1_709' title='bbox 2515 4575 2745 4630; x_wconf 86' lang='lat' dir='ltr'><strong>illustra.</strong></span> <span class='ocrx_word' id='word_1_710' title='bbox 2796 4578 3095 4635; x_wconf 88' lang='lat' dir='ltr'><strong>Descendat</strong></span> <span class='ocrx_word' id='word_1_711' title='bbox 3143 4598 3305 4651; x_wconf 91' lang='lat' dir='ltr'><strong>super</strong></span> <span class='ocrx_word' id='word_1_712' title='bbox 3338 4585 3643 4643; x_wconf 88' lang='lat' dir='ltr'><strong>habitantes</strong></span> <span class='ocrx_word' id='word_1_713' title='bbox 3692 4591 3745 4644; x_wconf 93' lang='lat' dir='ltr'><strong>in</strong></span> <span class='ocrx_word' id='word_1_714' title='bbox 3775 4606 3836 4643; x_wconf 91' lang='lat' dir='ltr'><strong>ea</strong></span> 
     </span>
    </p>
   </div>
   <div class='ocr_carea' id='block_1_103' title="bbox 2247 4664 3838 4737">
    <p class='ocr_par' dir='ltr' id='par_1_103' title="bbox 2247 4664 3838 4737">
     <span class='ocr_line' id='line_1_104' title="bbox 2247 4664 3838 4737; baseline 0.013 -23"><span class='ocrx_word' id='word_1_715' title='bbox 2247 4664 2431 4731; x_wconf 75' lang='lat' dir='ltr'><strong>gratiae</strong></span> <span class='ocrx_word' id='word_1_716' title='bbox 2482 4674 2584 4718; x_wconf 73' lang='lat' dir='ltr'><strong>tute</strong></span> <span class='ocrx_word' id='word_1_717' title='bbox 2615 4667 2758 4736; x_wconf 87' lang='lat' dir='ltr'><strong>larga</strong></span> <span class='ocrx_word' id='word_1_718' title='bbox 2810 4669 3137 4737; x_wconf 80' lang='lat' dir='ltr'><strong>benedictio,</strong></span> <span class='ocrx_word' id='word_1_719' title='bbox 3187 4683 3241 4726; x_wconf 91' lang='lat' dir='ltr'><strong>ut</strong></span> <span class='ocrx_word' id='word_1_720' title='bbox 3285 4674 3336 4727; x_wconf 90' lang='lat' dir='ltr'><strong>in</strong></span> <span class='ocrx_word' id='word_1_721' title='bbox 3380 4674 3462 4729; x_wconf 89' lang='lat' dir='ltr'><strong>his</strong></span> <span class='ocrx_word' id='word_1_722' title='bbox 3512 4682 3838 4734; x_wconf 78' lang='lat' dir='ltr'><strong>manufactis</strong></span> 
     </span>
    </p>
   </div>
   <div class='ocr_carea' id='block_1_104' title="bbox 2250 4753 3835 4836">
    <p class='ocr_par' dir='ltr' id='par_1_104' title="bbox 2250 4753 3835 4836">
     <span class='ocr_line' id='line_1_105' title="bbox 2250 4753 3835 4836; baseline 0.011 -30"><span class='ocrx_word' id='word_1_723' title='bbox 2250 4753 2570 4809; x_wconf 86' lang='lat' dir='ltr'><strong>habitaculis</strong></span> <span class='ocrx_word' id='word_1_724' title='bbox 2618 4772 2740 4809; x_wconf 88' lang='lat' dir='ltr'><strong>cum</strong></span> <span class='ocrx_word' id='word_1_725' title='bbox 2792 4760 3105 4815; x_wconf 88' lang='lat' dir='ltr'><strong>salubritate</strong></span> <span class='ocrx_word' id='word_1_726' title='bbox 3156 4765 3494 4820; x_wconf 87' lang='lat' dir='ltr'><strong>manentibus</strong></span> <span class='ocrx_word' id='word_1_727' title='bbox 3536 4768 3638 4836; x_wconf 91' lang='lat' dir='ltr'><strong>ipsi</strong></span> <span class='ocrx_word' id='word_1_728' title='bbox 3686 4779 3835 4824; x_wconf 89' lang='lat' dir='ltr'><strong>tuum</strong></span> 
     </span>
    </p>
   </div>
   <div class='ocr_carea' id='block_1_105' title="bbox 2245 4849 3478 4914">
    <p class='ocr_par' dir='ltr' id='par_1_105' title="bbox 2245 4849 3478 4914">
     <span class='ocr_line' id='line_1_106' title="bbox 2245 4849 3478 4914; baseline 0.01 -15"><span class='ocrx_word' id='word_1_729' title='bbox 2245 4860 2458 4914; x_wconf 87' lang='lat' dir='ltr'><strong>semper</strong></span> <span class='ocrx_word' id='word_1_730' title='bbox 2492 4849 2599 4901; x_wconf 90' lang='lat' dir='ltr'><strong>sint</strong></span> <span class='ocrx_word' id='word_1_731' title='bbox 2627 4849 3010 4905; x_wconf 87' lang='lat' dir='ltr'><strong>habitaculum.</strong></span> <span class='ocrx_word' id='word_1_732' title='bbox 3045 4853 3145 4908; x_wconf 87' lang='lat' dir='ltr'><strong>Per</strong></span> <span class='ocrx_word' id='word_1_733' title='bbox 3178 4855 3478 4911; x_wconf 82' lang='lat' dir='ltr'><strong>Dominum.</strong></span> 
     </span>
    </p>
   </div>
   <div class='ocr_carea' id='block_1_106' title="bbox 2314 4937 3827 5015">
    <p class='ocr_par' dir='ltr' id='par_1_106' title="bbox 2314 4937 3827 5015">
     <span class='ocr_line' id='line_1_107' title="bbox 2314 4937 3827 5015; baseline 0.008 -26"><span class='ocrx_word' id='word_1_734' title='bbox 2314 4937 2450 4991; x_wconf 85' lang='lat' dir='ltr'><strong>Alia.</strong></span> <span class='ocrx_word' id='word_1_735' title='bbox 2478 4968 2549 4978; x_wconf 97' lang='lat'><strong><em>—</em></strong></span> <span class='ocrx_word' id='word_1_736' title='bbox 2573 4940 2774 4996; x_wconf 87' lang='lat' dir='ltr'><strong>Exaudi</strong></span> <span class='ocrx_word' id='word_1_737' title='bbox 2805 4957 2922 5008; x_wconf 84' lang='lat' dir='ltr'><strong>nos,</strong></span> <span class='ocrx_word' id='word_1_738' title='bbox 2959 4945 3182 5001; x_wconf 86' lang='lat' dir='ltr'><strong>Domine</strong></span> <span class='ocrx_word' id='word_1_739' title='bbox 3212 4961 3416 5015; x_wconf 90' lang='lat' dir='ltr'><strong>sancte,</strong></span> <span class='ocrx_word' id='word_1_740' title='bbox 3452 4950 3610 5004; x_wconf 89' lang='lat' dir='ltr'><strong>Pater</strong></span> <span class='ocrx_word' id='word_1_741' title='bbox 3652 4958 3827 5006; x_wconf 70' lang='lat' dir='ltr'><strong>omn?-</strong></span> 
     </span>
    </p>
   </div>
   <div class='ocr_carea' id='block_1_107' title="bbox 2244 5036 3831 5115">
    <p class='ocr_par' dir='ltr' id='par_1_107' title="bbox 2244 5036 3831 5115">
     <span class='ocr_line' id='line_1_108' title="bbox 2244 5036 3831 5115; baseline 0.011 -32"><span class='ocrx_word' id='word_1_742' title='bbox 2244 5043 2456 5099; x_wconf 85' lang='lat' dir='ltr'><strong>potens,</strong></span> <span class='ocrx_word' id='word_1_743' title='bbox 2487 5040 2688 5089; x_wconf 77' lang='lat' dir='ltr'><strong>:eterne</strong></span> <span class='ocrx_word' id='word_1_744' title='bbox 2723 5036 2886 5102; x_wconf 89' lang='lat' dir='ltr'><strong>Deus,</strong></span> <span class='ocrx_word' id='word_1_745' title='bbox 2926 5048 2985 5092; x_wconf 90' lang='lat' dir='ltr'><strong>ut</strong></span> <span class='ocrx_word' id='word_1_746' title='bbox 3012 5040 3055 5093; x_wconf 91' lang='lat' dir='ltr'><strong>si</strong></span> <span class='ocrx_word' id='word_1_747' title='bbox 3079 5055 3181 5108; x_wconf 87' lang='lat' dir='ltr'><strong>qua</strong></span> <span class='ocrx_word' id='word_1_748' title='bbox 3208 5052 3329 5097; x_wconf 85' lang='lat' dir='ltr'><strong>sunt</strong></span> <span class='ocrx_word' id='word_1_749' title='bbox 3359 5053 3604 5111; x_wconf 82' lang='lat' dir='ltr'><strong>adversa,</strong></span> <span class='ocrx_word' id='word_1_750' title='bbox 3650 5047 3693 5099; x_wconf 77' lang='lat' dir='ltr'><strong>si</strong></span> <span class='ocrx_word' id='word_1_751' title='bbox 3726 5063 3831 5115; x_wconf 87' lang='lat' dir='ltr'><strong>qua</strong></span> 
     </span>
    </p>
   </div>
   <div class='ocr_carea' id='block_1_108' title="bbox 2241 5124 3831 5201">
    <p class='ocr_par' dir='ltr' id='par_1_108' title="bbox 2241 5124 3831 5201">
     <span class='ocr_line' id='line_1_109' title="bbox 2241 5124 3831 5201; baseline 0.013 -27"><span class='ocrx_word' id='word_1_752' title='bbox 2241 5124 2511 5179; x_wconf 87' lang='lat' dir='ltr'><strong>contraria</strong></span> <span class='ocrx_word' id='word_1_753' title='bbox 2557 5127 2608 5179; x_wconf 92' lang='lat' dir='ltr'><strong>in</strong></span> <span class='ocrx_word' id='word_1_754' title='bbox 2652 5126 2750 5181; x_wconf 82' lang='lat' dir='ltr'><strong>hac</strong></span> <span class='ocrx_word' id='word_1_755' title='bbox 2800 5129 2961 5181; x_wconf 91' lang='lat' dir='ltr'><strong>domo</strong></span> <span class='ocrx_word' id='word_1_756' title='bbox 3012 5130 3189 5185; x_wconf 78' lang='lat' dir='ltr'><strong>famuli</strong></span> <span class='ocrx_word' id='word_1_757' title='bbox 3243 5134 3463 5201; x_wconf 81' lang='lat' dir='ltr'><strong>tuilll.,</strong></span> <span class='ocrx_word' id='word_1_758' title='bbox 3505 5140 3831 5195; x_wconf 80' lang='lat' dir='ltr'><strong>auctoritate</strong></span> 
     </span>
    </p>
   </div>
   <div class='ocr_carea' id='block_1_109' title="bbox 2240 5212 3130 5285">
    <p class='ocr_par' dir='ltr' id='par_1_109' title="bbox 2240 5212 3130 5285">
     <span class='ocr_line' id='line_1_110' title="bbox 2240 5212 3130 5285; baseline 0.013 -21"><span class='ocrx_word' id='word_1_759' title='bbox 2240 5212 2528 5281; x_wconf 83' lang='lat' dir='ltr'><strong>Majestatis</strong></span> <span class='ocrx_word' id='word_1_760' title='bbox 2568 5225 2669 5269; x_wconf 78' lang='lat' dir='ltr'><strong>tua:</strong></span> <span class='ocrx_word' id='word_1_761' title='bbox 2700 5217 2981 5285; x_wconf 90' lang='lat' dir='ltr'><strong>pellantur.</strong></span> <span class='ocrx_word' id='word_1_762' title='bbox 3009 5221 3130 5276; x_wconf 75' lang='lat' dir='ltr'><strong>Per.</strong></span> 
     </span>
    </p>
   </div>
   <div class='ocr_carea' id='block_1_110' title="bbox 2310 5303 3823 5386">
    <p class='ocr_par' dir='ltr' id='par_1_110' title="bbox 2310 5303 3823 5386">
     <span class='ocr_line' id='line_1_111' title="bbox 2310 5303 3823 5386; baseline 0.014 -31"><span class='ocrx_word' id='word_1_763' title='bbox 2310 5303 2468 5373; x_wconf 83' lang='grc'>(898)</span> <span class='ocrx_word' id='word_1_764' title='bbox 2500 5303 2794 5360; x_wconf 83' lang='lat' dir='ltr'><strong>Benedictio</strong></span> <span class='ocrx_word' id='word_1_765' title='bbox 2824 5324 2931 5362; x_wconf 68' lang='lat' dir='ltr'><strong>uva:</strong></span> <span class='ocrx_word' id='word_1_766' title='bbox 2970 5311 3047 5363; x_wconf 82' lang='lat' dir='ltr'><strong>vel</strong></span> <span class='ocrx_word' id='word_1_767' title='bbox 3091 5311 3240 5383; x_wconf 87' lang='grc'>(899)</span> <span class='ocrx_word' id='word_1_768' title='bbox 3274 5318 3422 5385; x_wconf 77' lang='lat' dir='ltr'><strong>fame.</strong></span> <span class='ocrx_word' id='word_1_769' title='bbox 3451 5344 3513 5359; x_wconf 85' lang='lat'><strong>--</strong></span> <span class='ocrx_word' id='word_1_770' title='bbox 3544 5319 3823 5386; x_wconf 85' lang='lat' dir='ltr'><strong>Benedic,</strong></span> 
     </span>
    </p>
   </div>
   <div class='ocr_carea' id='block_1_111' title="bbox 2239 5392 3821 5483">
    <p class='ocr_par' dir='ltr' id='par_1_111' title="bbox 2239 5392 3821 5483">
     <span class='ocr_line' id='line_1_112' title="bbox 2239 5392 3821 5483; baseline 0.013 -37"><span class='ocrx_word' id='word_1_771' title='bbox 2239 5392 2489 5459; x_wconf 88' lang='lat' dir='ltr'><strong>Domine,</strong></span> <span class='ocrx_word' id='word_1_772' title='bbox 2521 5397 2617 5449; x_wconf 91' lang='lat' dir='ltr'><strong>hos</strong></span> <span class='ocrx_word' id='word_1_773' title='bbox 2646 5397 2845 5451; x_wconf 78' lang='lat' dir='ltr'><strong>fruetus</strong></span> <span class='ocrx_word' id='word_1_774' title='bbox 2882 5415 3051 5456; x_wconf 90' lang='lat' dir='ltr'><strong>novos</strong></span> <span class='ocrx_word' id='word_1_775' title='bbox 3078 5419 3217 5470; x_wconf 68' lang='lat' dir='ltr'><strong>uvce,</strong></span> <span class='ocrx_word' id='word_1_776' title='bbox 3254 5408 3358 5462; x_wconf 86' lang='lat' dir='ltr'><strong>sive</strong></span> <span class='ocrx_word' id='word_1_777' title='bbox 3390 5408 3544 5474; x_wconf 69' lang='lat' dir='ltr'><strong>favaz,</strong></span> <span class='ocrx_word' id='word_1_778' title='bbox 3576 5428 3713 5481; x_wconf 89' lang='lat' dir='ltr'><strong>quos</strong></span> <span class='ocrx_word' id='word_1_779' title='bbox 3738 5422 3821 5483; x_wconf 88' lang='lat' dir='ltr'><strong>ttt,</strong></span> 
     </span>
    </p>
   </div>
   <div class='ocr_carea' id='block_1_112' title="bbox 2244 5482 3820 5577">
    <p class='ocr_par' dir='ltr' id='par_1_112' title="bbox 2244 5482 3820 5577">
     <span class='ocr_line' id='line_1_113' title="bbox 2244 5482 3820 5577; baseline 0.019 -44"><span class='ocrx_word' id='word_1_780' title='bbox 2244 5482 2491 5549; x_wconf 89' lang='lat' dir='ltr'><strong>Domine,</strong></span> <span class='ocrx_word' id='word_1_781' title='bbox 2519 5500 2612 5554; x_wconf 90' lang='lat' dir='ltr'><strong>per</strong></span> <span class='ocrx_word' id='word_1_782' title='bbox 2643 5502 2817 5542; x_wconf 89' lang='lat' dir='ltr'><strong>rorem</strong></span> <span class='ocrx_word' id='word_1_783' title='bbox 2846 5492 2991 5559; x_wconf 65' lang='grc' dir='ltr'><strong>εαξη,</strong></span> <span class='ocrx_word' id='word_1_784' title='bbox 3021 5505 3072 5549; x_wconf 88' lang='lat' dir='ltr'><strong>et</strong></span> <span class='ocrx_word' id='word_1_785' title='bbox 3100 5495 3463 5557; x_wconf 86' lang='lat' dir='ltr'><strong>inundantiam</strong></span> <span class='ocrx_word' id='word_1_786' title='bbox 3493 5482 3820 5577; x_wconf 84' lang='lat' dir='ltr'><strong>pluviarum,</strong></span> 
     </span>
    </p>
   </div>
   <div class='ocr_carea' id='block_1_113' title="bbox 2227 5614 3815 5740">
    <p class='ocr_par' dir='ltr' id='par_1_113' title="bbox 2227 5614 3815 5740">
     <span class='ocr_line' id='line_1_114' title="bbox 2227 5614 3815 5740; baseline 0.018 -72"><span class='ocrx_word' id='word_1_787' title='bbox 2389 5618 2647 5677; x_wconf 85' lang='lat' dir='ltr'><strong>Grimoldi</strong></span> <span class='ocrx_word' id='word_1_788' title='bbox 2692 5642 2847 5696; x_wconf 74' lang='lat' dir='ltr'><strong>more,</strong></span> <span class='ocrx_word' id='word_1_789' title='bbox 2881 5644 2984 5685; x_wconf 91' lang='lat' dir='ltr'><strong>non</strong></span> <span class='ocrx_word' id='word_1_790' title='bbox 3025 5649 3158 5699; x_wconf 84' lang='lat' dir='ltr'><strong>rore,</strong></span> <span class='ocrx_word' id='word_1_791' title='bbox 3192 5646 3244 5691; x_wconf 91' lang='lat' dir='ltr'><strong>ut</strong></span> <span class='ocrx_word' id='word_1_792' title='bbox 3277 5652 3329 5690; x_wconf 90' lang='lat' dir='ltr'><strong>tn</strong></span> <span class='ocrx_word' id='word_1_793' title='bbox 3372 5638 3601 5706; x_wconf 77' lang='lat' dir='ltr'><strong>vulgatis</strong></span> <span class='ocrx_word' id='word_1_794' title='bbox 3624 5640 3815 5697; x_wconf 73' lang='lat' dir='ltr'><strong>Missa-</strong></span> 
     </span>
    </p>
   </div>
  </div>
