3988 6292
117 318 214 373 235

118 440 165 481 et
193 439 420 491 tempora
460 436 639 477 serena
670 428 824 487 atque
868 416 1149 481 tranquilla
1179 416 1243 467 ad
1298 414 1656 467 maturitatem

120 518 393 581 perducere
431 514 666 579 dignatus
702 524 779 572 es,
821 508 884 559 ad
920 505 1311 573 percipiendum
1352 502 1504 557 nobis
1537 517 1657 554 cum

120 606 385 675 gratiarum
446 600 652 653 actione
696 597 749 650 in
799 596 1013 650 nomine
1058 593 1266 648 Domini
1320 592 1485 646 nostri
1534 592 1659 646 Iesu

120 695 315 749 llltristi.
348 694 445 758 Qui
481 702 667 744 tecum.

185 783 465 837 Benedictio
512 781 576 832 ad
622 783 813 848 fructus
861 793 1031 829 novos.
1063 805 1133 814 —
1161 773 1386 827 Domine
1435 780 1658 837 sancte,

122 876 264 927 Pater
290 872 642 938 omnipotens,
681 879 883 921 atterite
914 867 1073 930 Deus,
1113 865 1202 933 qui
1241 866 1433 918 ccelum
1465 874 1519 917 et
1548 873 1660 916 ter-

120 976 221 1014 ram
269 971 320 1013 et
361 959 537 1011 omnia
593 957 808 1018 creasti,
857 966 906 1007 te
954 954 1217 1022 supplices
1246 963 1555 1019 quaesumus
1603 960 1661 1005 ut

122 1056 239 1106 hunc
277 1056 499 1104 fructum
527 1064 723 1102 novum
753 1048 1069 1101 benedicere
1097 1054 1152 1099 et
1192 1044 1528 1097 sanctificare
1568 1044 1661 1095 di-

120 1144 298 1213 gneris,
326 1152 378 1193 et
418 1140 773 1207 multiplicare
798 1137 1127 1191 abundanter
1155 1135 1499 1189 oﬂ‘erentibus
1542 1133 1656 1197 tibi,

122 1245 170 1286 ut
210 1231 403 1299 repleas
429 1245 614 1284 eorum
643 1228 855 1282 cellaria
900 1241 1016 1280 cum
1050 1224 1364 1279 fortitudine
1406 1223 1656 1277 frumenti

122 1334 166 1377 et
192 1323 313 1385 vini,
355 1331 411 1373 ut
457 1321 699 1373 laetantes
741 1321 797 1371 in
829 1318 907 1371 eis
946 1317 1183 1372 referant
1214 1316 1309 1372 tibi
1340 1320 1451 1372 Deo
1479 1316 1656 1371 omni-

122 1410 298 1479 potenti
326 1408 508 1463 laudcs
536 1417 590 1460 et
614 1407 831 1475 gratias.
866 1406 984 1460 Per.

177 1499 453 1554 Benedictio
504 1499 573 1550 ad
625 1498 797 1551 omnia
842 1512 954 1562 qua:
1002 1496 1238 1549 volueris.
1274 1523 1346 1536 —
1385 1495 1653 1561 Benedic,

121 1591 337 1653 Domine,
364 1598 667 1643 creaturam
699 1588 873 1651 istam,
904 1598 958 1641 ut
995 1589 1063 1639 sit
1093 1588 1382 1641 remedium
1414 1587 1647 1641 salutare

122 1679 275 1746 generi
317 1677 580 1739 humano;
630 1683 685 1729 et
717 1686 906 1743 praesta
938 1692 1031 1743 per
1058 1676 1444 1729 invocationem
1495 1675 1654 1729 nomi-

124 1767 191 1821 nis
223 1766 289 1819 tui
314 1773 367 1819 ut
389 1766 693 1834 quicunque
727 1781 792 1818 ex
821 1781 881 1818 ea
911 1767 1201 1833 sumpserit
1230 1767 1467 1835 corporis
1503 1765 1652 1820 sani-

125 1865 257 1911 tatem
282 1863 332 1907 et
355 1856 542 1907 anima:
568 1854 789 1906 tutelam
822 1854 1097 1921 percipiat.
1123 1852 1242 1908 Per.

179 1944 447 1998 Benedictio
475 1944 628 2013 (900)
656 1946 829 2014 panis.
859 1972 927 1983 —
957 1944 1207 2008 Benedic,
1244 1946 1483 2010 Domine,
1508 1960 1654 1999 crea-

128 2048 267 2091 turam
297 2037 443 2089 istam
474 2037 652 2104 panis,
700 2038 837 2090 sicut
878 2036 1194 2090 benedixisti
1225 2039 1455 2105 quinque
1492 2054 1655 2106 panes

125 2127 166 2179 in
187 2126 397 2191 deserto,
427 2136 485 2179 ut
524 2140 714 2181 omnes
737 2135 1008 2195 gustantes
1055 2141 1118 2179 ex
1150 2140 1215 2181 eo
1244 2126 1506 2193 accipiant
1546 2137 1653 2180 tam

122 2220 324 2286 corporis
351 2233 506 2287 quam
536 2217 731 2273 anima:
771 2220 1070 2273 sanitatem.
1102 2219 1202 2285 Qui
1233 2218 1365 2273 vivis
1393 2231 1513 2273 cum
1546 2219 1654 2273 Deo

124 2309 251 2365 Patre
273 2310 321 2363 in
349 2312 569 2365 unitate.

397 2408 424 2436 ⁸
456 2400 643 2455 Oratio
680 2403 747 2454 ad
772 2400 921 2473 (90l)
951 2400 1329 2470 capillaturam.

179 2489 307 2559 (F09)
348 2491 699 2560 Omnipotens
733 2495 1058 2562 sempiterne
1099 2494 1258 2560 Deus,
1287 2494 1492 2560 reapice
1534 2506 1655 2560 pro-

130 2580 256 2645 pitius
279 2595 427 2649 super
456 2583 607 2637 hunc
636 2584 885 2637 famulum
915 2592 1059 2637 tuum
1082 2583 1198 2647 Ill.,
1230 2598 1384 2652 quem
1418 2583 1442 2620 δ
1467 2582 1531 2636 ad
1560 2598 1653 2635 no-

126 2683 217 2720 ram
262 2671 494 2723 tondendi
562 2673 783 2741 gratiam
837 2687 1060 2727 evocare
1106 2675 1349 2741 dignatus
1406 2687 1503 2737 es,
1560 2672 1655 2725 tri-

129 2758 261 2814 buens
293 2760 334 2812 ei
374 2760 751 2816 remissionem
807 2764 1045 2816 omnium
1095 2746 1452 2830 peccatorum,
1505 2761 1655 2833 (903)

126 2859 253 2918 atque
284 2848 583 2905 cmlestiunt
628 2852 884 2906 donorum
923 2855 1246 2907 consortium
1291 2867 1410 2907 esse
1451 2868 1653 2923 prmce-

130 2947 315 3007 ptorum.
344 2939 457 2994 Per.

258 3030 403 3101 235
437 3030 628 3085 Oratio
658 3041 680 3069 ο
711 3032 780 3084 ad
803 3029 955 3099 (904)
986 3032 1166 3086 barbas
1194 3032 1498 3086 tondendas.

1266 304 1467 358 LIBER
1505 300 2138 357 SACRAMENTOHUM.

3225 306 3330 362 εει

1690 416 1733 472 Α
1761 413 2004 480 corporis
2039 413 2367 465 laborantem
2418 413 2650 480 placatus
2698 414 2922 482 respice,
2967 426 3022 470 et
3074 419 3226 470 visita
3273 423 3323 473 in

1761 504 1980 556 salutari
2012 514 2123 567 tuo,
2173 517 2234 556 ac
2272 503 2502 555 caelestis
2526 512 2710 571 gratiae
2753 516 2942 572 pra-Sta
2988 507 3323 561 llittd.cltt‘.ltll.

1761 591 1882 646 Per.

1832 679 1969 734 Alia.
1993 710 2063 721 —-—
2090 680 2251 742 Deus,
2283 681 2370 749 qui
2418 679 2649 734 humano
2695 684 2898 749 generi,
2945 695 2999 739 et
3028 687 3209 741 svittlis
3243 704 3323 740 τοο

1762 773 2014 835 medium,
2065 782 2119 827 et
2161 774 2280 825 vitae
2323 782 2536 825 aeterna:
2592 789 2809 828 munera
2851 779 3144 841 contulisti,
3198 795 3318 832 cuu-

1760 877 1911 917 serva
1945 864 2142 915 famulo
2174 874 2262 915 tuo
2289 863 2381 915 Ill.
2417 874 2622 917 tuarum
2653 865 2788 916 dona
2814 868 3083 933 virtutum,
3114 879 3166 923 et
3191 884 3323 923 con—

1762 952 1892 1006 cede
1919 961 1976 1005 ut
2021 952 2283 1005 medelam
2315 960 2454 1003 tuam
2496 969 2599 1005 non
2642 955 2812 1007 solum
2847 955 2898 1009 in
2944 974 3188 1026 corpore,
3229 959 3320 1013 sed

1760 1044 1917 1097 etiam
1953 1043 2002 1095 in
2033 1042 2208 1096 anima
2248 1042 2460 1095 sentiat.
2495 1043 2612 1097 Per.

1832 1135 1968 1186 Alia.
2001 1133 2257 1185 Virtutum
2304 1133 2621 1195 etelestium,
2650 1135 2809 1199 Deus,
2841 1139 2927 1203 qui
2977 1142 3042 1193 ab
3074 1140 3317 1197 humanis

1760 1225 2070 1291 corporibus
2098 1238 2307 1276 omnem
2339 1224 2642 1291 languorem
2692 1234 2747 1277 et
2793 1242 3002 1281 omnem
3044 1230 3321 1285 infirmita-

1760 1320 1864 1366 tem
1898 1311 2144 1380 prarcepti
2174 1312 2244 1364 tui
2278 1319 2535 1379 potestate
2564 1313 2807 1379 depellis,
2833 1315 3018 1369 adesto
3060 1320 3319 1385 propitius

1760 1400 1883 1455 huic
1914 1402 2110 1454 famulo
2160 1411 2247 1455 tuo
2287 1400 2403 1465 Ill.,
2458 1410 2535 1465 ut,
2581 1402 2771 1469 fugatis
2812 1404 3225 1472 infirmitatibus,
3269 1421 3322 1463 et

1759 1490 1958 1544 viribus
2005 1493 2253 1557 receptis,
2307 1505 2498 1545 nomen
2542 1501 2782 1545 smelum
2830 1502 2975 1548 tuum
3024 1496 3317 1552 instaurata

1758 1582 1997 1651 protinus
2020 1582 2244 1635 sanitate
2276 1581 2571 1635 benedicat.
2602 1582 2702 1637 Per
2730 1584 3009 1638 Dominum
3053 1597 3319 1642 nostrum.

1828 1670 1963 1725 Alia.
1990 1701 2061 1711 —
2092 1670 2313 1725 Domine
2336 1682 2535 1737 sancte,
2566 1672 2723 1725 Pater
2738 1674 3093 1741 onmipotens,
3118 1690 3318 1732 aeterno

1686 1756 1727 1815 Β
1759 1761 1918 1826 Deus,
1950 1762 2038 1830 qui
2070 1760 2405 1829 fragilitatem
2432 1762 2751 1815 conditionis
2784 1772 2976 1818 nostrae
3005 1764 3174 1819 infusa
3205 1767 3315 1821 vir-

1761 1849 1888 1903 tutis
1922 1859 2024 1903 tuae
2050 1850 2354 1918 dignatione
2384 1850 2686 1915 confirmas,
2720 1860 2776 1905 ut
2804 1853 3122 1907 salutaribus
3146 1871 3317 1909 reme-

1755 1941 1861 1995 diis
1889 1943 2102 2012 pietatis
2133 1954 2233 1995 tua:
2260 1956 2479 2007 corpora
2518 1951 2699 1997 nostra
2730 1952 2782 1997 et
2808 1945 3040 1999 membra
3070 1959 3318 2016 vegeteu-

1759 2046 1862 2095 ων,
1908 2048 2068 2102 super
2097 2033 2237 2086 hunc
2270 2033 2527 2086 famulum
2561 2044 2704 2087 tuum
2746 2033 2838 2088 Ill.
2884 2037 3199 2105 propitiatus
3242 2039 3325 2092 in-

1757 2127 1952 2191 tende,
2010 2134 2087 2188 ut,
2128 2125 2271 2178 omni
2315 2126 2631 2178 necessitate
2679 2140 2949 2194 corporea:
2998 2129 3323 2183 infirmitatis

1755 2218 1989 2281 exclusa,
2013 2216 2179 2286 gratia
2210 2215 2260 2269 in
2286 2230 2350 2270 eo
2374 2216 2606 2284 pristina:
2636 2216 2878 2270 sanitatis
2908 2217 3143 2285 perfecta
3172 2234 3322 2288 repa-

1755 2314 1919 2359 retur.
1952 2305 2051 2358 Per
2080 2304 2376 2357 Dominum.

1827 2396 2021 2449 Deinde
2048 2413 2079 2448 a
2107 2395 2367 2448 sacerdote
2396 2394 2597 2448 dicatur
2622 2394 2728 2448 [nec
2756 2394 2931 2448 Oratio
2956 2410 2976 2448 :

1828 2488 2049 2542 Domine
2076 2488 2238 2549 Deus,
2265 2486 2416 2557 (907)
2442 2488 2529 2555 qui
2564 2490 3136 2556 perapostolumtuum
3177 2488 3324 2543 locu-

1758 2589 1841 2634 tus
1866 2594 1925 2634 es
1953 2595 1969 2635 :
2000 2580 2321 2633 INFIRMATUR
2352 2595 2467 2642 oms
2496 2595 2544 2633 IN
2572 2580 2754 2633 Vouts?
2782 2595 3005 2633 INDUCA'I'
3036 2597 3329 2634 rnesnt're-

1757 2685 1853 2723 nos
1895 2685 2178 2730 accensae,
2207 2670 2367 2739 236
2397 2685 2461 2722 er
2490 2684 2660 2722 onem
2687 2684 2849 2723 seven
2896 2686 3020 2729 sua.
3062 2687 3328 2725 uncum-ns

1758 2776 1864 2816 ευιι
1907 2773 2041 2814 οι.εο
2072 2774 2271 2815 ελκοτυ
2300 2776 2349 2812 IN
2380 2775 2572 2813 NOMINE
2607 2776 2814 2825 DOMINI;
2860 2777 2926 2815 ET
2956 2776 3149 2815 ORATIO
3185 2778 3327 2817 ιηιοει

1758 2866 2009 2906 SALVABIT
2038 2865 2309 2910 INFIDIUI,
2344 2866 2411 2903 ΕΤ
2448 2865 2736 2904 ΛιιενΑΒιτ
2768 2867 2868 2904 [ωε
2902 2868 3155 2916 οιιιιικυες
3184 2868 3249 2905 ΕΤ
3280 2868 3326 2906 st

1760 2955 1811 2995 IN
1841 2956 2088 2995 PECCATIS
2114 2956 2230 3003 EST,
2275 2955 2637 2994 utnt'trenwn
2681 2958 2769 3007 Et;
2813 2957 2958 3003 cura,
2999 2958 3324 3011 quaesumus,

1760 3029 2091 3097 Redemptor
2130 3040 2332 3097 noster,
2365 3031 2531 3097 gratia
2565 3030 2794 3099 Spiritus
2836 3030 3003 3085 sancti
3044 3032 3324 3100 languorcs

186 3113 325 3181 Deus,
348 3119 492 3187 cujus
522 3119 724 3186 spiritu
749 3129 990 3174 creatura
1019 3122 1193 3175 omnis
1222 3123 1398 3176 adulta
1425 3135 1653 3189 congau-
1681 3113 1726 3175 C
1761 3117 1912 3172 iStius
1955 3119 2171 3184 infirmi,
2205 3128 2258 3172 et
2300 3133 2394 3173 sua
2427 3134 2554 3172 sana
2586 3121 2823 3185 vulnera,
2870 3120 3088 3188 ejusque
3117 3123 3323 3175 dimitte

130 3205 216 3271 det,
258 3210 429 3263 exaudi
485 3225 683 3279 preces
740 3221 949 3267 nostras
992 3226 1150 3279 super
1205 3211 1344 3266 hunc
1402 3214 1651 3266 famulum

134 3305 251 3349 tuum
278 3295 360 3351 Ill.
377 3300 606 3368 juvenili
646 3309 799 3354 aetate
837 3302 1030 3355 decore
1060 3301 1348 3366 lzetantem,
1386 3311 1441 3356 et
1467 3300 1653 3370 primis

130 3389 359 3455 auspiciis,
404 3390 466 3447 ad
506 3390 879 3457 tondendum,
930 3391 1155 3461 exaudi,
1196 3392 1440 3459 Domine,
1490 3401 1548 3445 ut
1598 3393 1652 3447 in

131 3478 333 3530 omnibus
361 3479 710 3544 protectionis
734 3489 835 3534 tua:
868 3482 1100 3534 munitus
1131 3481 1350 3545 auxilio,
1378 3482 1651 3536 etelestent

134 3564 502 3621 benedictionem
557 3569 801 3635 accipiat,
835 3578 889 3624 et
932 3570 1208 3639 praesentis
1235 3580 1354 3626 Vita:
1394 3573 1655 3642 praesidiis

132 3656 315 3721 gaudeat
350 3667 399 3710 et
424 3667 666 3713 aeternae.
698 3657 820 3713 Per.

329 3747 497 3801 Oratio
525 3750 604 3801 ad
632 3748 784 3815 (905)
810 3751 1066 3819 inﬁrmum
1098 3754 1407 3824 ungendum.

184 3834 354 3905 Inungo
384 3847 433 3891 te
454 3839 520 3893 de
571 3840 691 3893 oleo
718 3852 924 3903 sancto,
964 3840 1101 3895 sicut
1127 3845 1275 3897 unxit
1307 3845 1522 3900 Samuel
1551 3846 1655 3900 Da-

132 3924 194 3976 rid
214 3927 256 3978 in
283 3943 444 3996 regem
470 3940 522 3983 et
558 3931 894 3998 prophetam.
913 3932 1423 4000 Operare,creatura
1451 3938 1576 4001 olei,
1600 3938 1652 3992 in

136 4017 305 4070 nomine
328 4018 492 4073 Patris
520 4022 929 4089 OlltlllpOlt’nllS,
963 4033 1017 4076 ut
1044 4040 1145 4078 non
1174 4024 1337 4079 lateat
1359 4027 1466 4080 illic
1494 4028 1655 4096 spiri-

134 4113 195 4158 tus
226 4107 522 4175 immundus,
571 4125 742 4179 neque
780 4111 831 4164 in
880 4114 1133 4167 membris
1181 4116 1341 4180 illius,
1375 4132 1547 4186 neque
1601 4120 1651 4173 in

137 4197 355 4261 medullis,
384 4215 561 4269 neque
593 4202 643 4254 in
675 4201 777 4254 ulla
799 4205 1111 4271 compagine
1137 4206 1496 4259 metnbrorum
1523 4222 1537 4271 ;
1562 4207 1657 4261 sed

139 4283 240 4340 inte
272 4287 455 4344 habitet
480 4294 658 4344 virtus
683 4291 878 4346 Christi
906 4293 1177 4359 altissimi,
1207 4304 1258 4349 et
1288 4294 1515 4365 Spiritus
1538 4311 1661 4351 san-

137 4376 202 4427 cti.
224 4376 309 4432 Per
331 4382 599 4434 eumdem.

397 4473 582 4528 Oratio
618 4474 687 4526 ad
725 4474 1027 4530 uisitandum
1066 4477 1343 4546 inﬁrmum.

191 4558 316 4626 (906)
338 4561 489 4630 Deus,
523 4568 617 4633 qui
650 4566 846 4620 famulo
874 4577 959 4620 tuo
983 4569 1222 4621 Ezechiae
1246 4578 1327 4623 ter
1350 4568 1540 4639 quinos
1566 4584 1663 4623 an-

142 4658 216 4697 nos
245 4651 299 4701 ad
326 4653 476 4706 vitam
504 4656 746 4723 donaSti,
784 4658 854 4709 ita
897 4667 951 4712 et
981 4658 1232 4712 famulum
1276 4668 1422 4713 tuum
1452 4661 1601 4713 illum
1631 4675 1661 4712 a

143 4732 249 4788 Icelo
266 4743 580 4808 aegritudinis
609 4753 696 4795 tua
726 4748 959 4813 potentia
984 4748 1151 4815 erigat
1177 4749 1241 4800 ad
1263 4749 1508 4802 salutem.
1537 4749 1658 4803 Per.

197 4826 308 4881 Alia.
340 4860 399 4870 —
430 4833 681 4901 Respice,
737 4836 980 4901 Domine,
1027 4838 1273 4891 famulum
1308 4846 1453 4892 tuum
1501 4842 1551 4893 in
1588 4840 1663 4893 in.

142 4913 344 4974 ﬁrmitate
370 4925 445 4976 sui
475 4927 724 4993 corporis
751 4928 1103 4995 laborantem,
1137 4940 1187 4983 et
1217 4932 1446 4984 animam
1479 4932 1662 4986 refove

142 5020 265 5071 quam
307 5018 512 5083 creasti,
550 5031 630 5085 ut,
673 5020 1110 5088 castigationibus
1146 5023 1452 5089 emundata,
1490 5025 1662 5077 conti-

142 5110 222 5147 nuo
245 5114 294 5153 se
320 5106 503 5159 sentiat
538 5116 622 5160 tua
656 5110 916 5164 medicina
945 5111 1223 5165 salvatum.
1257 5112 1380 5168 Per.

197 5188 309 5241 Alia.
338 5223 405 5234 —-
433 5200 590 5264 Deus,
625 5200 712 5266 qui
740 5200 956 5255 factura:
988 5212 1089 5257 tute
1128 5205 1215 5271 pio
1253 5218 1465 5271 semper
1494 5204 1667 5257 domi-

142 5278 258 5330 naris
289 5282 486 5352 allecto,
530 5288 733 5343 inclina
782 5306 962 5344 aurem
1009 5303 1148 5346 tuam
1190 5295 1665 5362 supplicationibus

146 5374 319 5436 nostris,
349 5386 397 5428 et
412 5378 665 5434 famulum
701 5390 846 5434 tuum
880 5380 967 5435 Ill.
995 5398 1064 5437 ex
1101 5383 1324 5438 adversa
1359 5386 1663 5440 valetudine

148 5534 415 5656 “laudem
462 5540 651 5608 legitur
680 5542 732 5596 in
785 5541 927 5596 Edit.
970 5542 1192 5607 Pamel.,
1227 5542 1322 5597 sed
1351 5543 1505 5611 longe
1552 5542 1659 5597 alio

201 5674 217 5707 ιδ
239 5672 283 5726 In
310 5676 436 5730 Cod.
464 5678 593 5746 Reg.
623 5680 805 5743 Suec.,
834 5682 903 5733 ad
929 5698 1125 5737 comam
1149 5681 1391 5737 tondendi
1420 5684 1657 5753 gratiam.

390 5768 655 5828 PATROL.
696 5772 1041 5842 LXXVIII.

1762 3219 2002 3280 peccata,
2044 3222 2200 3278 atque
2239 3210 2452 3264 dolores
2497 3220 2717 3265 cunctos
2755 3212 2935 3264 cordis
2978 3221 3031 3265 et
3079 3213 3321 3281 corporis

1757 3306 1985 3375 expelle,
2012 3306 2326 3375 plenamque
2351 3308 2398 3359 ei
2423 3306 2642 3359 interius
2672 3309 3009 3376 exteriusque
3037 3315 3319 3366 sanitatem

1761 3396 2178 3451 misericorditer
2225 3396 2410 3459 redde,
2442 3405 2514 3459 ut,
2550 3412 2649 3464 ope
2693 3397 3073 3452 misericordia:
3102 3409 3202 3454 tua:
3239 3417 3323 3454 re-

1759 3487 1973 3540 Stitutus
2003 3494 2055 3541 et
2075 3495 2311 3553 sanatus,
2342 3487 2406 3540 ad
2430 3487 2652 3555 pristina
2682 3489 2887 3555 pietatis
2917 3498 3016 3542 tua:
3047 3499 3322 3558 reparetur

1760 3575 1957 3629 officia.
1995 3576 2113 3630 Per.

1830 3665 1898 3719 Et
1925 3667 1996 3720 sic
2030 3668 2181 3738 (908)
2212 3671 2383 3738 ﬂectat
2413 3684 2545 3738 genu
2588 3667 2662 3722 vel
2692 3684 2854 3740 genua
2898 3669 2984 3733 qui
3012 3679 3084 3722 est
3114 3668 3320 3743 langui-

1759 3757 1874 3819 dus,
1907 3767 1953 3809 et
1977 3766 2069 3810 stet
2106 3759 2174 3811 ad
2213 3760 2345 3812 drxt.
2360 3776 2469 3811 ram
2511 3755 2803 3824 sacerdotis,
2851 3768 2897 3812 et
2923 3760 2997 3813 sic
3035 3763 3326 3815 decantetur

1757 3846 1865 3901 lucc
1894 3849 2181 3917 Antiphone
2212 3866 2231 3903 :

1832 3938 2084 3991 Dominus
2113 3938 2261 4006 (909)
2293 3938 2497 3992 locutus
2525 3948 2605 3992 est
2640 3939 2914 4007 discipulis
2944 3941 3091 3995 suis:
3127 3941 3181 3995 ιω
3223 3958 3323 3997 no-

1758 4042 1883 4080 MINE
1908 4044 2013 4081 MEO
2052 4044 2298 4082 DEMUNIA
2331 4044 2565 4093 EJICITE;
2600 4045 2666 4081 ΕΤ
2697 4046 2855 4083 SUPER
2888 4046 3127 4085 INFIRHOS
3154 4048 3323 4085 IIANL'S

1760 4134 1987 4173 vss'rntts
2029 4134 2299 4186 ιιιριιαιτιε,
2353 4135 2420 4172 ET
2470 4136 2603 4173 sese
2644 4136 2941 4173 llABEbUNl‘.
2991 4119 3133 4174 Paul.
3189 4125 3326 4175 Deus

1762 4208 1993 4262 Deorum
2019 4208 2272 4262 Dominus
2303 4210 2509 4262 locutus
2540 4220 2644 4262 est.
2676 4206 2741 4260 Et
2766 4211 2985 4277 repetit:
3018 4210 3070 4263 lu
3109 4210 3324 4266 nomine

1762 4312 1902 4362 meo,
1932 4307 2030 4351 etc.

1837 4387 2081 4457 Sequitur
2137 4386 2333 4439 Oratio.
2374 4416 2436 4427 —-
2474 4386 2699 4441 Oremus
2758 4387 3035 4441 Dominum
3088 4398 3325 4442 nostrum

1686 4476 1941 4538 DJesum
1981 4478 2273 4543 Christum,
2307 4489 2359 4532 et
2402 4495 2524 4531 cum
2567 4478 2711 4531 omni
2751 4481 3135 4546 suppliCntione
3179 4496 3332 4548 roge—

1765 4586 1899 4633 mus,
1932 4580 1987 4623 ut
2023 4571 2161 4622 hunc
2194 4570 2446 4623 famulum
2488 4585 2640 4623 suum
2687 4569 2779 4623 Ill.
2816 4587 2906 4637 per
2934 4574 3177 4639 angelum
3209 4588 3331 4625 san-

1764 4672 1907 4715 ctum
1933 4676 2086 4714 suum
2118 4659 2354 4724 visitare,
2376 4661 2645 4715 ltetiticue
2670 4671 2720 4716 rt
2740 4661 3041 4717 confortare
3064 4664 3334 4734 dignetur.

1837 4752 2081 4821 Sequitur
2125 4754 2442 4819 Antiphonti.
2481 4784 2550 4793 —
2580 4753 2878 4818 Succurre,
2940 4755 3159 4809 Domine
3185 4799 3198 4819 ,
3254 4758 3335 4810 in.

1766 4842 1922 4896 firmo
1948 4844 2047 4895 isto
2075 4842 2166 4895 Ill.
2213 4853 2263 4896 et
2304 4844 2507 4897 medica
2550 4860 2669 4899 eum
2702 4846 2922 4912 spiritali
2964 4848 3337 4913 medicamine,

1768 4944 1845 4997 ut,
1874 4936 1925 4986 in
1960 4933 2176 4999 priStina
2211 4937 2436 4988 sanitate
2465 4938 2761 4997 rc‘titutus,
2791 4938 3076 5003 gratiarum
3108 4937 3201 4990 tibi
3244 4954 3332 4990 sa-

1770 5038 1867 5076 nus
1896 5025 2087 5076 referat
2127 5026 2382 5078 actiones.
2432 5023 2577 5077 Psal.
2606 5027 2755 5096 (910)
2782 5027 2857 5078 Ad
2904 5026 3181 5079 Dominum
3213 5042 3332 5078 cum

1771 5116 2071 5169 tribularer.
2110 5115 2356 5185 Sequitur
2382 5120 2485 5169 alia
2525 5118 2643 5170 Ant.
2679 5119 2844 5182 Sana,
2899 5120 3138 5182 Domine,
3189 5119 3337 5171 inlir.

1771 5223 1914 5261 mum
1959 5210 2137 5271 istum,
2171 5209 2321 5275 cujus
2344 5223 2462 5261 OsSIt
2493 5210 2698 5260 turbata
2721 5222 2863 5275 sunt,
2897 5221 2949 5262 et
2976 5208 3127 5278 cujus
3160 5211 3335 5262 anima

1774 5298 1979 5350 turbata
2019 5306 2100 5348 est
2150 5297 2334 5359 valde;
2362 5296 2455 5349 sed
2488 5306 2564 5359 tu,
2617 5295 2862 5357 Domine,
2906 5306 3237 5361 convertere,
3289 5308 3340 5349 et

1772 5400 1898 5440 Sana
1928 5402 2069 5452 eum,
2104 5394 2157 5439 et
2182 5390 2331 5455 eripe
2366 5387 2596 5439 animam
2643 5387 2779 5455 ejus.
2815 5385 2959 5440 I’sal.
2996 5387 3238 5451 Domine,
3272 5404 3339 5441 ne

1843 5554 1864 5581 ο
1896 5544 2074 5595 Exstat
2110 5542 2161 5594 in
2194 5552 2299 5595 vel.
2341 5543 2488 5596 Sacr.
2518 5542 2654 5597 Garll.
2705 5542 2997 5597 Benedictio
3027 5560 3180 5609 super
3216 5561 3329 5599 eum

1770 5614 1856 5676 qui
1879 5614 1929 5664 in
1964 5610 2189 5663 Ecclesia
2230 5614 2460 5679 primitus
2499 5614 2755 5684 tondetur,
2786 5616 2938 5684 cujus
2967 5629 3152 5670 seuSus
3186 5615 3329 5672 idem

1770 5683 1880 5738 fere
1903 5694 1980 5737 est
2012 5697 2074 5737 ac
2101 5684 2252 5752 hujus
2278 5683 2563 5741 Orationis.

3061 5774 3103 5835 8
