3988 6308
617 300 717 361 εδδ

616 421 667 472 in
707 418 885 471 furore
917 425 1002 468 tua
1050 427 1239 481 arguas
1284 424 1386 472 me,
1421 424 1533 461 cum
1566 407 1773 471 Gloria;
1812 406 1873 458 Et
1912 416 2128 477 repetent
2157 423 2173 459 :
2205 412 2250 466 Α

620 513 780 571 Sana,
812 507 1048 560 Domine.

685 597 751 649 Et
782 596 859 668 (9i
877 595 927 663 l)
959 596 1031 646 sic
1057 600 1305 660 perungat
1328 589 1586 656 infirmum
1609 589 1671 641 de
1699 590 1807 640 oleo
1832 588 2173 651 sanctiﬁcata,

614 701 784 739 cruces
817 681 1049 753 faciendo
1082 680 1135 732 in
1179 678 1307 731 collo
1336 688 1381 731 et
1411 688 1633 746 gutture,
1681 687 1727 730 et
1757 678 1886 729 inter
1915 675 2174 743 scapulas,

612 787 657 828 et
686 779 736 828 in
769 784 984 842 pectore,
1016 787 1102 824 seu
1135 772 1186 822 in
1217 768 1331 821 loco
1374 768 1456 821 ubi
1483 767 1597 837 plus
1637 766 1784 818 dolor
1816 765 2040 818 imminet
2067 780 2177 815 ant-

612 868 746 932 pl'us
792 872 1137 931 perungutur;
1162 871 1208 913 et
1249 858 1608 928 supplicando,
1637 857 1759 909 dum
1802 857 2010 925 ungitur
2032 854 2177 921 infir-

610 971 743 1015 mus,
769 956 905 1006 dicat
935 968 1067 1004 unus
1087 966 1148 1002 ea:
1172 948 1515 1001 sacerdotibus
1536 947 1665 997 Itane
1696 946 1990 998 Orationem
2017 959 2035 997 .'

681 1044 925 1111 Sequitur
969 1040 1168 1092 Oratio.
1194 1066 1263 1077 ——
1292 1036 1438 1104 (912)
1475 1038 1674 1103 lnungo
1705 1043 1758 1087 te
1791 1034 1856 1087 de
1902 1033 2022 1086 oleo
2054 1043 2177 1083 san-

610 1141 696 1184 cto
734 1132 784 1182 in
834 1128 1046 1181 nomine
1083 1126 1252 1178 Patris
1282 1134 1334 1177 et
1383 1123 1499 1176 Filii
1527 1132 1579 1175 et
1627 1122 1852 1190 Spiritus
1892 1120 2084 1183 sancti,
2124 1125 2181 1170 ut

613 1241 721 1278 non
746 1225 907 1277 lateat
944 1223 994 1275 in
1026 1230 1078 1273 te
1107 1219 1323 1286 spiritus
1363 1215 1684 1277 immundus,
1720 1226 1887 1280 neque
1924 1211 1976 1263 in
2008 1224 2179 1263 mem-

614 1317 745 1379 bris,
793 1327 965 1382 neque
1012 1312 1061 1364 in
1107 1308 1371 1371 medullis,
1406 1319 1575 1374 neque
1615 1305 1667 1357 in
1714 1304 1822 1356 ulla
1869 1300 2180 1368 compagine

614 1404 997 1465 membrorum,
1028 1400 1119 1453 sed
1167 1398 1217 1451 in
1252 1408 1301 1452 te
1350 1397 1550 1450 habitet
1574 1395 1742 1448 virtus
1793 1393 1989 1447 Christi
2029 1392 2176 1445 altis-

612 1497 753 1558 simi,
785 1504 837 1546 et
884 1491 1113 1559 Spiritus
1156 1488 1345 1551 sancti,
1378 1498 1636 1556 quatenus
1673 1499 1767 1553 per
1798 1484 1951 1552 hujus
1994 1498 2181 1550 opera-

618 1586 815 1636 tionem
845 1581 1102 1652 mysterii,
1136 1589 1189 1633 et
1214 1595 1304 1647 per
1333 1577 1467 1631 hanc
1497 1575 1688 1630 sacrati
1713 1574 1818 1628 olei
1849 1572 2178 1637 unctionem,

612 1688 770 1741 atque
804 1684 1036 1724 nostram
1068 1668 1516 1735 deprecationem,
1545 1666 1738 1719 virtute
1778 1671 1977 1717 sanctae
2003 1661 2179 1714 Trini-

1809 293 2045 348 SANCTI
2089 294 2412 349 GREGORII
2455 294 2661 347 MAGNI

3741 295 3849 350 236

2352 407 2503 474 (919)
2538 405 2688 457 Multi
2719 405 2848 456 enim
2880 404 3200 456 sacerdotum
3236 402 3464 470 inﬁrmos
3490 402 3639 474 (99.0)
3662 420 3848 472 perun-

2276 505 2426 565 guent
2458 498 2662 561 insuper
2691 496 2740 546 in
2762 496 2981 563 quinque
3001 509 3174 546 sensus
3216 493 3464 560 corporis,
3495 493 3549 544 id
3576 504 3647 544 est
3669 495 3722 544 in
3753 509 3849 545 su-

2276 585 2499 654 perciliis
2526 584 2808 646 oculorum,
2847 592 2892 635 et
2936 583 2988 635 in
3035 581 3179 650 (921)
3211 582 3418 634 naribus
3459 581 3684 645 deintus,
3720 592 3769 635 et
3798 583 3852 637 in

2281 678 2480 728 narium
2508 675 2795 728 summitate
2819 674 2918 727 sive
2950 675 3189 736 exterius,
3236 684 3281 725 et
3328 674 3383 725 in
3418 670 3568 725 labiis
3605 674 3851 738 exterius,

2277 775 2323 818 et
2352 766 2402 818 in
2425 766 2653 818 manibus
2673 765 2912 830 exterius,
2937 765 2992 817 id
3014 772 3086 817 est
3125 764 3335 830 deforis.
3374 762 3439 816 In
3474 764 3707 816 omnibus
3731 781 3854 834 ergo

2278 856 2357 908 his
2392 856 2626 909 membris
2674 871 2870 907 crucem
2910 856 3099 923 faciant
3128 855 3191 907 de
3215 855 3326 907 oleo
3351 862 3552 908 sacrato
3582 854 3733 925 (922)
3771 856 3854 907 di-

2277 946 2553 1001 centes:ln
2587 945 2802 1000 nomine
2848 944 3084 1014 Pa-l-tris,
3141 951 3194 1000 et
3235 943 3416 1014 Fi-l-lii,
3467 953 3522 1000 et
3570 945 3854 1015 Spiri-l-tus

2278 1038 2464 1091 sancti.

2350 1125 2464 1178 Hoc
2494 1125 2623 1178 enim
2653 1125 2863 1194 faciant,
2905 1132 2959 1176 ut
2982 1124 3024 1177 si
3047 1125 3100 1177 in
3126 1124 3347 1192 quinque
3382 1140 3557 1178 sensus
3595 1126 3775 1179 mentis
3801 1137 3848 1180 et

2281 1213 2517 1280 corporis
2610 1212 2782 1282 aliqua
2828 1212 3030 1266 macula
3064 1212 3282 1277 inhaesit,
3332 1212 3426 1265 hac
3464 1215 3719 1268 medicina
3757 1214 3853 1269 Dei

2278 1312 2505 1356 sanetur.

2354 1392 2531 1445 Oratio
2553 1390 2605 1443 in
2630 1389 3062 1443 consummatione
3084 1388 3239 1459 hujus
3268 1390 3435 1458 officii.
3460 1422 3530 1431 —
3552 1391 3706 1463 (923)
3728 1392 3849 1447 0m.

2289 1485 2542 1552 nipotens
2573 1481 2899 1550 sempiterne
2939 1480 3097 1545 Deus,
3131 1481 3219 1547 qui
3248 1482 3494 1535 subvenis
3519 1482 3572 1535 in
3603 1484 3849 1551 periculis

2283 1582 2338 1626 et
2364 1570 2682 1626 necessitate
2712 1569 3099 1633 laborantibus,
3132 1569 3452 1636 Maiestatem
3478 1580 3621 1624 tuam
3654 1574 3853 1640 suppli-

2282 1678 2372 1717 ces
2399 1676 2705 1727 exoramus,
2735 1670 2793 1714 ut
2824 1662 3035 1716 mittere
3068 1662 3301 1732 digneris
3332 1671 3572 1716 sanctum
3603 1665 3849 1734 angelum

618 1763 743 1813 tatis
777 1758 1089 1822 medicatus,
1124 1757 1241 1810 sive
1274 1754 1431 1817 fotus,
1465 1753 1745 1821 pristinam
1777 1760 1830 1804 et
1863 1748 2180 1802 immeliora-
2211 1750 2255 1809 Β
2287 1762 2456 1815 tuum,
2483 1753 2568 1819 qui
2613 1751 2867 1804 famulum
2913 1759 3057 1804 tuum
3090 1751 3185 1807 Ill.
3215 1752 3266 1806 in
3298 1752 3557 1819 angustiis
3584 1764 3636 1806 et
3670 1769 3853 1808 neces-

614 1860 718 1903 tam
754 1848 989 1915 recipere
1018 1845 1271 1899 merearis
1302 1845 1603 1896 sanitatem.
1637 1840 1737 1893 Per
1765 1839 2031 1892 eumdem.

685 1940 925 2007 Sequitur
952 1936 1058 1987 lucc
1101 1934 1299 1987 Oratio.
1331 1961 1398 1970 —
1432 1931 1653 1983 Domine
1680 1929 1830 1998 (9i'5)
1861 1927 2017 1991 Deus,
2056 1923 2174 1979 Sal-

614 2039 762 2082 vator
792 2034 992 2089 noster,
1017 2024 1104 2092 qui
1136 2037 1193 2075 es
1218 2035 1335 2075 vera
1361 2020 1501 2071 salus
1548 2027 1601 2072 et
1632 2016 1912 2073 medicina.
1942 2024 1995 2067 et
2022 2028 2051 2066 a
2074 2027 2177 2081 quo

615 2121 788 2173 omnis
830 2118 1026 2170 sanitas
1075 2124 1127 2168 et
1157 2112 1597 2166 medicamentum
1630 2109 1798 2171 venit,
1839 2105 2035 2175 quique
2085 2118 2177 2157 nos

613 2210 840 2276 apostoli
883 2209 1199 2263 documento
1239 2205 1477 2271 insu'uis,
1521 2212 1579 2256 ut
1626 2202 1937 2271 languentes
1982 2199 2085 2253 olei
2119 2199 2180 2251 li-

613 2316 780 2369 quore
822 2310 1030 2355 orantes
1072 2308 1432 2366 tangeremus,
1475 2295 1679 2363 respice
1710 2292 1965 2362 propitius
2016 2303 2179 2357 super

613 2391 754 2443 hunc
794 2389 1047 2443 famulum
1071 2398 1212 2441 tuum
1244 2385 1358 2451 111.,
1392 2394 1445 2439 et
1466 2399 1620 2452 quem
1652 2384 1874 2452 languor
1897 2388 2086 2435 curvat
2112 2377 2177 2431 ad

610 2484 832 2547 exitum,
863 2492 916 2537 et
945 2481 1133 2534 virium
1179 2478 1414 2532 defectus
1461 2475 1622 2528 trahit
1668 2474 1733 2527 ad
1764 2486 2032 2535 occasum,
2063 2484 2177 2522 rne-

610 2576 724 2629 dela
770 2583 869 2627 ture
892 2574 1073 2642 gratim
1115 2569 1357 2624 restituat
1403 2569 1451 2621 in
1499 2567 1745 2621 salutem.
1777 2565 1917 2616 Sana
1946 2574 2176 2631 quoque,

610 2679 933 2733 quaesumus,
965 2662 1199 2716 omnium
1229 2658 1540 2719 medicatur,
1570 2655 1684 2723 ejus
1715 2653 1938 2707 febrium
1965 2660 2019 2705 et
2047 2665 2181 2704 cun-

610 2767 813 2809 ctoru:n
846 2753 1157 2821 languorum
1184 2750 1468 2815 cruciatus,
1501 2745 1994 2815 mgritudiuemque,
2020 2745 2177 2815 237

612 2856 664 2897 ot
695 2846 935 2897 dolorum
968 2841 1204 2895 omnium
1235 2838 1469 2893 dissolve.
1499 2845 1783 2899 tormenta,
1811 2835 2181 2903 viscerutuque

613 2949 673 2984 ac
704 2933 943 2986 conlium
986 2931 1193 2985 interna
1225 2929 1452 2991 medica,
1492 2926 1841 2980 medullarum
1872 2940 2084 2994 quoque
2124 2935 2179 2979 et

611 3021 1022 3089 Cogitationum;
1068 3034 1192 3071 sana
1225 3017 1526 3071 discrimina
1558 3015 1818 3079 ulcerum,
1853 3017 2176 3069 vanitatum-

2281 1846 2529 1898 sitatibus
2570 1843 2899 1897 laborantem
2953 1843 3403 1898 consolationibus
3454 1844 3557 1900 tuis
3606 1846 3847 1909 attollat,

2280 1936 2472 2004 quibus
2500 1944 2553 1987 et
2578 1934 2644 1988 dc
2667 1934 2911 2002 prmsenti
2936 1942 3291 2001 consequatur
3316 1933 3539 1998 auxilio,
3563 1943 3618 1988 et
3647 1944 3849 1990 aeterna

2281 2026 2510 2080 remedia
2542 2025 2971 2093 comprehendat.
2998 2025 3099 2079 Per
3140 2025 3419 2079 Dominum
3452 2036 3719 2082 nostrum.

2520 2115 2677 2169 Missa
2708 2130 2800 2184 pro
2834 2116 3070 2183 episwpo
3103 2114 3181 2168 vel
3200 2116 3611 2186 congregatione.

2351 2206 2698 2273 Omnipotens
2747 2204 3073 2271 sempiterne
3118 2202 3273 2267 Deus,
3305 2203 3394 2271 qui
3427 2203 3555 2257 facis
3587 2202 3849 2257 mirabilia

2284 2309 2470 2364 magna
2517 2296 2680 2359 solus,
2731 2296 3002 2361 praetende
3034 2306 3192 2361 super
3222 2291 3473 2349 famulum
3499 2303 3643 2348 tuum
3677 2293 3769 2348 Ill.
3799 2304 3856 2350 et

2282 2401 2444 2453 super
2466 2393 2684 2439 cunctos
2711 2383 2784 2437 illi
2815 2381 3130 2437 commissos
3168 2382 3407 2452 spiritum
3438 2383 3622 2452 gratiae
3647 2385 3854 2437 saluta-

2283 2478 2394 2540 ris,
2447 2484 2520 2540 et,
2581 2485 2636 2527 ut
2686 2476 2737 2527 in
2796 2473 3017 2527 veritate
3070 2473 3162 2527 tibi
3218 2472 3603 2541 complaceant,
3661 2488 3851 2542 perpe-

2285 2576 2429 2620 tuum
2461 2568 2538 2621 eis
2566 2580 2743 2620 rorem
2774 2575 2876 2618 tum
2909 2563 3294 2619 benedictionis
3324 2562 3559 2619 infunde.
3611 2562 3718 2619 Per
3747 2564 3854 2631 Do-

2284 2659 2505 2712 minuat.

2356 2750 2526 2821 Super
2549 2746 2735 2805 oblata.
2765 2779 2829 2790 —
2856 2750 3086 2813 Hostias,
3116 2748 3354 2820 Domine,
3381 2748 3557 2804 famuli
3583 2751 3655 2803 tui
3682 2748 3773 2803 ΙΙΙ.
3800 2758 3855 2804 et

2284 2842 2522 2894 omnium
2551 2839 2647 2895 sibi
2673 2840 3080 2913 commissorum
3113 2839 3347 2906 placatus
3372 2838 3612 2905 intende,
3644 2849 3699 2893 et
3724 2854 3855 2907 quas

2286 2932 2336 2985 in
2368 2934 2619 2985 honorem
2662 2931 2889 2984 nominis
2922 2931 2994 2983 tui
3024 2930 3212 2983 devota
3256 2940 3433 2983 mente
3479 2944 3573 2998 pro
3609 2929 3689 2982 eis
3717 2930 3856 2982 cele-

2286 3021 2502 3075 bramus
2526 3023 2686 3093 238
2716 3022 2971 3091 prolicere
3033 3021 3134 3076 sibi
3184 3022 3417 3075 sentiant
3456 3020 3522 3074 ad
3567 3019 3854 3075 medelam.

616 3124 716 3177 que
773 3109 1077 3177 putredines
1123 3120 1321 3159 evacua
1353 3146 1367 3170 ,
1422 3103 1972 3169 conscientiarumque
2021 3111 2180 3172 atque

2302 3115 2387 3167 Per
2415 3114 2718 3167 Dominum.

618 3200 889 3265 plagarum
929 3197 1178 3251 obducite
1221 3195 1496 3249 cicatrices
1524 3201 1753 3256 veteres,
1788 3192 2180 3262 immensasque

614 3305 829 3346 remove
860 3289 1165 3358 passiones;
1199 3286 1375 3339 carnis
1406 3299 1468 3337 ac
1496 3283 1769 3352 sanguinis
1797 3281 2066 3337 materiam
2096 3298 2182 3337 re—

613 3381 803 3445 forma,
833 3378 1249 3443 delictorumque
1275 3383 1585 3427 cunctorum
1611 3372 1813 3426 veniam
1843 3373 2050 3438 tribue;
2082 3372 2185 3427 sic-

616 3487 718 3539 quc
747 3470 894 3524 illum
923 3476 1010 3521 tua
1043 3470 1210 3536 pietas
1233 3465 1432 3534 iugiter
1456 3463 1738 3527 custodiat,
1764 3472 1823 3517 ut
1843 3477 1943 3517 nec
1969 3462 2034 3515 ad
2062 3476 2183 3516 cor-

619 3560 915 3629 reptionem
971 3556 1252 3624 aliquando
1296 3554 1527 3620 sanitas,
1578 3568 1675 3608 nec
1722 3552 1787 3606 ad
1834 3552 2185 3622 perditionem

615 3665 780 3713 nunc,
813 3657 863 3701 te
895 3645 1200 3708 auxiliante,
1232 3646 1483 3711 perducat
1522 3641 1835 3707 inﬁrmitas;
1864 3641 1959 3696 sed
1988 3641 2077 3695 liat
2110 3641 2183 3696 illi

617 3742 731 3794 haec
759 3739 861 3793 olei
884 3752 1032 3791 sacra
1066 3735 1341 3805 perunctio
1367 3734 1533 3789 morbi
1560 3743 1615 3789 et
1641 3733 1909 3803 languoris
1940 3747 2189 3803 praesen-

618 3830 685 3883 tis
732 3827 996 3894 expulsio,
1028 3836 1187 3888 atque
1230 3831 1569 3892 peccatorum
1617 3824 1855 3878 omnium
1889 3833 2069 3893 Optata
2096 3835 2177 3877 re-

615 3919 818 3973 missio.
853 3916 956 3970 Per
986 3916 1263 3969 Dominum
1295 3926 1556 3968 nostrum.

686 4007 822 4060 Alia.
865 4003 1116 4077 -(914)
1164 4003 1483 4074 Propitietur
1530 4003 1786 4058 Dominus
1831 4004 2035 4059 cunctis
2085 4004 2184 4060 ini-

613 4098 907 4168 quitatibus
937 4097 1057 4161 tuis,
1092 4105 1145 4151 et
1170 4106 1319 4150 sanet
1347 4111 1533 4150 omnes
1558 4097 1839 4165 languores
1870 4107 2010 4166 tuos,
2045 4099 2192 4153 redi-

620 4201 837 4259 matque
868 4189 934 4242 de
980 4189 1197 4242 interitu
1245 4187 1406 4241 vitam
1456 4196 1620 4251 tuam,
1669 4196 1722 4242 et
1769 4188 2005 4243 satietin
2038 4188 2191 4244 bonis

615 4279 940 4335 desiderium
991 4290 1159 4343 tuum,
1201 4278 1290 4348 qui
1326 4278 1473 4332 solus
1513 4278 1566 4331 in
1603 4278 1861 4333 Trinitate
1890 4293 2026 4332 unus
2054 4279 2193 4335 Deus

620 4371 751 4425 vivit
795 4380 849 4425 et
897 4378 1084 4439 regnat
1112 4383 1209 4439 per
1238 4369 1557 4424 immortalia
1608 4371 1802 4426 sazcula
1847 4371 2189 4426 saeculorum.

618 4464 812 4517 Amen.

690 4552 841 4624 (915)
884 4551 1081 4606 Deinde
1127 4554 1456 4607 communicet
1489 4569 1601 4607 eum
1642 4570 1854 4623 corpore
1876 4564 1923 4608 et
1950 4555 2194 4625 sanguine

620 4641 851 4696 Domini.
892 4643 957 4695 Et
1004 4642 1153 4712 (9l6)
1192 4644 1267 4695 sic
1307 4645 1496 4711 faciant
1533 4644 1611 4696 illi
1651 4659 1739 4712 per
1767 4654 1955 4712 septem
1993 4645 2120 4707 dies,
2150 4645 2196 4698 si

621 4732 893 4785 necessitas
933 4732 1105 4800 fut/rit,
1137 4743 1242 4785 tam
1270 4734 1330 4786 de
1354 4734 1703 4785 communione
1738 4749 1890 4796 quam
1925 4744 1971 4789 et
2002 4736 2063 4787 de
2091 4735 2196 4788 alio

621 4823 823 4893 ofﬁcio;
866 4831 913 4875 et
959 4822 1221 4877 suscitabit
1258 4837 1374 4875 eum
1409 4820 1681 4889 Dominus,
1725 4834 1794 4889 ct,
1831 4825 1872 4877 si
1898 4827 1950 4878 in
1979 4825 2197 4893 peccatis

622 4916 798 4984 fuerit,
831 4915 1146 4968 dimittentur
1165 4914 1229 4971 ei.

695 5026 844 5094 (917)
896 5024 1088 5078 Debent
1128 5024 1281 5077 etiam
1320 5023 1607 5077 sacerdotes
1654 5034 1700 5076 et
1749 5022 1967 5075 ministri
2009 5032 2200 5077 sancta:

621 5114 866 5169 Ecclesia
894 5131 1009 5170 eum
1032 5131 1230 5169 summa
1258 5118 1536 5168 reverentia
1560 5114 1777 5182 infirmis
1806 5115 2078 5168 decantare
2107 5132 2199 5183 per

622 5207 855 5278 singulos
905 5207 1013 5260 dies
1074 5205 1325 5276 Vesperas
1374 5216 1420 5259 et
1473 5203 1759 5259 Matutinos
1807 5220 1921 5256 cum
1962 5204 2196 5274 hymno:

626 5298 776 5368 (918)
827 5297 1038 5352 Christe
1066 5297 1300 5351 cmlestis
1346 5297 1609 5351 medicina
1640 5296 1830 5371 Patris,
1861 5306 1913 5349 et
1941 5297 2121 5364 reliq.,
2152 5306 2197 5349 et
2243 5285 2247 5287 ’

625 5401 738 5439 cum
777 5387 1101 5456 Antiphonis,
1147 5397 1194 5440 et
1237 5384 1619 5456 Responsoriis,
1666 5386 1767 5441 sive
1816 5386 2112 5440 lectionibus
2154 5396 2202 5441 et

629 5474 952 5532 Orationibus
978 5478 1046 5531 ad
1069 5478 1163 5531 hoc
1184 5478 1568 5547 pertinentibus.

698 5609 802 5663 ain
828 5610 959 5664 Cod.
999 5610 1115 5664 Cal.
1160 5614 1340 5668 multa:
1385 5623 1507 5667 sunt
1547 5614 1720 5669 Missae
1758 5616 1971 5679 votivae,
2016 5629 2094 5669 se.
2137 5615 2204 5671 de

614 5680 958 5735 Sanetissima
1006 5680 1268 5738 Trinitate
1296 5683 1364 5740 de
1392 5685 1689 5756 sapientia;
1734 5686 1800 5743 ad
1830 5684 2201 5757 postulandam

2357 3203 2436 3254 Ad
2466 3201 2854 3272 Complendum.
2884 3231 2955 3242 —
2984 3201 3262 3256 Famulum
3294 3208 3437 3255 tuum
3471 3199 3560 3254 Ill.
3593 3210 3648 3255 et
3676 3216 3861 3255 omnes

2287 3290 2386 3344 sibi
2431 3293 2747 3346 commissos
2793 3307 2887 3359 per
2917 3294 3027 3346 haec
3056 3292 3297 3345 coelestia
3327 3306 3546 3344 munera
3581 3302 3856 3361 perpetuo,

2289 3381 2535 3447 Domine,
2559 3384 2817 3437 comitare
2852 3382 3119 3451 praesidio,
3152 3397 3350 3452 eosque
3377 3382 3555 3436 fovere
3585 3397 3690 3435 non
3718 3383 3858 3436 desi—

2288 3488 2442 3540 nens,
2487 3474 2677 3545 dignos
2709 3474 2823 3530 fieri
2853 3476 3177 3544 sempiterna
3205 3474 3575 3545 redemptione
3603 3474 3859 3530 concede.

2290 3568 2414 3624 Per.

2904 3638 3022 3692 Alia
3052 3637 3238 3693 Missa.

2359 3737 2706 3808 Omnipotens
2760 3739 3087 3809 sempiterne
3117 3737 3863 3802 Deus,misererefamulotuo,

2289 3838 2344 3886 et
2373 3831 2545 3900 dirige
2588 3846 2709 3886 eum
2751 3831 3042 3887 secundum
3080 3838 3228 3884 tuam
3267 3828 3607 3883 clementiam
3641 3828 3694 3881 in
3728 3828 3867 3880 viam

2290 3921 2476 3977 salutis
2504 3930 2740 3985 a'ternzc,
2788 3931 2864 3987 ut,
2898 3928 2948 3976 te
2977 3920 3230 3987 donante,
3260 3919 3356 3975 tibi
3380 3917 3571 3991 placita
3598 3918 3785 3987 cupiat
3810 3925 3869 3971 et

2292 4022 2398 4069 tota
2429 4013 2623 4065 virtute
2654 4012 2914 4080 perficiat.
2938 4010 3059 4066 Per.

2364 4103 2535 4171 Super
2563 4104 2753 4157 oblata.
2809 4129 2877 4143 -ι
2926 4101 3194 4165 Protieiat,
3235 4113 3560 4172 quresumus,
3617 4099 3865 4162 Domine,

2294 4194 2407 4248 lu-c
2434 4194 2630 4248 oblatio
2650 4208 2806 4263 quam
2839 4203 2942 4248 tua:
2975 4194 3240 4263 supplices
3269 4193 3544 4249 otferimus
3577 4192 3870 4261 Majestati,

2294 4289 2359 4342 ad
2407 4287 2631 4343 salutem
2671 4286 2853 4341 famuli
2884 4290 2955 4340 tui
2987 4284 3105 4352 Ill.,
3152 4294 3212 4341 ut
3255 4294 3341 4341 tua
3384 4285 3719 4355 providentia
3754 4283 3875 4352 ejus

2296 4381 2398 4433 vita
2428 4379 2569 4432 inter
2594 4377 2817 4431 adversa
2846 4384 2901 4432 et
2929 4389 3184 4446 prOSpera
3212 4375 3407 4445 ubique
3436 4374 3717 4443 dirigatur.
3748 4373 3871 4427 Per.

2223 4471 2277 4533 D
2366 4472 2447 4524 Ad
2477 4469 2944 4539 Complendum.—
2969 4469 3269 4534 Sumentes,
3313 4467 3557 4533 Domine,
3600 4476 3877 4535 perpetua

2300 4572 2631 4618 sacramenta
2671 4560 2877 4627 salutis,
2929 4570 3072 4614 tuam
3121 4560 3471 4630 deprecamur
3507 4559 3876 4621 clementiam,

2302 4663 2357 4708 ut
2402 4668 2495 4722 per
2516 4667 2578 4708 ea
2610 4651 2862 4705 famulum
2894 4660 3038 4705 tuum
3070 4650 3138 4704 ab
3166 4650 3311 4705 omni
3340 4649 3663 4703 adversitate
3691 4658 3873 4714 prote-

2300 4762 2409 4817 gas.
2444 4747 2561 4801 Per.

2373 4839 2493 4893 Alia
2529 4840 2596 4892 ad
2637 4837 3028 4909 Complendum.
3056 4867 3125 4878 --
3148 4835 3424 4890 Famulum
3461 4846 3631 4900 tuum,
3662 4848 3879 4903 quassu-

2305 4944 2447 4997 mus,
2500 4929 2744 4995 Domine,
2789 4938 2876 4983 tua
2926 4942 3137 4997 semper
3168 4928 3497 4996 preteetione
3539 4925 3773 4989 custodi,
3823 4933 3885 4977 ut

2305 5020 2469 5074 libera
2520 5019 2613 5073 tibi
2652 5027 2830 5074 mente
2858 5018 3143 5083 deserviat,
3174 5024 3225 5072 et
3254 5025 3303 5073 te
3331 5024 3641 5086 protegente
3667 5031 3695 5070 a
3728 5016 3885 5070 malis

2304 5109 2551 5163 omnibus
2579 5109 2648 5163 sit
2673 5123 2913 5163 securus.
2950 5109 3071 5164 Per.

2876 5219 2901 5246 ι
2931 5208 3089 5263 Missa
3115 5209 3296 5262 votiva.

2380 5300 2540 5366 Deus,
2569 5300 2657 5369 qui
2678 5299 2935 5369 justilieas
2957 5300 3195 5369 impium,
3212 5308 3263 5353 et
3284 5314 3388 5353 non
3415 5299 3493 5352 vis
3510 5307 3737 5353 mortem
3762 5312 3887 5366 pec-

2311 5398 2575 5457 catorum,
2623 5389 2947 5461 Majesratem
2980 5401 3123 5443 tuam
3155 5390 3464 5458 suppliciter
3504 5388 3888 5458 deprecamur,

2313 5491 2367 5536 ut
2396 5481 2652 5537 famulum
2690 5492 2835 5537 tuum
2868 5480 2960 5535 Ill.
2992 5481 3059 5537 de
3084 5489 3171 5537 tua
3202 5481 3565 5537 misericordia
3593 5482 3895 5535 conliden-

2312 5617 2534 5685 gratiam
2566 5615 2782 5683 Spirit.;
2816 5615 2868 5670 in
2896 5615 3099 5671 honore
3126 5624 3323 5670 sancite
3368 5614 3580 5679 Marize;
3614 5613 3680 5667 ad
3707 5623 3891 5681 postu-

2312 5684 2465 5742 landa
2497 5686 2740 5759 angelica
2770 5684 3055 5757 sull‘ragia;
3087 5688 3153 5743 de
3176 5696 3362 5742 sancto
3382 5685 3588 5742 Joanne
3612 5686 3794 5755 Bapt.;
3823 5685 3903 5738 de
