3988 6364
139 372 228 427 257
1294 371 1496 427 LIBER
1538 372 2176 433 SACRAMENTORUM.

3277 394 3388 455 9.58

142 497 230 538 tem
274 480 481 535 crelesti
525 488 771 549 protegas
814 480 1075 547 benignus
1120 480 1336 546 auxilio,
1389 492 1441 535 et
1489 483 1698 537 assidua
1733 489 1777 547 Α
1806 484 1886 538 dis
1917 494 2018 540 tua:
2049 487 2320 544 offerimus
2364 490 2649 560 Majestati,
2689 504 2746 549 ut
2789 512 2881 566 per
2924 497 3036 555 bare
3066 512 3249 557 sancta
3293 519 3385 561 su.

141 571 453 641 proiectione
495 585 808 636 conserves,
842 579 898 623 ut
941 571 1031 623 tibi
1064 571 1261 639 jugiter
1308 572 1611 640 fiimulctur,
1654 583 1707 629 et

140 663 280 718 nullis
306 659 695 714 tentationibus
720 675 749 712 a
780 669 831 714 te
860 672 1161 728 separetur.
1189 662 1310 716 Per.

200 750 363 819 Super
392 748 588 800 oblata.
616 777 687 788 —
718 749 908 819 Hujus,
952 750 1194 815 Domine,
1234 767 1560 820 quaasumus,
1588 753 1709 808 vir-

138 850 241 895 tute
288 839 523 908 mysterii
570 846 625 892 et
671 854 699 890 a
734 840 961 907 propriis
1004 855 1101 893 nos
1142 842 1336 895 munda
1378 842 1610 910 delictis,
1654 855 1709 899 et

139 931 380 983 famulum
423 939 574 982 tuum
621 927 713 999 Ill.
763 929 831 983 ab
887 930 1134 986 omnibus
1187 931 1403 986 absolve
1446 932 1701 1002 peccatis.

138 1022 248 1077 Per.
786 1028 787 1031 “

196 1112 275 1162 Ad
306 1108 697 1179 Complendum.
720 1141 787 1151 —
816 1111 1104 1167 Puriﬁcent
1134 1128 1250 1178 nos,
1277 1114 1526 1181 Domine,
1566 1130 1710 1185 quaa-

136 1216 341 1262 sumus.
396 1212 733 1256 sacramenta
780 1220 898 1271 quae
949 1205 1295 1273 sumpsimus,
1350 1214 1404 1261 et
1452 1206 1706 1261 famulum

136 1302 269 1347 tuum
317 1290 409 1345 Ill.
460 1292 529 1345 ab
572 1294 717 1347 omni
760 1294 917 1362 culpa
964 1294 1187 1349 liberum
1217 1310 1335 1350 esse
1363 1298 1619 1363 concede,
1653 1305 1711 1353 ut

133 1382 242 1451 quia
273 1382 622 1435 conscientiae
652 1393 801 1437 reatu
829 1385 1232 1455 constringitur,
1264 1386 1502 1443 caelestis
1529 1403 1707 1444 reme-

134 1474 195 1528 dii
217 1474 554 1543 plenitudine
576 1474 857 1541 glorietur.‘
887 1474 1010 1531 Per.

538 1564 701 1619 Missa
730 1568 962 1635 specialis
992 1569 1289 1623 sacerdotis.

198 1655 303 1710 Fac
335 1670 444 1719 me,
472 1671 679 1725 quaeso,
711 1658 1050 1725 omnipotens
1086 1659 1250 1727 Deus,
1280 1659 1353 1713 ita
1380 1658 1585 1729 iustitia
1618 1660 1711 1714 in-

136 1746 234 1809 dui,
275 1758 336 1800 ut
374 1747 427 1799 in
475 1755 781 1801 sanctorum
838 1757 1049 1803 tuorum
1100 1764 1309 1804 merear
1354 1746 1712 1806 exsultatione

1808 587 1990 640 perna:
2038 577 2423 634 benedictionis
2462 584 2683 649 gratiam
2716 586 3010 657 obtineant,
3060 601 3114 647 et
3156 594 3380 663 gloriam

1808 674 2025 719 a‘ternre
2054 667 2397 724 beatitudinis
2426 674 2723 741 acquirant.
2758 675 2879 731 Per.

1881 755 1961 807 Ad
1984 754 2366 825 Complendum.
2391 789 2460 800 —-
2484 761 2670 816 Divina
2691 765 2914 821 libantes
2939 770 3212 839 mys'eiia,
3241 788 3385 841 qua:-

1808 859 2010 911 sumus,
2055 847 2298 917 Domine,
2352 862 2408 904 ut
2455 851 2570 907 h:ec
2614 856 2865 911 salutaria
2909 875 3244 917 sacramenta
3276 865 3380 920 illis

1808 937 2085 1004 proﬁciant
2113 939 2180 992 ad
2224 945 2628 1009 prosperitatem
2660 957 2715 999 et
2758 963 2965 1017 pacem,
3017 968 3112 1019 pro
3157 970 3383 1022 quorum

1810 1026 2091 1084 dilectione
2139 1028 2255 1084 haec
2307 1038 2412 1085 ture
2456 1032 2743 1091 obtulimus
2790 1039 3075 1110 Majestati.
3131 1043 3232 1099 Per
3278 1046 3384 1100 Do-

1810 1116 2032 1170 mitium.

2191 1187 2355 1243 Missa
2378 1199 2403 1227 ⁸
2428 1192 2724 1261 quotidiana
2752 1214 2843 1265 pro
2871 1214 3007 1269 rege.

1883 1273 2036 1345 (924)
2076 1275 2415 1343 Quaesumus,
2463 1284 2801 1350 omnipotens
2850 1288 3006 1354 Deus,
3056 1297 3114 1342 ut
3156 1289 3387 1350 famulus

1820 1372 1940 1418 tuus
1967 1363 2084 1431 11L,
2133 1369 2224 1434 qui
2254 1378 2340 1423 tua
2372 1372 2714 1427 miseratione
2753 1380 2985 1446 suscepit
3013 1381 3161 1447 regni
3189 1382 3387 1450 guber-

1812 1455 2021 1523 nacula,
2075 1456 2331 1512 virtutum
2374 1461 2533 1515 etiam
2576 1462 2729 1534 (925)
2757 1467 2993 1520 omnium
3024 1473 3283 1539 percipiat
3308 1473 3388 1527 in-

1812 1559 2120 1618 crementa,
2169 1552 2358 1620 quibus
2412 1554 2666 1611 decenter
2717 1568 2971 1627 ornatus,
3030 1570 3085 1616 et
3140 1564 3388 1621 vitiorum

1813 1651 2054 1695 monstra
2098 1641 2358 1710 devitarc,
2390 1654 2444 1699 et
2471 1644 2537 1700 ad
2578 1656 2652 1713 te,
2704 1649 2794 1717 qui
2842 1650 2945 1720 via,
2991 1653 3186 1708 veritas
3208 1663 3263 1708 et
3286 1655 3391 1710 vita

1814 1745 1895 1799 es,
1928 1734 2194 1802 gratiosus
2217 1735 2391 1791 valeat
2418 1739 2719 1805 pervenire.
2753 1740 2872 1797 Per.

136 1837 315 1903 laetari,
357 1846 647 1905 quatenus,
706 1839 1023 1893 emundatus
1066 1840 1135 1893 ab
1174 1840 1423 1895 omnibus
1465 1842 1707 1896 sordibus

1887 1824 2057 1895 Super
2104 1827 2294 1883 oblata.
2326 1858 2396 1869 —
2425 1831 2640 1887 Munera
2669 1875 2682 1898 ,
2738 1834 2960 1891 Domine
2983 1876 3000 1905 ,
3051 1853 3390 1908 quzesumus,

138 1935 491 1994 peccatorum,
526 1929 854 1980 consortium
889 1929 1152 1997 adipiscar
1178 1930 1499 1997 placentium
1528 1945 1709 1984 sacer-

134 2018 331 2082 dotum,
355 2030 549 2084 meque
571 2025 658 2069 tua
682 2016 1047 2071 misericordia
1068 2032 1097 2070 a
1119 2016 1258 2071 vitiis
1281 2018 1528 2072 erunibus
1552 2027 1710 2073 exuat

134 2122 276 2175 quem
307 2116 493 2160 reatus
524 2107 753 2175 propriae
781 2107 1123 2160 conscientize
1151 2116 1356 2177 gravat.
1385 2107 1506 2162 Per.

193 2197 367 2266 Super
398 2199 593 2250 oblata.
619 2226 687 2236 —-
716 2198 880 2273 Deos,
921 2199 1008 2267 qui
1041 2206 1092 2252 te
1122 2197 1367 2266 praecipis
1394 2212 1422 2251 a
1454 2207 1702 2265 peccato~

133 2290 263 2343 ribus
310 2290 550 2353 exorari,
588 2288 790 2357 tibique
836 2289 1155 2343 sacrificium
1183 2288 1396 2343 contriti
1426 2289 1601 2343 cordis
1631 2288 1711 2342 of-

135 2382 264 2446 ferri,
302 2382 407 2436 boc
435 2380 780 2448 sacriﬁcium,
823 2381 964 2449 quod
1008 2381 1237 2449 indignis
1289 2382 1533 2435 manibus
1573 2380 1709 2437 meis

136 2471 314 2537 offero,
360 2482 646 2540 acceptare
686 2472 928 2540 dignare,
970 2482 1029 2525 ut
1059 2481 1114 2526 et
1145 2469 1262 2539 ipse
1295 2470 1388 2524 tibi
1422 2470 1614 2537 hostia,
1657 2478 1712 2525 et

137 2559 441 2614 sacriﬁcium
474 2576 595 2615 esse
625 2576 851 2625 merear,
886 2562 1169 2615 miseratus
1195 2560 1453 2628 concede,
1483 2575 1588 2629 quo
1616 2573 1712 2628 per

137 2651 404 2705 ministerii
461 2652 622 2722 hujus
678 2654 838 2722 239
887 2652 1318 2717 exbibitionem,
1370 2658 1709 2721 peccatorum

138 2744 358 2796 omnium
383 2746 679 2813 percipiam
713 2747 1100 2800 remissionem.
1137 2747 1254 2800 Per.

195 2834 270 2885 Ad
316 2832 810 2902 Complendum.—
840 2836 1006 2904 Hujus
1046 2836 1197 2903 mihi,
1247 2836 1490 2902 Domine,
1534 2849 1713 2891 sacra-

134 2925 285 2977 menti
320 2926 604 2994 perceptio
631 2927 697 2979 sit
720 2935 1057 2994 peccatorum
1092 2926 1368 2992 remissio,
1400 2936 1457 2981 et
1478 2934 1579 2981 tuae
1602 2927 1714 2995 pie-

134 3015 248 3067 tatis
284 3025 474 3082 optata
527 3017 852 3086 propitiatio,
896 3026 956 3071 ut
994 3033 1087 3085 per
1134 3018 1269 3083 haec,
1299 3026 1351 3073 te
1384 3017 1706 3087 cpitulante,

134 3104 325 3158 efﬁciar
372 3106 543 3160 sacris
584 3107 850 3178 mysteriis
890 3107 1100 3176 dignus,
1144 3124 1263 3177 quae
1303 3108 1370 3163 de
1400 3116 1487 3162 tua
1514 3108 1713 3178 pietate

132 3196 362 3253 conﬁsus
389 3196 734 3268 frequentare
764 3214 1025 3266 praesumo
1047 3199 1315 3270 indignus.
1349 3198 1472 3253 Per.

520 3289 686 3343 Missa
733 3306 827 3358 pro
867 3290 1030 3344 salute
1071 3292 1317 3347 vivorum.

217 3377 525 3443 Pmtende,
570 3380 817 3447 Domine,
846 3381 1265 3437 misericordiam
1316 3392 1460 3437 tuam
1502 3382 1710 3439 famulis

129 3473 179 3520 et
231 3467 539 3524 famulabus
588 3470 694 3524 tuis
746 3468 838 3523 Ill.
886 3470 1161 3526 dexteram
1209 3472 1446 3528 cmlesﬁs
1500 3475 1706 3540 auxilii,

130 3572 183 3618 ut
218 3573 269 3617 te
312 3572 431 3617 toto
477 3562 641 3617 corde
685 3562 1007 3632 perquirant,
1060 3575 1113 3620 et
1150 3580 1267 3634 qua:
1314 3567 1474 3636 digna
1516 3581 1712 3636 postu-

130 3654 233 3707 lant
269 3661 653 3720 assequamur,
701 3662 756 3707 et
786 3652 1051 3708 medelam
1103 3663 1245 3708 tuam
1288 3670 1393 3709 non
1431 3655 1606 3711 solum
1656 3656 1710 3711 in

130 3758 371 3812 corpore,
401 3744 497 3799 sed
522 3744 684 3800 etiam
716 3746 769 3799 in
798 3745 971 3800 anima
998 3745 1251 3801 sentiant.
1287 3747 1407 3803 Per.

179 3834 354 3906 Super
366 3835 954 3905 oblata.—Propitiare,
975 3838 1216 3903 Domine,
1232 3838 1711 3908 supplicationibus

136 3927 351 3991 nostris,
396 3936 453 3980 et
482 3926 580 3980 has
607 3926 904 3982 oblationes
932 3927 1260 3983 famulorum
1292 3931 1711 4001 famularumque

128 4026 353 4088 tuarum,
389 4033 528 4089 quas
554 4019 647 4075 tibi
675 4035 772 4089 pro
796 4021 1158 4076 incolumitate
1186 4037 1370 4077 eorum
1401 4022 1705 4089 offerimus,

127 4108 385 4180 benignus
431 4127 678 4179 assume;
728 4123 782 4171 et
822 4123 880 4169 ut
928 4115 1123 4170 nullius
1163 4116 1232 4169 sit
1269 4118 1475 4171 irritum
1503 4127 1706 4203 votum,

130 4202 317 4256 nullius
342 4218 513 4257 vacua
538 4203 850 4272 postulatio,
880 4214 1095 4272 praesta,
1126 4221 1450 4275 qurcsumus,
1482 4216 1541 4261 ut
1562 4202 1706 4276 quod

129 4291 358 4347 ﬁdeliter
392 4295 624 4361 petimus
656 4294 944 4350 efﬁcaciter
968 4310 1381 4366 consequamur.
1415 4297 1535 4351 Per.

187 4381 265 4435 Ad
297 4382 707 4451 Complendum.
733 4414 806 4426 —
831 4386 906 4439 Da
939 4386 1149 4441 famulis
1181 4396 1235 4441 et
1256 4388 1552 4442 famulabus
1579 4389 1703 4455 tuis,

127 4486 457 4541 quasumns,
494 4475 740 4541 Domine,
788 4477 841 4530 in
890 4486 975 4531 tua
1009 4477 1112 4533 ﬁde
1150 4490 1203 4533 et
1240 4477 1544 4534 sinceritate
1573 4495 1704 4534 con-

1812 1920 1988 1975 oblata
2039 1923 2337 1989 sanctiﬁca,
2368 1935 2503 1981 utet
2532 1926 2687 1982 nobis
2720 1928 2985 2003 Uiiigenitl
3018 1932 3090 1986 tui
3121 1946 3314 2003 corpus
3338 1944 3396 1989 et

1810 2011 2027 2080 sanguis
2050 2012 2200 2082 fiant,
2227 2021 2281 2067 et
2313 2013 2459 2084 (926)
2483 2014 2581 2069 Ill.
2606 2016 2717 2085 regi
2738 1998 2805 2071 ad
2833 1998 3174 2073 obtinendam
3199 1998 3393 2077 avnimre

1812 2102 2155 2170 corporisque
2201 2103 2447 2172 salutem,
2500 2113 2556 2160 et
2606 2106 2761 2176 (927)
2811 2110 3169 2178 peragendum
3213 2112 3394 2181 injun-

1811 2200 1953 2244 ctum
1979 2192 2241 2265 ofﬁcium,
2270 2195 2432 2266 240
2465 2207 2516 2251 te
2546 2198 2824 2267 largiente,
2859 2216 3235 2272 usquequaque
3258 2219 3387 2273 pro-

1814 2282 2012 2338 ﬁciant.
2046 2286 2147 2340 Per
2177 2287 2479 2342 Dominum.

1886 2373 1968 2426 Ad
2014 2374 2405 2446 Complendum.
2435 2378 2678 2447 -—Haec,
2730 2380 2975 2449 Domine,
3030 2382 3179 2455 (928)
3227 2387 3400 2441 oratio

1812 2464 2062 2520 salutaris
2091 2465 2347 2521 famulum
2378 2474 2523 2522 tuum
2564 2467 2658 2523 Ill.
2690 2471 2757 2525 ab
2786 2472 3036 2527 omnibus
3066 2482 3275 2529 tueatur
3303 2477 3399 2530 ad-

1813 2556 2005 2622 versis,
2030 2564 2293 2624 quatenus
2318 2567 2373 2613 et
2399 2558 2779 2615 ecclesiasticae
2818 2562 2961 2631 pacis
2990 2563 3227 2619 obtineat
3254 2575 3400 2620 tran-

1811 2645 2154 2714 quillitatem,
2209 2657 2264 2701 et
2310 2656 2431 2716 post
2480 2648 2632 2704 istius
2683 2650 2940 2720 temporis
2990 2652 3275 2710 decursum
3327 2654 3396 2710 ad

1812 2746 2069 2794 reternam
2093 2740 2371 2808 perveniat
2402 2740 2794 2797 haereditatem.
2825 2744 2948 2800 Per.

2365 2830 2529 2885 Missa
2556 2849 2648 2901 pro
2678 2849 2823 2900 pace.

1888 2918 2050 2987 Deus,
2101 2935 2129 2973 a
2177 2935 2282 2989 quo
2330 2932 2519 2977 sancta
2569 2922 2855 2990 desideria,
2896 2934 3040 2980 recta
3071 2927 3316 2992 consilia,
3344 2938 3402 2983 et

1810 3009 1956 3079 justa
1989 3020 2115 3065 sunt
2142 3026 2326 3081 opera,
2365 3013 2429 3067 da
2460 3014 2630 3067 servis
2665 3016 2768 3069 tuis
2807 3015 2951 3070 illam
2979 3033 3135 3085 quam
3167 3020 3398 3076 mundus

1818 3101 1948 3157 dare
1983 3117 2088 3156 non
2123 3111 2300 3172 potest
2332 3118 2540 3172 pacem,
2570 3112 2628 3158 ut
2655 3113 2709 3161 et
2736 3106 2895 3160 corda
2927 3116 3105 3161 nostra
3137 3109 3399 3164 mandatis

1737 3192 1783 3255 C
1818 3198 1921 3251 tuis
1949 3194 2150 3263 dedita,
2198 3205 2273 3262 et,
2316 3195 2551 3251 hostium
2583 3197 2789 3252 sublata
2820 3199 3126 3270 formidine,
3155 3210 3398 3271 tempora

1815 3286 1924 3341 sint
1952 3294 2037 3340 tua
2070 3286 2401 3355 prclectione
2432 3288 2733 3358 tranquilla.
2765 3287 2888 3344 Per.

1887 3375 2058 3444 Super
2089 3377 2279 3431 oblata.
2301 3406 2372 3418 -
2396 3378 2555 3446 Deus,
2587 3377 2679 3447 qui
2712 3378 2990 3434 credentes
3034 3380 3087 3435 in
3130 3389 3186 3437 te
3228 3396 3398 3454 popu-

1815 3466 1897 3522 los
1926 3468 2086 3522 nullis
2116 3468 2248 3525 sinis
2275 3470 2487 3523 concuti
2519 3470 2833 3538 terroribus,
2878 3471 3096 3540 dignare
3124 3482 3179 3528 et
3210 3491 3395 3542 preces

1813 3568 1865 3613 et
1901 3559 2115 3613 Hostias
2143 3559 2334 3615 dicata:
2366 3559 2460 3616 tibi
2493 3560 2659 3629 plebis
2699 3562 2988 3630 suscipere,
3038 3572 3091 3618 ut
3133 3579 3254 3632 pax,
3307 3574 3395 3621 tua

1815 3648 2016 3717 pietate
2075 3664 2327 3705 concessa
2358 3690 2375 3719 ,
2428 3649 2855 3708 Christianorum
2915 3653 3048 3711 ﬁnes
3115 3654 3183 3712 ab
3242 3659 3393 3713 omni

1817 3737 1974 3794 hoste
2013 3740 2173 3795 faciat
2211 3755 2330 3796 esse
2357 3754 2599 3798 securos.

1884 3838 1967 3891 Ad
1995 3838 2384 3909 Complendum.
2408 3870 2478 3880 —
2501 3840 2657 3905 Deus,
2690 3851 2877 3896 auctor
2906 3843 3051 3911 pacis
3080 3851 3135 3898 et
3162 3854 3394 3909 amator,

1813 3944 1971 3999 quem
2006 3945 2165 3985 nosse
2189 3932 2392 3995 vivere,
2425 3932 2511 3986 cui
2541 3933 2751 3987 servire
2784 3947 3012 4001 regnare
3040 3946 3144 4001 est,
3178 3945 3397 4005 protege

1813 4023 1881 4076 ab
1920 4023 2173 4077 omnibus
2220 4024 2709 4093 impugnationibus
2752 4025 3018 4095 supplices
3049 4034 3189 4091 tuos,
3221 4029 3395 4097 utqui

1812 4112 1866 4165 in
1917 4112 2232 4168 defensione
2282 4124 2368 4168 tua
2421 4114 2781 4180 confidimus,
2840 4116 3035 4171 nullius
3089 4117 3395 4173 hostilitatis

1811 4215 1960 4254 arma
1988 4200 2290 4256 timeamus.
2322 4202 2444 4256 Per.

2120 4292 2277 4346 Missa
2298 4309 2388 4362 pro
2412 4309 2709 4362 quacunque
2731 4296 3078 4351 tribulatione.

1884 4384 2211 4440 ineffabilem
2260 4387 2680 4441 misericordiam
2727 4397 2892 4456 tuam,
2942 4390 3195 4456 Domine,
3238 4391 3392 4447 nobis

1808 4476 2102 4531 clementer
2127 4478 2372 4547 ostende,
2403 4487 2461 4532 ut
2480 4477 2639 4533 simul
2673 4495 2771 4535 nos
2799 4488 2854 4535 et
2882 4497 2907 4532 a
2939 4484 3171 4550 peccatis
3198 4499 3386 4556 exuas,

127 4567 405 4630 suntiam,
430 4576 511 4632 ut,
535 4568 588 4621 in
611 4569 873 4624 cbaritate
902 4569 1078 4625 divina
1101 4571 1316 4635 ﬁrmati,
1349 4571 1506 4625 nullis
1537 4580 1703 4627 tenta-
1734 4553 1783 4612 Β
1809 4576 1864 4621 et
1893 4585 1921 4620 a
1954 4569 2127 4637 ptenis
2153 4584 2414 4638 quas-pro
2444 4569 2529 4623 his
2560 4586 2826 4626 meremur
2854 4573 3068 4642 eripias.
3099 4574 3221 4631 Per.

126 4655 355 4711 tionibus
387 4659 457 4713 ab
489 4659 608 4729 ejus
633 4661 935 4729 integritate
965 4664 1248 4718 vellantur.
1274 4663 1394 4719 Per.

586 4750 747 4804 Missa
770 4768 862 4819 pro
882 4752 1237 4821 familiaribus.

186 4838 348 4906 Deus,
396 4840 486 4911 qui
527 4842 808 4897 charitatis
848 4844 987 4897 dona
1018 4858 1109 4911 per
1139 4844 1360 4911 gratiam
1391 4844 1557 4898 sancti
1588 4844 1702 4911 Spi-

119 4929 247 4983 ritus
287 4941 509 4986 tuorum
542 4933 796 4987 cordibus
829 4934 1063 4989 ﬁdelium
1097 4934 1359 4999 infudisti,
1394 4935 1460 4988 da
1493 4934 1705 4989 famulis

118 5021 236 5085 tuis,
270 5038 373 5091 pro
403 5025 598 5093 quibus
638 5035 781 5079 tuam
812 5027 1167 5094 deprecamur
1214 5026 1577 5090 clementiam,
1618 5040 1706 5081 sa-

117 5110 276 5167 lutem
306 5116 511 5169 mentis
549 5126 605 5170 et
633 5119 894 5184 corporis,
924 5128 980 5171 ut
1011 5124 1064 5172 te
1095 5127 1203 5172 tota
1234 5118 1432 5172 virtute
1459 5118 1703 5186 diligant,

112 5210 164 5253 et
200 5218 325 5271 qua:
371 5205 466 5259 tibi
512 5206 706 5275 placita
747 5216 873 5262 sunt
919 5216 1028 5263 tota
1069 5206 1360 5264 dilectione
1407 5208 1700 5278 perﬁciant.

114 5290 232 5345 Per.

179 5382 362 5450 Super
416 5384 611 5439 oblata.
660 5415 730 5425 —
772 5384 1060 5456 Miserere,
1105 5403 1433 5459 quaesumus,
1485 5389 1709 5443 Domine

114 5468 271 5539 Deus,
317 5474 538 5529 famulis
587 5475 713 5544 tuis,
761 5491 860 5546 pro
899 5478 1092 5548 quibus
1121 5481 1219 5536 hoc
1245 5482 1566 5538 sacriﬁcium
1590 5480 1709 5534 lau-

110 5615 295 5661 sancto
349 5607 539 5671 Petro;
580 5610 650 5664 de
688 5620 874 5666 sancto
912 5611 1226 5679 Stephano;
1260 5616 1326 5669 de
1359 5624 1539 5670 sancta
1566 5629 1691 5668 cru-

109 5688 353 5741 ce,etc.;
413 5679 570 5753 Missa
622 5696 769 5753 spec.
826 5682 1158 5748 sacerdotis;
1215 5699 1311 5753 pro
1340 5686 1514 5743 salute
1542 5687 1693 5741 vivos

108 5761 217 5801 rom
236 5787 252 5813 ,
284 5764 391 5818 pro
420 5747 789 5818 familiaribus,
826 5767 923 5822 pro
950 5767 1097 5826 rege,
1128 5747 1232 5809 etc:

1883 4656 2052 4725 Super
2091 4658 2284 4711 oblata.
2328 4688 2395 4697 —
2431 4658 2684 4713 Puriﬁcet
2711 4676 2830 4725 nos,
2880 4663 3123 4732 Domine,
3173 4681 3391 4735 quaasu-

1811 4762 1952 4812 mus,
2003 4749 2243 4803 muneris
2299 4751 2576 4818 praesentis
2630 4752 2851 4821 oblatio,
2906 4764 2961 4810 et
3012 4756 3202 4825 dignos
3231 4774 3386 4815 sacra

1810 4838 2221 4906 participatiOne
2245 4840 2504 4906 perﬁciat.
2538 4841 2658 4895 Per.

1881 4932 1961 4980 Ad
2008 4928 2400 4998 Complemlum.
2430 4963 2499 4973 —
2527 4933 2746 5001 Praesta,
2785 4937 3028 5004 Domine,
3061 4955 3389 5007 qumsumus,

1810 5027 1905 5083 ut,
1973 5020 2201 5075 terrenis
2255 5021 2532 5075 affectibus
2593 5025 2830 5092 expiati,
2882 5028 2945 5079 ad
3003 5027 3222 5095 superni
3278 5031 3390 5098 ple-

1803 5108 2095 5164 nitudinem
2144 5114 2487 5179 sacramenti,
2532 5114 2682 5183 cujus
2718 5115 2998 5172 libavimus
3024 5127 3233 5187 sancta,
3262 5129 3384 5176 ten-

1802 5198 2012 5253 damus.
2046 5199 2168 5252 Per.

2320 5289 2483 5344 Missa
2513 5307 2605 5360 pro
2626 5292 2866 5360 inﬁrmis.

1877 5380 2228 5447 Omnipotens
2273 5383 2599 5450 sempiterna
2648 5383 2806 5449 Deus,
2850 5386 2996 5441 salus
3034 5396 3236 5446 :eterna
3265 5406 3386 5448 cre-

1808 5473 2070 5539 dentium,
2100 5472 2290 5527 exaudi
2333 5488 2431 5529 nos
2479 5490 2573 5545 pro
2621 5476 2834 5531 famulis
2884 5480 2987 5534 tuis
3031 5479 3149 5549 Ill.,
3189 5486 3385 5555 quibus

1868 5615 1895 5644 ιι
1923 5604 1983 5662 In
2017 5612 2125 5663 vet.
2177 5605 2393 5664 Sacram
2444 5606 2634 5664 Gallic.
2667 5606 2891 5667 habetur
2924 5611 3085 5669 Missa
3114 5630 3210 5685 pro
3234 5616 3386 5689 prist-

1796 5676 1930 5750 cipe.
