3988 6374
594 383 700 438 239
1202 382 1536 437 APPENDIX
1581 383 1670 436 AD
1709 384 1766 438 S.
1809 383 2132 438 ()REGORII
2177 385 2388 443 MAGNI
2431 391 2558 447 LIB.
2598 391 3224 450 SACRHIENTORUM.
3757 396 3860 448 ΞΗ)

597 502 972 560 misericordia:
1019 511 1118 553 tua:
1164 501 1506 566 imploramus
1536 501 1812 560 auxilium,
1858 512 1914 553 ut
1961 501 2167 555 reddita
2199 508 2246 564 Α
2282 506 2534 568 periculis
2579 509 2884 574 metuimus,
2931 509 2997 564 de
3027 525 3210 564 eorum
3246 510 3416 564 salute
3448 510 3715 565 lmtcmur.
3760 512 3856 567 Per

593 599 693 652 sibi
727 596 972 656 sanitate,
1006 594 1295 659 gratiarum
1329 592 1422 645 tibi
1456 593 1506 645 in
1540 591 1774 646 Ecclesia
1806 602 1892 646 tua
1927 591 2168 648 referant
2272 595 2578 650 Dominum.
3273 615 3276 617 λ

589 691 874 744 actionem.
902 686 1002 739 Per
1033 684 1336 737 Dominum.
2342 686 2423 737 Ad
2471 686 2862 754 Complendum.
2912 717 2983 732 --
3036 674 3192 758 Deus,
3242 690 3564 746 infirmitatis
3615 691 3862 748 humanm

2272 775 2537 845 singulare
2594 779 2939 846 praesidium,
3011 783 3190 835 auxilii
3250 783 3322 836 tui
3385 797 3548 850 super
3619 783 3861 838 iniit-mos

2273 878 2489 921 nostros
2533 869 2760 924 ostende
2791 870 3066 936 virtutem,
3099 879 3176 936 ut,
3207 887 3308 938 ope
3337 873 3724 928 misericordia).
3760 886 3863 928 tua:

2272 955 2464 1022 adjuti,
2518 954 2770 1010 Ecclesia
2814 965 2918 1010 tum
2963 967 3164 1012 sanctae
3201 963 3580 1028 repraesentari
3615 977 3862 1018 merean-

2272 1052 2378 1100 tur.
2412 1044 2512 1100 Per
2543 1045 2826 1101 Dominum
2857 1057 3098 1103 nostrum
3129 1048 3311 1106 Jesum
3345 1051 3618 1108 Christum
3660 1054 3860 1108 Filium

2273 1144 2443 1190 tuum.

658 817 828 884 Super
849 817 1042 870 oblato.
1072 847 1141 856 —
1169 817 1327 881 Dcus,
1361 819 1459 871 sub
1488 819 1640 888 cujus
1671 821 1889 875 nutibus
1922 821 2042 874 vita:
2072 835 2167 875 no-

584 898 712 960 strai
745 915 1013 960 momenta
1041 907 1353 976 decurrunt,
1386 910 1599 978 suscipe
1634 926 1819 978 preces
1860 921 1915 964 et
1958 911 2167 965 llostias

583 996 901 1051 famulorum
937 1005 1173 1064 tuorum,
1220 1013 1315 1064 pro
1351 999 1544 1068 quibus
1586 1001 1967 1071 aegrotantibus
2006 1001 2167 1055 mise-

582 1086 830 1142 ricordia:
865 1095 967 1142 tua:
1001 1088 1350 1156 imploramus
1391 1089 1668 1154 auxilium,
1720 1099 1777 1144 ut
1824 1092 1891 1146 de
1939 1106 2165 1161 quorum

578 1262 3851 1303 Μ

2601 1293 3847 1303 ηήή

1856 1410 2571 1528 APPENDIX

578 1618 735 1704 AD
810 1622 1270 1704 LIBRUM
1372 1620 2461 1706 SACRAMENTORUM
2561 1625 2647 1708 S.
2735 1628 3335 1714 GREGORII
3407 1635 3834 1718 MAGNI.

1117 1797 1341 1852 VETUS
1380 1797 1603 1852 MISSA.

839 1931 910 1983 Ex
939 1931 1114 1980 Codice
1139 1929 1327 2002 Baloldi
1354 1930 1542 1979 abbatis
1563 1929 1894 1980 Corbeiensis.

891 2033 1154 2089 Dominica
1181 2033 1233 2086 in
1259 2033 1341 2086 die
1368 2043 1544 2086 sancto
1578 2032 1814 2087 Pasctue.

2333 1776 2460 1832 Post
2491 1780 2598 1833 hare
2627 1795 2742 1834 uero
2771 1791 2914 1836 ornet
2943 1799 2995 1836 se
3019 1786 3212 1839 rwteris
3258 1785 3588 1851 indumentis,
3619 1799 3670 1841 et
3703 1791 3853 1844 mini-

2257 1878 2360 1921 ster
2388 1870 2706 1926 administret
2739 1870 2885 1944 (955)
2912 1877 3326 1942 superhumerale
3345 1918 3360 1940 ,
3394 1888 3441 1931 et
3463 1880 3607 1933 dicat
3633 1898 3647 1933 :
3692 1881 3848 1962 lube,

2263 1961 2502 2026 Domine,
2533 1963 2876 2019 benedicere.
2914 1965 3204 2030 Respondet
3231 1969 3399 2033 episeo
3411 1986 3506 2034 pus
3535 1985 3555 2023 :

2331 2047 2509 2103 Virtus
2531 2067 2734 2105 summa
2760 2053 2914 2119 Deus,
2945 2065 3256 2110 cunctorum
3275 2069 3452 2111 rector
3466 2059 3702 2127 opimus,

2327 2140 2406 2194 Tu
2448 2143 2674 2198 benedic
2711 2153 2990 2212 nostrum,
3033 2161 3140 2216 quo
3182 2163 3322 2202 nunc
3360 2164 3651 2214 ornantur,
3695 2153 3841 2206 ami-

635 2162 790 2235 241
842 2162 1017 2216 Primo
1048 2173 1317 2233 antequam
1354 2165 1619 2234 episwpus
1664 2163 1878 2218 Missam
1919 2166 2150 2230 celebret,
2191 2192 2229 2246 Β
2338 2162 2406 2194 ¹¹¹
2448 2162 2674 2198 "ww":
2711 2162 2990 2212 ηθδίτυίην
3033 2162 3140 2216 quo
3182 2163 3322 2202 “m'c
3360 2164 3648 2214 ⁰¹Ἧ³η¹¹¹¹¹ς

635 2253 884 2313 qredietur
930 2253 1188 2313 quoddam
1239 2255 1539 2313 oratorium.
1582 2263 1629 2307 et
1659 2255 1935 2310 secundum
1985 2257 2155 2310 cordis
3628 2240 3648 2313 [

3649 2252 3794 2297 ctum
3826 2260 3842 2298 3

566 2253 884 2324 ingredietur
930 2253 1188 2320 quoddam
1239 2255 1539 2320 oratorium,
1582 2263 1629 2307 et
1659 2255 1935 2310 secundum
1985 2257 2155 2310 cordis

564 2343 1002 2411 complorationem
1038 2345 1258 2412 seipsum
1284 2343 1524 2397 libamine
1545 2345 1788 2399 orationis
1816 2344 1924 2400 Deo
1948 2345 2149 2413 offerat.

563 2430 716 2486 Dicat
767 2432 896 2485 hanc
945 2435 1224 2486 orationem
1271 2447 1294 2487 :

2329 2323 2396 2380 Ut
2419 2326 2624 2382 servire
2653 2326 2746 2382 tibi
2780 2327 3053 2384 valeamus
3073 2329 3239 2386 corde
3266 2329 3478 2400 pudico.

2329 2416 2429 2469 Per
2463 2418 2664 2470 omnia.

2327 2506 2514 2561 Postea
2542 2508 2791 2562 ministret
2812 2509 2858 2562 ei
2887 2510 3057 2563 albam
3089 2509 3241 2582 (956)
3273 2522 3321 2567 et
3346 2513 3502 2580 dicat,
3537 2525 3592 2568 ut
3620 2532 3800 2585 supra.

2328 2596 2574 2651 Vestibus
2595 2600 2850 2665 angelicis
2874 2601 3064 2667 induti,
3094 2601 3208 2657 Rex
3232 2604 3480 2672 pietatis;

2322 2689 2592 2744 Possiinus
2616 2690 2780 2746 libare
2811 2692 2878 2760 pii
2904 2692 3134 2749 libamen
3164 2695 3368 2760 odoris,

2320 2779 2572 2835 Clemens
2599 2791 2654 2836 et
2687 2799 2859 2850 prava:
2905 2799 3098 2853 purges
3123 2787 3368 2857 contagia
3400 2791 3616 2844 ment‘s.

2320 2873 2396 2926 Ac
2427 2873 2582 2926 citius
2605 2873 2835 2929 delenda
2864 2874 3013 2948 (957)
3050 2877 3206 2932 malze
3240 2879 3479 2950 contagia
3511 2882 3730 2936 mentis.

2319 2965 2420 3021 Per
2439 2965 2639 3019 omnia.

2316 3054 2502 3110 Postea
2550 3058 2799 3112 ministret
2849 3058 2896 3113 ei
2941 3055 3092 3132 (958)
3137 3061 3417 3134 cingulum,
3470 3073 3519 3119 et
3571 3065 3733 3135 dicat,
3779 3075 3836 3120 ut

2243 3164 2423 3216 supra.

2312 3239 2593 3294 Scrutator
2617 3241 2815 3308 cordis,
2849 3250 2904 3299 et
2931 3252 3094 3297 castae
3123 3243 3316 3299 mentis
3342 3255 3573 3312 amator,

2311 3332 2389 3387 Tu
2414 3333 2624 3388 lumbos
2649 3334 2918 3404 prmcinge
2943 3350 3110 3399 meos,
3134 3335 3272 3390 Deus
3295 3337 3687 3407 intimejudex,

2309 3424 2628 3479 Mortiﬁcans
2660 3440 2850 3493 pravos
2877 3427 2928 3481 in
2957 3437 3104 3482 casto
3134 3443 3358 3499 corpore
3387 3440 3595 3499 gestus.

2314 3515 2416 3570 Per
2438 3517 2636 3571 omnia.

632 2547 726 2602 \‘ia
756 2545 905 2616 (929)
937 2553 1240 2600 sanctorum
1273 2546 1510 2600 omnium
1537 2545 1664 2602 Jesu
1694 2549 1931 2616 Christe,
1963 2551 2050 2620 qui
2081 2551 2146 2604 ad

564 2645 616 2692 te
636 2639 970 2692 venientibus
991 2636 1254 2691 claritatis
1274 2637 1524 2705 gaudium
1546 2640 1845 2703 contulisu,
1870 2640 2145 2696 introitum

544 2728 754 2796 templi
799 2727 985 2792 istius,
1017 2726 1243 2794 Spiritus
1278 2726 1445 2781 sancti
1471 2726 1587 2783 luce
1616 2727 1901 2796 perfunde,
1933 2731 2022 2799 qui
2055 2732 2146 2783 lo-

561 2834 683 2874 cum
713 2820 871 2874 istum
899 2828 1200 2872 sanctorum
1234 2830 1442 2874 tuorum
1495 2833 1788 2891 martyrum
1821 2823 2034 2876 nomin:
2064 2821 2145 2875 vel

559 2910 818 2978 sanguine
845 2909 1172 2964 consecrasﬁ
1207 2926 1219 2961 :
1256 2919 1472 2978 praesta,
1522 2925 1854 2980 qua-sumus,
1889 2914 2146 2981 omnipo-

560 3011 676 3056 tens
695 3001 852 3065 Deus,
875 3009 932 3056 ut
955 3014 1144 3055 omnes
1161 3000 1310 3069 (950)
1334 3002 1420 3055 isti
1446 3001 1838 3057 intercedentes
1862 3003 2137 3058 obtineant

557 3094 766 3146 veniam
792 3106 889 3161 pro
921 3092 1149 3155 delictis,
1174 3092 1242 3146 ab
1271 3092 1518 3147 omnibus
1547 3092 1840 3148 liberentur
1855 3095 2138 3161 angustiis.

553 3183 844 3251 impetrent
874 3181 1130 3251 quidquid
1165 3181 1412 3250 petierint
1439 3197 1535 3252 pro
1566 3184 1976 3238 necessitatibus
2002 3188 2136 3250 suis,

553 3276 768 3345 placere
792 3291 1004 3342 semper
1033 3275 1357 3344 praevaleant
1383 3291 1561 3330 coram
1593 3276 1763 3330 oculis
1790 3278 1918 3340 tuis,
1942 3285 2140 3346 quate-

554 3379 676 3430 nus,
709 3381 804 3434 per
834 3373 886 3419 tc
917 3376 969 3418 et
1001 3381 1096 3435 per
1145 3374 1393 3420 sanctum
1442 3365 1658 3420 Petrum
1717 3365 1938 3420 militem
1986 3376 2134 3421 tuum

552 3461 764 3524 muniti,
797 3473 1100 3514 mereamur
1128 3459 1300 3513 aulam
1329 3458 1560 3528 paradisi
1592 3458 1838 3514 introire.
1876 3459 1997 3514 Per.

620 3550 772 3605 Hora
798 3566 914 3604 vero
961 3551 1061 3603 diei
1105 3551 1256 3604 tertia
1311 3549 1460 3620 (951)
1494 3566 1638 3603 arma
1689 3550 1786 3604 sibi
1833 3548 2135 3620 deferantur
2163 3553 2209 3617 C

549 3643 908 3705 sacerdomlia,
933 3659 1046 3712 qua:
1084 3641 1268 3720 induet
1294 3652 1436 3695 extra
1460 3641 1671 3696 charum
1714 3641 1937 3695 sinistra:
1965 3644 2130 3710 partis

549 3735 602 3788 in
625 3737 738 3788 loco
761 3733 912 3804 (952)
942 3736 1224 3788 stcretarii.
1259 3733 1396 3787 Dum
1419 3736 1671 3789 introierit
1696 3735 1747 3788 in
1775 3735 2129 3801 secretarium,

547 3826 684 3878 dicat
715 3825 849 3878 hanc
879 3824 1178 3880 Orationem
1210 3839 1231 3880 :

617 3935 966 4005 Omnipotens
995 3942 1050 3990 et
1077 3936 1388 3992 misericors
1443 3937 1601 4002 Deus,
1651 3938 1741 4008 qui
1787 3937 2130 3993 sacerdotum

544 4026 864 4092 ministerio,
900 4027 964 4081 ad
997 4027 1089 4082 tibi
1138 4028 1479 4084 serviendum
1510 4040 1563 4084 et
1612 4031 2022 4100 supplicandum
2056 4032 2132 4086 uti

543 4116 802 4186 dignaris,
833 4133 1138 4188 quzesumus
1170 4121 1488 4175 immensam
1531 4121 1869 4176 clementiam
1900 4133 2044 4177 tuam
2075 4133 2132 4177 ut

545 4211 802 4281 quidquid
826 4211 986 4265 modo
1011 4212 1295 4268 visitamus
1327 4213 1534 4280 visites,
1573 4214 1828 4283 quidquid
1861 4215 2130 4270 benedici-

546 4322 666 4360 mus
695 4306 1005 4376 benedicas,
1035 4308 1208 4377 sitque
1231 4307 1296 4361 ad
1330 4317 1528 4363 no~trte
1560 4308 1878 4364 humilitatis
1929 4311 2132 4364 introii»

545 4407 679 4460 tum,
725 4406 1032 4450 sanctorum
1083 4404 1292 4451 tuorum
1342 4399 1568 4463 meritis,
1620 4397 1741 4468 fuga
1797 4397 2125 4466 daemonum,

547 4486 725 4554 augeii
754 4487 897 4553 pacis
926 4486 1220 4554 ingressus.
1257 4487 1379 4541 Per.

613 4597 794 4650 Primo
820 4597 1025 4666 quidem
1052 4596 1202 4666 (955)
1233 4598 1460 4652 minister
1481 4598 1680 4668 deferat
1701 4600 1912 4670 caligas,
1957 4619 2120 4674 usque

539 4690 606 4743 ad
617 4705 748 4758 genu
763 4689 1039 4752 tendentes,
1058 4696 1102 4740 et
1116 4687 1252 4741 dicat
1272 4705 1284 4740 :
1301 4687 1379 4742 Tu
1395 4689 1638 4753 Domine,
1652 4699 1920 4760 Optamus,
1933 4691 2124 4761 jubeas

541 4780 849 4836 benedicier
876 4793 1083 4835 omnes.
1113 4778 1398 4848 Respondet
1418 4782 1685 4851 episcopus
1715 4797 1734 4835 :

612 4872 802 4927 Tozius
860 4871 1159 4924 honestatis
1219 4879 1404 4925 auctor
1452 4872 1793 4941 omnipotens
1839 4873 2002 4938 Deus,
2053 4875 2118 4928 ad

541 4963 911 5034 reprimendas
961 4961 1167 5031 antiqui
1224 4962 1393 5017 bostis
1438 4963 1725 5031 versutias,
1780 4980 1876 5036 per
1927 4975 2120 5020 nostrae

539 5057 815 5114 servitutis
850 5055 1163 5127 mysterium
1206 5056 1382 5128 lfarte,
1435 5056 1814 5128 ministerium]
1838 5059 1966 5128 jube
1994 5074 2121 5113 san-

534 5149 758 5206 ctilicari
815 5149 910 5202 bas
958 5147 1175 5217 caligas,
1225 5156 1282 5202 ut
1326 5158 1378 5203 et
1430 5149 1480 5202 in
1535 5163 1724 5217 gressu
1783 5149 2119 5215 reslilendeat

534 5239 806 5311 Evangelii
838 5239 1056 5304 veritas,
1107 5251 1160 5294 et
1188 5250 1364 5296 meme
1398 5240 1522 5295 lidei
1549 5249 1863 5296 exerceatur
1893 5242 2121 5311 integri-

533 5342 636 5388 tas.
663 5333 766 5387 Per
793 5332 993 5386 omnia.

603 5443 803 5497 Deinde
819 5444 1045 5497 minister
1065 5443 1145 5496 det
1164 5443 1309 5515 (934)
1331 5443 1586 5510 sandalio,
1601 5453 1650 5498 et
1676 5443 1835 5509 dicat,
1857 5452 1910 5497 ut
1933 5459 2117 5509 supra.

535 5533 829 5605 Respondet
845 5535 1109 5604 episc0pus
1129 5550 1148 5587 :

606 5625 774 5680 indue
803 5640 911 5691 me,
937 5626 1180 5693 Domine,
1231 5626 1611 5682 calceamentis
1655 5627 1902 5696 iustitiae,
1955 5627 2116 5698 252

529 5732 685 5787 quem
711 5717 946 5772 Joannes
973 5715 1106 5770 vidit
1133 5717 1381 5770 vestitum
1433 5719 1653 5787 pedere,
1679 5729 1735 5772 ut
1766 5719 1966 5786 possim
2023 5719 2115 5773 tibi

527 5807 671 5865 omni
689 5819 928 5880 tempore
948 5821 1068 5865 cum
1100 5809 1290 5865 timore
1317 5810 1543 5865 servire.
1570 5809 1670 5866 Per
1695 5809 1896 5864 omnia.

2315 3607 2496 3661 Postea
2523 3608 2670 3661 detur
2690 3609 2736 3664 ei
2757 3609 2974 3663 balteum
2997 3609 3144 3682 (959)
3177 3612 3458 3682 pudicit’te,
3483 3624 3528 3668 et
3553 3614 3694 3671 dicat
3716 3619 3816 3672 nti-

2237 3700 2414 3766 nister,
2450 3713 2501 3754 ut
2530 3718 2709 3772 supra.
2745 3702 3032 3773 Respondet
3057 3705 3322 3776 episcopus
3344 3722 3365 3760 :

2312 3792 2458 3860 ltogo
2485 3800 2555 3855 te,
2585 3792 2849 3847 altissime
2879 3793 3015 3848 Deus
3043 3795 3298 3862 Sabaoth,
3333 3797 3490 3852 Pater
3520 3809 3728 3864 sancte,
3769 3810 3833 3853 ut

2237 3896 2322 3935 me
2344 3882 2607 3952 castigare
2651 3883 2904 3953 digneris,
2960 3887 3264 3956 accingere,
3303 3899 3358 3943 et
3404 3903 3554 3944 meos
3611 3891 3835 3946 lumlos

2237 3973 2414 4028 balteo
2451 3975 2523 4027 tui
2557 3973 2762 4029 timoris
2791 3975 3017 4040 ambire,
3051 3992 3116 4032 ac
3147 3993 3301 4033 renes
3327 3981 3504 4034 cordis
3554 3983 3659 4036 mei
3718 3991 3831 4036 tua:

2237 4065 2511 4118 cbaritatis
2541 4067 2660 4134 igne
2691 4082 2866 4132 urere,
2927 4077 2983 4122 ut
3027 4083 3124 4136 pro
3169 4071 3401 4137 peccatis
3431 4072 3564 4124 meis
3619 4074 3828 4140 possim

2235 4154 2588 4218 intercedere,
2625 4165 2680 4209 et
2713 4157 2938 4212 astantis
2994 4159 3175 4227 p0puli
3220 4171 3556 4228 peccatorum
3604 4163 3828 4217 veniam

2235 4245 2563 4314 promereri,
2590 4260 2651 4299 ac
2665 4246 2913 4316 paciﬁcus
2941 4247 3271 4318 singulorum
3291 4250 3493 4306 hostias
3514 4253 3828 4308 immolare.

2235 4333 2359 4390 Per.

2306 4449 2438 4502 Tum
2460 4450 2689 4504 minister
2716 4450 2892 4517 e/ferat
2937 4452 2984 4506 ei
3016 4453 3202 4506 stolam
3236 4454 3604 4524 jucunditatis,
3634 4469 3835 4526 gerens

2228 4542 2382 4596 vitam
2431 4544 2644 4612 geminis
2682 4543 3147 4611 contemplationis.
3200 4542 3270 4600 Et
3310 4535 3452 4600 dicat
3479 4590 3495 4611 .
3529 4557 3585 4601 ut
3633 4564 3831 4616 supra.

2232 4632 2517 4704 Respondet
2549 4635 2816 4705 episcopus
2851 4652 2864 4688 :

2298 4747 2448 4802 Colla
2466 4747 2594 4817 jugo
2617 4747 2890 4802 subdeuda
2914 4756 3023 4812 tuo,
3055 4747 3196 4803 Deus
3221 4747 3384 4811 alme.
3408 4759 3636 4814 sacrato,

2297 4841 2378 4896 Ad
2402 4842 2554 4908 cujus
2575 4840 2792 4910 dignum
2822 4841 3052 4908 pretiosa
3081 4851 3249 4894 morte
3271 4841 3593 4909 sepulcrum,

2292 4933 2478 4988 Virtus
2505 4933 2743 5002 angelica
2771 4933 3094 4988 consederat
3121 4932 3314 4987 ordine
3346 4933 3567 4987 mundo.

2296 5021 2400 5077 Per
2429 5024 2627 5078 omnia.

2292 5139 2453 5210 243
2494 5138 2664 5209 Super
2688 5139 2796 5193 Ittec
2820 5139 2987 5209 itaque
3016 5140 3336 5193 ministretur
3376 5139 3423 5190 ei
3451 5135 3604 5205 (940)
3631 5138 3825 5190 tunica

2221 5233 2362 5302 gyris
2420 5230 2570 5302 (Sidi)
2627 5233 2680 5285 in
2736 5233 3058 5285 tintinabulis
3095 5230 3247 5300 (942')
3280 5231 3455 5282 mirice
3507 5229 3659 5302 [Leg.
3719 5231 3828 5280 mi—

2221 5323 2388 5394 riﬁce]
2415 5325 2625 5395 refecta,
2659 5333 2707 5376 et
2736 5324 2873 5376 dicat
2911 5323 3159 5386 minister,
3209 5331 3262 5374 ut
3300 5337 3482 5390 supra.
3519 5318 3830 5386 Respondet

2226 5432 2495 5484 episcopus
2526 5431 2544 5468 :

2297 5527 2578 5583 Sanctiﬁca
2622 5528 2852 5582 tunicam
2894 5543 2994 5597 qua
3029 5541 3167 5581 nunc
3212 5523 3594 5594 superinduor,
3628 5521 3823 5589 istam,

2295 5621 2644 5688 Omnipotens
2677 5630 2877 5674 teterne
2911 5620 3072 5685 Deus,
3100 5619 3216 5672 sine
3246 5631 3460 5671 numine
3489 5629 3648 5685 cujus

2296 5714 2379 5769 Nil
2413 5714 2642 5767 humana
2673 5713 2813 5768 valet
2835 5712 3013 5767 devoti
3038 5710 3269 5765 condere
3292 5711 3485 5764 virtus.

2298 5803 2364 5858 Et
2390 5803 2476 5873 qui
2507 5817 2592 5859 me
2623 5803 2790 5859 sacris
2813 5801 3031 5858 Voluisti
3049 5800 3285 5857 vestibus
3315 5798 3411 5866 uti,
