3988 6296
168 316 274 372 2H

245 434 326 486 Da
352 429 553 486 servire
576 428 688 497 libi,
713 429 873 500 iudex
900 430 1007 501 pie,
1034 436 1213 484 mente
1242 427 1406 483 ﬁdeli.

243 522 352 575 Per
370 521 571 574 omnia.

242 612 441 664 Deinde
488 612 803 665 ministretur
853 613 900 665 ei
926 628 1061 682 aqua
1100 611 1168 663 ad
1221 625 1427 676 manus,
1488 617 1534 663 et
1583 618 1757 678 pecten

168 706 238 755 ad
265 712 439 772 caput,
463 711 510 755 et
540 703 677 755 dicat
714 703 965 768 minister,
1007 711 1060 755 ut
1088 717 1265 772 supra.
1316 699 1607 769 Respondet
1646 701 1756 769 epi-

165 810 355 847 εεοωιε
374 808 394 846 ἔ

240 812 257 844 )
298 812 329 845 ll
374 812 394 846 .'

240 812 399 916 ignita
408 873 599 930 potens
614 872 668 919 et
692 862 998 917 misericors
1017 862 1179 924 Deus,
1198 877 1390 930 precor
1411 859 1751 943 clementiam

165 961 337 1016 tuam,
364 960 423 1005 ut
451 967 537 1006 me
559 952 832 1007 audaciter
854 952 1197 1007 accedentem
1230 966 1336 1005 non
1359 951 1505 1006 sinas
1552 949 1752 1019 perire,

165 1044 260 1095 sed
292 1042 519 1113 dignate
548 1045 750 1112 lavare,
800 1058 997 1099 ornare
1025 1051 1080 1099 et
1107 1042 1300 1098 leniter
1325 1042 1619 1113 suscipere.
1652 1041 1753 1096 Per

163 1133 367 1186 omnia.

232 1221 381 1275 Tunc
416 1224 768 1278 ministrentur
793 1224 839 1278 ei
868 1221 1019 1294 (945)
1049 1223 1281 1288 manicae,
1309 1229 1363 1276 ut
1391 1238 1571 1285 supra.

227 1313 403 1381 Digna
433 1330 624 1370 manus
647 1327 861 1371 nOSIras
885 1314 1082 1370 Christi
1110 1314 1351 1368 custodia
1377 1323 1576 1379 servet,

228 1401 299 1456 Ut
323 1412 557 1459 tractare
584 1412 782 1474 queant
830 1413 1028 1460 nostra:
1059 1413 1405 1457 monumenta
1433 1401 1640 1456 salutis.

232 1490 341 1544 Per
361 1494 570 1547 omnia.

227 1579 425 1636 Postea
458 1582 515 1651 (9
529 1581 612 1653 μ)
644 1584 793 1636 detur
818 1584 865 1637 ei
902 1583 1131 1638 annulus
1160 1584 1213 1638 in
1241 1585 1448 1639 dextera
1475 1600 1631 1638 manu
1660 1584 1751 1636 de-

160 1684 312 1738 super
342 1672 580 1726 manica.
633 1671 782 1726 Dicat
834 1672 1084 1739 minister,
1139 1684 1195 1727 ut
1236 1690 1415 1743 supra.
1455 1672 1749 1742 Respondet

157 1761 425 1830 episcopus
459 1777 479 1816 :

221 1851 459 1919 Pignore
486 1868 573 1910 me
603 1853 731 1911 ﬁdei
759 1855 1021 1926 signatum
1044 1858 1198 1925 pacis
1224 1867 1277 1910 et
1300 1855 1482 1922 arrlia,

294 1943 524 1999 Custodi
546 1947 759 2013 dextra,
781 1962 876 2003 rex
901 1947 1203 2013 benedicte,
1228 1957 1335 2002 tua.

225 2032 330 2087 Per
359 2036 573 2091 omnia.

221 2119 419 2176 Postea
453 2124 771 2180 ministretur
816 2127 861 2181 ei
906 2125 1054 2198 (945)
1114 2127 1323 2192 casula,
1377 2129 1580 2181 tandem
1633 2144 1744 2182 vero

157 2210 301 2280 (1H6)
332 2214 599 2268 rationale
624 2216 879 2270 cohaerens
907 2216 1109 2269 vinetim
1141 2216 1325 2288 [Forte
1361 2218 1605 2288 junctith
1652 2234 1743 2270 su-

157 2302 526 2368 pcrhumerali.
558 2304 625 2359 Et
654 2306 791 2360 dicat
839 2307 1090 2373 minister,
1144 2315 1200 2359 ut
1243 2320 1421 2376 supra.
1460 2306 1745 2376 Respondet

158 2391 423 2461 cpiscopus
450 2412 472 2449 :

235 2484 372 2551 Spes
398 2494 628 2551 aeterna,
657 2486 818 2552 Deus,
846 2494 1160 2541 cunctorum
1192 2495 1362 2551 certa,
1395 2485 1666 2556 salusque,

217 2583 293 2637 Tu
318 2595 537 2636 memor
562 2586 679 2633 esto
701 2579 803 2631 mei
827 2585 939 2631 toto
966 2585 1017 2631 te
1044 2576 1206 2631 corde
1231 2575 1454 2645 petenti,

220 2677 506 2743 Exsequar
532 2682 590 2728 ut
619 2671 809 2739 dignus
827 2671 1063 2726 caelestis
1093 2671 1271 2724 munia
1302 2670 1441 2723 vitae.

217 2765 471 2831 Dumque
512 2762 648 2815 meis
684 2760 929 2813 manibus
979 2767 1237 2812 tractatur
1275 2761 1496 2828 mystica
1538 2761 1738 2825 virtus,

221 2854 508 2921 Dispereat
535 2848 790 2919 quidquid
813 2857 1153 2903 eontraxerat
1173 2849 1306 2903 ordo
1334 2859 1607 2903 veternus.

221 2944 318 2999 Per
341 2943 552 2997 omnia.

218 3045 488 3113 Deturque
520 3042 696 3095 ntanui
728 3041 866 3094 [terve
916 3038 1063 3107 (947)
1121 3041 1411 3109 manipulus
1468 3040 1739 3103 castitatis,

783 308 1127 367 APPENDIX
1172 312 1262 367 AD
1304 312 1361 367 S.
1403 310 1737 368 CIlEGORll
1772 312 1983 370 MAGNI
2026 316 2156 370 LIB.
2199 312 2832 374 SACRAMENTORUM.

1786 436 1833 490 Α
1865 432 2209 501 cogitatione,
2243 431 2533 496 locutione,
2565 435 2798 498 actione,
2832 442 2991 503 atque
3028 434 3276 488 omnibus
3308 448 3442 487 seu-

1863 522 2010 575 sibus
2039 524 2363 591 exstinctus;
2412 526 2505 594 qui
2544 528 2806 595 justifieas
2856 528 3046 595 impios
3094 536 3148 581 et
3196 528 3438 580 vivificas
3522 566 3523 569 η

3341 319 3446 372 242

1863 624 2128 678 mortuos,
2158 614 2361 668 viviﬁca
2413 631 2518 683 me,
2548 626 2604 672 et
2652 618 2908 672 resuscita
2932 632 3036 682 me,
3086 627 3140 671 et
3184 617 3442 670 miserere

1865 702 1991 766 mei,
2024 702 2162 756 Deus
2194 719 2366 758 meus.

1932 794 2196 847 Annucnte
2216 797 2448 867 episcopo
2482 796 2629 867 (955)
2662 799 2934 867 incipiatur
2969 799 3206 853 Psalmus
3253 815 3285 851 a
3314 815 3437 852 can-

1861 893 1988 950 tore,
2018 902 2134 939 cum
2162 884 2388 941 Introitu
2418 892 2784 957 reciprocante.
2817 892 2968 962 (954)
2998 890 3214 946 Interim
3238 907 3435 959 quoque

1860 976 2113 1029 osculetur
2140 993 2314 1032 omnes
2357 979 2452 1031 sibi
2488 980 2851 1044 circumdatos,
2906 982 3152 1051 incipiens
3193 982 3341 1051 (955)
3374 979 3440 1032 si-

1860 1067 2032 1131 nistre,
2058 1068 2451 1137 alternatimque
2480 1072 2678 1124 veniens
2711 1071 2860 1141 (956)
2894 1075 3090 1126 ἅρπη-ε.

1931 1152 2048 1206 Hoc
2069 1163 2237 1210 autem
2267 1157 2487 1226 expleto,
2511 1159 2660 1227 (957)
2685 1160 2953 1229 episcoPus
2984 1162 3130 1230 signo
3159 1163 3308 1233 digiti
3330 1164 3433 1227 sui,

1857 1245 2059 1300 inchoet
2099 1258 2278 1300 cantor
2300 1248 2477 1302 Gloria
2508 1249 2674 1303 Patri.
2704 1252 2770 1305 Et
2799 1264 3033 1322 praperet
3064 1255 3326 1320 episcOpus
3366 1256 3434 1309 ad

1857 1333 2024 1387 altare
2050 1338 2357 1404 stipantibus
2384 1338 2664 1404 ministris;
2695 1341 2827 1394 dicat
2851 1341 2984 1393 hanc
3019 1342 3314 1395 Orationem
3344 1359 3364 1395 :

1930 1425 2203 1494 indignum
2234 1426 2386 1498 (958)
2435 1444 2545 1494 me,
2580 1428 2825 1495 Domine”,
2853 1432 3020 1486 sacris
3050 1433 3152 1487 tuis
3201 1448 3321 1488 esse
3350 1434 3434 1487 fa—

1858 1523 1993 1581 teor,
2024 1516 2113 1585 qui
2168 1517 2461 1573 innumeris
2506 1519 2747 1586 quotidie
2802 1522 3032 1587 peccatis
3068 1522 3265 1578 fuscor.
3298 1524 3431 1589 Quid

1856 1620 1955 1675 ego
2008 1608 2221 1662 blandis
2273 1618 2346 1673 te,
2391 1608 2635 1677 Domine,
2686 1611 2865 1667 verbis
2914 1627 3102 1681 rogare
3148 1628 3432 1683 praesumo,

1854 1715 2010 1769 quem
2041 1700 2301 1771 improbis
2329 1703 2625 1772 saepissime
2674 1703 2827 1759 factis
2858 1703 3107 1758 nitendo?
3160 1705 3237 1759 Tu
3266 1706 3432 1771 enim,

1782 1800 1828 1858 Β
1860 1793 2103 1859 Domine,
2137 1794 2267 1848 mihi
2302 1794 2618 1849 medicinam
2653 1794 2851 1864 ingeris
2877 1810 3043 1865 aegro,
3074 1810 3173 1865 ego
3215 1796 3429 1851 sanitati

1852 1900 1988 1941 mea:
2032 1887 2297 1941 contraria
2345 1901 2477 1956 ago;
2523 1887 2696 1957 legem
2745 1897 2911 1953 tuam,
2964 1887 3209 1954 Domine,
3261 1888 3431 1942 sacris

1850 1977 2061 2046 paginis
2089 1977 2311 2031 inditam
2345 1977 2485 2048 lego,
2514 1992 2697 2032 sanam
2731 1993 2859 2033 vero
2882 1977 3217 2047 disciplinam
3245 1979 3430 2034 infelix

1850 2066 2081 2137 neglige.
2132 2066 2210 2121 Ad
2245 2076 2392 2124 tuum
2433 2068 2646 2137 quidem
2676 2069 2841 2123 altare
2871 2073 3020 2137 quasi
3051 2068 3275 2124 devotus
3328 2086 3429 2125 ac-

1847 2159 2005 2225 cedo,
2037 2159 2131 2215 sed
2163 2175 2194 2214 a
2223 2162 2513 2230 praeceptis
2549 2160 2653 2215 tuis
2682 2161 2983 2215 contumaci
3014 2161 3176 2217 corde
3207 2161 3423 2215 recedo.

1850 2246 1921 2300 Da
1949 2260 2077 2316 ergo
2102 2248 2257 2313 mihi,
2314 2248 2559 2313 Domine,
2616 2262 2822 2316 quaeso,
2876 2263 2970 2302 cor
3025 2258 3427 2317 compunctum,

1848 2338 1987 2404 quod
2021 2340 2284 2393 veraciter
2313 2340 2437 2394 odio
2465 2339 2661 2394 habeat
2706 2347 3000 2404 peccatum.
3027 2338 3202 2393 Meum
3251 2347 3353 2403 est,
3386 2339 3429 2393 si

1850 2428 2160 2493 donaveris,
2187 2430 2379 2484 deli0ta
2402 2429 2633 2495 deﬂere;
2659 2438 2802 2482 tuum
2833 2437 2917 2482 est
2942 2442 3003 2482 ea
3035 2437 3089 2483 ut
3117 2430 3293 2482 nivem
3319 2429 3428 2483 cito

1848 2518 2053 2573 delete.
2087 2519 2149 2574 Et
2182 2519 2306 2575 licet
2328 2521 2561 2589 palmam
2593 2518 2866 2574 amiserim
2892 2518 3104 2573 inimico
3122 2517 3427 2584 fraudantc,

1845 2610 1913 2663 ad
1943 2612 2152 2666 veniam
2183 2612 2374 2667 saltem
2407 2611 2713 2680 perveniam
2746 2620 2798 2665 te
2830 2610 3133 2665 miserante.
3166 2611 3282 2665 Tibi
3318 2610 3431 2666 Deo

1846 2711 1930 2754 est
1961 2702 2154 2769 honor,
2186 2717 2409 2773 regnum
2461 2702 2589 2768 Regi
2611 2710 2926 2756 cunctorum
2955 2710 3143 2755 cuncta
3184 2701 3427 2770 regnanti

1847 2793 1901 2846 in
1926 2795 2119 2847 smcula
2145 2796 2481 2849 saeculorum.
2516 2795 2711 2849 Amen.

1919 2883 2071 2938 Mora
2097 2886 2302 2954 quidem
2329 2886 2577 2939 orationis
2625 2887 2782 2955 facta.
2832 2885 2960 2939 sicut
3013 2885 3237 2939 ordinati
3282 2893 3423 2949 sunt,

1849 2976 1981 3030 alter
2006 2979 2307 3029 alterutrum
2332 2976 2609 3044 presbyteri
2637 2986 2685 3026 et
2712 2975 2916 3027 diaconi
2936 2972 3225 3027 osculentur
3247 2974 3425 3027 altaris

1843 3081 2058 3119 cornua.
2096 3064 2160 3119 Et
2187 3064 2393 3119 ultimus
2430 3066 2715 3134 episcopus,
2753 3064 3154 3117 ministrantibus
3184 3063 3307 3128 illis,
3343 3079 3426 3116 os-

154 3148 195 3191 et
222 3139 356 3190 dicat
382 3136 618 3188 minister
640 3134 834 3196 :Jube,
870 3128 1110 3196 Domine,
1142 3132 1476 3185 benedicere.
1507 3131 1734 3197 Ilespon-

1861 3157 2044 3209 :ulctttr
2074 3152 2407 3222 Evangelium
2452 3128 2515 3205 ab
2557 3128 2711 3220 ipsis
2739 3153 2988 3207 eleuatum
3013 3163 3060 3205 et
3106 3161 3364 3221 apertum,
3389 3168 3422 3205 a

154 3228 229 3278 (ιι-ι
254 3225 530 3292 episcopus
564 3236 582 3274 :

214 3325 311 3393 Qui
340 3339 510 3393 super
529 3330 674 3377 astra
721 3320 897 3388 sedes,
925 3321 1015 3389 qui
1046 3322 1191 3390 regni
1220 3330 1422 3386 sceptra
1454 3330 1635 3385 tueris,

216 3418 486 3474 Summus
506 3417 717 3482 adesto,
751 3414 912 3481 Deus,
944 3414 1185 3470 mihimet
1204 3426 1290 3468 tua
1313 3417 1453 3483 iussa
1478 3414 1741 3485 sequenti,

215 3513 290 3564 Ac
323 3510 501 3563 levem
526 3508 686 3578 capiti
716 3510 1081 3575 complexibus
1103 3509 1296 3562 adhibe
1323 3509 1587 3572 dextram,

226 3596 615 3663 Auxiliumque
647 3593 774 3646 mihi
799 3594 1000 3647 tribuas
1033 3608 1123 3661 per
1150 3604 1340 3646 cuncta
1372 3594 1650 3662 benignus,

218 3684 281 3739 Ut
302 3686 518 3738 valeam
542 3694 689 3737 casta
722 3682 818 3736 tibi
848 3683 1043 3736 sistere
1075 3684 1278 3752 perpeti
1314 3683 1438 3735 vita.

210 3773 311 3829 Per
328 3773 539 3828 omnia.

214 3885 337 3940 Cum
371 3886 515 3940 omni
558 3900 753 3953 quoque
802 3884 1069 3954 diligentia
1124 3884 1387 3953 episcopus
1412 3894 1673 3937 veneretur
1708 3900 1739 3935 a

152 3977 266 4031 suis.
290 3975 373 4029 Eo
398 3984 575 4029 autem
593 3975 965 4029 rationabiliter
997 3975 1148 4041 (948)
1174 3976 1489 4043 ﬂumineam,
1518 3975 1731 4028 accedat

152 4067 430 4119 ordinatim
462 4066 628 4118 omnis
681 4064 829 4133 (949)
865 4066 1139 4133 processio.
1174 4080 1266 4127 vtt,
1318 4076 1407 4118 aut
1440 4080 1494 4132 ν,
1541 4075 1628 4118 aut
1655 4080 1731 4128 Ill,

155 4156 295 4225 (950)
320 4156 422 4210 etsi
447 4172 549 4209 non
575 4155 851 4224 presbyter,
882 4166 927 4207 et
957 4156 1225 4209 diaconus.
1280 4155 1550 4225 Presbyter
1595 4172 1735 4222 quo-

151 4263 241 4315 que
265 4247 331 4300 ad
361 4248 602 4300 dextram
629 4254 678 4299 et
700 4246 944 4299 diaconus
972 4248 1039 4299 ad
1069 4248 1345 4301 sinistram.
1375 4248 1735 4303 Subdiaconus

153 4352 259 4388 rere
313 4346 441 4389 ante
463 4334 638 4389 oculos
662 4337 771 4403 ejus
801 4344 965 4387 teneat
989 4334 1317 4406 Evangelium
1372 4354 1391 4391 :
1438 4338 1527 4407 qui
1580 4337 1735 4390 etiam

156 4427 359 4493 stipatus
387 4428 457 4480 sit
482 4427 685 4479 duobus
716 4425 990 4495 acolythis,
1016 4436 1104 4479 aut
1132 4427 1358 4496 pluribus
1387 4444 1502 4480 cum
1549 4428 1737 4479 cande-

157 4515 299 4570 labris
327 4527 376 4571 et
434 4517 736 4571 thuribulis.
772 4515 987 4571 Interim
1032 4533 1155 4571 sane
1181 4528 1429 4586 praeparet
1457 4536 1509 4572 se
1536 4518 1732 4584 schola,
1764 4534 1813 4595 ο

156 4618 197 4658 et
224 4619 398 4661 cantor
419 4624 597 4661 eorum
628 4606 828 4661 medius
885 4606 1036 4677 (951)
1094 4617 1347 4661 annuente
1397 4609 1632 4678 episc0po
1660 4609 1738 4661 in-

155 4700 288 4752 choat
310 4701 687 4769 Antiphonem,
708 4698 1017 4753 Resurrexi.
1055 4697 1200 4753 Psal.
1228 4699 1468 4763 Domine,
1500 4699 1735 4766 probasti

157 4807 249 4845 me.
277 4791 604 4859 Properante
624 4793 859 4861 episcopo
906 4790 975 4843 ad
1005 4791 1177 4858 templi
1236 4790 1557 4852 vestibulum,
1595 4799 1640 4842 et
1670 4790 1737 4841 ad

153 4884 328 4934 ostium
357 4883 644 4949 secretarii,
674 4883 929 4937 osculetur
957 4879 1317 4948 Evangelium,
1346 4891 1390 4933 et
1413 4890 1589 4947 postea
1620 4896 1736 4933 cum

156 4976 283 5027 omni
311 4975 586 5045 diligentia
600 4975 858 5028 incedant.
891 4971 1399 5041 Finitoquelntroitu
1414 4972 1732 5041 ingrediatur

156 5067 342 5119 medius
363 5066 617 5135 pontifex,
641 5081 756 5117 cum
804 5066 1013 5136 collegio
1054 5064 1413 5133 processionis.
1452 5063 1525 5117 Eo
1555 5075 1725 5117 autem

156 5162 345 5204 astante
375 5164 422 5205 et
444 5162 625 5205 orante
645 5154 780 5204 dicat
802 5153 935 5205 hanc
967 5154 1261 5207 Orationem
1296 5169 1315 5206 :

221 5262 371 5335 (952)
397 5264 626 5334 Suscipe
649 5265 1040 5320 confessionem
1073 5281 1267 5330 meam,
1295 5268 1450 5321 unica
1482 5281 1604 5333 Spes
1633 5281 1731 5320 sa-

154 5351 272 5409 lutis
296 5371 451 5421 mete,
485 5357 715 5411 Domine
752 5356 890 5411 Deus
922 5371 1092 5423 meus,
1129 5357 1248 5427 quia
1278 5361 1419 5427 gula,
1446 5359 1726 5424 ebrietate,

158 5440 528 5516 fornicatione,
559 5448 807 5513 libidine,
831 5448 1038 5510 ace‘dia,
1086 5450 1319 5515 tristitia,
1351 5452 1721 5518 somnolentis,

156 5535 310 5609 2“
356 5540 701 5611 negligentia,
740 5539 841 5602 ira,
885 5539 1193 5607 cupiditate,
1236 5540 1455 5605 invidia,
1503 5542 1723 5601 malitia.

156 5626 290 5692 odia,
322 5629 673 5695 detractione,
702 5627 958 5697 perjurio,
992 5629 1239 5695 falsitate,
1268 5632 1564 5695 mendacio,
1591 5647 1725 5685 vana

150 5714 326 5785 gloria,
358 5723 576 5779 levitate
607 5738 669 5779 ac
703 5722 955 5793 superbia
984 5723 1222 5792 perditus
1254 5739 1393 5792 sum,
1425 5734 1478 5782 et
1506 5727 1721 5782 omnino

1849 3244 2157 3299 subdiacono
2183 3243 2375 3297 scilicet
2422 3243 2474 3296 in
2502 3241 2681 3295 altaris
2736 3242 2905 3294 medio
2938 3242 3176 3304 positum.
3211 3239 3277 3294 Et
3308 3250 3426 3295 tunc

1849 3347 2066 3393 canatur
2093 3336 2253 3406 Kyrie
2275 3334 2498 3391 eleison.
2524 3333 2591 3388 Et
2616 3334 2741 3401 ipsis
2794 3334 3115 3399 ducentibus,
3167 3335 3425 3405 perveniat

1847 3433 2115 3499 episcOpus
2143 3430 2211 3483 ad
2250 3429 2457 3483 solium.
2506 3428 2660 3499 (959)
2689 3425 2756 3479 Et
2782 3436 2898 3480 tunc
2928 3427 3139 3492 incipiat
3161 3426 3338 3481 Gloria
3372 3427 3423 3480 in

1846 3522 2082 3575 excelsis
2110 3522 2237 3575 Deo.
2261 3519 2384 3574 Post
2405 3518 2514 3574 lucc
2534 3528 2702 3573 autem
2729 3527 2940 3571 canatur
2962 3516 3121 3569 Missa
3144 3517 3424 3569 secundum

1848 3613 1926 3665 sui
1946 3612 2109 3665 visum
2140 3612 2298 3684 [forte
2327 3607 2521 3680 usum].
2570 3608 2636 3662 Et
2666 3608 2931 3661 annuntiat
2960 3607 3221 3678 episcopus
3248 3621 3269 3660 :
3312 3606 3421 3661 Pax

1848 3703 2021 3758 vobis.
2040 3704 2193 3771 Resp.
2221 3702 2428 3757 Etcum
2459 3700 2646 3770 Spiritu
2672 3710 2781 3755 tuo.

1921 3792 2122 3848 Oratio.
2159 3823 2230 3835 —
2261 3794 2419 3857 Deus,
2455 3792 2541 3863 qui
2573 3790 2829 3847 hodierna
2860 3789 2947 3845 die
2971 3804 3064 3859 per
3094 3789 3420 3859 unigenitum

1846 3893 2013 3951 tuum,
2044 3895 2140 3944 etc.

1920 3998 2121 4051 Exinde
2150 3997 2388 4062 procedat
2410 3996 2747 4048 subdiaconus
2773 3994 2823 4044 in
2871 3992 3154 4054 umbonem,
3183 4001 3231 4045 et
3270 3991 3423 4063 (960)

1844 4087 1980 4157 legat
2020 4086 2341 4155 Epistolam,
2376 4086 2703 4154 Expurgate.
2737 4081 2887 4153 (961)
2919 4082 3073 4149 Resp.
3117 4082 3244 4136 υἱιξο
3284 4081 3422 4135 dies.

1848 4180 2091 4247 Alleluia,
2126 4179 2326 4232 Pascha
2357 4186 2615 4231 nostrum.

1915 4290 2127 4344 Incedat
2150 4288 2397 4358 siquidem
2428 4287 2674 4341 diaconus
2716 4304 2832 4341 cum
2862 4286 3145 4352 thuribulo,
3193 4286 3423 4352 aliusque

1841 4383 2071 4436 minister
2100 4397 2214 4434 cum
2271 4380 2420 4433 thure
2467 4382 2857 4448 genu/lactentes
2905 4382 2972 4432 ad
3014 4396 3180 4450 genua
3204 4378 3422 4431 sedentis

1840 4473 2085 4541 episcopi,
2114 4481 2161 4525 et
2193 4471 2357 4523 mittat
2379 4470 2659 4532 incensum,
2693 4471 2890 4539 fumant
2916 4470 3087 4523 suavis
3144 4470 3340 4529 odoris,
3374 4475 3421 4519 rt

1841 4566 1975 4618 dicat
2000 4580 2018 4617 :

1915 4656 2067 4707 Mitto
2098 4654 2369 4706 incensum
2395 4652 2448 4705 in
2476 4652 2695 4704 odorem
2747 4649 3022 4705 suavitatis
3047 4656 3101 4703 et
3128 4650 3178 4704 in
3212 4648 3427 4704 nomine

1840 4736 2038 4779 saneta:
2060 4732 2114 4777 et
2136 4723 2417 4777 individuae
2446 4721 2745 4774 Trinitatis.

1915 4816 1983 4870 Et
2026 4818 2273 4869 diaconus
2303 4818 2568 4884 postulans
2598 4814 2842 4868 inclinato
2892 4814 3060 4883 capite
3110 4812 3428 4867 benedictio-

1841 4926 1979 4975 nem,
2008 4917 2053 4962 et
2078 4911 2213 4962 dicat
2244 4924 2264 4963 :
2297 4909 2445 4979 (962)
2476 4909 2628 4972 lube,
2676 4908 2921 4972 Domine,
2957 4906 3289 4962 benedicere.
3324 4904 3426 4959 Re-

1840 5005 2054 5070 spondet
2074 5002 2336 5070 episcopus
2364 4999 2660 5054 :Dominus
2684 4999 2754 5052 sit
2774 5000 2825 5051 in
2854 4997 3015 5052 corde
3033 5005 3142 5062 tuo,
3176 4996 3301 5051 etin
3331 5011 3425 5051 ore

1840 5093 1904 5145 ad
1939 5090 2310 5160 proferendam
2344 5090 2617 5156 Evangelii
2650 5088 2962 5143 lectionem.

1909 5182 2171 5250 Accipiens
2200 5180 2307 5247 ipse
2348 5176 2682 5246 Evangelium
2725 5185 2773 5229 et
2830 5176 3152 5229 deasculetur
3197 5191 3312 5228 eum
3374 5184 3420 5227 ct

1838 5273 2021 5324 altare.
2048 5268 2113 5321 Et
2134 5267 2371 5322 ascendat
2397 5268 2450 5319 in
2467 5267 2726 5319 ambonem
2742 5266 2890 5335 (965)
2915 5265 3241 5318 adnuntianti
3260 5264 3422 5335 [forte

1840 5362 1907 5413 ad
1956 5356 2329 5424 nunciandum]
2378 5357 2530 5409 verba
2587 5366 2791 5408 acterna?
2847 5353 3130 5423 felicitatis.
3199 5353 3420 5425 Legatur

1837 5450 2171 5517 Evangelium
2201 5444 2350 5516 (964)
2376 5444 2537 5499 Maria
2562 5443 2912 5512 Magdalenae.
2938 5441 3116 5499 Finito
3144 5444 3422 5514 Evangelia

1837 5549 2059 5607 portetur
2088 5536 2424 5605 Evangelium
2454 5552 2486 5588 a
2532 5533 2869 5599 subdiacono,
2917 5542 2970 5587 ut
3002 5534 3263 5587 osculetur
3304 5536 3413 5599 epi-

1836 5646 2037 5701 sc0pus,
2068 5637 2114 5683 et
2141 5626 2292 5697 (965)
2317 5642 2488 5681 omnes
2510 5633 2622 5696 post
2652 5625 2820 5679 illum.
2869 5624 2936 5678 Et
2960 5627 3096 5679 dicat
3144 5627 3415 5695 episcopus

1838 5722 2093 5778 Dominus
2123 5718 2418 5776 vobiscum.
2454 5718 2616 5787 Resp."
2644 5717 2852 5774 Etcum
2885 5718 3089 5789 Spiritu
3119 5726 3229 5773 tuo.
3264 5718 3409 5786 (966)
