3988 6300
475 518 497 563 ὃ

540 340 649 397 215

1146 326 1492 387 APPENDIX
1531 328 1623 384 AD
1662 329 1720 385 S.
1753 326 2081 384 GREGORII
2112 325 2327 383 MAGNI
2364 326 2495 383 LIB.
2538 325 3183 384 SACRAMENTORUM.

3698 326 3813 380 ΞΗ

544 458 792 518 Oremus.
826 450 969 504 Tunc
1013 447 1223 519 incipiat
1274 443 1605 510 Olfertorium
1627 439 1778 511 (967)
1799 439 1964 495 Terra
1994 450 2114 495 tre-
2147 445 2186 500 A
2290 439 2391 493 Per
2439 453 2596 507 quem
2657 440 2771 493 lucc
2822 440 3025 503 omnia,
3088 437 3340 505 Domine,
3393 452 3611 508 semper
3665 439 3814 495 bona

476 548 497 591 Γ
545 548 698 604 quit.

616 635 775 706 245
820 630 899 684 Eo
939 640 1106 682 autem
1152 626 1317 693 ﬁnito,
1351 631 1405 677 et
1438 621 1589 693 (968)
1621 621 1876 675 oblatione
1911 628 2117 687 recepta

477 702 481 707 θ
543 702 711 797 (989i
737 702 852 776 cum
893 722 1028 774 omni
1073 716 1391 783 processione
1419 723 1699 768 revertatur
1724 713 1791 764 ad
1834 710 2040 774 solium,
2070 718 2120 762 et

545 828 695 878 exuat
727 815 876 889 (970)
906 815 1153 873 manicas,
1188 808 1335 880 (971)
1376 808 1601 876 lavetque
1628 821 1831 868 manus,
1865 813 1909 858 et
1942 804 2012 856 sic
2043 804 2122 855 in—

541 911 806 981 grediatur
837 904 1275 974 propitiatorium,
1300 910 1343 954 et
1376 898 1526 969 (972)
1555 898 1717 950 omnis
1756 895 2007 964 processio
2035 896 2121 963 of-

544 1003 673 1071 ferat
698 998 793 1053 sibi
814 996 1142 1059 oblationem,
1186 1000 1232 1045 et
1262 990 1403 1060 (975
1428 988 1446 1059 )
1478 990 1545 1040 ad
1574 988 1811 1040 ultimum
1840 987 2121 1050 incensum,

540 1102 589 1147 et
618 1092 758 1145 dicat
784 1090 876 1141 has
912 1086 1182 1140 Orationes
1211 1084 1334 1135 dum
1359 1082 1653 1133 incensatur
1681 1094 1699 1131 :

619 1180 843 1235 Domine
883 1178 1025 1232 Deus
1067 1187 1268 1237 noster,
1298 1172 1526 1241 supplici
1560 1169 1846 1224 devmione
1874 1166 2123 1237 deposci-

486 1302 492 1308 -
544 1286 667 1326 mus
710 1269 950 1343 utsicut
980 1265 1260 1334 suscepisti
1299 1276 1517 1316 munera
1562 1259 1715 1322 Abel,
1750 1258 1891 1322 Noe,
1925 1260 2123 1320 Aaron,

544 1362 817 1418 Zachariae
855 1369 907 1412 et
942 1357 1176 1432 Samuell
1207 1365 1260 1409 et
1282 1354 1518 1407 oninium
1551 1361 1855 1405 sanctorum
1887 1357 2121 1413 tuorum,

546 1451 625 1506 sic
663 1465 819 1503 manu
863 1454 1044 1500 nostra
1100 1444 1398 1513 peccatrice
1443 1443 1716 1508 suscipere
1755 1438 1989 1507 digneris
2039 1438 2124 1492 in-

550 1555 771 1597 censum
803 1536 941 1592 istud
987 1537 1037 1589 in
1081 1534 1302 1589 odorem
1333 1532 1641 1608 suavitatis,
1676 1538 1730 1584 et
1755 1528 2124 1583 remissionem

548 1633 786 1690 omnium
816 1640 1154 1698 peccatorum
1186 1636 1513 1679 nostrorum.
1540 1623 1641 1677 Per
1674 1621 1978 1677 Dominum.

619 1722 759 1775 Alia.
785 1748 854 1761 -—
883 1717 1149 1781 Placetur,
1186 1715 1442 1778 Domine,
1497 1714 1598 1766 hoc
1648 1712 1993 1780 thymiamate
2041 1710 2125 1765 vel

548 1813 769 1868 incenso
798 1809 945 1863 furor
967 1816 1087 1861 tuus
1110 1813 1294 1860 contra
1319 1818 1425 1871 me,
1450 1812 1503 1857 et
1528 1810 1711 1857 contra
1742 1801 1916 1854 locum
1943 1800 2125 1865 istum,

550 1916 606 1962 et
633 1912 819 1959 contra
851 1898 1097 1969 populum
1128 1897 1286 1951 istum
1308 1934 1323 1961 ,
1359 1905 1414 1948 et
1441 1901 1633 1963 praesta
1664 1891 1925 1961 propitius
1952 1900 2008 1943 ut
2036 1886 2123 1943 lu-

550 2011 676 2052 mus
704 1994 825 2050 boni
851 1991 1029 2049 odoris
1057 1989 1149 2046 tibi
1174 1991 1340 2045 simus
1362 1987 1427 2041 ad
1451 1984 1761 2057 capiendam
1783 1982 1944 2038 vitam
1962 1989 2126 2037 aeter-

548 2102 694 2143 nam.
728 2084 854 2140 Per.

612 2175 803 2230 Postea
828 2187 944 2228 vero
970 2170 1207 2225 ordinent
1235 2186 1287 2223 se
1317 2184 1455 2221 more
1482 2166 1841 2221 ecclesiastico.
1879 2163 1994 2216 Hoc
2023 2170 2121 2227 est,

551 2264 757 2320 diaconi
783 2271 900 2315 ante
927 2262 1112 2323 altare,
1139 2256 1441 2311 subdiaconi
1475 2264 1628 2321 retro,
1657 2255 1921 2323 episcOpus
1948 2254 1998 2304 in
2025 2267 2128 2305 me-

550 2356 659 2421 dio,
686 2354 809 2423 quia
840 2352 895 2405 in
924 2365 1010 2403 ore
1042 2351 1263 2401 duorum
1292 2347 1370 2398 vel
1410 2346 1561 2398 trium
1589 2353 1687 2398 stat
1716 2358 1863 2397 omne
1901 2343 2125 2405 verbum,

548 2444 853 2497 inclinantes
884 2440 1055 2508 capita
1083 2451 1345 2507 quousque
1374 2435 1575 2487 dicatur
1604 2448 1697 2501 per
1724 2431 1902 2486 omnia
1934 2431 2128 2484 saecula

550 2536 892 2591 saeculorum.
937 2532 1092 2601 Resp.
1138 2534 1327 2582 Amen.
1385 2525 1451 2579 Et
1479 2526 1613 2577 dicat
1663 2525 1792 2576 hanc
1834 2522 2129 2576 Orationem

554 2639 718 2695 super
754 2623 929 2679 oblata
965 2638 979 2673 :
1016 2617 1186 2690 (974)
1230 2615 1472 2683 Suscipe,
1512 2615 1767 2679 Domine,
1800 2628 2126 2681 quassumus,

555 2731 743 2787 preces
776 2712 953 2783 populi
988 2711 1060 2766 tui
1108 2726 1227 2765 cum
1272 2705 1631 2762 oblationibus
1664 2705 1984 2758 Hostiarum.
2032 2702 2130 2757 Re-

551 2808 700 2877 quire
721 2816 857 2859 retro
896 2804 948 2857 in
985 2802 1207 2858 Sabbato
1255 2807 1451 2853 sancto.
1506 2796 1646 2850 Tunc
1686 2811 1801 2847 vero
1842 2804 1953 2864 post
1998 2792 2131 2845 hanc

551 2896 751 2964 erigunt
773 2909 847 2960 se,
871 2902 917 2945 et
939 2892 1160 2960 acclythi
1182 2888 1463 2941 ministrent
1480 2901 1665 2954 aquam
1685 2884 1753 2936 ad
1779 2899 1959 2937 manus
1981 2882 2129 2953 (975)

554 2986 848 3050 diaconum,
872 2992 915 3037 et
938 2982 1308 3049 manutergium
1322 2995 1342 3045 ;
1363 2987 1410 3032 et
1432 2979 1568 3030 dicat
1592 2978 1823 3045 pontifex
1844 2974 1951 3027 alta
1972 2990 2088 3027 voce
2112 2989 2129 3024 :

552 3076 658 3131 Per
686 3073 864 3129 omnia
898 3073 1092 3126 szecula
1131 3071 1467 3125 saeculorum.
1500 3069 1655 3135 Resp.
1686 3067 1876 3121 Amen.
1910 3068 2130 3121 Sursum

2222 543 2393 589 creas,
2423 528 2790 598 sancti-Hicas,
2823 528 3119 598 vivi-iﬁcas.

2293 622 2452 692 246
2478 622 2756 691 Acolgtlms
2776 637 2891 675 vero
2917 638 3033 674 cum
3055 631 3237 691 patena
3261 630 3356 675 stet
3383 630 3519 675 retro
3547 621 3801 674 diaconos

2221 711 2475 763 inclinans
2500 711 2553 763 se
2576 726 2693 762 cum
2715 710 3035 772 diaconibus,
3060 726 3216 779 usque
3242 710 3380 763 dicat
3402 712 3671 779 episc0pus
3697 710 3803 763 No-

2225 801 2305 854 bis
2334 814 2549 869 quoque
2594 800 2983 867 peccatoribus.
3025 800 3284 854 Diaconus
3323 800 3483 870 igitur
3510 802 3597 869 qui
3630 799 3815 852 Evan-

2222 898 2412 967 gelium
2435 895 2580 967 legit,
2608 895 2759 965 (978)
2788 895 2904 947 inde
2937 909 3228 963 prtecavens
3258 896 3399 964 quod
3422 911 3576 964 super
3600 896 3818 946 calicem

2225 988 2493 1055 episcopus
2539 986 2699 1053 faciat
2744 985 2946 1055 signum
2985 985 3186 1047 crucis,
3243 995 3289 1038 et
3338 983 3485 1053 (979)
3537 986 3817 1053 preveniat

2226 1079 2322 1131 sibi
2352 1074 2503 1147 (980)
2533 1075 2801 1129 sublevans
2842 1076 3048 1127 calicem
3088 1076 3140 1127 in
3174 1084 3451 1143 conspectu
3496 1073 3737 1137 Domini,
3764 1084 3817 1127 et

2226 1175 2506 1219 revertatur
2536 1165 2603 1217 ad
2634 1166 2798 1217 locum
2819 1180 2968 1218 suum
2998 1167 3116 1217 cito.
3152 1162 3418 1231 Siquidem
3439 1163 3751 1216 subdiaconi
3781 1181 3817 1217 a

2229 1264 2364 1308 retro
2393 1255 2568 1319 altari,
2601 1254 2686 1306 ubi
2721 1254 3016 1307 memoriam
3050 1253 3199 1324 (981)
3238 1253 3316 1306 vel
3344 1252 3553 1305 nomina
3585 1254 3820 1306 vivorum

2231 1357 2277 1400 et
2304 1354 2620 1400 mortuorum
2663 1345 3087 1411 nominaverunt,
3119 1343 3195 1397 vel
3232 1345 3597 1408 recitaverunt,
3626 1359 3815 1415 proce-

2233 1438 2359 1491 dunt
2382 1447 2495 1507 post
2524 1436 2795 1488 diaconum
2826 1434 3125 1487 inclinantes
3151 1436 3345 1504 capita.
3382 1434 3656 1487 Dominica
3684 1433 3821 1486 Ora-

2236 1529 2371 1581 tione
2386 1528 2553 1595 ﬁnita,
2577 1527 2791 1594 accipiat
2816 1526 3155 1577 subdiaconus
3178 1534 3410 1591 patenam
3432 1524 3495 1576 de
3515 1540 3673 1576 ntanu
3693 1539 3820 1575 aeo-

2234 1618 2381 1689 lytlti,
2412 1627 2458 1669 et
2501 1618 2582 1669 det
2613 1616 2859 1679 diacono,
2892 1625 2938 1668 et
2963 1615 3050 1667 ille
3082 1616 3277 1683 deferat
3315 1616 3592 1683 episcopo;
3621 1623 3672 1668 et
3704 1620 3819 1680 post

2236 1712 2343 1763 hwc
2368 1708 2688 1763 stabilientur
2711 1708 2763 1759 in
2793 1708 2901 1759 loco
2927 1721 3025 1774 quo
3059 1716 3239 1770 erant,
3264 1713 3532 1773 antequam
3560 1705 3822 1774 legerctur

2162 1794 2206 1853 Β
2234 1799 2591 1869 Evangelium,
2613 1811 2870 1865 quousque
2886 1794 3179 1849 Benedictio
3207 1804 3251 1848 et
3272 1794 3411 1864 pacis
3437 1793 3671 1847 osculum
3702 1794 3821 1859 fue-

2232 1889 2333 1942 rint
2373 1888 2545 1955 finita.
2578 1886 2775 1939 Deinde
2821 1888 2945 1937 dum
2986 1884 3124 1937 dicat
3171 1883 3435 1953 episcOpus
3480 1882 3584 1937 Per
3631 1883 3817 1935 omnia

2233 1978 2430 2032 saecula
2472 1976 2826 2041 saeculorum,
2880 1974 3035 2043 Resp.
3091 1975 3289 2035 Amen,
3336 1982 3448 2043 post
3492 1971 3823 2024 Dominicam

2237 2069 2552 2134 Orationem,
2587 2070 2707 2120 dum
2737 2067 2929 2135 finierit
2966 2065 3160 2119 Libera
3192 2079 3290 2117 nos
3318 2078 3345 2117 a
3376 2063 3537 2126 malo,
3562 2073 3822 2115 annuente

2234 2160 2469 2230 episcOpo
2491 2156 2639 2228 (982)
2670 2158 2804 2210 dicat
2824 2157 3105 2209 diaconus:
3134 2153 3281 2222 (985)
3306 2154 3595 2207 Humiliate
3624 2167 3723 2204 vos
3749 2151 3821 2205 ad
3900 2190 3909 2196 .

2236 2248 2667 2305 Benedictionetn
2690 2264 2704 2313 ;
2736 2255 2782 2300 et
2810 2246 3031 2316 populus
3055 2260 3191 2312 resp.
3218 2242 3325 2297 Deo
3351 2242 3570 2313 gratias.
3603 2239 3674 2293 Et
3699 2241 3820 2311 epi-

2235 2358 2415 2413 scOpus
2447 2340 2582 2392 dicat
2620 2340 2749 2391 hanc
2779 2335 3188 2390 Benedictionem
3217 2347 3238 2386 :

2310 2431 2462 2503 (984)
2497 2429 2782 2484 Benedicat
2818 2442 2915 2480 vos
2967 2424 3328 2492 omnipotens,
3360 2420 3501 2476 Deus
3554 2418 3822 2475 hodierna

2234 2520 2624 2577 interveniente
2655 2516 2891 2586 paschali
2920 2513 3257 2567 solemnitate
3277 2551 3292 2576 ,
3318 2520 3422 2564 etc.

2310 2613 2377 2666 Et
2406 2612 2525 2665 inde
2560 2610 2812 2678 accipiens
2843 2614 3034 2673 partem
3059 2602 3289 2672 corporis
3321 2599 3527 2653 Domini
3554 2608 3604 2651 et
3632 2599 3775 2652 dicat
3803 2613 3827 2653 :

2237 2704 2345 2759 Pax
2369 2702 2573 2757 Domini
2596 2698 2742 2770 (985)
2769 2700 2837 2753 sit
2862 2710 3075 2766 semper
3104 2695 3393 2750 vobiscum.
3421 2692 3573 2760 Resp.
3607 2692 3676 2744 Et
3706 2705 3830 2743 cum

2237 2793 2424 2863 spiritu
2456 2802 2565 2846 tuo.
2598 2790 2663 2843 Et
2693 2796 2947 2843 annuente
2966 2787 3202 2856 episcopo
3234 2784 3370 2837 dicat
3392 2791 3609 2835 cantor:
3641 2786 3827 2847 Agnus

2244 2887 2364 2949 Dei,
2397 2884 2486 2953 qui
2518 2884 2654 2937 tollit
2683 2889 2898 2950 peccata
2921 2878 3120 2932 mundi.
3152 2875 3301 2946 (986)
3328 2873 3543 2929 Interim
3570 2872 3826 2926 osculetur

2244 2978 2660 3031 arcliidiaconum
2688 2983 2734 3026 et
2758 2981 2986 3027 cceteros.
3018 2970 3150 3023 Inde
3174 2977 3367 3021 vertens
3389 2982 3442 3019 se
3462 2966 3530 3019 ad
3551 2965 3718 3017 altare
3746 2964 3827 3017 di-

2244 3078 2323 3121 cat
2360 3067 2492 3120 hanc
2523 3066 2581 3119 0.
2598 3066 2815 3117 ationem
2846 3079 2866 3122 :
2918 3060 3173 3117 Dominus
3207 3058 3504 3113 vobiscum.
3550 3055 3712 3124 Resp.
3759 3054 3823 3109 Et

553 3167 738 3223 corda.
767 3165 926 3231 Resp.
961 3164 1227 3218 Habemus
1259 3162 1322 3215 ad
1351 3162 1651 3215 Dominum.
1678 3158 1886 3212 Gratias
1913 3171 2133 3227 agamus
2168 3165 2213 3228 ε
2250 3174 2368 3214 cum
2398 3157 2587 3226 spiritu
2619 3168 2727 3209 tuo.

558 3257 788 3313 Domino
818 3256 929 3311 Deo
959 3263 1163 3310 nostro.
1198 3253 1353 3323 Resp.
1389 3252 1613 3321 Dignum
1645 3259 1698 3304 et
1720 3250 1919 3319 justum
1961 3256 2062 3302 est.

627 3347 904 3418 Praefatio.
936 3373 1007 3388 —-
1034 3344 1172 3399 Vere
1202 3345 1417 3412 dignum
1464 3352 1515 3397 et
1542 3342 1740 3411 justum
1783 3349 1901 3405 est,
1929 3353 2138 3409 aequum

554 3450 608 3496 et
635 3439 870 3494 salutare
902 3437 1019 3493 :Te
1039 3435 1251 3506 quidem
1284 3434 1427 3488 omni
1461 3442 1720 3502 tempore,
1754 3442 1806 3485 ut
1832 3447 2008 3496 supra.

626 3532 764 3587 Dum
792 3532 993 3584 dicatur
1011 3529 1256 3588 Sanctus,
1284 3525 1532 3579 inclinant
1554 3540 1607 3578 se
1638 3538 1832 3591 omnes,
1865 3531 1911 3576 et
1936 3522 2133 3590 episco-

553 3639 651 3695 pus
673 3621 811 3676 dicat
840 3621 969 3674 hanc
1003 3619 1297 3673 Orationem
1326 3617 1525 3670 interim
1556 3631 1575 3669 :

628 3714 778 3785 (976)
804 3713 965 3776 Deus,
1000 3714 1088 3782 qui
1111 3727 1215 3765 non
1248 3717 1496 3774 mortem,
1524 3709 1615 3763 sed
1641 3708 2007 3778 pcenitentiam
2038 3705 2141 3761 de-

555 3804 763 3859 sideras
792 3812 1154 3873 peccatorum.
1181 3815 1264 3854 me
1295 3801 1549 3853 miserum
1577 3800 1923 3867 fragilemque
1953 3812 2135 3866 pecca-

560 3906 733 3951 torem
762 3910 792 3949 a
822 3903 910 3949 tua
954 3909 1058 3948 non
1103 3893 1333 3963 repellas
1360 3892 1590 3961 pietate;
1621 3905 1789 3956 neque
1817 3889 2042 3953 aspicias
2071 3888 2137 3941 ad

557 3996 797 4057 peccata,
826 3995 880 4041 et
908 3986 974 4039 ad
1005 3986 1203 4040 scelera
1247 3999 1363 4037 mea
1387 4024 1402 4048 ,
1439 3992 1490 4036 et
1522 3981 1822 4035 immundus
1851 3993 2139 4048 turpesque

556 4076 906 4147 cogitationes
947 4090 1115 4140 meas,
1153 4075 1344 4143 quibus
1389 4072 1637 4128 ﬂebiliter
1668 4087 1696 4125 a
1743 4080 1827 4125 tua
1868 4069 2143 4139 disjungor

554 4169 856 4235 voluntate,
901 4167 995 4221 sed
1025 4166 1090 4220 ad
1138 4165 1561 4221 miscricordiam
1592 4172 1733 4217 tuam
1757 4202 1772 4227 ,
1804 4169 1857 4216 et
1885 4161 1949 4215 ad
1982 4161 2139 4214 fidem

559 4261 1012 4329 devotionemque
1041 4274 1250 4327 eorum,
1277 4258 1366 4327 qui
1396 4272 1489 4326 per
1517 4271 1604 4311 me
1634 4264 1968 4324 peccatorcm
1997 4260 2141 4305 tuam

556 4360 816 4421 expetunt
860 4350 1298 4405 misericordiam.
1350 4349 1418 4402 Et
1445 4346 1567 4416 quia
1599 4361 1685 4401 me
1712 4344 1986 4414 indignum
2028 4358 2142 4397 me-

556 4443 707 4497 dium
738 4443 878 4497 inter
905 4452 957 4496 te
983 4450 1037 4495 et
1064 4441 1314 4509 populum
1346 4446 1495 4493 tuum
1528 4438 1642 4493 ﬁeri
1675 4437 1917 4502 voluisti,
1950 4437 2031 4489 fac
2056 4450 2144 4489 me

2321 3248 2472 3315 (587)
2500 3246 2622 3300 llmc
2647 3250 2985 3297 sacrosancta
3014 3238 3315 3294 commistio
3341 3236 3585 3305 corporis
3614 3244 3669 3289 et
3698 3250 3827 3289 san-

2243 3338 2417 3409 guinis
2444 3334 2652 3390 Domini
2685 3333 2851 3386 nostri
2881 3331 3007 3386 Jesu
3053 3329 3251 3383 Christi
3281 3328 3368 3381 ﬁat
3390 3324 3541 3398 (988)
3573 3326 3826 3378 omnibus

2246 3430 2580 3486 sumcntibus
2607 3427 2750 3481 salus
2771 3424 2964 3478 mentis
2986 3430 3040 3475 et
3058 3420 3318 3489 corporis,
3352 3429 3407 3472 et
3434 3419 3499 3471 ad
3526 3418 3691 3472 vitam
3714 3431 3819 3470 ca-

2246 3521 2493 3592 piendam
2551 3526 2804 3573 aeternam
2856 3513 3171 3584 praeparatio
3223 3507 3492 3563 salutaris.
3556 3506 3661 3560 Per
3717 3505 3828 3559 Do-

2247 3614 2469 3670 minum.

2319 3708 2454 3759 Dum
2483 3704 2740 3775 frangitur
2781 3715 2987 3767 corpus.
3017 3727 3088 3739 —
3120 3697 3378 3750 Emittere
3418 3692 3655 3762 digneris
3677 3732 3693 3755 ,
3724 3690 3832 3743 Do-

2248 3798 2412 3861 mine,
2442 3803 2682 3851 sanctum
2712 3792 2957 3862 angelum
2982 3796 3127 3841 tuum
3160 3786 3225 3839 ad
3267 3799 3473 3838 sacrum
3503 3791 3558 3836 et
3601 3782 3829 3833 immor-

2248 3889 2353 3943 tale
2381 3886 2713 3956 mysterium,
2746 3882 2949 3937 scilicet
2983 3893 3178 3947 corpus
3216 3884 3271 3929 et
3295 3872 3607 3942 sanguinem
3640 3882 3785 3923 tuum
3813 3886 3830 3932 ;

2246 3993 2345 4033 nos
2373 3980 2512 4032 enim
2536 3973 2850 4043 frangimus,
2882 3971 3122 4034 Domine,
3148 3968 3311 4032 illud;
3340 3975 3394 4019 tu
3421 3964 3643 4032 dignare
3667 3961 3836 4014 bene-

2248 4071 2451 4137 dicere,
2483 4078 2537 4123 et
2558 4075 2750 4138 praesta
2781 4074 2839 4118 ut
2866 4060 3218 4116 immaculatis
3238 4057 3484 4112 sensibus
3506 4062 3561 4108 et
3586 4054 3833 4107 nianibus

2249 4162 2380 4217 illud
2426 4170 2652 4215 tractare
2679 4156 2985 4217 valeamus,
3037 4161 3090 4206 et
3117 4150 3276 4218 digne
3315 4162 3549 4202 sumere.
3581 4147 3681 4199 Per
3724 4146 3831 4198 Do-

2250 4254 2451 4309 minum
2480 4263 2743 4307 nostrum.
2776 4248 2975 4304 Emitte
3004 4243 3249 4316 angelum
3282 4250 3455 4305 tuum,
3487 4239 3738 4296 Domine.
3778 4246 3839 4291 ut

2291 4346 2522 4397 iuuetur.

2291 4346 2303 4357 .
2414 4352 2432 4396 ι
2507 4382 2522 4397 .

2251 4345 2579 4489 diglilzstulmc
2599 4432 2766 4501 itaque
2792 4427 2943 4501 (989)
2962 4423 3331 4480 communicent
3357 4436 3410 4474 se
3441 4394 3614 4473 omnes
3643 4417 3840 4487 singil-

561 4534 777 4602 dignum
801 4533 983 4595 talem,
1005 4508 1073 4584 uti
1085 4530 1279 4598 possim
1302 4537 1447 4583 tuam
1469 4543 1693 4583 exorare
1717 4527 2141 4583 misericordiam
2176 4518 2222 4576 D
2250 4529 2414 4589 latim,
2444 4527 2709 4597 episcopus
2737 4536 2963 4593 quoque;
2990 4515 3143 4589 (990)
3169 4529 3327 4583 eoque
3346 4512 3722 4566 communicato
3748 4508 3834 4560 di-

562 4636 662 4692 pro
686 4636 772 4676 me
791 4660 807 4687 ,
845 4630 899 4676 et
926 4633 1021 4688 pro
1050 4617 1237 4673 eodem
1268 4618 1464 4687 populo
1491 4624 1604 4670 tuo.
1636 4617 1701 4670 Et
1725 4616 1954 4686 adiunge
1982 4630 2140 4669 voces

565 4720 779 4769 nostras
815 4711 1036 4766 vocibus
1086 4718 1395 4765 sanctorum
1440 4710 1750 4778 angelorum
1802 4717 2041 4772 tuorum,
2084 4716 2144 4762 ut

561 4804 705 4860 sicut
732 4802 809 4858 illi
842 4810 894 4858 te
933 4801 1149 4857 laudant
1190 4802 1520 4855 incessanter
1554 4808 1609 4854 et
1638 4798 2035 4867 infatigabiliter
2087 4799 2141 4853 in

558 4905 760 4953 aeterna
786 4894 1131 4960 beatitudine,
1162 4894 1235 4949 ita
1261 4908 1358 4948 nos
1382 4906 1594 4962 quoque
1628 4906 1811 4945 eorum
1837 4891 2144 4944 interventu

560 5003 868 5045 mereamur
893 4986 1111 5041 laudare
1137 4995 1187 5040 te
1212 4984 1605 5054 inculpabiliter
1630 4981 1686 5037 in
1713 4981 1812 5036 hac
1834 4981 2143 5051 peregrina-

562 5079 729 5138 tione.
758 5078 861 5134 Per
891 5077 1197 5133 Dominum.

635 5172 714 5227 Te
738 5171 917 5241 igitur,
946 5167 1367 5224 clementissime
1389 5165 1568 5223 Pater.

635 5262 1134 5328 Communicantes,
1191 5269 1247 5316 et
1307 5262 1622 5319 memoriam
1680 5268 2035 5325 venerantes,
2093 5270 2148 5314 ut

565 5372 747 5427 supra.
768 5371 777 5378 ·

639 5446 789 5501 Hanc
807 5444 969 5516 igitur
994 5443 1320 5502 oblationem
1344 5444 1617 5501 servitutis
1642 5452 1856 5512 nostrae,
1886 5453 1940 5497 ut
1964 5459 2142 5510 supra.

640 5540 921 5608 Antequam
945 5538 1151 5593 dicatur
1180 5537 1283 5593 Per
1309 5551 1466 5607 quem
1498 5536 1613 5592 haec
1638 5536 1838 5599 omnia,
1872 5534 2023 5605 (977)
2048 5534 2149 5589 Be-

570 5628 793 5685 nedictio
820 5630 987 5683 carnis
1020 5643 1042 5684 :

646 5720 787 5776 Deus
814 5721 1073 5777 universae
1100 5720 1274 5776 carnis
1293 5759 1309 5786 ,
1336 5719 1422 5788 qui
1455 5718 1567 5776 Noe
1593 5726 1647 5775 et
1674 5716 1796 5773 ﬁliis
1824 5714 1959 5786 ejus.

2244 4631 2325 4673 cat
2358 4618 2623 4672 Orationes
2651 4618 2740 4669 has
2770 4628 2790 4668 :

2320 4708 2592 4777 Perceptio
2617 4703 2859 4773 corporis
2881 4711 2936 4757 et
2976 4698 3253 4769 sanguinis
3284 4695 3393 4760 tui,
3424 4691 3655 4747 Domine
3699 4689 3831 4745 Iesu

2245 4800 2477 4865 Christe,
2521 4812 2678 4867 quam
2710 4809 2810 4864 ego
2857 4792 3104 4862 indignus
3152 4800 3415 4857 praesumo
3446 4795 3701 4845 sumere,
3729 4794 3835 4832 non

2247 4891 2377 4946 mihi
2409 4889 2590 4943 veniat
2615 4888 2679 4940 ad
2702 4885 2958 4954 judicium
2983 4891 3036 4936 et
3062 4875 3586 4937 condemnationem,
3617 4872 3712 4926 sed
3738 4885 3835 4939 pro

2250 4994 2335 5039 tua
2359 4983 2556 5053 pietate
2583 4981 2752 5051 prosit
2780 4977 2911 5032 mihi
2942 4976 3009 5030 ad
3033 4979 3386 5030 tutamentum
3418 4966 3616 5021 mentis
3637 4974 3694 5019 et
3712 4977 3834 5017 cor-

2252 5077 2418 5145 poris,
2446 5074 2533 5143 qui
2562 5088 2683 5127 cum
2714 5070 2874 5125 Patre
2899 5069 2950 5123 in
2976 5069 3198 5121 unitate.

2323 5167 2462 5220 Alia.
2491 5194 2563 5205 —
2590 5162 2813 5217 Domine
2841 5161 2969 5217 Jesu
3016 5158 3246 5222 Christe,
3300 5153 3401 5208 Fili
3447 5150 3541 5205 Dei
3590 5149 3721 5211 vivi,
3748 5144 3839 5217 qui

2251 5275 2317 5315 ex
2357 5257 2624 5311 voluntate
2658 5255 2862 5318 Patris,
2913 5259 3232 5318 conperante
3268 5245 3470 5314 Spiritu
3500 5249 3712 5308 sancto,
3745 5252 3840 5309 per

2253 5361 2478 5407 mortem
2505 5358 2647 5403 tuam
2678 5346 2933 5401 mundum
2968 5339 3268 5402 viviﬁcasti,
3295 5338 3464 5391 libera
3494 5350 3584 5389 me
3614 5348 3711 5402 per
3740 5333 3840 5383 hoc

2253 5457 2463 5497 sacrum
2488 5453 2680 5507 corpus
2706 5447 2761 5491 et
2789 5433 3102 5502 sanguinem
3128 5438 3275 5484 tuum
3300 5442 3329 5480 a
3356 5425 3565 5480 cunctis
3590 5422 3840 5492 iniquita-

2258 5532 2395 5586 tibus
2420 5539 2475 5586 et
2504 5528 2764 5584 universis
2796 5524 2947 5580 malis
2987 5523 3140 5585 meis,
3169 5528 3224 5574 et
3253 5519 3336 5573 lac
3366 5532 3452 5570 me
3484 5514 3591 5568 tuis
3620 5512 3837 5567 obedire

2256 5622 2554 5693 perceptis,
2588 5629 2641 5674 et
2670 5634 2699 5673 a
2731 5630 2783 5674 te
2821 5630 3090 5687 nunquam
3133 5614 3187 5671 in
3224 5619 3540 5684 perpetuum
3570 5603 3840 5675 separari.

2257 5710 2360 5781 Qui
2384 5725 2503 5766 cum
2527 5710 2702 5766 Patre.
