3988 6296
164 293 278 351 21⁸5

780 292 1124 354 ἈΡΡΕΝΒΙΧ
1166 292 1255 347 AD
1293 292 1349 347 s.
1393 285 1725 345 GREGOBII
1768 284 1981 342 MAGNI
2022 286 2152 344 LIB.
2193 277 2829 348 sacuauen’ronun.

3326 292 3431 347 2&6

240 413 384 466 A-lt'a.
407 441 473 454 -—
504 408 732 466 Domine
746 417 946 474 sancte,
981 407 1135 460 Pater
1163 404 1521 472 omnipotens,
1555 411 1754 455 aeterne
1782 399 1826 457 Α
1861 400 2053 455 utentis
2093 417 2245 467 mem,
2278 417 2377 458 nec
2418 403 2529 472 ipsa
2581 419 2733 459 meus
2779 403 3077 459 ittllcctatur
3107 402 3295 472 Spiritu
3325 406 3432 457 ela~

173 504 339 567 licus,
366 501 429 554 da
458 500 589 553 mihi
623 499 725 553 hoc
744 513 939 566 corpus
967 507 1021 552 et
1058 496 1374 565 sanguinem
1405 493 1614 547 Domini
1645 505 1749 545 no-

168 594 269 647 stri
300 592 426 647 Iesu
452 590 655 644 Christi
703 589 860 659 247
910 589 979 641 ita
1026 602 1264 648 sumere.
1310 594 1366 639 ut
1406 600 1613 638 merear
1661 596 1756 651 per

172 685 277 737 hoc
298 680 671 736 remissionem
702 681 938 734 omnium
971 688 1312 748 peccatorum
1346 691 1583 730 meorum
1616 675 1757 729 acci-

172 787 329 838 pere,
356 780 410 825 et
437 782 526 825 tuo
556 780 745 824 sancto
777 769 975 838 Spiritu
1006 769 1235 836 repleri,
1278 768 1399 835 quia
1432 776 1483 820 tu
1507 782 1566 820 es
1596 766 1757 821 bene-

168 864 371 924 dictus.
396 871 450 917 et
474 870 671 931 praeter
705 869 755 915 te
785 876 891 914 non
922 868 1004 913 est
1030 860 1189 924 alius,
1219 858 1367 925 cujus
1397 862 1614 923 regnum
1640 857 1756 925 glo-

169 956 372 1009 riosum
402 963 679 1023 permanet
724 954 776 1007 in
806 952 1002 1005 saecula
1024 952 1363 1004 saeculorum.
1393 951 1585 1002 Amen.

241 1045 315 1100 Et
337 1047 493 1117 (991)
514 1046 781 1115 episcopus
811 1044 1147 1097 communicet
1173 1042 1487 1111 presbyteros
1514 1048 1559 1093 et
1585 1040 1759 1093 diaco-

168 1152 261 1191 nos
282 1153 405 1189 cum
441 1137 613 1189 osculo
637 1136 808 1205 pacis,
841 1134 995 1204 (992)
1022 1134 1156 1186 sicco
1204 1143 1370 1188 tamen
1402 1130 1681 1198 sacriﬁcio,
1710 1140 1758 1183 et

166 1228 511 1283 subdiaconos
533 1226 645 1279 sine
666 1224 862 1289 osculo,
886 1226 1034 1278 misto
1068 1224 1215 1294 (995)
1244 1222 1518 1290 sacri/icio.
1555 1220 1621 1273 Et
1646 1221 1761 1274 dia-

167 1320 284 1374 coni
330 1328 378 1373 et
408 1319 690 1388 presbyteri
727 1316 1024 1371 summatim
1055 1323 1259 1384 gustent
1304 1330 1421 1368 cum
1469 1314 1646 1379 calice,
1686 1323 1760 1367 te-

168 1422 320 1465 nente
340 1410 675 1473 subdiacono,
707 1410 771 1462 de
798 1410 911 1476 ipso
936 1408 1203 1476 sanguine.
1233 1403 1451 1458 Interim
1476 1414 1655 1457 cautor
1679 1405 1761 1457 in-

167 1502 344 1571 cipiat,
362 1509 619 1554 annuente
632 1500 889 1568 episcopo,
911 1495 1063 1565 (994)
1081 1496 1228 1550 Com.
1249 1495 1450 1549 Pascha
1481 1503 1756 1558 nostrum;

170 1590 377 1645 Psalm.
412 1591 642 1645 Domine
671 1588 906 1659 probasti
938 1602 1045 1655 me,
1077 1603 1189 1639 cum
1214 1584 1411 1640 Gloria.
1448 1584 1561 1638 Iloc
1590 1593 1762 1637 autent

170 1683 397 1751 expleto,
452 1682 623 1736 sedeat
668 1681 936 1750 epist-aptis
979 1681 1031 1733 in
1062 1679 1227 1745 solio,
1274 1688 1342 1743 et,
1374 1678 1488 1731 lotis
1527 1677 1761 1731 manibus

173 1772 340 1835 tertio,
368 1779 651 1824 revertatur
678 1770 745 1823 ad
766 1770 948 1837 altare,
974 1776 1021 1822 et
1051 1768 1188 1820 dicat
1210 1766 1509 1823 Collectam.

240 1860 411 1931 248
449 1862 530 1914 Ad
572 1860 963 1930 Comptendum.
986 1889 1056 1898 —
1085 1857 1342 1927 Spiritum
1386 1858 1578 1925 nobis,
1656 1858 1759 1913 Do-

172 1952 339 2007 mine.
376 1951 570 2006 Postea
597 1953 734 2005 dicat
760 1953 1034 2019 episcopus
1059 1960 1350 2005 convertens
1376 1951 1446 2003 ad
1466 1950 1715 2020 pupulum
1739 1967 1759 2005 :

175 2043 436 2099 Dominus
472 2042 772 2098 vobiscum.
822 2040 981 2109 Resp.
1026 2040 1237 2096 Etcum
1263 2041 1454 2110 spiritu
1501 2050 1613 2096 tuo.
1657 2041 1761 2095 An-

174 2143 362 2189 nuente
390 2135 651 2204 episcopo,
679 2134 817 2188 dicat
845 2132 1095 2186 diaconus
1127 2147 1144 2184 :
1176 2130 1252 2186 lte
1281 2130 1435 2201 (995)
1468 2130 1627 2185 Missa
1656 2140 1758 2185 est.

179 2225 335 2295 Resp.
385 2225 500 2279 Deo
528 2225 749 2293 gratias.
780 2222 903 2295 Ipse
926 2232 1100 2277 autem
1135 2223 1400 2291 episcopus
1438 2221 1766 2277 deosculatur

175 2317 364 2383 altare,
387 2332 511 2370 cum
540 2318 744 2371 silentio
768 2317 895 2370 dicit
925 2317 1058 2369 lianc
1089 2314 1387 2370 Orationem
1418 2329 1438 2368 :

250 2408 495 2462 Oremus.
526 2438 597 2449 -
629 2408 776 2478 (996)
804 2407 1017 2462 Placeat
1066 2405 1157 2460 tibi
1194 2413 1376 2461 sancta
1416 2404 1667 2472 Trinitas,
1698 2407 1765 2458 ad

179 2510 411 2553 satietum
443 2497 607 2552 Joan.
637 2499 707 2552 ad
744 2497 894 2565 Vesp.
922 2496 1193 2561 Concede,
1227 2511 1555 2567 quaesumus,
1585 2497 1763 2551 omni-

182 2600 364 2658 potens
399 2589 578 2654 Dens;
614 2589 683 2641 ad
721 2588 884 2657 fontes
910 2603 931 2642 :
976 2588 1206 2651 Praesta,
1236 2600 1562 2654 quaesumus,
1594 2586 1768 2640 omni-

180 2689 367 2748 potens
400 2679 576 2745 Deus,
606 2678 675 2731 ad
700 2688 932 2732 sanctum
952 2678 1209 2732 Andream
1234 2693 1253 2731 :
1299 2677 1521 2746 Praesta,
1560 2692 1771 2747 quresu-

182 2785 329 2834 ntus,
373 2768 721 2837 omnipotens
766 2768 935 2839 Dens,
969 2778 1028 2823 ut
1076 2768 1164 2839 qui
1212 2768 1457 2839 gratiam.
1503 2766 1770 2823 Hactenus

185 2858 359 2914 Missa
387 2858 693 2914 Paschalis.

631 2950 789 3006 ALIA
834 2951 1032 3006 MISSA
1077 2950 1325 3005 VETUS.

742 3042 812 3091 Ex
842 3042 1017 3091 Codice
1040 3041 1247 3090 Tiliano.

255 3120 414 3193 247
444 3121 597 3193 (997)
624 3121 810 3188 Incipit
832 3123 971 3175 Ordo
995 3123 1269 3190 pontificis,
1287 3124 1490 3191 quando
1516 3134 1770 3191 praeparat
1796 3131 1843 3196 α

186 3228 236 3266 se
258 3216 325 3265 ad
360 3213 605 3267 Missam.
636 3214 792 3285 (998)
825 3213 1040 3280 Quando
1064 3214 1211 3279 lavat
1249 3231 1453 3280 manus,
1484 3216 1619 3268 dicat
1642 3216 1773 3270 lianc

187 3312 468 3365 orationem
503 3327 524 3367 :

255 3400 478 3470 Largire
528 3402 772 3457 sensibus
823 3402 1041 3466 nostris,
1094 3402 1435 3471 omnipotens
1484 3401 1677 3465 Pater,
1714 3410 1775 3454 ut

190 3489 325 3545 sicut
352 3490 605 3545 exterius
634 3492 922 3546 abluuntur
961 3493 1354 3560 inquinamenta
1400 3508 1673 3559 manuum,
1698 3495 1776 3548 sic

190 3598 218 3633 a
252 3590 306 3637 te
356 3582 688 3637 mandentur
738 3584 960 3637 interius
1011 3585 1326 3653 pollutiones
1374 3588 1666 3651 mentium,
1719 3596 1773 3641 et

188 3685 389 3730 crescat
413 3676 468 3728 in
487 3674 643 3728 nobis
665 3684 969 3729 sanctarum
995 3688 1332 3746 augmentum
1358 3679 1630 3733 virtutum.
1653 3680 1770 3734 Per.

256 3765 451 3823 Postea
480 3770 635 3837 (999)
667 3786 720 3822 se
754 3772 931 3838 incipit
974 3772 1215 3824 sandalio
1247 3773 1511 3843 episwpus
1534 3773 1773 3839 calciare,

192 3868 235 3911 et
261 3861 387 3913 dicit
418 3860 716 3914 Orationem
743 3862 876 3915 hanc
901 3877 919 3915 :

253 3951 478 4021 Calcia,
534 3952 793 4017 Domine,
850 3953 1011 4022 pedes
1066 3969 1213 4008 meos
1268 3956 1319 4008 in
1377 3956 1775 4023 prmparationc

191 4042 468 4113 Evangelii
520 4045 707 4115 pacis,
752 4053 806 4100 et
856 4054 1077 4115 protege
1125 4047 1176 4100 in
1229 4047 1531 4101 velamento
1567 4047 1772 4100 alarum

193 4145 425 4189 tuarum.

260 4224 456 4296 (1000)
523 4224 725 4281 Deinde
781 4236 949 4282 cantet
1012 4244 1129 4281 cum
1179 4227 1628 4282 circumstantibus
1682 4229 1775 4289 Itos

193 4316 437 4372 Psalmos
471 4333 491 4371 :

253 4409 427 4476 Quam
451 4408 646 4465 dilecta
673 4427 688 4473 ;
732 4409 1049 4465 BenedixiSti
1071 4451 1087 4477 ,
1123 4411 1379 4476 Domine;
1412 4410 1629 4473 lnclina,
1659 4410 1765 4464 Do-

1863 493 2043 547 tionis.
2077 496 2269 549 Amen.

1931 586 2012 638 Ad
2054 586 2260 642 stolam.
2289 617 2359 626 —
2384 586 2528 642 Stola
2557 586 2779 657 iustitiae
2823 584 3125 649 circumda,
3178 585 3421 647 Domine,

1860 675 2122 730 cervicem
2154 692 2351 743 meam,
2384 686 2436 732 et
2467 677 2535 731 ab
2561 678 2706 731 omni
2734 678 2985 747 corrupti:
3011 692 3077 731 ne
3107 676 3306 746 peccati
3336 691 3432 745 puo

1860 765 2007 821 rilica
2039 776 2272 823 mentem
2303 783 2499 822 meam.
2532 770 2723 823 Amen.

1932 858 2012 910 Ad
2058 860 2305 912 casulam.
2347 860 2606 913 —lndne
2654 875 2760 926 me,
2813 860 3070 925 Domine,
3120 868 3435 914 ornamento

1861 946 2139 1001 charitatis
2183 957 2239 1001 et
2268 952 2435 1013 pacis,
2466 947 2632 1019 248
2663 959 2746 1013 ut,
2780 949 3013 1019 undique
3053 949 3288 1003 munitus
3336 950 3441 1002 vir-

1866 1038 2093 1103 tutibus,
2124 1037 2323 1105 possim
2374 1037 2626 1093 resistere
2674 1041 2842 1107 vitiis,
2870 1050 2922 1096 et
2972 1041 3212 1096 hostibus
3242 1041 3441 1095 mentis

1862 1135 1918 1181 et
1946 1128 2213 1194 corporis.

1940 1217 2218 1287 Postquam
2261 1220 2330 1272 ad
2379 1220 2722 1289 manipulum.
2753 1250 2821 1260 —
2860 1221 2935 1274 Da
2982 1220 3143 1283 mihi,
3198 1218 3439 1284 Domine,

1864 1322 2081 1363 sensum
2112 1315 2337 1375 rectum,
2372 1316 2426 1375 et
2449 1322 2634 1363 vocem
2668 1320 2880 1378 puram,
2910 1318 2968 1361 ut
2994 1308 3213 1376 implere
3244 1310 3442 1375 possim

1864 1397 2074 1451 laudem
2105 1406 2269 1451 tuam.

1936 1489 2218 1559 Postquam
2250 1490 2405 1542 intrat
2434 1488 2487 1542 in
2509 1487 2796 1553 ecclesiam,
2830 1484 3017 1556 (1001)
3041 1485 3293 1539 osculetur
3315 1484 3443 1539 duos

1868 1580 2204 1650 presbyteros,
2237 1588 2283 1632 et
2313 1579 2438 1632 duos
2465 1577 2711 1632 diaconos
2733 1618 2749 1643 ,
2777 1575 2965 1647 (l002)
2998 1573 3244 1643 incipiens
3274 1588 3361 1641 per
3389 1590 3439 1627 se

1868 1674 2100 1729 lntroibo
2120 1674 2185 1729 ad
2215 1674 2385 1729 altare
2411 1674 2529 1740 Dei,
2559 1690 2672 1727 cunt
2700 1672 2905 1728 Psalmo
2926 1671 3111 1726 iudica
3139 1685 3246 1735 me,
3276 1670 3439 1724 Dens.

1790 1762 1839 1821 B
1869 1765 2089 1820 Interim
2116 1768 2238 1820 dum
2266 1775 2497 1819 cantetur
2524 1765 2713 1819 Versus
2747 1766 2814 1817 ad
2862 1762 3158 1825 lntroitum,
3189 1760 3313 1814 dicit
3356 1761 3447 1813 has

1870 1857 2160 1912 Orationes.
2193 1856 2385 1927 (1003)
2434 1854 2599 1909 Aufer
2632 1870 2663 1909 a
2696 1854 2852 1909 nobis
2881 1854 3185 1920 iniquitates
3216 1860 3447 1914 nostras,

1867 1958 1923 2004 ut
1941 1948 2008 2003 ad
2037 1958 2222 2003 sancta
2248 1955 2554 2003 sanctorum
2587 1945 2733 2016 puris
2762 1943 3031 1999 mentibus
3058 1941 3216 2016 [Lege
3245 1956 3463 2001 merea-,

1868 2040 2009 2113 mur]
2044 2042 2287 2097 introire.

1943 2135 2061 2188 Alia
2093 2132 2294 2187 Oratio.
2326 2162 2396 2172 —
2428 2129 2614 2203 (1004)
2646 2128 2997 2198 Omnipotens
3027 2126 3197 2191 Dens,
3241 2123 3330 2194 qui
3364 2139 3451 2179 mc

1871 2233 2208 2293 peccatorem
2241 2224 2413 2277 sacris
2442 2222 2696 2277 altaribus
2726 2228 2902 2273 astare
2933 2218 3166 2280 voluisti,
3198 2226 3252 2272 et
3281 2217 3451 2269 sancti

1870 2315 2100 2371 nominis
2129 2315 2203 2369 tui
2229 2314 2444 2368 laudare
2474 2312 2763 2382 potentiam
2786 2352 2801 2377 ,
2833 2308 3095 2373 concede.
3122 2322 3448 2377 quaesumus,

1870 2424 1966 2479 per
1997 2407 2155 2477 hujus
2195 2406 2515 2462 sacramenti
2562 2406 2896 2475 mysterium,
2942 2416 3187 2457 meorum
3237 2400 3444 2455 veniant

1872 2509 2240 2570 peccatorum,
2282 2507 2340 2554 ut
2368 2507 2469 2553 tua:
2497 2497 2755 2567 Majestati
2801 2495 2961 2566 digne
3003 2493 3309 2549 ministrare
3339 2506 3450 2547 me-

1871 2605 2011 2645 rear.
2046 2589 2167 2644 Per.

1945 2681 2132 2751 (1005)
2164 2680 2365 2735 Deinde
2394 2696 2505 2734 cum
2544 2677 2860 2733 osculabitur
2892 2674 3229 2746 Evangelium
3272 2675 3409 2728 dicat
3439 2689 3457 2729 :

1944 2773 2052 2827 Pax
2109 2770 2307 2826 Christi
2362 2786 2520 2840 quam
2566 2772 2722 2828 nobis
2763 2787 2857 2841 per
2901 2767 3249 2840 Evangelium
3297 2779 3456 2819 suum

1878 2864 2111 2929 tradidit,
2136 2866 2438 2929 coniirmrt,
2470 2874 2522 2920 et
2551 2873 2834 2919 conservet
2862 2862 3023 2918 corda
3059 2870 3240 2916 nostra
3262 2866 3316 2915 et
3335 2873 3453 2913 cor—

1875 2970 2004 3025 pora
2033 2955 2085 3009 in
2115 2955 2280 3008 vitam
2312 2963 2586 3009 mlernam.
2620 2959 2812 3009 Amen.

1949 3039 2138 3113 (1006)
2163 3041 2423 3111 Confessio
2447 3041 2722 3095 sacerdotis
2752 3048 2870 3094 ante
2898 3038 3081 3093 altare.

1952 3134 2175 3201 Suscipe
2217 3133 2611 3188 confessionem
2657 3147 2868 3201 meam,
2922 3133 3077 3185 unica
3125 3142 3249 3198 spes
3276 3128 3461 3183 salutis

1878 3237 2035 3290 meae,
2081 3224 2301 3278 Domine
2334 3224 2471 3278 licus
2517 3238 2684 3279 meus.
2717 3223 2880 3289 Gula,
2911 3224 3189 3287 ebrietate,
3234 3222 3460 3277 fornica-

1880 3313 2046 3379 tione,
2081 3314 2319 3380 libidine,
2346 3314 2578 3377 tristitia,
2610 3314 2813 3380 acedia,
2844 3313 3221 3378 somnolentis,
3247 3313 3346 3378 ira,
3367 3329 3433 3368 cu

1879 3404 2119 3472 piditate,
2154 3404 2371 3471 invidia,
2423 3404 2642 3471 malitia,
2693 3405 2849 3469 odio,
2894 3404 3242 3470 detractione,
3270 3403 3453 3473 periu-

1881 3496 1981 3561 rio,
2012 3496 2264 3563 falsitate,
2306 3496 2608 3561 mendacio,
2638 3511 2773 3550 vana
2798 3496 2965 3565 gloria
2987 3536 3000 3557 ,
3027 3496 3242 3550 levitate
3270 3511 3331 3549 ac
3366 3511 3453 3548 sn-

1878 3587 2059 3653 perbia
2102 3588 2341 3657 perditus
2390 3604 2541 3655 sum;
2602 3598 2656 3643 et
2702 3588 2848 3642 omni
2890 3588 3245 3656 cogitatione,
3301 3588 3454 3642 locu-

1883 3677 2052 3745 tione,
2082 3681 2314 3746 actione,
2344 3690 2506 3749 atque
2536 3682 2782 3736 omnibus
2812 3681 2964 3735 malis
2993 3682 3285 3735 exstinctus
3306 3692 3449 3745 sum;

1881 3769 1975 3824 sed
2008 3779 2086 3837 tu,
2117 3772 2206 3839 qui
2253 3771 2512 3841 justiﬁcas
2563 3773 2780 3841 impias,
2812 3780 2865 3827 et
2910 3771 3148 3826 viviﬁcas
3194 3782 3457 3837 mortuus,

1879 3860 2088 3915 viviﬁca
2114 3877 2198 3915 me
2226 3871 2279 3915 et
2302 3863 2557 3918 resuscita
2592 3879 2697 3930 me,
2728 3864 2866 3919 Deus
2898 3880 3068 3919 meus.

1955 3955 2137 4008 Oratio
2164 3956 2448 4008 sacerdotis
2475 3964 2591 4008 an'e
2612 3955 2774 4009 altare
2816 3956 3110 4025 priusquam
3141 3955 3349 4010 Missam
3379 3958 3461 4009 in-

1879 4046 2053 4117 cipiat.
2079 4076 2149 4087 —
2182 4047 2339 4111 Deus,
2385 4047 2643 4114 propitius
2677 4057 2793 4101 esto
2837 4047 2964 4101 mihi
3002 4049 3292 4116 peccatori,
3335 4049 3455 4115 quia

1882 4146 1934 4191 tu
1974 4152 2031 4191 es
2065 4136 2204 4191 Deus
2243 4136 2589 4201 immortalis,
2633 4146 2685 4191 et
2730 4138 2848 4192 sine
2870 4147 3088 4206 peccato
3116 4139 3280 4192 solus.
3334 4137 3444 4189 Do-

1880 4228 2024 4281 mine
2054 4228 2194 4282 Deus
2236 4240 2407 4292 meus,
2452 4228 2668 4297 indigno
2711 4226 2839 4281 ntihi
2866 4228 3065 4282 ramulo
3091 4237 3181 4281 tuo
3209 4227 3449 4295 indulge,

1880 4321 2003 4389 quia
2053 4328 2303 4388 peccator
2358 4334 2476 4373 sum
2526 4332 2579 4375 et
2623 4320 2911 4390 indignus,
2956 4318 3044 4389 qui
3097 4319 3459 4387 prtesumoad

1880 4424 2121 4470 sanctum
2167 4414 2336 4469 altare
2383 4422 2527 4468 tuum
2575 4415 2856 4482 accedere,
2889 4423 2943 4469 et
2968 4414 3219 4469 invocare
3264 4422 3336 4477 te,
3368 4414 3457 4482 qui

192 4497 347 4565 mino,
380 4515 502 4552 cum
529 4499 758 4568 precibus
789 4515 810 4554 :
843 4500 1103 4570 Exsurge,
1151 4500 1404 4564 Domine;
1438 4502 1529 4553 liat
1552 4501 1772 4554 iniseri-
1810 4520 1856 4578 ι)
1882 4506 2101 4572 peccavi
2134 4519 2313 4559 coram
2355 4513 2425 4573 te,
2458 4514 2511 4561 et
2543 4520 2721 4561 coram
2764 4506 2967 4575 angelis
2996 4506 3127 4570 tuis;
3169 4504 3260 4559 sed
3290 4505 3461 4559 tribue

191 4588 364 4642 cordia
410 4599 530 4654 tua,
578 4589 833 4655 Domine;
884 4590 1024 4645 Dens
1072 4600 1128 4643 tu
1176 4604 1504 4655 conversus;
1536 4590 1775 4644 Ostende

198 4675 370 4745 nobis,
433 4677 695 4745 Domine;
741 4678 817 4733 Ne
867 4679 1037 4734 intres
1080 4680 1130 4732 in
1172 4678 1462 4748 judicium;
1512 4680 1777 4748 Propitius

193 4774 303 4820 esto
326 4769 566 4835 peccatis
587 4770 813 4833 nostris;
844 4769 1089 4836 Domine,
1124 4770 1314 4823 exaudi
1343 4770 1663 4825 orationem.

256 4859 432 4915 Aures
460 4869 565 4916 tute
591 4862 824 4930 pietatis,
862 4863 1143 4917 mitissime
1174 4862 1336 4930 Deus,
1365 4864 1559 4916 inclina
1594 4863 1777 4931 preci-

194 4947 287 5003 bus
330 4951 500 5017 meis,
548 4960 606 5007 et
653 4952 822 5021 gratia
877 4954 1048 5007 sancti
1107 4954 1336 5022 Spiritus
1386 4954 1623 5008 illumina
1678 4970 1771 5010 cor

196 5063 391 5115 meum,
420 5059 481 5104 ut
510 5054 615 5105 tuis
643 5053 952 5107 ministeriis
996 5051 1155 5121 digne
1193 5054 1494 5109 ministrare
1540 5054 1770 5121 valeam,

193 5154 252 5194 ac
276 5152 325 5196 te
350 5154 551 5198 aeterna
580 5145 841 5200 cltaritate
865 5145 1085 5212 diligere
1110 5160 1339 5198 merear.
1367 5144 1488 5198 Per.

266 5230 448 5285 Oratio
470 5233 754 5287 sacerdotis
782 5236 849 5287 ad
875 5233 1084 5288 Missam
1107 5233 1456 5303 prwparandi.
1482 5262 1552 5273 —
1574 5232 1773 5285 Obum-

198 5318 323 5386 δη,
353 5322 604 5387 Domine,
637 5332 798 5390 caput
842 5340 1017 5378 meum
1052 5323 1365 5377 umbraculo
1404 5333 1604 5377 sancta:
1628 5324 1771 5389 ﬁdei,

197 5422 248 5466 ct
269 5414 477 5482 expelle
500 5429 531 5468 ε
560 5431 646 5469 nte
672 5415 851 5469 nubila
884 5415 1218 5486 ignorantiae.
1252 5417 1443 5470 Amen.

265 5503 345 5567 Ad
367 5505 562 5558 albam.
590 5535 664 5544 —
694 5506 855 5560 indue
877 5521 983 5569 me,
1014 5507 1256 5567 Domine,
1283 5506 1605 5561 reatimcnto
1630 5505 1774 5560 salu-

202 5592 285 5659 tis,
305 5604 358 5649 et
386 5596 664 5651 circumda
708 5612 793 5652 me
819 5598 981 5653 lorica
1004 5597 1348 5654 fortitudinis.
1382 5600 1572 5652 Amen.

268 5685 349 5739 Ad
376 5701 587 5741 sonam.
615 5717 679 5729 —
714 5686 968 5758 Domine,
1006 5690 1221 5759 accinge
1262 5689 1313 5745 in
1360 5705 1444 5745 mc
1470 5690 1769 5747 custodiam

1884 4594 2047 4665 249
2074 4594 2453 4664 indulgentiam
2484 4595 2800 4650 delictorum
2828 4611 3089 4660 meorum,
3113 4604 3166 4649 et
3194 4593 3451 4649 confirma

1884 4702 1969 4743 me
1991 4688 2042 4742 in
2075 4698 2259 4742 sancta
2294 4688 2531 4743 Ecclesia
2562 4696 2673 4753 tua,
2707 4689 2757 4742 in
2792 4687 2895 4743 title
2924 4686 3374 4750 orthodoxorntu,
3406 4695 3461 4740 et

1882 4780 2016 4835 doce
2056 4795 2144 4834 me
2191 4778 2369 4835 facere
2420 4780 2745 4835 voluntatem
2791 4787 2933 4835 tuam
2980 4778 3227 4834 omnibus
3269 4776 3457 4833 diebus

1882 4872 2001 4925 vita:
2029 4886 2183 4925 meae.
2216 4872 2315 4938 Qui
2342 4871 2498 4927 vivis.

1954 4961 2139 5032 (1007)
2184 4962 2319 5016 Item
2352 4962 2530 5016 Oratio
2559 4962 2761 5017 interim
2816 4961 2937 5013 dum
2964 4959 3141 5014 Gloria
3181 4958 3234 5012 in
3283 4957 3460 5011 excel-

1881 5054 1954 5108 sis
1976 5054 2086 5108 Deo
2112 5062 2367 5106 cantatur.
2399 5082 2470 5095 —
2514 5052 2738 5107 Domine
2781 5050 2905 5105 Jesu
2953 5048 3182 5111 Christe,
3217 5048 3454 5101 Redem-

1882 5156 2000 5215 ptor
2027 5145 2227 5212 mundi,
2259 5145 2513 5213 propitius
2538 5154 2652 5197 esto
2687 5142 2816 5195 mihi
2866 5140 3151 5209 peccatori,
3205 5140 3453 5191 omnibus

1880 5237 2049 5290 modis
2081 5237 2131 5290 in
2166 5244 2381 5303 peccato
2418 5234 2635 5303 jacenti,
2668 5232 2788 5301 quia
2814 5241 2867 5285 tu
2898 5234 3042 5286 solus
3067 5231 3289 5284 Domine
3322 5230 3460 5283 Deus

1883 5336 2063 5380 noster
2086 5324 2401 5378 immortalis
2448 5339 2504 5377 es
2528 5333 2582 5377 et
2626 5322 2742 5374 siue
2790 5332 3046 5387 peccato;
3081 5318 3294 5387 indulge
3323 5317 3447 5371 mihi

1884 5416 2183 5470 miserrimo
2212 5413 2553 5482 praesumcnti
2610 5410 2866 5465 accedere
2896 5412 2959 5462 ad
3001 5420 3242 5464 sanctum
3294 5410 3462 5462 altare

1884 5516 2030 5561 tuum
2072 5513 2128 5559 ct
2165 5506 2412 5559 invocare
2460 5514 2532 5569 te,
2584 5502 2705 5572 quia
2734 5502 2952 5571 peccavi
2983 5502 3053 5556 ab
3093 5502 3314 5557 infantia
3346 5517 3463 5555 tura

1883 5613 2049 5666 usque
2080 5611 2217 5651 nunc
2245 5611 2424 5650 coram
2459 5605 2529 5661 te,
2554 5602 2609 5648 et
2639 5608 2819 5647 coram
2844 5596 3086 5649 omnibus
3108 5594 3303 5648 sanctis
3335 5595 3457 5655 tuis;

1880 5688 1971 5744 sed
2003 5668 2094 5759 per
2125 5686 2337 5742 illorum
2387 5686 2819 5769 intercessionem
2874 5684 3048 5741 tribue
3102 5683 3231 5740 mihi
3280 5684 3457 5739 divina
