3988 6300
570 292 676 345 24⁸1

1176 278 1518 347 APPENDIX
1558 290 1649 344 AD
1688 289 1745 345 S.
1781 285 2111 344 GRECORII
2152 284 2366 340 MAGNI
2404 284 2529 341 LIB.
2567 285 3211 349 SACRAMENTORUM.

3715 302 3834 356 ⁸143

571 411 856 466 clementia
883 410 1090 463 veniam
1132 415 1470 477 peccatorum
1504 419 1767 472 meorum,
1797 413 1851 458 et
1879 405 2013 459 doce
2059 420 2117 458 mi

2254 409 2304 454 te
2336 410 2641 469 peccatores
2667 417 2771 457 non
2794 404 2992 458 habent
3016 406 3175 460 verba
3200 407 3316 461 sine
3341 405 3583 473 crimine,
3616 423 3840 479 prmata,

574 501 745 554 facere
776 500 1096 553 voluntatem
1152 506 1292 550 tuam
1317 497 1562 550 omnibus
1592 496 1782 550 diebus
1812 497 1935 551 vita:
1984 512 2140 551 mete.

570 594 669 660 Qui
703 594 831 645 vivis
862 599 915 643 et
944 602 1151 655 regnas.

647 682 835 749 (1008)
878 680 1000 733 Post
1029 679 1291 734 collectam
1339 694 1497 747 usque
1527 679 1594 732 ad
1624 678 1963 749 Evangelium
1992 689 2144 749 prout

565 774 661 827 sibi
692 774 937 830 rideatur,
963 772 1083 822 dicit
1114 770 1203 821 has
1232 772 1501 823 Orationes
1525 785 1543 821 .·

637 865 797 926 Deus,
831 863 917 928 qui
945 861 1011 913 de
1039 860 1262 929 indignis
1291 861 1643 926 dignoslacis,
1674 862 1739 917 de
1769 863 2139 931 peccatoribus

559 953 749 1021 justos,
783 950 848 1003 de
893 949 1179 1002 immundis
1209 949 1453 1015 mundos,
1485 950 1679 1004 munda
1712 965 1906 1017 corpus
1936 967 2136 1018 meum,

561 1054 609 1097 et
633 1057 726 1095 cor
760 1056 934 1095 meum
960 1040 1024 1092 ab
1053 1040 1195 1092 omni
1226 1042 1541 1107 contagione
1569 1049 1622 1094 et
1650 1040 1808 1094 sorde
1828 1041 2051 1108 peccati,
2086 1050 2140 1094 et

562 1134 640 1185 fac
671 1146 753 1185 me
779 1130 992 1197 dignum
1036 1130 1231 1182 sanctis
1279 1128 1534 1182 altaribus
1582 1127 1686 1183 tuis
1732 1130 2052 1194 ministrum,
2085 1139 2139 1186 ct

558 1221 790 1276 concede
813 1220 1096 1287 propitius,
1121 1228 1177 1271 ιιι
1220 1219 1270 1271 in
1300 1218 1399 1273 hoc
1428 1220 1602 1284 altari,
1628 1219 1692 1273 ad
1723 1221 1859 1289 quod
1890 1220 2137 1290 indignus

557 1312 776 1376 accedo,
811 1310 1024 1362 llostias
1073 1309 1356 1376 placabiles
1407 1309 1628 1365 oﬂ'eram
1678 1310 1862 1379 pietati
1892 1318 1995 1365 tua:
2041 1326 2135 1379 pro

555 1402 787 1470 peccatis
812 1412 862 1454 et
891 1401 1267 1454 oll‘ensionibus
1294 1400 1449 1466 meis,
1479 1414 1533 1454 et
1557 1402 1848 1457 innumeris
1870 1403 2133 1472 quotidia-

554 1494 742 1560 nisque
763 1493 1087 1552 excessibus,
1118 1499 1170 1544 et
1190 1504 1349 1559 grege
1373 1490 1498 1544 mihi
1522 1491 1828 1559 commisso,
1856 1502 1909 1547 et
1938 1494 2136 1549 famulo

552 1592 644 1634 tuo
674 1582 733 1635 Ν.
776 1583 1123 1652 conjugeqne,
1147 1596 1210 1634 ac
1238 1582 1432 1651 popqu
1462 1578 1562 1634 sibi
1584 1582 1847 1649 subjecto,
1876 1593 1932 1637 et
1960 1583 2134 1637 omni—

552 1672 653 1726 bus
688 1674 1205 1743 ciretnnastantibus,
1229 1677 1579 1743 omnibusque
1610 1675 1740 1729 mihi
1770 1674 2133 1732 familiaritate

2251 489 2496 557 Domine,
2527 503 2583 545 ut
2609 493 2654 545 si
2681 507 2745 547 ex
2783 494 2937 546 nobis
2966 495 3196 562 indignis
3225 505 3278 550 et
3322 499 3685 564 peccatoribus
3711 504 3843 557 duri

2248 579 2425 633 cordis
2453 580 2612 634 verba
2658 596 2766 635 non
2792 584 3037 652 suscipis,
3074 599 3168 652 per
3192 587 3530 653 temetipsum
3559 592 3709 643 nobis
3738 609 3841 647 ve-

2247 672 2385 724 niam
2414 673 2673 740 largiaris.
2706 674 2806 739 Qui
2850 676 2984 728 vivis
3022 684 3075 728 et
3105 691 3296 745 regnas
3330 680 3469 732 Deus
3495 691 3550 734 et
3589 697 3811 752 semper

2246 769 2301 814 et
2330 762 2382 814 in
2426 769 2623 815 aaterna
2657 764 2851 816 Saecula
2884 764 3225 820 saeculorum.

2317 850 2458 904 Tunc
2488 851 2672 922 (1015)
2703 864 2957 906 convertat
2986 870 3040 907 se
3082 855 3151 907 ad
3177 857 3525 923 suscipiendas
3550 857 3839 913 oblationes

2242 948 2561 1012 oﬂerentium
2606 953 3012 1018 presbyterorum
3059 951 3134 1003 vel
3180 952 3839 1022 diaconorum,(l014)et

2240 1040 2375 1090 dicat
2396 1040 2737 1108 unusquisque
2765 1040 2896 1093 lianc
2921 1042 3218 1095 Orationem
3243 1058 3263 1096 :

2311 1128 2427 1182 Tibi
2460 1128 2687 1183 Domino
2715 1131 2825 1184 Deo
2851 1131 3092 1184 Creatori
3127 1148 3246 1186 meo
3279 1133 3505 1187 hostiam
3528 1134 3697 1189 oﬁ‘ero
3729 1152 3833 1202 pro

2238 1219 2556 1274 remissione
2579 1222 2815 1275 omnium
2859 1236 3216 1291 peccatorum,
3248 1234 3302 1279 et
3347 1237 3667 1303 cunctorum
3698 1227 3835 1281 lide-

2238 1309 2365 1363 lium
2391 1318 2629 1364 tuorum.

2310 1400 2439 1453 Cum
2465 1402 2711 1454 diaconus
2739 1401 2959 1457 libamen
2990 1402 3164 1457 calicis
3196 1406 3406 1475 accipit,
3448 1408 3586 1460 dicat
3613 1423 3632 1460 :

2307 1495 2596 1561 Acceptum
2620 1494 2687 1548 sit
2706 1495 3057 1563 omnipotenti
3080 1496 3192 1552 Deo
3208 1500 3527 1554 sacrilicium
3553 1501 3713 1555 istud.

2312 1581 2453 1634 Tunc
2498 1584 2673 1636 redeat
2714 1586 2951 1638 sacerdos
2979 1588 3047 1638 ad
3100 1588 3295 1650 altare;
3344 1598 3392 1642 et
3439 1604 3609 1641 coram
3648 1593 3824 1656 altari,

2235 1681 2504 1742 antequam
2535 1674 2793 1728 Sccretam
2825 1675 2980 1740 dicat,
3000 1676 3183 1748 (1015)
3200 1689 3395 1733 accuset
3421 1695 3474 1734 se
3494 1681 3640 1748 prius
3678 1685 3825 1751 ﬂebi-

550 1764 869 1833 conjunctis,
904 1777 1059 1836 atque
1086 1770 1330 1821 omnibus
1356 1783 1439 1823 me
1475 1768 1599 1821 odio
1639 1769 1953 1822 exsecrabili
1987 1770 2132 1823 inse-
2164 1762 2215 1823 B
2240 1766 2373 1830 liter.
2404 1774 2449 1818 el
2470 1766 2607 1818 dicat
2637 1767 2769 1819 Ιιαηο
2804 1767 3099 1820 Orationem
3125 1784 3147 1823 ε

508 1877 515 1883 -
550 1859 837 1921 ctantibus,
862 1867 918 1911 et
949 1859 1199 1913 Eeclesim
1226 1869 1325 1914 tua:
1362 1860 1661 1915 commissas
1697 1861 2125 1927 adversantibus,

549 1953 755 2004 cunctis
799 1953 1043 2008 ﬁdelibus
1083 1955 1238 2007 simul
1270 1954 1605 2008 Christianis.
1634 1955 1701 2009 Et
1754 1970 1848 2023 per
1890 1970 2011 2010 eum
2059 1956 2131 2010 sit

549 2043 640 2095 tibi
668 2059 841 2098 meum
883 2056 1079 2110 votum,
1115 2058 1273 2107 atque
1298 2047 1615 2100 sacrilieium
1646 2048 1992 2115 acceptabile,
2036 2046 2127 2113 qui

549 2148 605 2186 se
637 2134 724 2187 tibi
757 2138 862 2189 Deo
894 2136 1029 2189 Patri
1063 2137 1251 2191 obtulit
1279 2137 1329 2191 in
1356 2139 1671 2193 sacriﬁcium
1702 2139 1857 2195 Jesus
1881 2137 2128 2195 Christus

549 2222 807 2278 Dominus
832 2228 1030 2279 noster.

616 2313 857 2381 Ignosce,
904 2317 1148 2386 Domine,
1182 2319 1321 2388 quod
1357 2329 1407 2373 te
1438 2335 1625 2389 rogare
1654 2321 1965 2389 compellor,
1999 2322 2122 2375 dum

548 2416 642 2470 per
664 2404 930 2459 immunda
962 2407 1098 2461 labia
1138 2426 1250 2462 mea
1286 2414 1478 2465 nomen
1510 2421 1753 2465 sanctum
1787 2421 1932 2465 tuum
1973 2428 2125 2467 assu-

546 2508 659 2559 mo,
682 2504 739 2549 ut
777 2511 896 2550 cum
948 2498 1314 2567 pttdendorum
1364 2510 1575 2555 actuum
1626 2518 1865 2556 meorum
1915 2513 2123 2558 secreta

543 2583 821 2649 conﬁteor,
855 2602 958 2639 non
985 2589 1152 2642 habeo
1176 2591 1312 2659 apud
1360 2601 1411 2646 te
1437 2593 1595 2646 verba
1629 2593 1744 2646 sine
1767 2594 2009 2648 crimine.
2043 2594 2121 2649 Tu

544 2675 684 2729 enim
714 2677 1053 2732 conscienti-1:
1078 2696 1208 2734 mea:
1229 2683 1466 2748 vulnera,
1492 2693 1545 2736 tu
1570 2684 1949 2752 cogitationum
1980 2698 2123 2738 mea-

542 2781 661 2820 rum
691 2768 896 2821 occulta
926 2771 1084 2833 nosti,
1115 2785 1168 2825 et
1214 2772 1600 2830 immunditiam
1651 2791 1823 2830 meam
1878 2786 1930 2830 tu
1976 2779 2120 2832 solus

541 2857 807 2925 agnoscis.
858 2859 1109 2915 Miserere
1158 2863 1308 2927 mihi,
1374 2864 1617 2930 Domine,
1666 2867 1923 2921 miserere
1954 2868 2117 2933 mihi;

542 2946 757 3014 ignosce
797 2950 1032 3017 mysterii
1079 2952 1150 3003 tui
1173 2962 1375 3006 secreta
1404 2955 1670 3017 tractanti,
1706 2971 1804 3010 nec
1839 2957 2116 3028 indignum

542 3039 903 3094 misericordia
948 3052 1031 3096 tua
1063 3042 1446 3111 jttdicesmtem
1479 3062 1573 3114 pro
1594 3048 1715 3102 aliis
1758 3064 1949 3119 rogare
1998 3065 2117 3117 per-

2303 1854 2492 1925 (1016)
2526 1857 2664 1910 Ante
2680 1869 3022 1925 conspecutm
3038 1858 3087 1912 di
3096 1859 3228 1913 vina:
3248 1859 3541 1928 Maiestatis
3566 1870 3670 1916 tute
3696 1877 3817 1917 reus

2235 1948 2448 2013 assiste,
2474 1948 2563 2017 qui
2593 1948 2843 2003 invocare
2866 1965 3058 2004 nomen
3084 1962 3323 2007 sanctum
3353 1965 3498 2007 tuum
3524 1969 3815 2023 prtesumo.

2231 2039 2482 2093 Miserere
2507 2037 2658 2104 mihi,
2699 2038 2941 2103 Domine,
2988 2041 3187 2094 homini
3238 2045 3536 2110 peccaturi;
3587 2044 3810 2112 ignosce

2228 2130 2445 2199 indigno
2470 2130 2758 2195 sacerdoti,
2785 2146 2877 2200 per
2904 2133 3053 2201 cujus
3081 2149 3266 2188 mantis
3286 2138 3399 2189 haec
3420 2136 3624 2190 oblatio
3658 2138 3808 2190 vide—

2230 2228 2313 2275 tur
2342 2220 2543 2285 offerri,
2576 2234 2732 2288 parce
2756 2220 2874 2276 labe
2916 2228 3253 2290 peccatorum
3285 2240 3394 2292 pra:
3420 2227 3633 2280 cmteris
3661 2228 3810 2295 capi-

2231 2312 2409 2365 talium
2439 2312 2662 2380 polluto.
2697 2313 2762 2366 Et
2792 2329 2859 2368 ne
2889 2315 3053 2370 intres
3088 2317 3136 2369 in
3174 2316 3437 2386 judicium
3479 2334 3601 2373 cum
3642 2334 3805 2373 servo

2226 2409 2317 2457 tuo
2356 2402 2562 2456 scilicet
2590 2403 2731 2457 vitiis
2760 2418 2826 2459 ac
2854 2405 3213 2473 voluptatibus
3268 2409 3444 2461 carnis
3485 2419 3800 2479 aggravato.

2226 2491 2551 2559 Recordare,
2579 2493 2822 2558 Domine.
2854 2496 2995 2564 quod
3026 2512 3152 2551 caro
3180 2513 3322 2552 sum.
3356 2499 3410 2553 ln
3453 2509 3544 2555 tuo
3572 2516 3805 2571 conspe-

2224 2596 2311 2638 ctu
2329 2585 2490 2638 etiam
2519 2586 2641 2639 caeli
2667 2601 2772 2640 non
2792 2596 2917 2641 sunt
2948 2588 3149 2652 mundi,
3169 2600 3369 2658 quanto
3399 2591 3568 2660 magis
3596 2608 3694 2645 nos
3718 2596 3816 2647 bo-

2224 2677 2395 2731 mines
2439 2678 2709 2731 mortales.
2736 2677 2983 2747 lndignus
3012 2693 3130 2732 sum
3155 2690 3210 2732 ut
3238 2681 3337 2735 sim
3370 2682 3577 2736 vivens.
3607 2683 3687 2736 'l‘tt
3718 2685 3811 2752 qui

2224 2782 2326 2820 non
2356 2769 2437 2820 vis
2469 2777 2689 2823 mortem
2722 2771 3033 2837 peccatoris,
3062 2771 3125 2823 da
3158 2771 3287 2825 mihi
3324 2774 3537 2826 veniam
3569 2774 3623 2826 in
3647 2791 3807 2827 carne

2221 2859 2530 2921 constituto,
2565 2869 2622 2912 ut
2669 2875 2761 2925 per
2818 2860 3138 2928 pmnitentim
3185 2862 3394 2917 labores
3440 2865 3546 2918 vita
3602 2875 3805 2919 aeterna

2224 2950 2464 3017 perfruar
2494 2949 2545 3002 in
2576 2951 2727 3004 cmlis
2751 2965 2844 3019 per
2872 2961 2941 3015 te,
2972 2951 3100 3005 Jesu
3128 2952 3357 3007 Christe.

2294 3038 2478 3107 (l017)
2510 3038 2652 3091 Tunc
2678 3056 2804 3108 puro
2853 3042 3004 3094 corde
3033 3041 3215 3109 oﬂ‘erat
3246 3043 3465 3096 Domino
3506 3044 3710 3099 oblatas
3738 3046 3813 3098 al-

540 3128 740 3194 mittis;
770 3139 824 3182 et
852 3130 903 3183 in
943 3146 1045 3200 quo
1077 3134 1435 3187 testimonium
1471 3138 1593 3191 boni
1619 3138 1795 3204 operis
1822 3154 1923 3193 non
1950 3156 2116 3207 agno-

2233 3128 2317 3180 !ari
2341 3129 2701 3206 superpositas,
2738 3130 2906 3181 dicens
2936 3146 2955 3184 :

540 3217 664 3286 scis,
697 3220 926 3276 ofﬁcium
951 3224 1137 3277 saltem
1160 3225 1571 3291 dispensationis
1597 3229 1813 3284 creditae
1836 3246 1941 3285 non
1965 3247 2122 3287 recu-

540 3324 650 3375 ses.
681 3310 925 3367 Salvator
951 3316 1153 3368 mundi.
1186 3317 1285 3382 Qui
1317 3319 1472 3373 vivis.

609 3402 735 3456 Cum
760 3403 944 3475 (1009)
966 3407 1237 3470 incensum,
1259 3420 1530 3479 antequam
1552 3411 1749 3481 legatur
1761 3411 2117 3484 Evangelium,

537 3494 689 3547 mittit
715 3495 770 3549 in
802 3497 1147 3562 thuribulum,
1182 3502 1317 3553 dicat
1347 3517 1367 3555 :

604 3585 781 3640 Odore
808 3589 1042 3643 cmlesﬁs
1073 3591 1434 3657 inspirationis
1484 3610 1594 3647 suae
1621 3596 1896 3660 accendat,
1932 3606 1984 3650 et
2023 3599 2120 3652 im-

538 3673 678 3741 pleat
711 3676 965 3732 Dominus
987 3684 1147 3733 corda
1171 3692 1351 3737 nostra
1383 3686 1445 3736 ad
1475 3687 1733 3741 audienda
1764 3697 1817 3742 et
1851 3690 2116 3754 imp’euda

536 3763 810 3832 Evangelii
849 3767 928 3819 sui
962 3781 1244 3837 praecepta.
1280 3775 1377 3837 Qui
1406 3775 1555 3827 vivit.

602 3853 789 3924 (1010)
833 3855 1033 3912 Deinde
1052 3860 1319 3914 inclinanti
1341 3863 1556 3918 diacono
1578 3865 1711 3917 dicat
1733 3868 1969 3919 sacerdos
1993 3884 2011 3922 :

601 3943 857 4000 Dominus
890 3949 940 4001 in
972 3950 1133 4004 corde
1175 3961 1280 4015 Ino,
1313 3962 1364 4006 et
1402 3953 1453 4006 in
1483 3953 1638 4009 labiis
1669 3956 1794 4019 tuis,
1826 3966 1880 4011 ut
1911 3972 2117 4014 annun-

529 4032 628 4088 Iies
652 4046 1018 4102 competenter
1044 4040 1379 4109 Evangelinm
1415 4045 1581 4110 pacis.

595 4125 785 4196 (1011)
826 4127 1057 4183 Perlecto
1083 4145 1251 4184 autem
1275 4131 1574 4202 Evangelio,
1598 4136 1851 4203 offeratur
1872 4139 1942 4191 ad
1970 4141 2113 4194 salu-

522 4217 736 4269 tandum
761 4218 1015 4286 episcOpo,
1049 4231 1095 4273 et
1117 4223 1252 4274 dicat
1279 4238 1299 4273 :

591 4306 696 4360 Per
722 4308 852 4363 istos
883 4325 1160 4367 sermones
1205 4316 1373 4367 sancti
1408 4316 1677 4386 Evangelii
1729 4318 1846 4372 Filii
1884 4320 1955 4373 tui
2010 4320 2115 4375 Do-

520 4395 653 4449 mini
676 4398 845 4452 nostri
868 4399 1243 4455 Jesu.Christi
1288 4403 1562 4472 indulgeat
1606 4406 1863 4463 Dominus
1892 4420 2109 4478 peccata

523 4496 729 4541 nostra.

590 4584 718 4639 Cum
749 4586 933 4658 (IOI‘2)
974 4601 1142 4644 autem
1169 4604 1408 4646 ornatum
1438 4597 1590 4664 fuerit
1619 4595 1801 4660 altare,
1833 4608 2102 4659 antequam

519 4676 764 4744 suscipiat
789 4679 981 4745 prtcsul
1011 4680 1290 4734 oblationes
1325 4685 1751 4752 presbyterorum,
1775 4697 1819 4737 et
1851 4684 2100 4740 diacono-

516 4778 652 4830 rum,
695 4766 818 4818 dum
845 4778 1095 4820 canuntur
1126 4769 1421 4836 Oﬁertoria.
1453 4775 1700 4829 ascendat
1742 4776 1809 4829 ad
1838 4776 2023 4843 altare,
2053 4787 2101 4830 et

516 4852 800 4908 humillime
821 4856 955 4908 dicat
988 4856 1122 4911 lianc
1155 4858 1449 4917 Orationem
1475 4877 1494 4913 :

589 4945 753 5013 250
780 4947 917 4999 Ante
937 4948 1121 5001 oculos
1144 4956 1281 5015 tuos,
1308 4949 1550 5019 Domine,
1586 4968 1729 5020 reus,
1758 4959 2098 5013 conscientias

514 5032 667 5086 testis
696 5035 908 5087 assisto.
943 5036 1151 5107 Rogare
1178 5054 1282 5093 non
1306 5040 1475 5095 audeo
1496 5044 1633 5109 quod
1671 5045 1958 5112 impetrare
1990 5064 2093 5102 non

512 5135 745 5176 mereor.
781 5122 860 5177 Tu
898 5126 1040 5180 enim
1073 5129 1199 5194 scis,
1234 5129 1473 5195 Domine,
1512 5147 1631 5200 qua:
1658 5146 1886 5202 aguntur
1911 5139 1962 5189 in
1998 5153 2095 5192 no-

512 5212 615 5268 bis.
653 5215 1024 5272 Erubescimus
1050 5222 1293 5274 conﬁteri
1326 5224 1464 5288 quod
1502 5239 1605 5276 non
1629 5225 1875 5281 timemus
1900 5229 2093 5283 admit-

511 5312 643 5356 tere.
678 5303 870 5360 Verbis
910 5308 1000 5363 tibi
1050 5318 1250 5365 tantum
1297 5312 1663 5382 obsequimur,
1706 5316 1869 5371 corde
1899 5319 2092 5373 menti-

516 5406 663 5457 mur;
694 5403 749 5449 et
777 5398 914 5465 quod
934 5400 1071 5454 velle
1089 5417 1183 5455 nos
1209 5401 1460 5470 dicitnUs,
1485 5406 1624 5462 nolle
1654 5407 1852 5461 nosuis
1880 5409 2089 5464 actibus

511 5480 885 5543 approbemus.
910 5487 1011 5541 Sed
1049 5504 1226 5559 parce,
1263 5492 1484 5547 Domine
1510 5496 1909 5562 conﬁtentibus,
1941 5497 2090 5565 igno-

510 5578 601 5619 sce
650 5575 1014 5643 peccantibus,
1068 5582 1325 5637 tuiserere
1374 5592 1426 5639 te
1477 5587 1803 5653 rogantibus.
1864 5588 1931 5641 Et
1969 5590 2091 5656 (Ιιιίεὶ

507 5666 659 5711 meus
686 5672 875 5715 sensus
896 5666 945 5720 in
972 5672 1319 5728 sacramentis
1347 5675 1715 5759 tuis‘inﬁrmus
1745 5684 1845 5746 est,
1875 5687 1929 5733 et
1949 5679 2089 5749 apud

2292 3217 2480 3287 (1018)
2523 3217 2768 3285 Suscipe,
2801 3229 2982 3274 sancta
3001 3221 3256 3289 Trinitas,
3283 3221 3421 3277 hanc
3445 3225 3803 3293 oblationem,

2220 3322 2375 3374 quam
2404 3308 2493 3361 tibi
2520 3309 2687 3362 olTero
2712 3324 2808 3377 pro
2834 3325 2919 3365 me
2951 3320 3253 3379 peccatore,
3284 3323 3335 3367 et
3363 3323 3561 3369 nostra:
3584 3331 3807 3386 congre-

2205 3398 2434 3479 ggtionis
2480 3400 2679 3463 salute,
2720 3409 2776 3454 et
2828 3415 2923 3469 pro
2950 3403 3094 3456 omni
3147 3405 3341 3472 populo
3385 3404 3715 3469 Christiano,
3758 3418 3811 3462 ct

2221 3503 2318 3557 pro
2361 3490 2607 3544 omnibus
2637 3491 3007 3562 eleemosynas
3050 3495 3203 3549 nobis
3246 3496 3578 3562 facientibus,
3628 3508 3683 3551 et
3715 3514 3812 3567 pro

2221 3584 2302 3637 his
2328 3584 2488 3638 etiam
2515 3586 2603 3654 qui
2636 3601 2694 3641 se
2716 3589 3228 3644 commendaverunt
3270 3593 3322 3645 in
3360 3601 3571 3647 nostras
3604 3596 3806 3647 oratio-

2220 3689 2346 3738 nes;
2378 3684 2431 3729 et
2453 3679 2541 3744 qui
2571 3678 2741 3730 nostri
2766 3680 3075 3733 memoriam
3110 3683 3162 3734 in
3204 3682 3316 3736 suis
3354 3684 3684 3737 orationibus
3715 3685 3811 3738 ba-

2218 3762 2366 3827 bent,
2408 3776 2466 3818 ut
2506 3766 2593 3819 hic
2639 3768 2850 3821 veniam
2901 3770 3217 3838 recipiamus
3261 3783 3623 3841 peccatorum,
3669 3785 3728 3829 ttt
3756 3776 3808 3830 in

2220 3853 2396 3907 futuro
2424 3857 2640 3921 praemia
2663 3860 2915 3927 consequi
2940 3875 3239 3916 mereamur
3259 3870 3479 3918 aeterna.
3504 3867 3698 3919 Amen.

2290 3946 2480 4015 (IOI‘J)
2523 3946 2767 4015 Suscipe,
2797 3958 2981 4004 sancta
3010 3951 3264 4018 Trinitas,
3294 3952 3430 4007 banc
3455 3955 3802 4021 oblationem,

2218 4052 2377 4105 quant
2403 4038 2569 4092 oll‘ero
2622 4040 2885 4107 inprimis,
2928 4051 2986 4095 ut
3028 4043 3229 4111 justum
3261 4052 3360 4111 est,
3394 4046 3450 4099 in
3479 4051 3797 4102 memoriam

2220 4130 2619 4195 lnearnationis,
2655 4132 2981 4199 Nativitatis,
3016 4135 3305 4202 Passionis,
3350 4139 3795 4205 Resurrectionis,

2217 4223 2665 4290 Ascensionisque
2687 4224 2895 4278 Domini
2925 4227 3091 4282 nostri
3129 4228 3257 4282 Jesu
3286 4228 3509 4296 Christi,
3532 4242 3589 4287 et
3621 4234 3671 4285 in
3700 4234 3797 4286 ho-

2218 4328 2399 4367 norem
2431 4314 2668 4367 omnium
2716 4327 3023 4372 sanctorum
3084 4330 3315 4390 tuorum,
3346 4324 3433 4391 qui
3464 4323 3556 4377 tibi
3590 4325 3798 4391 placue-

2217 4413 2343 4459 runt
2367 4405 2434 4458 ab
2466 4404 2615 4459 initio
2641 4407 2845 4470 mundi,
2892 4421 2946 4463 et
2975 4425 3200 4478 quorum
3231 4414 3446 4467 nomina
3476 4424 3534 4468 et
3560 4416 3795 4485 reliquiae

2141 4496 2190 4552 D
2223 4497 2306 4550 hic
2319 4500 2678 4565 continentur,
2702 4509 2755 4553 et
2775 4515 2957 4555 eorum
2973 4518 3196 4571 quorum
3218 4505 3472 4560 festivitas
3494 4507 3794 4561 celebratur

2212 4588 2264 4640 in
2293 4590 2471 4653 terris,
2505 4600 2557 4641 ut
2586 4588 2688 4643 illis
2728 4592 2965 4658 proﬁciat
2990 4594 3055 4646 ad
3108 4594 3385 4660 honorem,
3435 4595 3588 4650 nobis
3617 4609 3788 4651 autent

2208 4677 2273 4729 ad
2302 4680 2548 4742 salutem,
2598 4688 2654 4732 ιιι
2681 4680 2755 4733 illi
2804 4696 2991 4736 omnes
3029 4685 3360 4739 intercedere
3409 4687 3702 4756 dignentur
3734 4688 3785 4741 itt

2208 4769 2382 4832 cmlis,
2410 4784 2633 4836 quorum
2665 4773 2976 4825 memoriam
3022 4773 3245 4827 facimus
3275 4778 3325 4828 in
3363 4775 3540 4829 terris.
3816 4788 3819 4805 4

2278 4858 2465 4929 (10‘20)
2524 4860 2767 4928 Suscipe,
2820 4877 3002 4916 saneta
3063 4865 3319 4929 Trinitas,
3369 4868 3506 4920 hanc
3560 4867 3792 4921 oblatio-

2208 4964 2349 5013 nem,
2381 4965 2539 5019 quam
2568 4951 2662 5005 tibi
2684 4950 2850 5006 oﬁ'ero
2884 4969 2977 5020 pro
3008 4955 3193 5023 (1021)
3247 4958 3423 5010 anima
3449 4956 3633 5010 famuli
3678 4957 3775 5021 tui,

2202 5048 2461 5107 quatenus
2489 5048 2540 5094 te
2568 5041 2823 5106 donante,
2849 5054 3094 5111 percepta
3122 5048 3277 5101 venia
3312 5056 3679 5117 peccatorum,
3711 5050 3787 5101 vi-

2203 5138 2271 5183 ta:
2314 5147 2525 5200 quoque
2587 5136 2931 5202 sempiternae
2977 5135 3236 5191 immensa
3280 5141 3472 5207 gaudia
3514 5141 3789 5208 percipere

2198 5234 2485 5277 mereatur.

2268 5317 2425 5385 251
2456 5315 2643 5384 (1022)
2669 5316 2913 5384 Suscipe,
2944 5330 3129 5374 sancta
3159 5321 3413 5389 Trinitas,
3446 5323 3585 5378 hanc
3630 5324 3781 5378 obla-

2195 5406 2394 5459 tionem
2433 5420 2591 5473 quam
2644 5407 2737 5460 tibi
2780 5407 2946 5463 oﬂ'ero
2988 5425 3085 5478 pro
3132 5411 3415 5466 animabus
3468 5414 3782 5469 fuitsulorum

2198 5506 2431 5559 tuorum,
2475 5504 2530 5549 et
2572 5496 2915 5562 famularum,
2950 5509 3025 5565 ut,
3061 5515 3157 5568 per
3185 5500 3287 5554 hoc
3313 5503 3545 5557 salutare
3574 5505 3778 5558 sacriﬁ-

2194 5588 2332 5639 cium
2387 5594 2642 5654 purgatze,
2691 5596 3003 5644 sanctorum
3072 5600 3281 5647 tuorum
3349 5595 3622 5649 consortio
3671 5611 3779 5650 mev

2197 5690 2407 5736 reantur
2438 5678 2623 5751 (1025)
2652 5678 2888 5752 adjungi.
