3988 6296
157 351 277 405 219

782 342 1121 400 APPENDIX
1160 344 1251 398 AD
1291 342 1347 397 S.
1390 340 1721 397 GREGORII
1764 340 1975 397 MAGNI
2016 344 2144 400 LIB.
2189 348 2815 409 SACRAMENTORUM.

3324 362 3426 416 9.50

240 466 428 539 (1021)
458 465 611 518 Tunc
652 464 897 515 diaconus
926 461 1132 514 calicem
1154 456 1338 524 o/ferat
1379 457 1634 510 sacerdoti
1663 473 1751 511 su-
1777 460 1827 518 Α
1859 458 2069 533 dttciam
2100 466 2377 529 speranda:
2421 468 2629 535 pietatis
2676 469 2925 535 tribuisti,
2980 478 3175 539 optatae.
3224 472 3425 526 miseri.

160 577 261 626 per
283 558 469 621 altare,
502 566 548 611 et
575 558 713 607 dicat
735 568 756 605 :

241 649 459 703 linmola
519 649 627 700 Deo
676 643 993 698 sacriﬁcium
1042 642 1235 705 laudis,
1277 646 1332 692 et
1381 638 1542 691 redde
1589 637 1753 690 Altis-

158 744 305 796 simo
328 749 450 793 vota
474 748 585 791 tua.
622 736 704 791 Sit
732 735 987 789 Dominus
1008 732 1217 801 adjutor
1243 740 1381 793 tuus,
1416 727 1669 781 mundum
1699 736 1751 781 te

158 834 360 895 faciat;
387 832 513 885 dum
547 830 785 882 oraveris
814 826 878 879 ad
900 840 1043 887 eum,
1076 822 1327 877 exaudiat
1357 831 1426 873 te.

239 924 308 975 Et
338 924 354 990 (
366 920 522 985 1οΞ5)
562 921 825 989 episcOpus
846 916 1054 969 calicem
1078 912 1293 979 offerens
1329 910 1544 962 Domino
1571 908 1746 961 dicat:

182 1012 189 1017 ’
235 1011 424 1079 (1026)
446 1010 670 1063 Domine
697 1008 821 1063 Jesu
850 1003 1084 1067 Christe,
1105 1005 1193 1071 qui
1223 1004 1274 1055 in
1306 1014 1462 1053 cruce
1486 998 1746 1066 passionis

149 1112 263 1157 tua:
289 1103 359 1156 de
389 1102 559 1155 latere
606 1110 696 1152 tuo
750 1095 1061 1165 sanguinem
1112 1101 1165 1146 et
1194 1106 1407 1154 aquam,
1465 1089 1601 1142 unde
1650 1088 1741 1139 tibi

148 1194 458 1249 Ecclesium
499 1200 865 1250 consecrares,
896 1199 1113 1238 manare
1136 1182 1373 1245 voluisti,
1404 1182 1613 1247 suscipe
1644 1180 1743 1232 hoc

144 1282 481 1338 sacriﬁcium
512 1279 665 1331 altari
695 1288 786 1330 tuo
814 1274 1228 1343 superpositum,
1270 1282 1323 1324 et
1349 1269 1607 1333 concede,
1633 1270 1743 1322 cle-

146 1376 526 1437 mentissime,
552 1380 610 1424 ut
633 1385 727 1437 pro
756 1364 1152 1433 redemptione,
1177 1370 1356 1416 nostra
1377 1370 1433 1414 et
1462 1360 1618 1413 etiam
1647 1374 1741 1428 pro

143 1470 323 1521 totius
354 1462 535 1518 mundi
567 1462 619 1515 in
642 1466 931 1527 conspectu
956 1454 1150 1508 divina:
1180 1450 1468 1519 Majestatis
1492 1462 1595 1504 tua:
1617 1465 1738 1504 cum

141 1560 324 1614 odore
353 1555 633 1611 suavitatis
662 1564 764 1603 tuae
794 1546 1064 1610 ascendat,
1091 1543 1213 1597 Jesu
1252 1540 1484 1596 Christe.

212 1651 303 1704 Ad
337 1649 525 1718 (1027)
555 1641 867 1697 miscendum
889 1640 1060 1691 vinum
1087 1651 1203 1688 cum
1235 1649 1388 1703 aqua.

212 1742 388 1801 Deus.
420 1738 511 1807 qui
553 1737 799 1791 humanae
831 1727 1141 1784 substantia:
1172 1726 1479 1794 dignitatem
1511 1721 1724 1775 mirabi~

1854 552 2049 607 cordize
2077 564 2268 621 prmsta
2300 559 2562 629 benignus
2593 561 2859 616 ell‘ectttm.

1921 643 2053 698 Item
2098 664 2191 713 pro
2241 651 2472 702 omnibus
2516 651 2714 705 Oratio.
2761 682 2832 691 ——-
2884 652 3138 707 Precibus
3201 655 3423 720 nostris,

1851 748 2175 802 quassumus,
2210 739 2451 805 Domine,
2490 757 2646 795 aures
2679 750 2782 794 tua:
2807 744 3016 810 pietatis
3058 745 3418 806 acconnnoda,

1849 833 1902 877 et
1923 827 2191 879 orationes
2236 829 2555 895 supplicum,
2601 832 2934 884 occultorum
2964 832 3224 899 cognitor,
3276 833 3421 886 lieni-

1848 929 1981 979 gnus
2011 915 2221 979 exaudi,
2250 925 2309 968 ιιι
2350 926 2400 971 te
2430 916 2689 986 largiente
2714 919 2779 973 ad
2810 921 3015 974 veniam
3050 922 3419 989 perveniamus

1845 1011 2123 1055 teternam.

1917 1090 2102 1159 (1056)
2138 1092 2352 1161 Expleta
2385 1094 2614 1162 Secreta,
2658 1106 2703 1149 et
2730 1096 2911 1167 (1037)
2958 1098 3200 1151 Oratione
3234 1098 3416 1152 Domi-

1843 1182 1980 1242 nica,
2017 1198 2129 1233 cum
2159 1184 2341 1236 dixerit
2373 1184 2479 1237 Pax
2510 1186 2718 1239 Domini
2765 1187 2834 1239 sit
2862 1202 3073 1255 semper
3118 1190 3417 1253 vobiscum,

1844 1274 2113 1324 misceatur
2141 1287 2327 1340 corpus
2350 1271 2557 1326 Domini
2584 1290 2700 1327 cum
2726 1279 2991 1343 sanguine.

1914 1364 2039 1416 [lare
2080 1373 2263 1417 sancta
2302 1366 2606 1419 commistio
2632 1368 2874 1434 corporis
2925 1377 2981 1419 et
3006 1368 3276 1435 sanguinis
3316 1368 3417 1422 Do-

1841 1452 1967 1507 mini
2001 1455 2167 1509 nostri
2213 1454 2339 1509 .lesu
2387 1457 2580 1511 Christi
2615 1458 2706 1510 ﬁat
2752 1458 2997 1512 omnibus
3042 1458 3192 1511 nobis
3223 1465 3416 1514 mentis

1838 1554 1892 1598 et
1916 1544 2153 1612 corporis
2192 1544 2256 1598 ad
2289 1554 2543 1601 aeternam
2572 1547 2733 1602 vitam
2780 1546 3163 1614 capessendam
3218 1564 3414 1617 prwpa-

1839 1636 1975 1689 ratio
2022 1635 2291 1690 salutaris.
2326 1636 2445 1690 Per.

1908 1724 2097 1794 (1058)
2136 1724 2413 1795 Postquam
2463 1736 2630 1780 autem
2660 1727 2937 1781 benedictio
2980 1726 3279 1796 episcopalis
3324 1742 3412 1779 ea:-

141 1835 267 1888 liter
298 1828 611 1895 condidisti,
658 1836 714 1881 et
743 1820 1034 1878 mirabilius
1085 1816 1414 1879 relormasti,
1446 1814 1511 1868 da
1557 1814 1731 1880 nobis,
1768 1828 1814 1886 Β
1841 1816 1974 1885 plcta
1994 1827 2088 1880 est,
2112 1817 2363 1887 accipiens
2392 1827 2585 1885 partem
2615 1835 2767 1885 quam
2793 1828 2944 1871 antea
2973 1817 3190 1887 eﬁregit,
3216 1826 3411 1870 tenens—

138 1935 485 1992 qumsumus,
517 1932 610 1986 per
634 1914 792 1983 hujus
837 1925 989 1979 aqua;
1033 1917 1086 1962 et
1115 1908 1220 1961 vini
1253 1906 1587 1975 mysterium,
1621 1906 1736 1972 ejus

140 2011 455 2065 divinitatis
501 2022 624 2062 esse
682 2013 982 2067 consortes,
1013 2001 1102 2069 qui
1152 1998 1492 2051 humanitatis
1540 2009 1735 2050 nostra:

139 2102 342 2177 (1028)
392 2101 640 2170 dignatus
684 2111 745 2151 es
776 2095 886 2148 ﬁeri
917 2091 1201 2161 particeps,
1233 2087 1355 2142 Jesu
1396 2086 1630 2141 Christe.

208 2192 413 2263 (1020)
442 2191 585 2244 Tunc
623 2189 816 2241 elevata
865 2200 1020 2237 manu
1050 2182 1308 2235 benedicat
1336 2189 1625 2249 utrumque.

209 2287 267 2340 In
308 2284 531 2337 nomine
560 2280 765 2335 Domini
812 2277 979 2331 nostri
1010 2275 1135 2329 Jesu
1165 2272 1364 2328 Christi
1410 2270 1481 2323 sit
1521 2268 1738 2323 sacriﬁ-

143 2376 285 2433 cium
336 2373 479 2428 istud
533 2370 955 2434 immaculatum,
987 2375 1042 2421 et
1070 2380 1100 2419 a
1148 2373 1200 2419 te
1228 2363 1340 2417 Deo
1359 2363 1481 2414 vivo
1527 2370 1582 2415 et
1610 2372 1737 2414 vero

141 2468 439 2522 adunatum
470 2472 525 2518 et
547 2459 908 2514 benedictum.

210 2556 411 2628 (1050)
444 2555 629 2608 Postea
660 2554 922 2606 incensum
957 2547 1214 2617 accipiens
1242 2552 1399 2614 ponat
1424 2542 1479 2595 in
1505 2540 1739 2595 tIturibu—

141 2650 266 2717 lum,
304 2649 483 2702 dicens
508 2660 529 2698 :

209 2740 321 2794 Per
381 2732 826 2791 intercessionem
883 2728 1053 2784 sancti
1107 2724 1367 2781 Gabrielis
1433 2720 1736 2791 archangeli

140 2831 333 2888 stantis
373 2844 403 2881 a
433 2827 639 2881 dextris
678 2826 863 2877 altaris
892 2820 1117 2886 incensi,
1169 2826 1225 2872 et
1254 2817 1491 2871 omnium
1537 2816 1735 2870 electo-

144 2936 256 2976 rum
290 2932 544 2981 suorum,
574 2916 848 2969 incensum
892 2911 1032 2966 istud
1077 2909 1332 2962 Dominus
1361 2907 1608 2976 dignetur
1643 2905 1736 2960 be-

144 3013 422 3073 nedicere,
448 3016 503 3063 et
530 3007 582 3061 in
610 3006 828 3060 odorem
865 3002 1142 3056 suavitatis
1179 2999 1444 3066 accipere.

211 3103 405 3173 (1051)
435 3098 584 3153 Tunc
613 3105 770 3166 ponat
812 3096 1072 3148 incensum
1093 3106 1264 3160 ,δαρει-
1308 3087 1636 3155 sacri/icium,
1686 3094 1733 3139 et

141 3196 191 3248 in
211 3193 440 3247 circuitu
466 3189 648 3243 altaris
678 3188 814 3240 dicat
840 3200 860 3239 .'

208 3284 499 3337 lncensum
530 3278 670 3333 istud
697 3292 728 3329 a
781 3285 831 3329 te
861 3272 1200 3328 benedictum
1247 3267 1498 3322 ascendat
1549 3267 1614 3320 ad
1649 3275 1725 3333 te,

142 3374 392 3437 Domine,
421 3380 475 3425 et
501 3366 797 3424 descendat
847 3378 1006 3432 super
1061 3376 1159 3415 nos
1202 3358 1566 3413 misericordia
1618 3366 1727 3411 tua.

146 3465 413 3534 Dirigatur
458 3460 633 3516 oratio
660 3471 780 3512 mea
808 3456 944 3509 sicut
991 3454 1268 3508 incensum
1326 3448 1378 3503 in
1437 3456 1730 3515 conspectu

142 3564 250 3611 tuo.

208 3642 403 3713 (1059.)
456 3642 677 3708 Quando
722 3640 850 3693 odor
879 3636 1102 3706 ejusdem
1158 3633 1352 3686 incensi
1381 3631 1618 3699 episcopo
1649 3627 1729 3681 vel

141 3738 337 3791 ceteris
368 3734 679 3803 porrigitur,
720 3729 1066 3795 unusquisque
1096 3727 1273 3806 dicat:

204 3826 487 3881 Accendat
519 3825 573 3877 in
598 3822 749 3875 nobis
792 3821 1046 3873 Dominus
1070 3819 1244 3887 ignem
1287 3815 1369 3869 sui
1413 3813 1633 3878 amoris,
1679 3821 1734 3865 et

144 3916 415 3971 ﬂammam
446 3924 662 3967 aiterua:
690 3911 989 3965 charitatis.

207 4004 401 4074 (1055)
428 4002 575 4056 Tunc
591 4001 833 4054 sacerdos
861 3998 1149 4052 humillime
1176 4001 1431 4049 convertat
1459 4008 1512 4046 se
1537 3994 1607 4045 ad
1630 3994 1734 4045 cir-

145 4109 471 4161 cumstantes,
506 4106 554 4150 ct
584 4097 721 4148 dicat
743 4109 763 4147 :

208 4192 377 4246 Orate
403 4204 505 4259 pro
534 4203 619 4240 ttte
648 4188 845 4239 misero
879 4188 1159 4250 peccatore
1208 4178 1276 4232 ad
1324 4178 1607 4232 Dominum
1641 4192 1735 4229 no-

143 4293 304 4338 strutn
340 4281 525 4336 Jesum
554 4277 847 4337 Christum,
880 4283 935 4326 ut
964 4287 1139 4325 meum
1182 4269 1503 4325 sacriﬁcium
1549 4284 1611 4322 ac
1645 4270 1736 4347 vei
1776 4302 1779 4305 ν

146 4385 306 4429 strum
336 4374 411 4426 sit
434 4367 763 4439 acceptabile
791 4366 843 4420 in
874 4375 1162 4433 conspectu
1192 4363 1384 4418 divinae.
1418 4362 1651 4429 pietatis.
1710 4354 1720 4411 ὲ

212 4464 403 4535 (1054)
435 4462 583 4517 Tunc
610 4463 812 4513 dicatur
838 4477 871 4513 a
895 4458 1114 4528 singulis
1138 4472 1157 4510 :

1838 1922 1933 1977 que
1967 1924 2120 1973 super
2146 1908 2373 1973 calicem,
2406 1909 2609 1978 frangat
2640 1918 2686 1962 et
2720 1911 2894 1962 dicat:

1904 1998 2082 2051 Sancti
2129 1998 2401 2066 sanguinis
2449 2000 2750 2054 commistio
2796 2015 2915 2053 cum
2954 2008 3137 2053 sancto
3181 2013 3408 2067 corpore

1838 2088 2045 2143 Domini
2078 2090 2241 2142 nostri
2263 2087 2391 2143 Jesu
2420 2090 2639 2158 Christi,
2680 2092 2843 2159 prosit
2868 2092 3113 2145 omnibus
3148 2090 3410 2145 sumenti-

1840 2180 1939 2234 bus
1962 2180 2025 2231 ad
2058 2178 2217 2232 vitam
2243 2188 2521 2234 atternam.

1910 2269 2097 2337 (1059)
2151 2268 2370 2336 Quando
2422 2285 2605 2339 corpus
2643 2267 2850 2322 Domini
2898 2269 2950 2321 in
2998 2257 3179 2321 manus
3223 2270 3411 2337 accipit

1837 2358 2011 2410 dicat:
2044 2360 2233 2415 Panem
2262 2360 2536 2415 calestem
2566 2360 2844 2428 accipiam,
2874 2369 2928 2414 et
2967 2375 3159 2415 nomen
3197 2361 3410 2415 Domini

1840 2448 2123 2503 invocabo.

1907 2539 1989 2592 Ad
2021 2540 2324 2593 sumendum
2355 2558 2538 2611 corpus
2569 2542 2901 2595 dominicum.

1912 2632 2097 2701 (1010)
2133 2633 2409 2701 Pcrceptio
2448 2635 2687 2703 corporis
2714 2635 2809 2695 tui,
2848 2633 3066 2688 Domine
3092 2634 3216 2689 Jesu
3254 2634 3411 2688 Chri-

1835 2730 1940 2789 ste,
1970 2723 2111 2792 quod
2144 2725 2389 2793 indignus
2419 2739 2631 2778 sumere
2662 2739 2949 2791 praesumo,
2984 2739 3087 2778 non
3131 2724 3256 2777 ntihi
3290 2741 3414 2793 pro-

1840 2814 2012 2867 veniat
2071 2815 2122 2867 in
2183 2814 2434 2883 judicium
2491 2823 2543 2868 et
2596 2815 3114 2878 condemnationem,
3171 2816 3263 2869 sed
3322 2831 3414 2883 per

1836 2911 1978 2958 tuam
2011 2907 2258 2972 pietatem
2287 2908 2454 2974 prosit
2481 2905 2608 2959 mihi
2642 2908 2706 2960 ad
2739 2915 3089 2961 tutamentum
3132 2908 3324 2962 mentis
3354 2915 3410 2961 et

1835 3000 2097 3067 corporis.
2130 2998 2229 3062 Qui
2260 2998 2413 3051 vivis.

1913 3089 2096 3160 (1041)
2131 3090 2347 3155 Quando
2373 3088 2583 3142 calicem
2610 3090 2811 3158 accipit,
2852 3090 2987 3142 dicat
3013 3104 3032 3142 :

1758 3181 1806 3244 C
1906 3180 2042 3247 Quid
2073 3181 2359 3233 retribuam
2394 3179 2635 3244 Domino,
2678 3188 2805 3243 etc.,
2855 3191 2909 3232 ut
2954 3181 3006 3233 in
3051 3179 3198 3233 Miss.
3257 3179 3407 3234 Rom.

1906 3268 2031 3323 Post
2061 3278 2340 3337 sumptum,
2368 3276 2573 3322 secrete.

1904 3363 2327 3415 Communicatio
2357 3370 2409 3414 et
2431 3359 2768 3415 conﬁrmatio
2799 3360 2966 3414 sancti
2996 3360 3269 3427 sanguinis
3311 3362 3405 3424 tui,

1834 3455 2057 3507 Domine
2106 3454 2234 3507 Jesu
2265 3451 2501 3516 Christe,
2551 3452 2720 3519 prosit
2768 3451 2893 3503 mihi
2946 3454 2997 3504 in
3047 3454 3408 3506 rCllliSSillnt‘l“

1832 3545 2068 3599 omnium
2087 3548 2787 3613 peccatorum,etconservet
2800 3558 2882 3596 me
2896 3545 2947 3596 in
2962 3543 3118 3596 vitam
3134 3554 3407 3600 mternam.

1903 3636 2089 3706 (ibi?)
2122 3636 2342 3689 Domine
2363 3634 2486 3688 Jesu
2515 3632 2746 3697 Christe,
2784 3633 2881 3686 Fili
2914 3634 3007 3687 Dei
3044 3633 3169 3698 vivi,
3214 3633 3301 3702 qui
3342 3648 3409 3687 ex

1833 3728 2101 3781 voluntate
2132 3727 2304 3780 Patris
2328 3723 2512 3795 (1045)
2540 3736 2862 3792 cooperante
2884 3724 3040 3796 [Lege
3066 3724 3265 3791 Spiritu
3294 3739 3409 3777 san-

1833 3818 1940 3889 eto]
1967 3828 2269 3873 sanctorum
2307 3832 2399 3886 per
2428 3824 2654 3871 mortem
2692 3826 2831 3869 tuam
2880 3816 3133 3869 mundum
3179 3815 3409 3870 viviﬁca-

1834 3911 1922 3972 sti,
1948 3910 2111 3964 libera
2144 3924 2231 3963 me
2264 3924 2355 3976 per
2385 3908 2487 3962 hoc
2528 3922 2736 3961 sacrum
2774 3922 2965 3976 corpus
3001 3916 3054 3961 et
3096 3910 3407 3975 sanguinem

1836 4010 2005 4065 tuum,
2029 4009 2291 4067 quatenus
2322 4012 2425 4050 non
2453 3998 2525 4050 sit
2565 3998 2693 4050 mihi
2726 3998 2790 4050 ad
2828 3997 3109 4066 judicium,
3142 4013 3312 4065 neque
3340 3998 3411 4051 ad.

1835 4087 2347 4149 condemnationem,
2378 4087 2469 4139 sed
2498 4085 2565 4139 ad
2597 4086 2889 4139 remedium
2931 4087 3171 4153 proliciat
3219 4087 3414 4140 animus

1837 4195 2000 4242 mete;
2048 4186 2106 4232 et
2153 4193 2181 4228 a
2233 4175 2441 4229 cunctis
2481 4174 2853 4242 iniquitatibus
2909 4175 3042 4229 meis
3084 4176 3243 4228 libera
3300 4190 3411 4241 me,

1844 4272 2005 4335 Deus,
2036 4278 2090 4324 et
2110 4267 2195 4322 fac
2228 4282 2313 4320 tne
2340 4267 2445 4319 tuis
2474 4266 2694 4319 obedire
2721 4264 2999 4328 mandatis,
3030 4274 3083 4318 et
3120 4279 3148 4317 a
3183 4275 3253 4330 te,
3303 4274 3354 4318 et
3381 4281 3413 4320 a

1834 4363 2037 4416 sanctis
2062 4360 2167 4412 tuis
2184 4372 2450 4425 nunquam
2470 4357 2521 4410 in
2543 4366 2857 4424 perpetuum
2871 4356 3123 4425 separari.
3141 4356 3237 4422 Qui
3254 4357 3407 4411 vivis.

1907 4450 2091 4523 (1041)
2120 4449 2342 4503 Domine
2372 4457 2577 4514 sancte,
2609 4447 2766 4500 Pater
2807 4448 3161 4514 omnipotens,
3212 4458 3413 4503 ant-rue

211 4558 379 4613 Orent
407 4572 507 4626 pro
536 4563 589 4609 te
618 4568 807 4607 omnes
847 4553 1014 4605 sancti
1046 4551 1158 4604 Dei.
1206 4549 1408 4603 Memor
1439 4547 1508 4602 sit
1556 4546 1735 4600 Domi-
1758 4552 1810 4612 ι)
1842 4546 2008 4613 Deus,
2045 4546 2108 4597 da
2142 4544 2268 4597 mihi
2304 4544 2403 4595 hoc
2434 4554 2628 4608 corpus
2655 4549 2708 4594 et
2736 4539 3041 4609 sanguinem
3069 4540 3182 4592 Filii
3212 4541 3281 4593 tui
3308 4541 3414 4594 Do-

151 4668 242 4706 nus
262 4651 446 4707 omnis
466 4648 715 4703 sacriﬁcii
744 4646 841 4712 tui,
868 4656 922 4698 et
965 4644 1330 4698 holocaustum
1363 4651 1508 4694 tuum
1543 4640 1732 4706 pingue

150 4746 251 4800 ﬁat.
280 4744 553 4799 Exattdiat
582 4750 636 4795 te
675 4738 931 4793 Dominus
960 4752 1055 4803 pro
1098 4736 1253 4789 nobis
1283 4745 1547 4787 orantem.
1580 4732 1731 4784 Mise-

152 4844 323 4889 reatur
367 4832 445 4887 tui
498 4832 843 4901 omnipotens
892 4828 1057 4897 Deus,
1089 4835 1143 4881 et
1172 4825 1403 4879 dimittat
1432 4824 1526 4878 tibi
1555 4822 1730 4876 omnia

241 4936 357 4980 rata
392 4937 503 4978 tua.

241 4940 357 4980 rata
392 4940 503 4978 tua.

151 4940 400 5083 petitl'55)
452 5013 733 5081 Postquam
768 5010 1005 5063 sacerdos
1034 5007 1111 5061 Te
1152 5006 1314 5073 igitur
1372 5005 1575 5071 incipit,
1616 5002 1730 5054 dia-

150 5108 255 5160 coni
278 5115 325 5160 et
353 5105 656 5159 subdiaconi
677 5112 878 5154 cantent
908 5103 1031 5154 istos
1063 5099 1302 5152 Psalmos
1327 5114 1345 5150 :

217 5198 475 5250 Exaudiat
526 5205 577 5249 te
628 5193 912 5256 Dominus;
965 5192 1045 5244 Ad
1100 5200 1169 5254 te,
1225 5188 1469 5253 Domine,
1524 5185 1727 5249 levavi;

150 5285 389 5342 Hiscrere
438 5288 566 5350 tnei,
627 5286 793 5348 Deus;
845 5283 947 5349 Qui
995 5283 1221 5345 habitat,
1281 5296 1395 5333 cum
1459 5278 1732 5346 precibus:

152 5378 354 5433 Sditllm
378 5380 457 5432 fac
481 5393 700 5433 servum
734 5385 919 5440 tuum;
958 5375 1291 5428 Desiderium
1317 5371 1522 5436 cordis;
1562 5370 1731 5423 Vitam

153 5470 291 5535 petiit
316 5480 453 5534 ate;
483 5470 635 5525 Oculi
665 5468 875 5522 Domini
925 5482 1086 5534 super
1123 5467 1330 5534 justus;
1363 5463 1477 5518 Fiat
1527 5460 1735 5517 miseri-

152 5562 351 5627 cordia;
381 5562 628 5626 Domine,
656 5560 851 5614 exaudi
896 5561 1215 5613 orationem.

214 5653 369 5722 252
409 5652 593 5705 Oratio
634 5666 731 5719 pro
756 5650 1038 5703 sacerdote.
1070 5679 1140 5689 —
1184 5647 1444 5710 Gaudeat,
1500 5645 1726 5699 Domitio

157 5738 309 5810 Deus,
341 5741 573 5829 iaqulus
623 5752 749 5797 tuus
778 5741 1053 5798 beneﬁciis
1080 5742 1405 5811 impetratis;
1456 5748 1507 5794 et
1540 5739 1624 5794 cui
1657 5739 1720 5791 li-

1838 4634 1969 4688 mini
1997 4634 2163 4687 nostri
2202 4632 2329 4687 Jesu
2359 4631 2555 4685 Christi
2601 4632 2677 4684 ita
2719 4645 2951 4697 sumere,
2985 4639 3040 4683 ut
3070 4645 3276 4684 merear
3323 4645 3417 4700 per

1841 4729 1942 4781 hoc
1970 4726 2337 4780 remissionem
2391 4731 2730 4793 peccatorum
2773 4722 3036 4792 accipere,
3070 4732 3122 4778 et
3164 4734 3254 4777 tuo
3283 4738 3417 4778 sana

1839 4827 1926 4872 cto
1955 4819 2151 4887 Spiritu
2182 4815 2397 4884 repleri,
2427 4813 2548 4884 quia
2582 4822 2637 4867 tu
2668 4828 2748 4879 es,
2794 4823 2848 4867 et
2887 4828 3080 4881 prmtcr
3110 4825 3159 4869 te
3205 4830 3308 4868 non
3333 4824 3418 4870 cst

1840 4910 1992 4973 alius,
2024 4907 2174 4976 cujus
2206 4904 2496 4976 gloriosum
2543 4920 2738 4960 nomen
2790 4913 3066 4971 permanet
3120 4906 3172 4958 in
3221 4906 3418 4960 smcula

1840 5000 2177 5053 satculnrum.
2214 5002 2404 5051 Amen.

1910 5089 2093 5163 (1045)
2121 5089 2315 5143 Deinde
2335 5104 2451 5141 cum
2476 5088 2677 5157 coeperit
2702 5086 3074 5138 communicare
3102 5081 3298 5137 clerum
3318 5083 3418 5138 sive

1840 5182 2106 5255 populum,
2138 5184 2272 5234 dicat
2298 5179 2516 5249 singulis
2541 5194 2561 5231 :

1911 5272 2100 5343 (1040)
2150 5270 2431 5337 Perceptio
2477 5269 2717 5335 corporis
2766 5265 2971 5320 Domini
3004 5266 3175 5319 nostri
3228 5268 3297 5319 sit
3327 5266 3421 5321 tibi

1842 5366 1945 5418 vita
1969 5374 2023 5419 et
2050 5366 2216 5428 salus,
2263 5372 2318 5418 et
2361 5360 2660 5429 redemptio
2703 5360 2939 5413 omnium
2991 5371 3206 5415 tuorum
3239 5374 3423 5428 pecca-

1843 5466 2016 5511 torum
2028 5496 2041 5508 .

1914 5546 2092 5601 Oratio
2142 5545 2307 5599 sancti
2356 5542 2595 5616 Gregorii
2642 5556 2811 5610 papw.
2844 5571 2913 5580 —
2952 5540 3156 5610 Corpus
3212 5542 3422 5596 Domini

1840 5639 2007 5695 nostri
2036 5638 2161 5692 Jesu
2220 5636 2418 5691 Christi
2451 5636 2618 5705 prosit
2646 5633 2774 5687 mihi
2808 5630 2858 5683 in
2894 5630 3279 5690 remissionem
3312 5649 3426 5689 oms

1834 5734 1979 5787 nium
2029 5738 2373 5800 peccatorum
2416 5727 2481 5783 ad
2514 5729 2673 5783 vitam
2702 5730 2982 5778 attentam.
