3988 6354
519 379 624 436 251
1144 372 1485 434 ΑΡΡΕΝΒΙΧ
1522 371 1615 428 AD
1651 369 1711 425 S.
1750 358 2089 420 GREGORII
2127 356 2142 410 l

2248 355 2340 411 :NI
2385 354 2513 409 me.
2553 331 3203 409 sscnsnsnronuu.’
3705 348 3865 407 «22‘:

592 498 819 571 (mn)
878 495 1059 550 Finita
1119 494 1300 560 mna,
1347 500 1615 561 postquam
1648 487 1894 539 diaconus
1936 476 2101 529 dicit:
2133 471 2417 571 Asurgens
2466 470 2744 571 inclina-nti
2797 470 2897 525 sibi
2956 470 3167 571 inclinet
3233 470 3507 571 diacono:
3560 470 3857 571 dia-coasts.

527 559 688 661 253
719 559 974 643 lte'Missa
1011 593 1111 649 est,
1144 584 1319 638 veniat
1348 559 1620 636 isacerdos
1649 586 1773 630 ante
1818 574 2011 637 altare,
2055 580 2109 627 et
2211 565 2476 661 incutiant}
2541 562 2896 627 εαῢιιίαεοηον
2968 562 3317 661 διεδ-ἀειξςυηιξε
3380 563 3657 616 ίηείίηαηιὶ
3723 559 3854 661 δεῖξέ

525 652 766 737 ἆῐυῖθιο
814 677 990 731 dicat:
2213 658 2388 709 choro.
2435 655 2697 711 Diaconus
2741 670 2859 706 vero
2895 665 3006 723 post
3051 655 3431 708 inclinationem
3478 664 3695 723 utraque
3749 652 3859 703 al-

598 768 811 821 Placeat
844 764 959 827 tibi,
989 768 1170 815 sancta
1198 760 1456 823 Trinitas,
1485 755 1801 825 obsequium
1839 752 2108 808 servitutis
2215 750 2338 801 turis
2380 764 2573 802 cornua
2614 746 2914 802 deosculans
2971 746 3159 814 (1057)
3208 745 3467 800 sacerdoti
3508 744 3673 815 255
3712 759 3861 795 me.

531 870 687 919 mete,
722 862 777 908 et
804 861 996 921 praesta
1029 860 1086 903 ut
1114 850 1217 904 hoc
1243 848 1585 912 sacrificium,
1617 845 1758 912 quod
1806 844 1977 897 oculis
2010 853 2111 895 tuae
2216 840 2357 891 dium
2381 840 2559 891 altaris
2590 840 2844 892 osculanti
2876 836 3211 911 Evangelium
3242 838 3577 890 osculandum
3598 836 3856 901 afferat.

534 945 827 1014 Maiestatis
857 941 1105 1009 indignus
1135 940 1327 1005 obtuli,
1356 938 1423 992 sit
1458 939 1548 992 tibi
1582 939 1821 1005 placens,
1875 933 2114 1000 mihique
2217 926 2496 998 Evangelia
2525 931 2657 982 enim
2688 928 2921 982 Christus
2945 929 3380 997 prevaricatianis
3407 927 3859 997 chirographum

533 1046 587 1091 ct
615 1036 864 1090 omnibus
890 1049 986 1102 pro
1014 1032 1209 1103 quibus
1248 1032 1376 1085 illud
1404 1030 1570 1085 obtuli
1603 1030 1691 1095 sit,
1722 1037 1773 1082 te
1804 1026 2112 1089 miserante,
2218 1020 2421 1083 detens,
2455 1035 2632 1087 pacem
2672 1021 2857 1073 mundo
2883 1022 3055 1083 dedit,
3088 1025 3238 1093 cujus
3266 1017 3588 1089 praeonibus
3615 1028 3861 1069 utrum—

533 1124 889 1196 propitiabile.
921 1123 1021 1191 Qui
1056 1123 1213 1177 vivis.
2217 1126 2313 1181 que
2339 1111 2606 1181 populum,
2636 1111 2912 1164 Iudaicum
2937 1113 3123 1181 quippe
3147 1122 3192 1166 et
3218 1111 3473 1181 gentilem,
3510 1110 3609 1161 sibi
3634 1123 3863 1161 recan-

607 1211 798 1285 (1048)
832 1215 948 1268 Alia
981 1214 1176 1268 Oratio.
1202 1243 1273 1253 —
1302 1208 1507 1278 Meritis
1541 1218 1595 1264 et
1643 1206 2118 1265 intercessionibus
2220 1207 2428 1261 ciliavtt.
2468 1206 2617 1271 Quod
2640 1206 2802 1260 altare
2829 1207 3066 1260 sacerdos
3094 1208 3374 1270 osculatur,
3407 1202 3667 1275 signiﬁcat
3693 1216 3855 1270 gen-

540 1307 778 1361 omnium
805 1314 1109 1359 sanctorum
1140 1318 1357 1358 suorum
1405 1301 1719 1356 misereatur
1761 1297 1917 1353 nobis
1939 1296 2118 1352 omni-
2222 1305 2320 1349 tem
2362 1295 2601 1350 Indicam
2630 1299 2685 1351 in
2733 1296 3024 1351 Jerusalem
3063 1308 3361 1359 morantem,
3393 1314 3548 1364 quam
3578 1295 3853 1350 ChrislttJ

534 1405 727 1467 potens
755 1394 1036 1449 Dominus.
2222 1388 2319 1442 sibi
2338 1389 2720 1453 reconciliavit;
2748 1390 2837 1458 per
2876 1388 3236 1459 Evangelium,
3266 1388 3507 1457 gentilem
3538 1390 3849 1454 populant.

609 1486 799 1558 (1049)
832 1485 1062 1556 Expletis
1098 1484 1352 1547 omnibus,
1393 1482 1655 1552 episcopus
1692 1481 1894 1535 rediens
1920 1480 1989 1533 ad
2033 1495 2116 1534 sa-
2226 1478 2427 1533 Dehinc
2476 1480 2638 1549 pergit
2687 1480 2927 1533 sacerdos
2971 1482 3039 1532 ad
3084 1479 3320 1532 dextrum
3378 1494 3540 1531 cornu
3596 1479 3850 1539 altaris;

538 1578 765 1632 crarium
794 1577 957 1649 254.
999 1593 1115 1629 cum
1145 1576 1439 1629 diaconibus
1467 1582 1515 1627 et
1545 1574 1741 1627 ceteris
1775 1579 1937 1625 cantet
1968 1571 2120 1641 Itym-
2227 1569 2489 1624 dexteram
2533 1570 2668 1623 enim
2715 1568 2947 1624 Christus
2995 1584 3192 1639 semper
3242 1568 3343 1638 egit
3388 1569 3565 1630 vitam,
3611 1569 3853 1620 dextera

540 1685 667 1722 num
693 1669 845 1722 trium
874 1684 1169 1739 puerorum,
1194 1677 1246 1721 et
1274 1666 1511 1719 Laudate
1538 1665 1817 1717 Dominum
1846 1664 1901 1716 in
1923 1662 2122 1716 sanctis
2227 1660 2362 1713 enim
2391 1660 2492 1713 vita
2513 1660 2796 1728 acquiritur
2820 1661 3032 1714 celestis
3056 1661 3244 1729 gloria.
3272 1660 3536 1713 Diaconus
3560 1669 3675 1729 post
3701 1674 3847 1713 eum

540 1758 678 1829 ejus.
710 1758 895 1829 (1050)
933 1757 1116 1812 Postea
1158 1773 1328 1829 preces
1357 1772 1375 1809 :
1413 1755 1788 1812 Conﬁteantur
1831 1753 1965 1817 tibi,
2020 1752 2125 1805 Do-
2230 1750 2457 1804 eamdem
2483 1750 2733 1804 imitando
2775 1752 2929 1804 vitam
2970 1752 3235 1817 consistat,
3267 1767 3533 1822 quousque
3560 1752 3609 1805 ei
3646 1755 3852 1803 sedere

544 1851 710 1913 mine,
756 1849 933 1903 omnia
977 1863 1138 1917 opera
1183 1859 1294 1912 tua,
1328 1856 1381 1900 et
1423 1846 1591 1900 sancti
1622 1845 1730 1905 tui:
1773 1841 2127 1898 Exsultabunt
2154 1831 2204 1894 Β
2230 1843 2432 1896 innuat.
2466 1843 2654 1912 (1058)
2708 1842 2880 1898 Sessio
2929 1844 3151 1914 episcopi
3178 1846 3335 1914 juxta
3374 1844 3578 1897 decreta
3624 1841 3849 1896 Urbani

537 1934 699 2006 justi;
737 1936 1017 1990 Exsultent
1043 1937 1204 2004 juSIi;
1234 1935 1347 1989 Non
1381 1935 1556 1999 nobis,
1593 1933 1840 2001 Domine,
1893 1947 1999 1986 non
2030 1946 2127 1986 no-

543 2024 661 2091 iiis;
692 2025 1009 2081 Sacerdotes
1040 2026 1283 2090 induam;
1319 2026 1393 2079 Ne
1416 2025 1584 2079 intres
1614 2027 1700 2087 in;
1731 2024 1951 2077 Domine
1979 2023 2122 2076 Deus

545 2118 837 2182 virtutum;
915 2118 1202 2171 Benedicat
1265 2133 1362 2171 nos
1426 2117 1586 2182 Deus,
1665 2117 1839 2181 Deus;
1904 2116 2129 2170 Domine

548 2208 776 2272 exaudi;
806 2208 990 2278 (1051)
1025 2208 1221 2262 Deinde
1249 2207 1449 2264 Oratio.
1481 2208 1640 2274 Deus,
1673 2208 1761 2275 qui
1792 2206 1960 2260 tribus
2004 2221 2131 2273 pue-

550 2299 629 2353 ris
655 2300 907 2369 mitigasti
941 2301 1181 2354 ﬂammas
1212 2299 1437 2370 ignium,
1475 2300 1711 2355 concede
1744 2299 2007 2368 propitius
2038 2312 2132 2367 per

543 2388 906 2444 interventum
953 2406 1158 2454 eorum,
1191 2401 1246 2445 et
1288 2392 1526 2445 omnium
1571 2400 1897 2451 sanctorum,
1933 2396 1991 2444 ut
2034 2403 2133 2443 nos

549 2479 779 2537 famulos
804 2491 922 2536 tuos
953 2498 1056 2537 non
1078 2471 1266 2537 eiurat
1295 2482 1505 2536 llaunma
1532 2480 1801 2536 vitiorum.
1832 2479 1954 2534 Per.

650 2595 858 2650 RITUS
895 2594 1240 2660 ANTIQUUS
1277 2592 1758 2647 CELEBRANDE
1797 2589 2038 2647 MISSAE.

549 2708 625 2761 Ex
650 2713 851 2771 antiquo
867 2710 1041 2760 Codice
1065 2711 1388 2770 manuscripto
1401 2711 1642 2771 prioratus
1658 2709 1921 2771 Sa‘icosani
1947 2708 2137 2770 (Vulgo

612 2768 873 2833 Sausense)
924 2774 1048 2832 apud
1098 2768 1412 2829 Velocasses;
1447 2771 1630 2818 ordinis
1658 2772 1847 2833 sancti
1876 2768 2137 2833 Augustini

588 2831 979 2895 .Csnonicorum',
1007 2846 1102 2882 non
1128 2832 1275 2894 longe
1303 2845 1331 2881 a
1354 2832 1602 2883 Veruone.
1646 2831 1794 2891 Cujus
1818 2831 2007 2882 Codicis
2046 2832 2138 2879 iui-

619 2896 741 2943 tium
770 2900 847 2943 est
874 2909 885 2943 :

619 2902 741 2944 tium
770 2902 847 2943 est
874 2909 885 2944 :

554 2998 713 3068 253
756 2998 970 3055 Domino
989 3015 1099 3052 vere
1125 3009 1299 3052 sancto
1322 3008 1367 3052 et
1396 3000 1586 3052 meritis
1614 2996 2134 3068 Itanorando_(1059.)

632 3066 899 3138 Mraurilio,
927 3069 1201 3121 venerabili
1228 3081 1415 3122 sancta:
1447 3069 1869 3138 liatltomagensis
1893 3066 2138 3120 Ecclesite

624 3137 1025 3205 archiepiscopo,
1064 3138 1253 3206 (1055)
1297 3138 1523 3192 Joannes
1574 3138 1977 3201 Abrincacensis,
2022 3153 2135 3189 om-

2232 1950 2379 2004 papa:
2404 1943 2452 1988 et
2481 1932 2879 2003 Cartltaginense
2905 1934 3180 1987 concilium
3223 1935 3419 1987 ueteris
3463 1934 3651 1986 celsior
3677 1931 3849 1985 debet

2232 2023 2365 2091 ﬁeri,
2397 2025 2449 2075 in
2492 2039 2589 2090 qua
2616 2024 2856 2075 cathedra
2895 2022 3201 2092 pontiﬁcalis
3231 2022 3512 2090 honorifice
3541 2024 3844 2074 constitua.

2234 2123 2337 2181 tur,
2364 2125 2461 2168 etc.
2483 2114 2671 2182 (1059)
2698 2112 3009 2183 Ceraferarii
3029 2128 3143 2166 vero
3167 2129 3324 2181 usque
3342 2114 3410 2164 ad
3430 2111 3597 2182 Kyrie
3620 2111 3848 2166 eleison

2235 2205 2296 2259 ab
2349 2204 2539 2257 Austro
2594 2204 2662 2256 ad
2715 2204 3016 2273 Aquilonem
3072 2204 3377 2257 candelabra
3425 2210 3675 2267 teneant,
3729 2218 3847 2269 quo

2236 2295 2437 2363 incepto
2466 2295 2651 2348 ibidem
2673 2297 2954 2349 dimittant.
3005 2293 3108 2348 Per
3132 2296 3398 2359 Austrum,
3430 2294 3520 2362 qui
3547 2302 3620 2347 est
3651 2304 3845 2345 ventus

2236 2384 2458 2447 calidus,
2481 2383 2706 2454 Spiritus
2729 2386 2892 2438 sancti
2919 2386 3090 2452 fervor
3111 2386 3422 2455 designatur,
3448 2385 3536 2453 qui
3557 2385 3661 2437 veri
3685 2382 3844 2437 Solis

2238 2484 2352 2526 artu
2382 2474 2443 2525 ab
2475 2473 2681 2527 Oriente
2724 2476 2791 2527 ad
2821 2473 3146 2529 Occidentem
3185 2476 3430 2528 mundum
3474 2473 3844 2529 illuminanda

2240 2565 2569 2632 diffunditur.
2607 2566 2752 2620 Unus
2790 2583 2905 2619 vero
2951 2569 3127 2620 tertius
3156 2568 3210 2621 in
3256 2568 3422 2620 medio
3454 2578 3698 2633 ponatur,
3737 2581 3843 2636 per

2238 2672 2387 2725 quem
2414 2657 2496 2708 ubi
2518 2657 2619 2710 duo
2646 2657 2722 2711 vel
2751 2665 2850 2710 tres
2875 2658 3167 2727 congregati
3188 2658 3378 2723 fuerint
3406 2660 3456 2711 in
3478 2659 3683 2711 nomine
3719 2657 3838 2710 Do-

2242 2746 2386 2810 mini,
2421 2746 2698 2800 Dominum
2720 2750 2899 2801 adesse
2934 2749 3253 2817 designatur.
3288 2747 3392 2803 Per
3422 2748 3518 2801 hac
3546 2749 3704 2819 quod,
3744 2750 3839 2802 in-

2241 2846 2385 2908 cepto
2434 2837 2616 2906 Kyrie,
2662 2840 2791 2892 cerei
2830 2839 3187 2908 deponuntur,
3238 2854 3328 2892 nos
3371 2840 3495 2892 dum
3546 2838 3845 2892 Dominum

2242 2944 2534 2996 exoramus,
2560 2930 2781 2983 contrita
2802 2931 2953 2984 corde
2971 2930 3232 2984 humiliari
3254 2939 3483 2999 apartere
3507 2931 3846 2983 demonstra-

2245 3030 2347 3073 tur.
2399 3019 2668 3073 Salutante
2717 3021 3007 3090 presbytero
3063 3022 3341 3089 populum,
3399 3022 3585 3074 iterum
3645 3022 3845 3075 ibidem

2246 3117 2463 3164 teneant.
2493 3111 2736 3167 Oratione
2761 3113 2909 3181 ﬁnita
2938 3114 2999 3167 ab
3028 3113 3239 3167 Oriente
3264 3114 3330 3165 ad
3375 3113 3703 3168 Occidentem
3724 3116 3844 3168 col-

629 3208 772 3278 nium
801 3197 1153 3278 episcoporum
1175 3197 1368 3260 meritis
1396 3209 1623 3276 inﬁmus,
1655 3224 1866 3276 corpore
1882 3215 1928 3260 et
1958 3197 2135 3278 spiritu
2168 3197 2213 3260 C
2248 3202 2433 3257 lacent.
2459 3201 2668 3257 Duobus
2695 3205 2827 3257 enim
2857 3204 3192 3258 Testantentis
3223 3205 3581 3258 illuminantur
3609 3219 3842 3272 quatuor

630 3277 783 3329 totius
812 3276 1109 3330 abedientia:
1135 3293 1339 3342 munus,
1370 3288 1467 3330 etc.

632 3386 798 3440 Missa
826 3388 925 3441 diei
946 3388 1041 3440 hac
1068 3388 1247 3443 ordine
1273 3390 1569 3444 celebretur.
1599 3390 1665 3443 In
1693 3391 1868 3460 primis
1896 3391 1949 3444 in
1979 3391 2138 3461 feria-

559 3476 690 3531 libus
730 3477 906 3531 diebus
945 3479 1063 3531 duce
1096 3495 1359 3546 campana:
1385 3482 1671 3551 pulsentur,
1694 3482 1748 3534 in
1774 3483 1918 3549 festis
1944 3499 2136 3535 omnes.

561 3568 640 3623 Ad
687 3568 865 3623 Gloria
913 3569 1075 3635 Patri,
1108 3571 1264 3623 chara
1295 3569 1569 3624 Introitum
1610 3588 1642 3625 a
1682 3574 1827 3625 beata
1874 3572 2141 3626 Caelestino

562 3659 848 3712 institutum
870 3669 1100 3725 canente,
1123 3662 1358 3715 sacerdos
1390 3661 1577 3733 (1054)
1606 3663 1660 3715 in
1682 3664 1916 3717 vestiario
1945 3666 2141 3717 exteri-

562 3764 661 3816 que
690 3750 911 3803 ministri
949 3752 1136 3805 sanctis
1164 3752 1378 3805 vestibus
1399 3757 1554 3823 juxta
1584 3754 1812 3806 ordinem
1840 3754 2139 3821 induantur,

566 3838 759 3891 scilicet
787 3838 923 3906 alba,
953 3842 1103 3906 stola,
1130 3853 1173 3895 et
1200 3844 1476 3897 dalmatica
1509 3847 1792 3909 diaconus;
1823 3847 1963 3911 alba,
1993 3854 2040 3899 et
2065 3856 2145 3898 tu-

568 3930 706 3989 nica,
753 3938 802 3983 et
846 3932 1104 4001 manipulo
1134 3934 1508 4000 subdiaconus;
1553 3936 1733 4003 reliqui
1761 3946 1958 3989 tantum
1992 3937 2145 4000 albis,

572 4019 765 4072 scilicet
794 4020 898 4073 duo
926 4023 1167 4091 acolythi,
1200 4040 1328 4077 unus
1354 4026 1441 4093 qui
1466 4036 1627 4079 cantet
1658 4025 1944 4091 Graduale,
1969 4035 2018 4079 et
2059 4026 2148 4079 de-

565 4110 699 4179 ferat
726 4111 1106 4175 candelabrum,
1138 4114 1266 4168 alter
1286 4115 1373 4184 qui
1406 4116 1649 4181 Alleluia,
1683 4125 1730 4168 et
1760 4120 1890 4183 ferat
1919 4115 2145 4170 tlturibu-

565 4200 694 4256 lum.
730 4201 941 4257 Psalmo
969 4206 1126 4272 dicto,
1159 4206 1431 4275 incipiente
1459 4209 1612 4261 choro
1637 4208 1814 4263 Gloria
1844 4208 1986 4265 Patri
2013 4249 2028 4273 ,
2057 4224 2146 4261 sa-

565 4294 744 4347 cerdos
770 4298 1034 4364 scelerique
1062 4299 1277 4351 ministri
1303 4300 1375 4351 sic
1399 4300 1468 4352 ad
1500 4301 1664 4353 altare
1692 4300 1989 4370 procedent.
2020 4299 2150 4353 Dia-

568 4400 724 4438 conus
765 4387 1019 4456 prxcedat
1068 4390 1431 4458 presbyterum,
1477 4390 1819 4445 subdiaconus
1856 4392 2147 4461 praecedens

569 4475 839 4529 diaconum
889 4479 1020 4546 ferat
1070 4478 1430 4550 Evangelium,
1471 4483 1807 4551 ceroferarius
1850 4498 1966 4535 cum
2006 4499 2149 4537 cerea

2243 3303 2412 3361 partes
2443 3296 2639 3347 mundi.
2685 3293 2893 3361 Septem
2931 3296 3243 3349 candelabra
3274 3297 3327 3348 in
3364 3298 3504 3364 festis
3534 3298 3842 3365 signiﬁcant

2244 3397 2434 3452 septem
2490 3388 2627 3439 dona
2683 3388 2910 3457 Spiritus
2958 3390 3139 3442 sancti.
3194 3387 3477 3458 Incipiente
3514 3391 3837 3443 subdiacono

2250 3478 2553 3547 Epistolam,
2588 3479 2825 3532 sacerdos
2846 3481 3003 3549 juxta
3033 3479 3198 3533 altare
3228 3482 3421 3545 sedeat,
3446 3492 3495 3534 et
3532 3482 3750 3533 diacono
3784 3483 3841 3533 in

2247 3570 2358 3623 loco
2409 3587 2501 3623 suo
2551 3570 2723 3624 sedere
2769 3573 2987 3637 innuat;
3032 3572 3378 3627 subdiaconus
3427 3590 3565 3637 vero,
3620 3587 3835 3645 exopto

2248 3672 2468 3731 tempore
2498 3662 2883 3715 ministrationis
2908 3680 3035 3727 sure,
3069 3664 3121 3716 in
3153 3665 3309 3718 cltoro
3351 3677 3573 3719 maneat.
3615 3665 3838 3737 PrOpin—

2246 3763 2431 3821 qunnte
2463 3751 2727 3821 Evangelii
2756 3755 2970 3806 termino
2996 3755 3232 3807 sacerdos
3261 3755 3541 3826 thymiama
3583 3758 3635 3809 in
3661 3758 3835 3810 thuri-

2250 3845 2364 3897 bulo
2408 3853 2586 3910 ponat,
2631 3860 2730 3911 quo
2760 3846 3018 3898 incensato
3046 3847 3202 3899 altari
3232 3858 3351 3901 ante
3380 3846 3715 3917 Evangelium
3746 3858 3839 3902 de-

2252 3935 2469 4003 feratur.
2526 3934 2626 3987 Per
2681 3935 3035 4004 tlturibulum,
3082 3940 3221 4006 quod
3267 3938 3608 4010 fragrantiam
3660 3941 3842 3992 odoris

2249 4026 2448 4091 emittit,
2481 4028 2623 4096 fama
2651 4026 2894 4080 bonarum
2925 4044 3133 4097 aperum
3170 4045 3282 4099 qua:
3323 4030 3513 4085 Christi
3542 4032 3834 4084 doctrinam

2250 4117 2525 4186 prcecessit.
2554 4114 2840 4181 Diaconus,
2882 4118 3227 4172 benedictione
3255 4136 3285 4173 a
3314 4122 3578 4174 sacerdote
3606 4132 3839 4187 accepta,

2250 4204 2314 4257 ab
2339 4205 2494 4259 altari
2526 4206 2860 4277 Euangelium
2890 4211 3146 4277 accipiens
3168 4227 3319 4280 super
3340 4213 3599 4265 sinistrum
3628 4229 3837 4264 armum

2252 4296 2501 4367 imponat.
2534 4298 2696 4371 255
2722 4298 2825 4352 Per
2851 4302 3111 4354 sinistrum
3138 4305 3269 4355 enim
3298 4320 3496 4355 armum
3526 4306 3627 4356 vita
3655 4314 3842 4374 tempo-

2253 4388 2381 4441 ralis
2410 4389 2725 4458 designatur,
2750 4390 2800 4443 in
2825 4408 2927 4460 qua
2954 4400 3151 4461 oportet
3176 4393 3513 4462 Evangelium
3534 4394 3838 4460 prwdicari.

2254 4477 2323 4531 Et
2348 4480 2684 4533 subdiaconus
2704 4490 2820 4534 ante
2838 4498 2954 4534 eum
2974 4481 3211 4552 pulvinar
3230 4484 3444 4552 deferat.
3469 4481 3573 4535 Per
3597 4483 3840 4552 pulvinar

570 4566 826 4633 pracedat
848 4568 1233 4632 subdiaconum,
1255 4573 1472 4639 portitor
1496 4574 1740 4626 thuribuli
1761 4574 2145 4642 ceroferarium.
2176 4563 2229 4624 D
2251 4571 2387 4637 quod
2412 4573 2651 4639 prtecedtt
2672 4572 2755 4625 lex
2783 4574 3039 4641 ﬁguratur
3066 4589 3181 4642 qua
3204 4573 3534 4642 Evangelium
3555 4574 3837 4641 prtccessit;

572 4653 713 4708 Dum
728 4672 845 4724 ergo
873 4666 994 4710 ante
1007 4659 1168 4711 altare
1190 4676 1301 4712 veni
1311 4661 1433 4727 rint,
1455 4662 1794 4715 subdiaconus
1812 4662 2147 4731 Evangelium

571 4754 727 4813 ponat
754 4762 907 4813 super
934 4748 1170 4813 dextrum
1193 4765 1353 4802 cornu
1381 4751 1581 4816 altaris,
1612 4753 1696 4806 ubi
1716 4768 1875 4823 usque
1893 4754 1962 4805 ad
1987 4753 2154 4806 Evan-

571 4832 764 4904 gelium
802 4837 1039 4890 manebit.
1085 4838 1187 4892 Per
1219 4838 1382 4894 altare
1408 4840 1695 4896 Jerusa’em
1729 4844 2026 4913 designatur
2047 4886 2061 4910 ,
2098 4846 2152 4898 in

571 4941 674 4995 qua
694 4928 755 4980 ab
784 4926 929 4981 initio
958 4929 1201 4983 adventus
1225 4928 1434 4986 Domini
1454 4936 1741 5001 evangelica
1766 4935 1998 4987 doctrina
2027 4945 2155 4988 reto-

574 5016 707 5081 nuit,
735 5025 784 5069 et
814 5019 932 5072 inde
959 5035 1116 5089 usque
1135 5022 1202 5073 ad
1220 5022 1475 5091 publicum
1498 5026 1672 5090 exivit,
1698 5033 1750 5078 ut
1772 5025 2015 5094 scriptum
2038 5036 2111 5079 est
2133 5040 2153 5081 :

577 5106 655 5161 De
685 5107 812 5163 Sion
840 5109 1004 5163 exibit
1032 5112 1138 5178 lex,
1166 5121 1218 5165 et
1244 5112 1475 5167 Verbum
1507 5114 1717 5170 Domini
1739 5117 1806 5171 de
1830 5117 2147 5173 Jerusalem.

572 5198 767 5252 Postea
795 5200 1137 5255 subdiaconus
1175 5204 1243 5255 ad
1285 5204 1544 5258 sinistram
1586 5208 1860 5261 sacerdotis
1906 5216 2149 5274 transeat,

575 5289 821 5344 diaconus
847 5291 916 5344 ad
944 5292 1213 5360 dextram;
1248 5294 1354 5359 ubi,
1401 5298 1713 5362 confessione
1738 5299 1953 5351 invicem
1992 5300 2148 5367 facta,

576 5383 760 5454 (1055)
805 5388 1075 5441 diaconum
1119 5400 1164 5443 et
1191 5388 1557 5444 subdiaconum
1601 5392 1859 5445 osculetur
1894 5393 2152 5445 sacerdos.

576 5472 813 5528 Primum
856 5480 989 5531 enim
1042 5479 1273 5534 Christus
1329 5498 1502 5548 pacem
1557 5483 1802 5553 apostolis
1847 5484 2006 5545 dedit,
2062 5499 2151 5551 per

573 5578 659 5617 eos
727 5566 835 5619 orbi
888 5570 1187 5622 transmisit.
1242 5569 1368 5624 Post
1419 5588 1531 5641 quis
1601 5574 1836 5627 sacerdos
1889 5575 2153 5644 cwterique

576 5656 795 5711 ministri
840 5668 971 5712 retro
1014 5676 1186 5713 caram
1234 5662 1387 5716 altari
1454 5663 1665 5719 breviter
1729 5673 1871 5718 orent
1890 5704 1908 5730 ,
1962 5676 2152 5719 stantes

580 5749 757 5805 ordine
819 5767 948 5820 suo;
1011 5752 1193 5810 deinde
1269 5755 1491 5824 primum
1556 5757 1618 5812 ab
1684 5758 1911 5813 oratione
1962 5758 2149 5827 (1056)

2255 4674 2344 4729 per
2391 4663 2594 4725 plumas
2635 4677 2750 4731 qua
2787 4662 2924 4715 intus
2960 4665 3297 4726 occultantur,
3348 4664 3589 4732 mysteria
3636 4680 3755 4731 qua:
3784 4665 3835 4715 in

2255 4751 2364 4822 lege
2389 4751 2815 4817 continebantur;
2847 4770 2935 4821 per
2973 4753 3223 4806 levitate»:
3251 4755 3440 4823 pluma:
3470 4764 3725 4821 prtccepta
3756 4770 3835 4806 ve.

2254 4842 2373 4893 teris
2402 4840 2526 4908 legis
2552 4842 2680 4894 levia
2704 4842 2773 4894 ad
2806 4845 3239 4909 comparationem
3279 4859 3461 4906 novre;
3501 4844 3553 4895 in
3587 4844 3677 4895 illa
3699 4844 3836 4896 enim

2256 4924 2445 4978 dicitur
2475 4940 2493 4977 :
2542 4925 2666 4979 Non
2703 4926 2943 4992 occides;
2984 4929 3039 4980 in
3079 4944 3210 4980 nova
3257 4945 3373 4982 vero
3397 4944 3416 4981 :
3450 4928 3551 4995 Qui
3596 4929 3839 4980 irascitur

2257 5015 2407 5083 fratri
2434 5031 2545 5078 suo,
2582 5031 2700 5069 reus
2729 5016 2823 5069 erit
2842 5008 3067 5088 judicio.
3095 5018 3283 5087 (1060)
3315 5017 3503 5085 Sicque
3537 5020 3837 5087 pra’ceden-

2258 5105 2387 5157 tibus
2417 5106 2722 5175 ceraferario
2752 5105 3087 5175 thuribulique
3121 5109 3313 5174 latore,
3357 5124 3471 5160 cum
3517 5109 3843 5176 pracessione

2257 5199 2327 5250 ad
2352 5201 2603 5270 pulpitum
2632 5209 2839 5270 pergat,
2888 5211 2934 5254 et
2973 5203 3235 5270 supposito
3267 5201 3545 5273 Evangelia
3575 5219 3635 5254 ac
3665 5207 3841 5255 incen-

2258 5300 2388 5357 sato,
2440 5306 2609 5345 versus
2656 5293 2723 5344 ad
2765 5293 3087 5360 Aquilonem,
3141 5291 3473 5363 Evangelium
3522 5294 3699 5365 legat;
3756 5311 3844 5360 per

2259 5382 2561 5450 Aquilonem
2592 5384 2726 5436 enim
2756 5384 3032 5451 infidelitas
3060 5384 3282 5454 gentium
3310 5386 3626 5455 designatur,
3651 5385 3839 5452 quibus

2262 5473 2595 5539 Evangelium
2625 5477 2686 5527 ab
2715 5476 2960 5543 apostolis
2990 5477 3105 5544 igne
3138 5476 3366 5544 Spiritus
3406 5477 3571 5530 sancti
3613 5478 3839 5528 accensis

2260 5570 2589 5638 prwdicatur.
2636 5572 2749 5636 Quo
2790 5572 2917 5624 lecto
2951 5571 3259 5624 candelabra
3287 5572 3701 5640 exstinguantur.
3733 5568 3843 5621 Im~

2273 5662 2551 5715 molatione
2575 5664 2706 5715 enim
2731 5665 2834 5717 veri
2863 5664 2998 5733 Αριιί
3029 5665 3187 5734 typici
3226 5666 3434 5727 cessavit
3465 5665 3772 5726 immolatio.
3800 5674 3847 5718 et

2260 5766 2438 5809 ca’tera
2466 5758 2704 5825 mysteria
2732 5772 2846 5828 quae
2872 5757 2925 5813 in
2954 5758 3062 5828 lege
3092 5758 3485 5813 continebantur
3508 5757 3839 5845 cyprapltetis
