  <div class='ocr_page' id='page_1' title='image "/cluster/home/n/w/nwhite01/storage/ocr_20150623/78/uva.x000827090/134.png"; bbox 0 0 3988 6338; ppageno 0'>
   <div class='ocr_carea' id='block_1_1' title="bbox 141 392 252 453">
    <p class='ocr_par' dir='ltr' id='par_1_1' title="bbox 141 392 252 453">
     <span class='ocr_line' id='line_1_1' title="bbox 141 392 252 453; baseline 0 -2"><span class='ocrx_word' id='word_1_1' title='bbox 141 392 252 453; x_wconf 66' lang='lat'><strong><em>253</em></strong></span> 
     </span>
    </p>
   </div>
   <div class='ocr_carea' id='block_1_2' title="bbox 805 374 2851 461">
    <p class='ocr_par' dir='ltr' id='par_1_2' title="bbox 805 374 2851 461">
     <span class='ocr_line' id='line_1_2' title="bbox 805 374 2851 461; baseline 0.002 -6"><span class='ocrx_word' id='word_1_2' title='bbox 805 374 1153 455; x_wconf 77' lang='lat' dir='ltr'><strong><em>APPENDIX</em></strong></span> <span class='ocrx_word' id='word_1_3' title='bbox 1191 399 1286 455; x_wconf 83' lang='lat' dir='ltr'><strong><em>AD</em></strong></span> <span class='ocrx_word' id='word_1_4' title='bbox 1324 400 1380 455; x_wconf 93' lang='lat' dir='ltr'><strong><em>S.</em></strong></span> <span class='ocrx_word' id='word_1_5' title='bbox 1422 395 1749 456; x_wconf 81' lang='lat' dir='ltr'><strong><em>GREGORII</em></strong></span> <span class='ocrx_word' id='word_1_6' title='bbox 1792 396 2002 455; x_wconf 79' lang='lat' dir='ltr'><strong><em>MAGNI</em></strong></span> <span class='ocrx_word' id='word_1_7' title='bbox 2041 401 2171 457; x_wconf 77' lang='lat' dir='ltr'><strong><em>LIB.</em></strong></span> <span class='ocrx_word' id='word_1_8' title='bbox 2214 401 2851 461; x_wconf 77' lang='lat' dir='ltr'><strong><em>SACRAMENTORUM.</em></strong></span> 
     </span>
    </p>
   </div>
   <div class='ocr_carea' id='block_1_3' title="bbox 3341 412 3447 464">
    <p class='ocr_par' dir='ltr' id='par_1_3' title="bbox 3341 412 3447 464">
     <span class='ocr_line' id='line_1_3' title="bbox 3341 412 3447 464; baseline 0.009 -1"><span class='ocrx_word' id='word_1_9' title='bbox 3341 412 3447 464; x_wconf 70' lang='grc'><strong><em>254</em></strong></span> 
     </span>
    </p>
   </div>
   <div class='ocr_carea' id='block_1_4' title="bbox 143 509 3444 585">
    <p class='ocr_par' dir='ltr' id='par_1_4' title="bbox 143 509 3444 585">
     <span class='ocr_line' id='line_1_4' title="bbox 143 509 3444 585; baseline 0.004 -24"><span class='ocrx_word' id='word_1_10' title='bbox 143 528 235 580; x_wconf 79' lang='lat' dir='ltr'><strong><em>per</em></strong></span> <span class='ocrx_word' id='word_1_11' title='bbox 260 509 611 565; x_wconf 80' lang='lat' dir='ltr'><strong><em>candelabra</em></strong></span> <span class='ocrx_word' id='word_1_12' title='bbox 636 512 925 583; x_wconf 72' lang='lat' dir='ltr'><strong><em>designatis.</em></strong></span> <span class='ocrx_word' id='word_1_13' title='bbox 962 510 1239 568; x_wconf 87' lang='lat' dir='ltr'><strong><em>Incensum</em></strong></span> <span class='ocrx_word' id='word_1_14' title='bbox 1270 512 1522 565; x_wconf 71' lang='lat' dir='ltr'><strong><em>sacerdoti</em></strong></span> <span class='ocrx_word' id='word_1_15' title='bbox 1550 512 1602 564; x_wconf 88' lang='lat' dir='ltr'><strong><em>in</em></strong></span> <span class='ocrx_word' id='word_1_16' title='bbox 1631 511 1751 563; x_wconf 88' lang='lat' dir='ltr'><strong><em>thu-</em></strong></span> <span class='ocrx_word' id='word_1_17' title='bbox 1784 512 1831 568; x_wconf 86' lang='lat' dir='ltr'><strong>A</strong></span> <span class='ocrx_word' id='word_1_18' title='bbox 1859 514 2137 566; x_wconf 76' lang='lat' dir='ltr'><strong><em>sacerdotis</em></strong></span> <span class='ocrx_word' id='word_1_19' title='bbox 2164 516 2449 584; x_wconf 83' lang='lat' dir='ltr'><strong><em>scopulum.</em></strong></span> <span class='ocrx_word' id='word_1_20' title='bbox 2489 515 2588 569; x_wconf 86' lang='lat' dir='ltr'><strong><em>Per</em></strong></span> <span class='ocrx_word' id='word_1_21' title='bbox 2608 519 2871 585; x_wconf 85' lang='lat' dir='ltr'><strong><em>scapulum</em></strong></span> <span class='ocrx_word' id='word_1_22' title='bbox 2892 518 3171 572; x_wconf 88' lang='lat' dir='ltr'><strong><em>sacerdotis</em></strong></span> <span class='ocrx_word' id='word_1_23' title='bbox 3201 521 3330 585; x_wconf 79' lang='lat' dir='ltr'><strong><em>lapis</em></strong></span> <span class='ocrx_word' id='word_1_24' title='bbox 3360 523 3444 573; x_wconf 83' lang='lat' dir='ltr'><strong><em>de-</em></strong></span> 
     </span>
    </p>
   </div>
   <div class='ocr_carea' id='block_1_5' title="bbox 144 600 1759 672">
    <p class='ocr_par' dir='ltr' id='par_1_5' title="bbox 144 600 1759 672">
     <span class='ocr_line' id='line_1_5' title="bbox 144 600 1759 672; baseline -0.001 -17"><span class='ocrx_word' id='word_1_25' title='bbox 144 600 311 655; x_wconf 73' lang='lat' dir='ltr'><strong><em>ribulo</em></strong></span> <span class='ocrx_word' id='word_1_26' title='bbox 348 600 649 667; x_wconf 58' lang='lat' dir='ltr'><strong><em>offeratur,</em></strong></span> <span class='ocrx_word' id='word_1_27' title='bbox 678 612 726 655; x_wconf 90' lang='lat' dir='ltr'><strong><em>et</em></strong></span> <span class='ocrx_word' id='word_1_28' title='bbox 761 602 1092 672; x_wconf 81' lang='lat' dir='ltr'><strong><em>Evangelium</em></strong></span> <span class='ocrx_word' id='word_1_29' title='bbox 1124 605 1349 672; x_wconf 89' lang='lat' dir='ltr'><strong><em>primum</em></strong></span> <span class='ocrx_word' id='word_1_30' title='bbox 1389 619 1420 656; x_wconf 90' lang='lat' dir='ltr'><strong><em>a</em></strong></span> <span class='ocrx_word' id='word_1_31' title='bbox 1450 603 1759 655; x_wconf 88' lang='lat' dir='ltr'><strong><em>subdiacono</em></strong></span> 
     </span>
    </p>
   </div>
   <div class='ocr_carea' id='block_1_6' title="bbox 141 692 1755 763">
    <p class='ocr_par' dir='ltr' id='par_1_6' title="bbox 141 692 1755 763">
     <span class='ocr_line' id='line_1_6' title="bbox 141 692 1755 763; baseline -0.001 -17"><span class='ocrx_word' id='word_1_32' title='bbox 141 692 237 746; x_wconf 87' lang='lat' dir='ltr'><strong><em>sibi</em></strong></span> <span class='ocrx_word' id='word_1_33' title='bbox 259 700 581 756; x_wconf 77' lang='lat' dir='ltr'><strong><em>porrectum</em></strong></span> <span class='ocrx_word' id='word_1_34' title='bbox 598 693 870 759; x_wconf 75' lang='lat' dir='ltr'><strong><em>osculetur,</em></strong></span> <span class='ocrx_word' id='word_1_35' title='bbox 896 693 1030 763; x_wconf 90' lang='lat' dir='ltr'><strong><em>quod</em></strong></span> <span class='ocrx_word' id='word_1_36' title='bbox 1051 701 1165 763; x_wconf 89' lang='lat' dir='ltr'><strong><em>post</em></strong></span> <span class='ocrx_word' id='word_1_37' title='bbox 1188 711 1218 746; x_wconf 94' lang='lat' dir='ltr'><strong><em>a</em></strong></span> <span class='ocrx_word' id='word_1_38' title='bbox 1239 694 1457 746; x_wconf 81' lang='lat' dir='ltr'><strong><em>diacono</em></strong></span> <span class='ocrx_word' id='word_1_39' title='bbox 1481 693 1755 746; x_wconf 75' lang='lat' dir='ltr'><strong><em>osculetur.</em></strong></span> 
     </span>
    </p>
   </div>
   <div class='ocr_carea' id='block_1_7' title="bbox 145 780 1758 851">
    <p class='ocr_par' dir='ltr' id='par_1_7' title="bbox 145 780 1758 851">
     <span class='ocr_line' id='line_1_7' title="bbox 145 780 1758 851; baseline 0.002 -15"><span class='ocrx_word' id='word_1_40' title='bbox 145 780 212 836; x_wconf 82' lang='lat' dir='ltr'><strong><em>Et</em></strong></span> <span class='ocrx_word' id='word_1_41' title='bbox 241 781 294 835; x_wconf 86' lang='lat' dir='ltr'><strong><em>in</em></strong></span> <span class='ocrx_word' id='word_1_42' title='bbox 325 781 535 851; x_wconf 78' lang='lat' dir='ltr'><strong><em>festiuis</em></strong></span> <span class='ocrx_word' id='word_1_43' title='bbox 567 784 751 837; x_wconf 83' lang='lat' dir='ltr'><strong><em>diebus</em></strong></span> <span class='ocrx_word' id='word_1_44' title='bbox 781 801 814 838; x_wconf 93' lang='lat' dir='ltr'><strong><em>a</em></strong></span> <span class='ocrx_word' id='word_1_45' title='bbox 838 786 1150 839; x_wconf 80' lang='lat' dir='ltr'><strong><em>subdiacono</em></strong></span> <span class='ocrx_word' id='word_1_46' title='bbox 1180 787 1318 839; x_wconf 88' lang='lat' dir='ltr'><strong><em>omni</em></strong></span> <span class='ocrx_word' id='word_1_47' title='bbox 1347 787 1482 840; x_wconf 91' lang='lat' dir='ltr'><strong><em>clero</em></strong></span> <span class='ocrx_word' id='word_1_48' title='bbox 1506 826 1521 851; x_wconf 96' lang='lat'><strong><em>,</em></strong></span> <span class='ocrx_word' id='word_1_49' title='bbox 1552 786 1758 840; x_wconf 89' lang='lat' dir='ltr'><strong><em>incenso</em></strong></span> 
     </span>
    </p>
   </div>
   <div class='ocr_carea' id='block_1_8' title="bbox 145 875 1758 947">
    <p class='ocr_par' dir='ltr' id='par_1_8' title="bbox 145 875 1758 947">
     <span class='ocr_line' id='line_1_8' title="bbox 145 875 1758 947; baseline 0.005 -23"><span class='ocrx_word' id='word_1_50' title='bbox 145 875 493 944; x_wconf 72' lang='lat' dir='ltr'><strong><em>praecedente,</em></strong></span> <span class='ocrx_word' id='word_1_51' title='bbox 549 887 911 942; x_wconf 63' lang='lat' dir='ltr'><strong><em>presentetur.</em></strong></span> <span class='ocrx_word' id='word_1_52' title='bbox 956 877 1238 947; x_wconf 83' lang='lat' dir='ltr'><strong><em>Evangelia</em></strong></span> <span class='ocrx_word' id='word_1_53' title='bbox 1286 879 1416 931; x_wconf 83' lang='lat' dir='ltr'><strong><em>lecto</em></strong></span> <span class='ocrx_word' id='word_1_54' title='bbox 1459 878 1679 947; x_wconf 82' lang='lat' dir='ltr'><strong><em>populus</em></strong></span> <span class='ocrx_word' id='word_1_55' title='bbox 1726 895 1758 932; x_wconf 93' lang='lat' dir='ltr'><strong><em>a</em></strong></span> 
     </span>
    </p>
   </div>
   <div class='ocr_carea' id='block_1_9' title="bbox 146 966 1756 1039">
    <p class='ocr_par' dir='ltr' id='par_1_9' title="bbox 146 966 1756 1039">
     <span class='ocr_line' id='line_1_9' title="bbox 146 966 1756 1039; baseline -0.001 -18"><span class='ocrx_word' id='word_1_56' title='bbox 146 966 410 1021; x_wconf 70' lang='lat' dir='ltr'><strong><em>sacerdote</em></strong></span> <span class='ocrx_word' id='word_1_57' title='bbox 436 966 711 1019; x_wconf 74' lang='lat' dir='ltr'><strong><em>salutetur</em></strong></span> <span class='ocrx_word' id='word_1_58' title='bbox 733 981 753 1020; x_wconf 91' lang='lat'><strong><em>:</em></strong></span> <span class='ocrx_word' id='word_1_59' title='bbox 782 967 967 1035; x_wconf 92' lang='grc'>(1061)</span> <span class='ocrx_word' id='word_1_60' title='bbox 999 967 1274 1035; x_wconf 75' lang='lat' dir='ltr'><strong><em>Offerenda</em></strong></span> <span class='ocrx_word' id='word_1_61' title='bbox 1294 969 1585 1039; x_wconf 84' lang='lat' dir='ltr'><strong><em>incipiatur,</em></strong></span> <span class='ocrx_word' id='word_1_62' title='bbox 1604 984 1756 1036; x_wconf 87' lang='lat' dir='ltr'><strong><em>quam</em></strong></span> 
     </span>
    </p>
   </div>
   <div class='ocr_carea' id='block_1_10' title="bbox 146 1053 1756 1125">
    <p class='ocr_par' dir='ltr' id='par_1_10' title="bbox 146 1053 1756 1125">
     <span class='ocr_line' id='line_1_10' title="bbox 146 1053 1756 1125; baseline 0.003 -19"><span class='ocrx_word' id='word_1_63' title='bbox 146 1056 344 1123; x_wconf 85' lang='lat' dir='ltr'><strong><em>finitam</em></strong></span> <span class='ocrx_word' id='word_1_64' title='bbox 376 1053 593 1109; x_wconf 82' lang='lat' dir='ltr'><strong><em>Versus</em></strong></span> <span class='ocrx_word' id='word_1_65' title='bbox 633 1054 818 1125; x_wconf 73' lang='grc'>(1062)</span> <span class='ocrx_word' id='word_1_66' title='bbox 848 1066 1103 1124; x_wconf 88' lang='lat' dir='ltr'><strong><em>sequatur.</em></strong></span> <span class='ocrx_word' id='word_1_67' title='bbox 1136 1056 1353 1111; x_wconf 83' lang='lat' dir='ltr'><strong><em>Interim</em></strong></span> <span class='ocrx_word' id='word_1_68' title='bbox 1382 1074 1497 1111; x_wconf 91' lang='lat' dir='ltr'><strong><em>vero</em></strong></span> <span class='ocrx_word' id='word_1_69' title='bbox 1538 1060 1687 1125; x_wconf 89' lang='lat' dir='ltr'><strong><em>panis</em></strong></span> <span class='ocrx_word' id='word_1_70' title='bbox 1710 1067 1756 1111; x_wconf 85' lang='lat' dir='ltr'><strong><em>et</em></strong></span> 
     </span>
    </p>
   </div>
   <div class='ocr_carea' id='block_1_11' title="bbox 144 1144 1757 1217">
    <p class='ocr_par' dir='ltr' id='par_1_11' title="bbox 144 1144 1757 1217">
     <span class='ocr_line' id='line_1_11' title="bbox 144 1144 1757 1217; baseline 0.002 -18"><span class='ocrx_word' id='word_1_71' title='bbox 144 1144 240 1199; x_wconf 75' lang='lat' dir='ltr'><strong><em>vini</em></strong></span> <span class='ocrx_word' id='word_1_72' title='bbox 267 1144 473 1199; x_wconf 80' lang='lat' dir='ltr'><strong><em>oblatio</em></strong></span> <span class='ocrx_word' id='word_1_73' title='bbox 503 1162 540 1198; x_wconf 91' lang='lat' dir='ltr'><strong><em>a</em></strong></span> <span class='ocrx_word' id='word_1_74' title='bbox 574 1148 890 1201; x_wconf 88' lang='lat' dir='ltr'><strong><em>subdiacono</em></strong></span> <span class='ocrx_word' id='word_1_75' title='bbox 918 1148 1158 1212; x_wconf 82' lang='lat' dir='ltr'><strong><em>diacono,</em></strong></span> <span class='ocrx_word' id='word_1_76' title='bbox 1191 1167 1222 1202; x_wconf 92' lang='lat' dir='ltr'><strong><em>a</em></strong></span> <span class='ocrx_word' id='word_1_77' title='bbox 1262 1151 1478 1203; x_wconf 87' lang='lat' dir='ltr'><strong><em>diacono</em></strong></span> <span class='ocrx_word' id='word_1_78' title='bbox 1514 1150 1757 1217; x_wconf 72' lang='lat' dir='ltr'><strong><em>offeratur</em></strong></span> 
     </span>
    </p>
   </div>
   <div class='ocr_carea' id='block_1_12' title="bbox 144 1236 1755 1311">
    <p class='ocr_par' dir='ltr' id='par_1_12' title="bbox 144 1236 1755 1311">
     <span class='ocr_line' id='line_1_12' title="bbox 144 1236 1755 1311; baseline 0.003 -20"><span class='ocrx_word' id='word_1_79' title='bbox 144 1238 463 1308; x_wconf 73' lang='lat' dir='ltr'><strong><em>presbytero.</em></strong></span> <span class='ocrx_word' id='word_1_80' title='bbox 524 1236 731 1292; x_wconf 86' lang='lat' dir='ltr'><strong><em>Cantor</em></strong></span> <span class='ocrx_word' id='word_1_81' title='bbox 772 1256 954 1309; x_wconf 84' lang='lat' dir='ltr'><strong><em>aquam</em></strong></span> <span class='ocrx_word' id='word_1_82' title='bbox 1004 1242 1158 1295; x_wconf 90' lang='lat' dir='ltr'><strong><em>linteo</em></strong></span> <span class='ocrx_word' id='word_1_83' title='bbox 1198 1252 1488 1311; x_wconf 90' lang='lat' dir='ltr'><strong><em>coopertum</em></strong></span> <span class='ocrx_word' id='word_1_84' title='bbox 1528 1243 1581 1295; x_wconf 90' lang='lat' dir='ltr'><strong><em>in</em></strong></span> <span class='ocrx_word' id='word_1_85' title='bbox 1615 1242 1755 1311; x_wconf 87' lang='lat' dir='ltr'><strong><em>festis</em></strong></span> 
     </span>
    </p>
   </div>
   <div class='ocr_carea' id='block_1_13' title="bbox 144 1328 1754 1399">
    <p class='ocr_par' dir='ltr' id='par_1_13' title="bbox 144 1328 1754 1399">
     <span class='ocr_line' id='line_1_13' title="bbox 144 1328 1754 1399; baseline 0.001 -17"><span class='ocrx_word' id='word_1_86' title='bbox 144 1328 364 1382; x_wconf 83' lang='lat' dir='ltr'><strong><em>diacono</em></strong></span> <span class='ocrx_word' id='word_1_87' title='bbox 408 1329 651 1398; x_wconf 77' lang='lat' dir='ltr'><strong><em>deferat,</em></strong></span> <span class='ocrx_word' id='word_1_88' title='bbox 689 1346 843 1399; x_wconf 88' lang='lat' dir='ltr'><strong><em>quam</em></strong></span> <span class='ocrx_word' id='word_1_89' title='bbox 888 1331 1133 1384; x_wconf 85' lang='lat' dir='ltr'><strong><em>diaconus</em></strong></span> <span class='ocrx_word' id='word_1_90' title='bbox 1176 1332 1292 1385; x_wconf 89' lang='lat' dir='ltr'><strong><em>vino</em></strong></span> <span class='ocrx_word' id='word_1_91' title='bbox 1342 1333 1568 1385; x_wconf 86' lang='lat' dir='ltr'><strong><em>misceat.</em></strong></span> <span class='ocrx_word' id='word_1_92' title='bbox 1604 1329 1754 1384; x_wconf 90' lang='lat' dir='ltr'><strong><em>Dulci</em></strong></span> 
     </span>
    </p>
   </div>
   <div class='ocr_carea' id='block_1_14' title="bbox 145 1417 1754 1489">
    <p class='ocr_par' dir='ltr' id='par_1_14' title="bbox 145 1417 1754 1489">
     <span class='ocr_line' id='line_1_14' title="bbox 145 1417 1754 1489; baseline -0.001 -16"><span class='ocrx_word' id='word_1_93' title='bbox 145 1419 277 1473; x_wconf 72' lang='lat' dir='ltr'><strong><em>enim</em></strong></span> <span class='ocrx_word' id='word_1_94' title='bbox 317 1418 567 1471; x_wconf 88' lang='lat' dir='ltr'><strong><em>cantoris</em></strong></span> <span class='ocrx_word' id='word_1_95' title='bbox 610 1417 962 1472; x_wconf 85' lang='lat' dir='ltr'><strong><em>modulatione</em></strong></span> <span class='ocrx_word' id='word_1_96' title='bbox 1011 1418 1235 1489; x_wconf 90' lang='lat' dir='ltr'><strong><em>populus</em></strong></span> <span class='ocrx_word' id='word_1_97' title='bbox 1274 1420 1359 1487; x_wconf 88' lang='lat' dir='ltr'><strong><em>pia</em></strong></span> <span class='ocrx_word' id='word_1_98' title='bbox 1404 1420 1668 1473; x_wconf 80' lang='lat' dir='ltr'><strong><em>devotione</em></strong></span> <span class='ocrx_word' id='word_1_99' title='bbox 1707 1428 1754 1473; x_wconf 89' lang='lat' dir='ltr'><strong><em>et</em></strong></span> 
     </span>
    </p>
   </div>
   <div class='ocr_carea' id='block_1_15' title="bbox 144 1508 1754 1577">
    <p class='ocr_par' dir='ltr' id='par_1_15' title="bbox 144 1508 1754 1577">
     <span class='ocr_line' id='line_1_15' title="bbox 144 1508 1754 1577; baseline 0.001 -15"><span class='ocrx_word' id='word_1_100' title='bbox 144 1509 313 1563; x_wconf 86' lang='lat' dir='ltr'><strong><em>divino</em></strong></span> <span class='ocrx_word' id='word_1_101' title='bbox 342 1524 535 1562; x_wconf 89' lang='lat' dir='ltr'><strong><em>amore</em></strong></span> <span class='ocrx_word' id='word_1_102' title='bbox 565 1509 889 1577; x_wconf 82' lang='lat' dir='ltr'><strong><em>accenditur,</em></strong></span> <span class='ocrx_word' id='word_1_103' title='bbox 922 1519 968 1564; x_wconf 89' lang='lat' dir='ltr'><strong><em>et</em></strong></span> <span class='ocrx_word' id='word_1_104' title='bbox 992 1510 1065 1563; x_wconf 90' lang='lat' dir='ltr'><strong><em>sic</em></strong></span> <span class='ocrx_word' id='word_1_105' title='bbox 1098 1510 1167 1562; x_wconf 90' lang='lat' dir='ltr'><strong><em>ad</em></strong></span> <span class='ocrx_word' id='word_1_106' title='bbox 1200 1508 1474 1563; x_wconf 90' lang='lat' dir='ltr'><strong><em>Dominum</em></strong></span> <span class='ocrx_word' id='word_1_107' title='bbox 1501 1511 1684 1575; x_wconf 90' lang='lat' dir='ltr'><strong><em>currit,</em></strong></span> <span class='ocrx_word' id='word_1_108' title='bbox 1705 1518 1754 1563; x_wconf 89' lang='lat' dir='ltr'><strong><em>et</em></strong></span> 
     </span>
    </p>
   </div>
   <div class='ocr_carea' id='block_1_16' title="bbox 146 1597 1749 1668">
    <p class='ocr_par' dir='ltr' id='par_1_16' title="bbox 146 1597 1749 1668">
     <span class='ocr_line' id='line_1_16' title="bbox 146 1597 1749 1668; baseline -0.001 -16"><span class='ocrx_word' id='word_1_109' title='bbox 146 1615 298 1653; x_wconf 74' lang='lat' dir='ltr'><strong><em>unum</em></strong></span> <span class='ocrx_word' id='word_1_110' title='bbox 328 1613 530 1666; x_wconf 72' lang='lat' dir='ltr'><strong><em>corpus</em></strong></span> <span class='ocrx_word' id='word_1_111' title='bbox 560 1599 618 1651; x_wconf 88' lang='lat' dir='ltr'><strong><em>in</em></strong></span> <span class='ocrx_word' id='word_1_112' title='bbox 648 1598 853 1653; x_wconf 78' lang='lat' dir='ltr'><strong><em>Christo</em></strong></span> <span class='ocrx_word' id='word_1_113' title='bbox 884 1599 1120 1668; x_wconf 79' lang='lat' dir='ltr'><strong><em>efficitur.</em></strong></span> <span class='ocrx_word' id='word_1_114' title='bbox 1162 1597 1265 1652; x_wconf 91' lang='lat' dir='ltr'><strong><em>Per</em></strong></span> <span class='ocrx_word' id='word_1_115' title='bbox 1296 1600 1469 1651; x_wconf 87' lang='lat' dir='ltr'><strong><em>vinum</em></strong></span> <span class='ocrx_word' id='word_1_116' title='bbox 1496 1598 1749 1665; x_wconf 84' lang='lat' dir='ltr'><strong><em>Christus,</em></strong></span> 
     </span>
    </p>
   </div>
   <div class='ocr_carea' id='block_1_17' title="bbox 145 1690 1754 1761">
    <p class='ocr_par' dir='ltr' id='par_1_17' title="bbox 145 1690 1754 1761">
     <span class='ocr_line' id='line_1_17' title="bbox 145 1690 1754 1761; baseline 0.001 -17"><span class='ocrx_word' id='word_1_117' title='bbox 145 1705 229 1761; x_wconf 79' lang='lat' dir='ltr'><strong><em>per</em></strong></span> <span class='ocrx_word' id='word_1_118' title='bbox 274 1705 472 1756; x_wconf 85' lang='lat' dir='ltr'><strong><em>aquam</em></strong></span> <span class='ocrx_word' id='word_1_119' title='bbox 520 1690 777 1761; x_wconf 85' lang='lat' dir='ltr'><strong><em>populus,</em></strong></span> <span class='ocrx_word' id='word_1_120' title='bbox 828 1707 918 1760; x_wconf 90' lang='lat' dir='ltr'><strong><em>per</em></strong></span> <span class='ocrx_word' id='word_1_121' title='bbox 967 1692 1175 1745; x_wconf 88' lang='lat' dir='ltr'><strong><em>linteam</em></strong></span> <span class='ocrx_word' id='word_1_122' title='bbox 1219 1700 1574 1759; x_wconf 88' lang='lat' dir='ltr'><strong><em>coaperturam</em></strong></span> <span class='ocrx_word' id='word_1_123' title='bbox 1605 1707 1754 1761; x_wconf 75' lang='lat' dir='ltr'><strong><em>aqua:</em></strong></span> 
     </span>
    </p>
   </div>
   <div class='ocr_carea' id='block_1_18' title="bbox 150 1783 1751 1857">
    <p class='ocr_par' dir='ltr' id='par_1_18' title="bbox 150 1783 1751 1857">
     <span class='ocr_line' id='line_1_18' title="bbox 150 1783 1751 1857; baseline 0.002 -20"><span class='ocrx_word' id='word_1_124' title='bbox 150 1784 286 1837; x_wconf 82' lang='lat' dir='ltr'><strong><em>labor</em></strong></span> <span class='ocrx_word' id='word_1_125' title='bbox 330 1783 724 1839; x_wconf 66' lang='lat' dir='ltr'><strong><em>modulationis</em></strong></span> <span class='ocrx_word' id='word_1_126' title='bbox 770 1786 1009 1849; x_wconf 89' lang='lat' dir='ltr'><strong><em>cantoris,</em></strong></span> <span class='ocrx_word' id='word_1_127' title='bbox 1047 1803 1148 1855; x_wconf 91' lang='lat' dir='ltr'><strong><em>quo</em></strong></span> <span class='ocrx_word' id='word_1_128' title='bbox 1193 1786 1440 1839; x_wconf 88' lang='lat' dir='ltr'><strong><em>liberatur</em></strong></span> <span class='ocrx_word' id='word_1_129' title='bbox 1468 1786 1691 1857; x_wconf 85' lang='lat' dir='ltr'><strong><em>papulas</em></strong></span> <span class='ocrx_word' id='word_1_130' title='bbox 1719 1804 1751 1840; x_wconf 91' lang='lat' dir='ltr'><strong><em>a</em></strong></span> 
     </span>
    </p>
   </div>
   <div class='ocr_carea' id='block_1_19' title="bbox 146 1874 1659 1947">
    <p class='ocr_par' dir='ltr' id='par_1_19' title="bbox 146 1874 1659 1947">
     <span class='ocr_line' id='line_1_19' title="bbox 146 1874 1659 1947; baseline 0.001 -18"><span class='ocrx_word' id='word_1_131' title='bbox 146 1876 521 1945; x_wconf 81' lang='lat' dir='ltr'><strong><em>cogitationum</em></strong></span> <span class='ocrx_word' id='word_1_132' title='bbox 553 1877 841 1944; x_wconf 84' lang='lat' dir='ltr'><strong><em>pravitate;</em></strong></span> <span class='ocrx_word' id='word_1_133' title='bbox 873 1875 979 1930; x_wconf 87' lang='lat' dir='ltr'><strong><em>lino</em></strong></span> <span class='ocrx_word' id='word_1_134' title='bbox 1006 1878 1144 1931; x_wconf 86' lang='lat' dir='ltr'><strong><em>enim</em></strong></span> <span class='ocrx_word' id='word_1_135' title='bbox 1173 1876 1316 1931; x_wconf 92' lang='lat' dir='ltr'><strong><em>labor</em></strong></span> <span class='ocrx_word' id='word_1_136' title='bbox 1340 1874 1659 1947; x_wconf 68' lang='lat' dir='ltr'><strong><em>exprimitur.</em></strong></span> 
     </span>
    </p>
   </div>
   <div class='ocr_carea' id='block_1_20' title="bbox 223 1963 1748 2038">
    <p class='ocr_par' dir='ltr' id='par_1_20' title="bbox 223 1963 1748 2038">
     <span class='ocr_line' id='line_1_20' title="bbox 223 1963 1748 2038; baseline 0.003 -19"><span class='ocrx_word' id='word_1_137' title='bbox 223 1963 415 2037; x_wconf 73' lang='grc'>(1065)</span> <span class='ocrx_word' id='word_1_138' title='bbox 447 1966 614 2035; x_wconf 78' lang='lat' dir='ltr'><strong><em>Aqua</em></strong></span> <span class='ocrx_word' id='word_1_139' title='bbox 642 1968 794 2022; x_wconf 86' lang='lat' dir='ltr'><strong><em>mis&#39;a</em></strong></span> <span class='ocrx_word' id='word_1_140' title='bbox 820 1970 956 2033; x_wconf 90' lang='lat' dir='ltr'><strong><em>vino,</em></strong></span> <span class='ocrx_word' id='word_1_141' title='bbox 989 1970 1211 2038; x_wconf 83' lang='lat' dir='ltr'><strong><em>papulas</em></strong></span> <span class='ocrx_word' id='word_1_142' title='bbox 1239 1970 1495 2022; x_wconf 89' lang='lat' dir='ltr'><strong><em>udunatur</em></strong></span> <span class='ocrx_word' id='word_1_143' title='bbox 1523 1968 1748 2025; x_wconf 76' lang='lat' dir='ltr'><strong><em>Christo.</em></strong></span> 
     </span>
    </p>
   </div>
   <div class='ocr_carea' id='block_1_21' title="bbox 149 2057 1751 2131">
    <p class='ocr_par' dir='ltr' id='par_1_21' title="bbox 149 2057 1751 2131">
     <span class='ocr_line' id='line_1_21' title="bbox 149 2057 1751 2131; baseline 0.003 -20"><span class='ocrx_word' id='word_1_144' title='bbox 149 2057 270 2111; x_wconf 76' lang='lat' dir='ltr'><strong><em>Aliis</em></strong></span> <span class='ocrx_word' id='word_1_145' title='bbox 300 2058 484 2111; x_wconf 81' lang='lat' dir='ltr'><strong><em>diebus</em></strong></span> <span class='ocrx_word' id='word_1_146' title='bbox 509 2060 769 2112; x_wconf 84' lang='lat' dir='ltr'><strong><em>ministret</em></strong></span> <span class='ocrx_word' id='word_1_147' title='bbox 797 2075 907 2112; x_wconf 88' lang='lat' dir='ltr'><strong><em>eam</em></strong></span> <span class='ocrx_word' id='word_1_148' title='bbox 935 2060 1224 2129; x_wconf 82' lang='lat' dir='ltr'><strong><em>acolythus.</em></strong></span> <span class='ocrx_word' id='word_1_149' title='bbox 1274 2060 1401 2128; x_wconf 88' lang='grc'>(106</span> <span class='ocrx_word' id='word_1_150' title='bbox 1415 2058 1460 2131; x_wconf 74' lang='lat' dir='ltr'><strong><em>i)</em></strong></span> <span class='ocrx_word' id='word_1_151' title='bbox 1495 2059 1751 2116; x_wconf 88' lang='lat' dir='ltr'><strong><em>Sacerdos</em></strong></span> 
     </span>
    </p>
   </div>
   <div class='ocr_carea' id='block_1_22' title="bbox 152 2145 1753 2215">
    <p class='ocr_par' dir='ltr' id='par_1_22' title="bbox 152 2145 1753 2215">
     <span class='ocr_line' id='line_1_22' title="bbox 152 2145 1753 2215; baseline 0.003 -15"><span class='ocrx_word' id='word_1_152' title='bbox 152 2145 449 2200; x_wconf 77' lang='lat' dir='ltr'><strong><em>oblationem</em></strong></span> <span class='ocrx_word' id='word_1_153' title='bbox 489 2146 579 2199; x_wconf 84' lang='lat' dir='ltr'><strong><em>ita</em></strong></span> <span class='ocrx_word' id='word_1_154' title='bbox 615 2158 905 2215; x_wconf 86' lang='lat' dir='ltr'><strong><em>componat,</em></strong></span> <span class='ocrx_word' id='word_1_155' title='bbox 948 2157 1004 2201; x_wconf 88' lang='lat' dir='ltr'><strong><em>ut</em></strong></span> <span class='ocrx_word' id='word_1_156' title='bbox 1043 2150 1097 2202; x_wconf 89' lang='lat' dir='ltr'><strong><em>in</em></strong></span> <span class='ocrx_word' id='word_1_157' title='bbox 1127 2150 1333 2203; x_wconf 71' lang='lat' dir='ltr'><strong><em>dextera</em></strong></span> <span class='ocrx_word' id='word_1_158' title='bbox 1365 2162 1507 2215; x_wconf 90' lang='lat' dir='ltr'><strong><em>parte</em></strong></span> <span class='ocrx_word' id='word_1_159' title='bbox 1559 2150 1753 2205; x_wconf 77' lang='lat' dir='ltr'><strong><em>(Iostite</em></strong></span> 
     </span>
    </p>
   </div>
   <div class='ocr_carea' id='block_1_23' title="bbox 150 2241 1751 2315">
    <p class='ocr_par' dir='ltr' id='par_1_23' title="bbox 150 2241 1751 2315">
     <span class='ocr_line' id='line_1_23' title="bbox 150 2241 1751 2315; baseline 0.002 -20"><span class='ocrx_word' id='word_1_160' title='bbox 150 2242 349 2296; x_wconf 84' lang='lat' dir='ltr'><strong><em>calicem</em></strong></span> <span class='ocrx_word' id='word_1_161' title='bbox 370 2241 702 2305; x_wconf 87' lang='lat' dir='ltr'><strong><em>constituat;</em></strong></span> <span class='ocrx_word' id='word_1_162' title='bbox 724 2258 755 2294; x_wconf 93' lang='lat' dir='ltr'><strong><em>a</em></strong></span> <span class='ocrx_word' id='word_1_163' title='bbox 777 2243 956 2295; x_wconf 71' lang='lat' dir='ltr'><strong><em>dextro</em></strong></span> <span class='ocrx_word' id='word_1_164' title='bbox 977 2244 1110 2296; x_wconf 87' lang='lat' dir='ltr'><strong><em>enim</em></strong></span> <span class='ocrx_word' id='word_1_165' title='bbox 1138 2245 1292 2297; x_wconf 87' lang='lat' dir='ltr'><strong><em>latere</em></strong></span> <span class='ocrx_word' id='word_1_166' title='bbox 1315 2242 1525 2297; x_wconf 79' lang='lat' dir='ltr'><strong><em>Domini</em></strong></span> <span class='ocrx_word' id='word_1_167' title='bbox 1545 2248 1751 2315; x_wconf 85' lang='lat' dir='ltr'><strong><em>sanguis</em></strong></span> 
     </span>
    </p>
   </div>
   <div class='ocr_carea' id='block_1_24' title="bbox 156 2331 1750 2402">
    <p class='ocr_par' dir='ltr' id='par_1_24' title="bbox 156 2331 1750 2402">
     <span class='ocr_line' id='line_1_24' title="bbox 156 2331 1750 2402; baseline 0.002 -17"><span class='ocrx_word' id='word_1_168' title='bbox 156 2332 358 2401; x_wconf 73' lang='lat' dir='ltr'><strong><em>deﬂuxit</em></strong></span> <span class='ocrx_word' id='word_1_169' title='bbox 384 2339 434 2384; x_wconf 91' lang='lat' dir='ltr'><strong><em>et</em></strong></span> <span class='ocrx_word' id='word_1_170' title='bbox 467 2348 639 2400; x_wconf 72' lang='lat' dir='ltr'><strong><em>aqua.</em></strong></span> <span class='ocrx_word' id='word_1_171' title='bbox 690 2331 877 2397; x_wconf 86' lang='lat' dir='ltr'><strong><em>Sicque</em></strong></span> <span class='ocrx_word' id='word_1_172' title='bbox 907 2334 1164 2402; x_wconf 84' lang='lat' dir='ltr'><strong><em>corporali</em></strong></span> <span class='ocrx_word' id='word_1_173' title='bbox 1206 2345 1445 2402; x_wconf 78' lang='lat' dir='ltr'><strong><em>conperta</em></strong></span> <span class='ocrx_word' id='word_1_174' title='bbox 1488 2335 1750 2389; x_wconf 88' lang='lat' dir='ltr'><strong><em>incensum</em></strong></span> 
     </span>
    </p>
   </div>
   <div class='ocr_carea' id='block_1_25' title="bbox 164 2419 1750 2492">
    <p class='ocr_par' dir='ltr' id='par_1_25' title="bbox 164 2419 1750 2492">
     <span class='ocr_line' id='line_1_25' title="bbox 164 2419 1750 2492; baseline 0.004 -20"><span class='ocrx_word' id='word_1_175' title='bbox 164 2424 371 2488; x_wconf 83' lang='lat' dir='ltr'><strong><em>desuper</em></strong></span> <span class='ocrx_word' id='word_1_176' title='bbox 392 2419 617 2487; x_wconf 63' lang='lat' dir='ltr'><strong><em>oﬁ&#39;erat,</em></strong></span> <span class='ocrx_word' id='word_1_177' title='bbox 650 2430 696 2474; x_wconf 90' lang='lat' dir='ltr'><strong><em>et</em></strong></span> <span class='ocrx_word' id='word_1_178' title='bbox 723 2422 796 2474; x_wconf 84' lang='lat' dir='ltr'><strong><em>sic</em></strong></span> <span class='ocrx_word' id='word_1_179' title='bbox 824 2422 1040 2475; x_wconf 88' lang='lat' dir='ltr'><strong><em>diacono</em></strong></span> <span class='ocrx_word' id='word_1_180' title='bbox 1058 2423 1303 2492; x_wconf 77' lang='lat' dir='ltr'><strong><em>prwbeat.</em></strong></span> <span class='ocrx_word' id='word_1_181' title='bbox 1340 2422 1602 2478; x_wconf 84' lang='lat' dir='ltr'><strong><em>Diaconus</em></strong></span> <span class='ocrx_word' id='word_1_182' title='bbox 1630 2441 1750 2478; x_wconf 88' lang='lat' dir='ltr'><strong><em>vero</em></strong></span> 
     </span>
    </p>
   </div>
   <div class='ocr_carea' id='block_1_26' title="bbox 159 2513 1750 2584">
    <p class='ocr_par' dir='ltr' id='par_1_26' title="bbox 159 2513 1750 2584">
     <span class='ocr_line' id='line_1_26' title="bbox 159 2513 1750 2584; baseline 0.004 -21"><span class='ocrx_word' id='word_1_183' title='bbox 159 2513 207 2564; x_wconf 82' lang='lat' dir='ltr'><strong><em>ia</em></strong></span> <span class='ocrx_word' id='word_1_184' title='bbox 236 2513 457 2565; x_wconf 86' lang='lat' dir='ltr'><strong><em>circuitu</em></strong></span> <span class='ocrx_word' id='word_1_185' title='bbox 481 2514 679 2567; x_wconf 86' lang='lat' dir='ltr'><strong><em>altaris</em></strong></span> <span class='ocrx_word' id='word_1_186' title='bbox 705 2515 924 2584; x_wconf 85' lang='lat' dir='ltr'><strong><em>deferat,</em></strong></span> <span class='ocrx_word' id='word_1_187' title='bbox 957 2524 1129 2584; x_wconf 88' lang='lat' dir='ltr'><strong><em>postea</em></strong></span> <span class='ocrx_word' id='word_1_188' title='bbox 1146 2517 1420 2579; x_wconf 85' lang='lat' dir='ltr'><strong><em>sacerdoti,</em></strong></span> <span class='ocrx_word' id='word_1_189' title='bbox 1454 2518 1636 2570; x_wconf 89' lang='lat' dir='ltr'><strong><em>deinde</em></strong></span> <span class='ocrx_word' id='word_1_190' title='bbox 1656 2520 1750 2570; x_wconf 86' lang='lat' dir='ltr'><strong><em>mi-</em></strong></span> 
     </span>
    </p>
   </div>
   <div class='ocr_carea' id='block_1_27' title="bbox 162 2603 1749 2676">
    <p class='ocr_par' dir='ltr' id='par_1_27' title="bbox 162 2603 1749 2676">
     <span class='ocr_line' id='line_1_27' title="bbox 162 2603 1749 2676; baseline 0.005 -22"><span class='ocrx_word' id='word_1_191' title='bbox 162 2603 307 2656; x_wconf 76' lang='lat' dir='ltr'><strong><em>nistro</em></strong></span> <span class='ocrx_word' id='word_1_192' title='bbox 352 2604 571 2669; x_wconf 85' lang='lat' dir='ltr'><strong><em>reddat,</em></strong></span> <span class='ocrx_word' id='word_1_193' title='bbox 618 2614 677 2658; x_wconf 88' lang='lat' dir='ltr'><strong><em>ut</em></strong></span> <span class='ocrx_word' id='word_1_194' title='bbox 703 2606 841 2659; x_wconf 93' lang='lat' dir='ltr'><strong><em>clero</em></strong></span> <span class='ocrx_word' id='word_1_195' title='bbox 894 2605 1184 2676; x_wconf 88' lang='lat' dir='ltr'><strong><em>papuloque</em></strong></span> <span class='ocrx_word' id='word_1_196' title='bbox 1231 2606 1448 2675; x_wconf 82' lang='lat' dir='ltr'><strong><em>deferat.</em></strong></span> <span class='ocrx_word' id='word_1_197' title='bbox 1489 2606 1749 2662; x_wconf 63' lang='lat' dir='ltr'><strong><em>Praeterea</em></strong></span> 
     </span>
    </p>
   </div>
   <div class='ocr_carea' id='block_1_28' title="bbox 157 2692 1745 2769">
    <p class='ocr_par' dir='ltr' id='par_1_28' title="bbox 157 2692 1745 2769">
     <span class='ocr_line' id='line_1_28' title="bbox 157 2692 1745 2769; baseline 0.004 -24"><span class='ocrx_word' id='word_1_198' title='bbox 157 2692 398 2759; x_wconf 90' lang='lat' dir='ltr'><strong><em>accipiens</em></strong></span> <span class='ocrx_word' id='word_1_199' title='bbox 445 2703 699 2765; x_wconf 85' lang='lat' dir='ltr'><strong><em>patenum</em></strong></span> <span class='ocrx_word' id='word_1_200' title='bbox 754 2701 819 2748; x_wconf 90' lang='lat' dir='ltr'><strong><em>de</em></strong></span> <span class='ocrx_word' id='word_1_201' title='bbox 874 2696 1056 2763; x_wconf 87' lang='lat' dir='ltr'><strong><em>altari,</em></strong></span> <span class='ocrx_word' id='word_1_202' title='bbox 1101 2696 1413 2750; x_wconf 85' lang='lat' dir='ltr'><strong><em>subdiacono</em></strong></span> <span class='ocrx_word' id='word_1_203' title='bbox 1469 2698 1745 2769; x_wconf 92' lang='lat' dir='ltr'><strong><em>porrigat,</em></strong></span> 
     </span>
    </p>
   </div>
   <div class='ocr_carea' id='block_1_29' title="bbox 160 2784 1748 2856">
    <p class='ocr_par' dir='ltr' id='par_1_29' title="bbox 160 2784 1748 2856">
     <span class='ocr_line' id='line_1_29' title="bbox 160 2784 1748 2856; baseline 0.003 -21"><span class='ocrx_word' id='word_1_204' title='bbox 160 2784 490 2837; x_wconf 80' lang='lat' dir='ltr'><strong><em>subdiaconus</em></strong></span> <span class='ocrx_word' id='word_1_205' title='bbox 537 2800 680 2849; x_wconf 75' lang='lat' dir='ltr'><strong><em>vero,</em></strong></span> <span class='ocrx_word' id='word_1_206' title='bbox 731 2786 775 2838; x_wconf 87' lang='lat' dir='ltr'><strong><em>si</em></strong></span> <span class='ocrx_word' id='word_1_207' title='bbox 816 2786 993 2855; x_wconf 82' lang='lat' dir='ltr'><strong><em>fuerit,</em></strong></span> <span class='ocrx_word' id='word_1_208' title='bbox 1023 2786 1246 2856; x_wconf 84' lang='lat' dir='ltr'><strong><em>acolyto.</em></strong></span> <span class='ocrx_word' id='word_1_209' title='bbox 1303 2786 1424 2840; x_wconf 85' lang='lat' dir='ltr'><strong><em>Non</em></strong></span> <span class='ocrx_word' id='word_1_210' title='bbox 1457 2788 1572 2840; x_wconf 89' lang='lat' dir='ltr'><strong><em>licet</em></strong></span> <span class='ocrx_word' id='word_1_211' title='bbox 1612 2789 1748 2840; x_wconf 89' lang='lat' dir='ltr'><strong><em>enim</em></strong></span> 
     </span>
    </p>
   </div>
   <div class='ocr_carea' id='block_1_30' title="bbox 158 2871 1748 2945">
    <p class='ocr_par' dir='ltr' id='par_1_30' title="bbox 158 2871 1748 2945">
     <span class='ocr_line' id='line_1_30' title="bbox 158 2871 1748 2945; baseline 0.003 -21"><span class='ocrx_word' id='word_1_212' title='bbox 158 2871 422 2939; x_wconf 74' lang='lat' dir='ltr'><strong><em>quidquam</em></strong></span> <span class='ocrx_word' id='word_1_213' title='bbox 451 2874 599 2926; x_wconf 87' lang='lat' dir='ltr'><strong><em>sacri</em></strong></span> <span class='ocrx_word' id='word_1_214' title='bbox 619 2874 680 2925; x_wconf 90' lang='lat' dir='ltr'><strong><em>ab</em></strong></span> <span class='ocrx_word' id='word_1_215' title='bbox 710 2873 863 2927; x_wconf 87' lang='lat' dir='ltr'><strong><em>altari</em></strong></span> <span class='ocrx_word' id='word_1_216' title='bbox 892 2876 1097 2945; x_wconf 85' lang='lat' dir='ltr'><strong><em>auferre</em></strong></span> <span class='ocrx_word' id='word_1_217' title='bbox 1124 2875 1285 2929; x_wconf 87' lang='lat' dir='ltr'><strong><em>alicui</em></strong></span> <span class='ocrx_word' id='word_1_218' title='bbox 1315 2877 1414 2929; x_wconf 86' lang='lat' dir='ltr'><strong><em>nisi</em></strong></span> <span class='ocrx_word' id='word_1_219' title='bbox 1437 2876 1653 2930; x_wconf 87' lang='lat' dir='ltr'><strong><em>diacono</em></strong></span> <span class='ocrx_word' id='word_1_220' title='bbox 1672 2878 1748 2929; x_wconf 88' lang='lat' dir='ltr'><strong><em>vel</em></strong></span> 
     </span>
    </p>
   </div>
   <div class='ocr_carea' id='block_1_31' title="bbox 163 2960 1748 3033">
    <p class='ocr_par' dir='ltr' id='par_1_31' title="bbox 163 2960 1748 3033">
     <span class='ocr_line' id='line_1_31' title="bbox 163 2960 1748 3033; baseline 0.006 -20"><span class='ocrx_word' id='word_1_221' title='bbox 163 2960 417 3017; x_wconf 83' lang='lat' dir='ltr'><strong><em>sacerdoti.</em></strong></span> <span class='ocrx_word' id='word_1_222' title='bbox 466 2963 665 3033; x_wconf 60' lang='lat'><strong><em>(106.3)</em></strong></span> <span class='ocrx_word' id='word_1_223' title='bbox 712 2963 854 3017; x_wconf 89' lang='lat' dir='ltr'><strong><em>Tunc</em></strong></span> <span class='ocrx_word' id='word_1_224' title='bbox 898 2982 1077 3019; x_wconf 91' lang='lat' dir='ltr'><strong><em>coram</em></strong></span> <span class='ocrx_word' id='word_1_225' title='bbox 1118 2966 1275 3020; x_wconf 89' lang='lat' dir='ltr'><strong><em>altari</em></strong></span> <span class='ocrx_word' id='word_1_226' title='bbox 1320 2976 1425 3021; x_wconf 89' lang='lat' dir='ltr'><strong><em>oret</em></strong></span> <span class='ocrx_word' id='word_1_227' title='bbox 1472 2968 1748 3022; x_wconf 89' lang='lat' dir='ltr'><strong><em>inclinatus</em></strong></span> 
     </span>
    </p>
   </div>
   <div class='ocr_carea' id='block_1_32' title="bbox 161 3052 1748 3128">
    <p class='ocr_par' dir='ltr' id='par_1_32' title="bbox 161 3052 1748 3128">
     <span class='ocr_line' id='line_1_32' title="bbox 161 3052 1748 3128; baseline 0.006 -25"><span class='ocrx_word' id='word_1_228' title='bbox 161 3052 383 3107; x_wconf 87' lang='lat' dir='ltr'><strong><em>sacerdos</em></strong></span> <span class='ocrx_word' id='word_1_229' title='bbox 418 3052 597 3119; x_wconf 84' lang='lat' dir='ltr'><strong><em>solus,</em></strong></span> <span class='ocrx_word' id='word_1_230' title='bbox 644 3055 952 3123; x_wconf 87' lang='lat' dir='ltr'><strong><em>postulando</em></strong></span> <span class='ocrx_word' id='word_1_231' title='bbox 992 3066 1046 3109; x_wconf 92' lang='lat' dir='ltr'><strong><em>ut</em></strong></span> <span class='ocrx_word' id='word_1_232' title='bbox 1090 3058 1279 3128; x_wconf 89' lang='lat' dir='ltr'><strong><em>dignus</em></strong></span> <span class='ocrx_word' id='word_1_233' title='bbox 1319 3059 1477 3125; x_wconf 87' lang='lat' dir='ltr'><strong><em>possit</em></strong></span> <span class='ocrx_word' id='word_1_234' title='bbox 1506 3059 1748 3113; x_wconf 85' lang='lat' dir='ltr'><strong><em>accedere</em></strong></span> 
     </span>
    </p>
   </div>
   <div class='ocr_carea' id='block_1_33' title="bbox 165 3146 1745 3205">
    <p class='ocr_par' dir='ltr' id='par_1_33' title="bbox 165 3146 1745 3205">
     <span class='ocr_line' id='line_1_33' title="bbox 165 3146 1745 3205; baseline 0.005 -8"><span class='ocrx_word' id='word_1_235' title='bbox 165 3146 224 3197; x_wconf 89' lang='lat' dir='ltr'><strong><em>ad</em></strong></span> <span class='ocrx_word' id='word_1_236' title='bbox 249 3148 402 3202; x_wconf 88' lang='lat' dir='ltr'><strong><em>altare</em></strong></span> <span class='ocrx_word' id='word_1_237' title='bbox 431 3158 478 3201; x_wconf 89' lang='lat' dir='ltr'><strong><em>et</em></strong></span> <span class='ocrx_word' id='word_1_238' title='bbox 507 3148 753 3202; x_wconf 81' lang='lat' dir='ltr'><strong><em>insistere</em></strong></span> <span class='ocrx_word' id='word_1_239' title='bbox 781 3150 1000 3202; x_wconf 73' lang='lat' dir='ltr'><strong><em>cultibus</em></strong></span> <span class='ocrx_word' id='word_1_240' title='bbox 1046 3150 1248 3205; x_wconf 89' lang='lat' dir='ltr'><strong><em>divinis.</em></strong></span> <span class='ocrx_word' id='word_1_241' title='bbox 1285 3150 1468 3205; x_wconf 82' lang='lat' dir='ltr'><strong><em>Cceteri</em></strong></span> <span class='ocrx_word' id='word_1_242' title='bbox 1506 3167 1619 3205; x_wconf 88' lang='lat' dir='ltr'><strong><em>vero</em></strong></span> <span class='ocrx_word' id='word_1_243' title='bbox 1650 3154 1745 3205; x_wconf 78' lang='lat' dir='ltr'><strong><em>mi-</em></strong></span> 
     </span>
    </p>
   </div>
   <div class='ocr_carea' id='block_1_34' title="bbox 1866 602 3446 676">
    <p class='ocr_par' dir='ltr' id='par_1_34' title="bbox 1866 602 3446 676">
     <span class='ocr_line' id='line_1_34' title="bbox 1866 602 3446 676; baseline 0.006 -23"><span class='ocrx_word' id='word_1_244' title='bbox 1866 602 2118 670; x_wconf 88' lang='lat' dir='ltr'><strong><em>signatur,</em></strong></span> <span class='ocrx_word' id='word_1_245' title='bbox 2146 604 2195 655; x_wconf 93' lang='lat' dir='ltr'><strong><em>in</em></strong></span> <span class='ocrx_word' id='word_1_246' title='bbox 2223 621 2321 673; x_wconf 87' lang='lat' dir='ltr'><strong><em>quo</em></strong></span> <span class='ocrx_word' id='word_1_247' title='bbox 2351 604 2563 670; x_wconf 79' lang='lat' dir='ltr'><strong><em>angelus</em></strong></span> <span class='ocrx_word' id='word_1_248' title='bbox 2591 606 2659 657; x_wconf 91' lang='lat' dir='ltr'><strong><em>ad</em></strong></span> <span class='ocrx_word' id='word_1_249' title='bbox 2680 608 2967 673; x_wconf 84' lang='lat' dir='ltr'><strong><em>sepulcrum</em></strong></span> <span class='ocrx_word' id='word_1_250' title='bbox 2994 609 3195 662; x_wconf 87' lang='lat' dir='ltr'><strong><em>resedit.</em></strong></span> <span class='ocrx_word' id='word_1_251' title='bbox 3233 610 3446 676; x_wconf 78' lang='lat' dir='ltr'><strong><em>Semper</em></strong></span> 
     </span>
    </p>
   </div>
   <div class='ocr_carea' id='block_1_35' title="bbox 1864 692 3445 767">
    <p class='ocr_par' dir='ltr' id='par_1_35' title="bbox 1864 692 3445 767">
     <span class='ocr_line' id='line_1_35' title="bbox 1864 692 3445 767; baseline 0.005 -23"><span class='ocrx_word' id='word_1_252' title='bbox 1864 692 1995 744; x_wconf 86' lang='lat' dir='ltr'><strong><em>enim</em></strong></span> <span class='ocrx_word' id='word_1_253' title='bbox 2023 694 2233 762; x_wconf 87' lang='lat' dir='ltr'><strong><em>angelus</em></strong></span> <span class='ocrx_word' id='word_1_254' title='bbox 2257 696 2540 748; x_wconf 79' lang='lat' dir='ltr'><strong><em>credendus</em></strong></span> <span class='ocrx_word' id='word_1_255' title='bbox 2562 707 2635 749; x_wconf 90' lang='lat' dir='ltr'><strong><em>est</em></strong></span> <span class='ocrx_word' id='word_1_256' title='bbox 2656 700 2830 750; x_wconf 85' lang='lat' dir='ltr'><strong><em>adesse</em></strong></span> <span class='ocrx_word' id='word_1_257' title='bbox 2852 698 3189 752; x_wconf 87' lang='lat' dir='ltr'><strong><em>immolatioui</em></strong></span> <span class='ocrx_word' id='word_1_258' title='bbox 3216 702 3445 767; x_wconf 86' lang='lat' dir='ltr'><strong><em>corporis</em></strong></span> 
     </span>
    </p>
   </div>
   <div class='ocr_carea' id='block_1_36' title="bbox 1863 781 3444 859">
    <p class='ocr_par' dir='ltr' id='par_1_36' title="bbox 1863 781 3444 859">
     <span class='ocr_line' id='line_1_36' title="bbox 1863 781 3444 859; baseline 0.006 -24"><span class='ocrx_word' id='word_1_259' title='bbox 1863 781 2070 835; x_wconf 82' lang='lat' dir='ltr'><strong><em>Christi.</em></strong></span> <span class='ocrx_word' id='word_1_260' title='bbox 2114 782 2217 836; x_wconf 88' lang='lat' dir='ltr'><strong><em>Per</em></strong></span> <span class='ocrx_word' id='word_1_261' title='bbox 2246 784 2431 857; x_wconf 83' lang='grc'>(1069)</span> <span class='ocrx_word' id='word_1_262' title='bbox 2462 787 2733 840; x_wconf 90' lang='lat' dir='ltr'><strong><em>diaconum</em></strong></span> <span class='ocrx_word' id='word_1_263' title='bbox 2765 786 2957 854; x_wconf 79' lang='lat' dir='ltr'><strong><em>Ioseph</em></strong></span> <span class='ocrx_word' id='word_1_264' title='bbox 2986 792 3306 859; x_wconf 72' lang='lat' dir='ltr'><strong><em>exprimitur,</em></strong></span> <span class='ocrx_word' id='word_1_265' title='bbox 3354 809 3444 859; x_wconf 89' lang='lat' dir='ltr'><strong><em>per</em></strong></span> 
     </span>
    </p>
   </div>
   <div class='ocr_carea' id='block_1_37' title="bbox 1861 874 3449 947">
    <p class='ocr_par' dir='ltr' id='par_1_37' title="bbox 1861 874 3449 947">
     <span class='ocr_line' id='line_1_37' title="bbox 1861 874 3449 947; baseline 0.007 -23"><span class='ocrx_word' id='word_1_266' title='bbox 1861 877 2169 927; x_wconf 86' lang='lat' dir='ltr'><strong><em>sacerdotem</em></strong></span> <span class='ocrx_word' id='word_1_267' title='bbox 2204 874 2535 940; x_wconf 82' lang='lat' dir='ltr'><strong><em>Nicedemus,</em></strong></span> <span class='ocrx_word' id='word_1_268' title='bbox 2570 894 2659 947; x_wconf 90' lang='lat' dir='ltr'><strong><em>per</em></strong></span> <span class='ocrx_word' id='word_1_269' title='bbox 2680 880 3006 933; x_wconf 82' lang='lat' dir='ltr'><strong><em>elevationem</em></strong></span> <span class='ocrx_word' id='word_1_270' title='bbox 3036 883 3098 934; x_wconf 92' lang='lat' dir='ltr'><strong><em>de</em></strong></span> <span class='ocrx_word' id='word_1_271' title='bbox 3134 884 3287 934; x_wconf 84' lang='lat' dir='ltr'><strong><em>altari</em></strong></span> <span class='ocrx_word' id='word_1_272' title='bbox 3339 883 3449 935; x_wconf 83' lang='lat' dir='ltr'><strong><em>llo-</em></strong></span> 
     </span>
    </p>
   </div>
   <div class='ocr_carea' id='block_1_38' title="bbox 1859 965 3439 1040">
    <p class='ocr_par' dir='ltr' id='par_1_38' title="bbox 1859 965 3439 1040">
     <span class='ocr_line' id='line_1_38' title="bbox 1859 965 3439 1040; baseline 0.006 -24"><span class='ocrx_word' id='word_1_273' title='bbox 1859 965 1972 1017; x_wconf 82' lang='lat' dir='ltr'><strong><em>stice</em></strong></span> <span class='ocrx_word' id='word_1_274' title='bbox 1988 965 2238 1033; x_wconf 88' lang='lat' dir='ltr'><strong><em>depositio</em></strong></span> <span class='ocrx_word' id='word_1_275' title='bbox 2262 968 2447 1019; x_wconf 81' lang='lat' dir='ltr'><strong><em>Christi</em></strong></span> <span class='ocrx_word' id='word_1_276' title='bbox 2472 969 2533 1020; x_wconf 89' lang='lat' dir='ltr'><strong><em>de</em></strong></span> <span class='ocrx_word' id='word_1_277' title='bbox 2562 985 2730 1034; x_wconf 89' lang='lat' dir='ltr'><strong><em>cruce,</em></strong></span> <span class='ocrx_word' id='word_1_278' title='bbox 2756 987 2843 1037; x_wconf 90' lang='lat' dir='ltr'><strong><em>per</em></strong></span> <span class='ocrx_word' id='word_1_279' title='bbox 2864 972 3231 1040; x_wconf 68' lang='lat' dir='ltr'><strong><em>depositioncm</em></strong></span> <span class='ocrx_word' id='word_1_280' title='bbox 3260 975 3439 1027; x_wconf 75' lang='lat' dir='ltr'><strong><em>iterum</em></strong></span> 
     </span>
    </p>
   </div>
   <div class='ocr_carea' id='block_1_39' title="bbox 1858 1055 3435 1130">
    <p class='ocr_par' dir='ltr' id='par_1_39' title="bbox 1858 1055 3435 1130">
     <span class='ocr_line' id='line_1_39' title="bbox 1858 1055 3435 1130; baseline 0.008 -25"><span class='ocrx_word' id='word_1_281' title='bbox 1858 1055 1911 1107; x_wconf 89' lang='lat' dir='ltr'><strong><em>in</em></strong></span> <span class='ocrx_word' id='word_1_282' title='bbox 1944 1059 2095 1109; x_wconf 90' lang='lat' dir='ltr'><strong><em>altari</em></strong></span> <span class='ocrx_word' id='word_1_283' title='bbox 2131 1057 2394 1126; x_wconf 86' lang='lat' dir='ltr'><strong><em>sepultura</em></strong></span> <span class='ocrx_word' id='word_1_284' title='bbox 2422 1056 2628 1113; x_wconf 86' lang='lat' dir='ltr'><strong><em>Christi.</em></strong></span> <span class='ocrx_word' id='word_1_285' title='bbox 2651 1059 2775 1113; x_wconf 86' lang='lat' dir='ltr'><strong><em>Post</em></strong></span> <span class='ocrx_word' id='word_1_286' title='bbox 2804 1078 2918 1130; x_wconf 76' lang='lat' dir='ltr'><strong><em>qua:</em></strong></span> <span class='ocrx_word' id='word_1_287' title='bbox 2955 1066 3194 1116; x_wconf 79' lang='lat' dir='ltr'><strong><em>sacerdos</em></strong></span> <span class='ocrx_word' id='word_1_288' title='bbox 3226 1064 3435 1117; x_wconf 85' lang='lat' dir='ltr'><strong><em>Oratio-</em></strong></span> 
     </span>
    </p>
   </div>
   <div class='ocr_carea' id='block_1_40' title="bbox 1858 1146 3443 1219">
    <p class='ocr_par' dir='ltr' id='par_1_40' title="bbox 1858 1146 3443 1219">
     <span class='ocr_line' id='line_1_40' title="bbox 1858 1146 3443 1219; baseline 0.007 -22"><span class='ocrx_word' id='word_1_289' title='bbox 1858 1160 1974 1197; x_wconf 86' lang='lat' dir='ltr'><strong><em>nem</em></strong></span> <span class='ocrx_word' id='word_1_290' title='bbox 2016 1146 2339 1199; x_wconf 89' lang='lat' dir='ltr'><strong><em>Dominicam</em></strong></span> <span class='ocrx_word' id='word_1_291' title='bbox 2377 1150 2481 1201; x_wconf 92' lang='lat' dir='ltr'><strong><em>alta</em></strong></span> <span class='ocrx_word' id='word_1_292' title='bbox 2512 1166 2629 1202; x_wconf 85' lang='lat' dir='ltr'><strong><em>voce</em></strong></span> <span class='ocrx_word' id='word_1_293' title='bbox 2658 1153 2899 1219; x_wconf 85' lang='lat' dir='ltr'><strong><em>proferat.</em></strong></span> <span class='ocrx_word' id='word_1_294' title='bbox 2948 1152 3049 1206; x_wconf 82' lang='lat' dir='ltr'><strong><em>Per</em></strong></span> <span class='ocrx_word' id='word_1_295' title='bbox 3079 1154 3443 1209; x_wconf 76' lang='lat' dir='ltr'><strong><em>exultationem</em></strong></span> 
     </span>
    </p>
   </div>
   <div class='ocr_carea' id='block_1_41' title="bbox 1858 1236 3442 1314">
    <p class='ocr_par' dir='ltr' id='par_1_41' title="bbox 1858 1236 3442 1314">
     <span class='ocr_line' id='line_1_41' title="bbox 1858 1236 3442 1314; baseline 0.004 -24"><span class='ocrx_word' id='word_1_296' title='bbox 1858 1236 2141 1292; x_wconf 67' lang='lat' dir='ltr'><strong><em>Dominicaz</em></strong></span> <span class='ocrx_word' id='word_1_297' title='bbox 2182 1239 2446 1293; x_wconf 84' lang='lat' dir='ltr'><strong><em>Orationis</em></strong></span> <span class='ocrx_word' id='word_1_298' title='bbox 2492 1241 2867 1294; x_wconf 83' lang='lat' dir='ltr'><strong><em>demonstratur</em></strong></span> <span class='ocrx_word' id='word_1_299' title='bbox 2898 1253 3086 1297; x_wconf 78' lang='lat' dir='ltr'><strong><em>nostra:</em></strong></span> <span class='ocrx_word' id='word_1_300' title='bbox 3134 1246 3300 1298; x_wconf 87' lang='lat' dir='ltr'><strong><em>unitas</em></strong></span> <span class='ocrx_word' id='word_1_301' title='bbox 3333 1248 3442 1314; x_wconf 79' lang='lat' dir='ltr'><strong><em>fra-</em></strong></span> 
     </span>
    </p>
   </div>
   <div class='ocr_carea' id='block_1_42' title="bbox 1857 1326 3444 1397">
    <p class='ocr_par' dir='ltr' id='par_1_42' title="bbox 1857 1326 3444 1397">
     <span class='ocr_line' id='line_1_42' title="bbox 1857 1326 3444 1397; baseline 0.004 -17"><span class='ocrx_word' id='word_1_302' title='bbox 1857 1328 2130 1381; x_wconf 87' lang='lat' dir='ltr'><strong><em>ternitatis.</em></strong></span> <span class='ocrx_word' id='word_1_303' title='bbox 2160 1328 2299 1381; x_wconf 87' lang='lat' dir='ltr'><strong><em>Deus</em></strong></span> <span class='ocrx_word' id='word_1_304' title='bbox 2327 1332 2459 1381; x_wconf 89' lang='lat' dir='ltr'><strong><em>enim</em></strong></span> <span class='ocrx_word' id='word_1_305' title='bbox 2487 1326 2642 1381; x_wconf 91' lang='lat' dir='ltr'><strong><em>Pater</em></strong></span> <span class='ocrx_word' id='word_1_306' title='bbox 2670 1340 2856 1393; x_wconf 89' lang='lat' dir='ltr'><strong><em>noster,</em></strong></span> <span class='ocrx_word' id='word_1_307' title='bbox 2900 1334 3039 1397; x_wconf 75' lang='lat' dir='ltr'><strong><em>pacis</em></strong></span> <span class='ocrx_word' id='word_1_308' title='bbox 3065 1345 3109 1385; x_wconf 89' lang='lat' dir='ltr'><strong><em>et</em></strong></span> <span class='ocrx_word' id='word_1_309' title='bbox 3149 1336 3444 1387; x_wconf 67' lang='lat' dir='ltr'><strong><em>concordia!</em></strong></span> 
     </span>
    </p>
   </div>
   <div class='ocr_carea' id='block_1_43' title="bbox 1859 1416 3441 1491">
    <p class='ocr_par' dir='ltr' id='par_1_43' title="bbox 1859 1416 3441 1491">
     <span class='ocr_line' id='line_1_43' title="bbox 1859 1416 3441 1491; baseline 0.004 -21"><span class='ocrx_word' id='word_1_310' title='bbox 1859 1416 2131 1487; x_wconf 83' lang='lat' dir='ltr'><strong><em>Magister,</em></strong></span> <span class='ocrx_word' id='word_1_311' title='bbox 2160 1418 2233 1471; x_wconf 89' lang='lat' dir='ltr'><strong><em>sic</em></strong></span> <span class='ocrx_word' id='word_1_312' title='bbox 2255 1434 2343 1472; x_wconf 91' lang='lat' dir='ltr'><strong><em>nos</em></strong></span> <span class='ocrx_word' id='word_1_313' title='bbox 2367 1434 2521 1471; x_wconf 89' lang='lat' dir='ltr'><strong><em>unum</em></strong></span> <span class='ocrx_word' id='word_1_314' title='bbox 2551 1435 2643 1486; x_wconf 92' lang='lat' dir='ltr'><strong><em>pro</em></strong></span> <span class='ocrx_word' id='word_1_315' title='bbox 2665 1421 2896 1472; x_wconf 88' lang='lat' dir='ltr'><strong><em>omnibus</em></strong></span> <span class='ocrx_word' id='word_1_316' title='bbox 2921 1437 3068 1473; x_wconf 90' lang='lat' dir='ltr'><strong><em>orare</em></strong></span> <span class='ocrx_word' id='word_1_317' title='bbox 3091 1421 3282 1487; x_wconf 84' lang='lat' dir='ltr'><strong><em>docuit,</em></strong></span> <span class='ocrx_word' id='word_1_318' title='bbox 3311 1440 3441 1491; x_wconf 84' lang='lat' dir='ltr'><strong><em>quo-</em></strong></span> 
     </span>
    </p>
   </div>
   <div class='ocr_carea' id='block_1_44' title="bbox 1857 1506 3439 1577">
    <p class='ocr_par' dir='ltr' id='par_1_44' title="bbox 1857 1506 3439 1577">
     <span class='ocr_line' id='line_1_44' title="bbox 1857 1506 3439 1577; baseline 0.006 -18"><span class='ocrx_word' id='word_1_319' title='bbox 1857 1507 2007 1560; x_wconf 85' lang='lat' dir='ltr'><strong><em>modo</em></strong></span> <span class='ocrx_word' id='word_1_320' title='bbox 2034 1508 2087 1561; x_wconf 89' lang='lat' dir='ltr'><strong><em>in</em></strong></span> <span class='ocrx_word' id='word_1_321' title='bbox 2125 1523 2227 1561; x_wconf 87' lang='lat' dir='ltr'><strong><em>uno</em></strong></span> <span class='ocrx_word' id='word_1_322' title='bbox 2258 1524 2432 1561; x_wconf 90' lang='lat' dir='ltr'><strong><em>omnes</em></strong></span> <span class='ocrx_word' id='word_1_323' title='bbox 2473 1509 2707 1577; x_wconf 87' lang='lat' dir='ltr'><strong><em>portavit.</em></strong></span> <span class='ocrx_word' id='word_1_324' title='bbox 2742 1506 2889 1562; x_wconf 90' lang='lat' dir='ltr'><strong><em>Clero</em></strong></span> <span class='ocrx_word' id='word_1_325' title='bbox 2926 1510 3032 1564; x_wconf 86' lang='lat' dir='ltr'><strong><em>Sed</em></strong></span> <span class='ocrx_word' id='word_1_326' title='bbox 3069 1510 3228 1564; x_wconf 78' lang='lat' dir='ltr'><strong><em>libera</em></strong></span> <span class='ocrx_word' id='word_1_327' title='bbox 3273 1527 3368 1566; x_wconf 85' lang='lat' dir='ltr'><strong><em>nos</em></strong></span> <span class='ocrx_word' id='word_1_328' title='bbox 3409 1528 3439 1568; x_wconf 86' lang='lat' dir='ltr'><strong><em>a</em></strong></span> 
     </span>
    </p>
   </div>
   <div class='ocr_carea' id='block_1_45' title="bbox 1857 1597 3437 1672">
    <p class='ocr_par' dir='ltr' id='par_1_45' title="bbox 1857 1597 3437 1672">
     <span class='ocr_line' id='line_1_45' title="bbox 1857 1597 3437 1672; baseline 0.004 -22"><span class='ocrx_word' id='word_1_329' title='bbox 1857 1597 2003 1650; x_wconf 87' lang='lat' dir='ltr'><strong><em>malo</em></strong></span> <span class='ocrx_word' id='word_1_330' title='bbox 2036 1598 2389 1667; x_wconf 89' lang='lat' dir='ltr'><strong><em>respondente,</em></strong></span> <span class='ocrx_word' id='word_1_331' title='bbox 2418 1598 2605 1668; x_wconf 90' lang='grc'>(1070)</span> <span class='ocrx_word' id='word_1_332' title='bbox 2636 1599 2865 1668; x_wconf 88' lang='lat' dir='ltr'><strong><em>ofﬁcium</em></strong></span> <span class='ocrx_word' id='word_1_333' title='bbox 2896 1604 3291 1656; x_wconf 83' lang='lat' dir='ltr'><strong><em>consecrationis</em></strong></span> <span class='ocrx_word' id='word_1_334' title='bbox 3320 1621 3437 1672; x_wconf 89' lang='lat' dir='ltr'><strong><em>per-</em></strong></span> 
     </span>
    </p>
   </div>
   <div class='ocr_carea' id='block_1_46' title="bbox 1854 1686 3436 1755">
    <p class='ocr_par' dir='ltr' id='par_1_46' title="bbox 1854 1686 3436 1755">
     <span class='ocr_line' id='line_1_46' title="bbox 1854 1686 3436 1755; baseline 0.004 -15"><span class='ocrx_word' id='word_1_335' title='bbox 1854 1686 2017 1755; x_wconf 87' lang='lat' dir='ltr'><strong><em>ﬁciat.</em></strong></span> <span class='ocrx_word' id='word_1_336' title='bbox 2064 1686 2169 1743; x_wconf 91' lang='lat' dir='ltr'><strong><em>Sed</em></strong></span> <span class='ocrx_word' id='word_1_337' title='bbox 2213 1688 2379 1741; x_wconf 84' lang='lat' dir='ltr'><strong><em>libera</em></strong></span> <span class='ocrx_word' id='word_1_338' title='bbox 2410 1689 2583 1754; x_wconf 88' lang='lat' dir='ltr'><strong><em>dicto,</em></strong></span> <span class='ocrx_word' id='word_1_339' title='bbox 2625 1690 2877 1743; x_wconf 83' lang='lat' dir='ltr'><strong><em>diaconus</em></strong></span> <span class='ocrx_word' id='word_1_340' title='bbox 2918 1702 2967 1745; x_wconf 92' lang='lat' dir='ltr'><strong><em>et</em></strong></span> <span class='ocrx_word' id='word_1_341' title='bbox 3012 1692 3354 1745; x_wconf 86' lang='lat' dir='ltr'><strong><em>subdiaconus</em></strong></span> <span class='ocrx_word' id='word_1_342' title='bbox 3384 1710 3436 1747; x_wconf 93' lang='lat' dir='ltr'><strong><em>se</em></strong></span> 
     </span>
    </p>
   </div>
   <div class='ocr_carea' id='block_1_47' title="bbox 1855 1777 3442 1851">
    <p class='ocr_par' dir='ltr' id='par_1_47' title="bbox 1855 1777 3442 1851">
     <span class='ocr_line' id='line_1_47' title="bbox 1855 1777 3442 1851; baseline 0.006 -22"><span class='ocrx_word' id='word_1_343' title='bbox 1855 1777 2074 1846; x_wconf 87' lang='lat' dir='ltr'><strong><em>erigant,</em></strong></span> <span class='ocrx_word' id='word_1_344' title='bbox 2104 1786 2151 1830; x_wconf 92' lang='lat' dir='ltr'><strong><em>et</em></strong></span> <span class='ocrx_word' id='word_1_345' title='bbox 2176 1778 2351 1833; x_wconf 81' lang='lat' dir='ltr'><strong><em>oculos</em></strong></span> <span class='ocrx_word' id='word_1_346' title='bbox 2381 1779 2435 1832; x_wconf 90' lang='lat' dir='ltr'><strong><em>in</em></strong></span> <span class='ocrx_word' id='word_1_347' title='bbox 2467 1778 2722 1833; x_wconf 79' lang='lat' dir='ltr'><strong><em>Dominici</em></strong></span> <span class='ocrx_word' id='word_1_348' title='bbox 2749 1782 2975 1851; x_wconf 89' lang='lat' dir='ltr'><strong><em>corporis</em></strong></span> <span class='ocrx_word' id='word_1_349' title='bbox 3005 1785 3442 1838; x_wconf 84' lang='lat' dir='ltr'><strong><em>consecrationem</em></strong></span> 
     </span>
    </p>
   </div>
   <div class='ocr_carea' id='block_1_48' title="bbox 1787 1870 3443 1947">
    <p class='ocr_par' dir='ltr' id='par_1_48' title="bbox 1787 1870 3443 1947">
     <span class='ocr_line' id='line_1_48' title="bbox 1787 1870 3443 1947; baseline 0.005 -26"><span class='ocrx_word' id='word_1_350' title='bbox 1787 1883 1833 1943; x_wconf 70' lang='grc' dir='ltr'><strong><em>Β</em></strong></span> <span class='ocrx_word' id='word_1_351' title='bbox 1859 1870 2145 1925; x_wconf 90' lang='lat' dir='ltr'><strong><em>intendant.</em></strong></span> <span class='ocrx_word' id='word_1_352' title='bbox 2175 1871 2259 1923; x_wconf 83' lang='lat' dir='ltr'><strong><em>Ait</em></strong></span> <span class='ocrx_word' id='word_1_353' title='bbox 2286 1872 2419 1924; x_wconf 89' lang='lat' dir='ltr'><strong><em>enim</em></strong></span> <span class='ocrx_word' id='word_1_354' title='bbox 2458 1874 2765 1943; x_wconf 87' lang='lat' dir='ltr'><strong><em>evangelista</em></strong></span> <span class='ocrx_word' id='word_1_355' title='bbox 2793 1875 2915 1942; x_wconf 86' lang='lat' dir='ltr'><strong><em>quia</em></strong></span> <span class='ocrx_word' id='word_1_356' title='bbox 2958 1877 3063 1928; x_wconf 89' lang='lat' dir='ltr'><strong><em>noti</em></strong></span> <span class='ocrx_word' id='word_1_357' title='bbox 3090 1879 3200 1947; x_wconf 85' lang='lat' dir='ltr'><strong><em>ejus</em></strong></span> <span class='ocrx_word' id='word_1_358' title='bbox 3228 1892 3263 1928; x_wconf 93' lang='lat' dir='ltr'><strong><em>a</em></strong></span> <span class='ocrx_word' id='word_1_359' title='bbox 3293 1876 3443 1945; x_wconf 88' lang='lat' dir='ltr'><strong><em>longe</em></strong></span> 
     </span>
    </p>
   </div>
   <div class='ocr_carea' id='block_1_49' title="bbox 1856 1961 3438 2036">
    <p class='ocr_par' dir='ltr' id='par_1_49' title="bbox 1856 1961 3438 2036">
     <span class='ocr_line' id='line_1_49' title="bbox 1856 1961 3438 2036; baseline 0.003 -22"><span class='ocrx_word' id='word_1_360' title='bbox 1856 1961 2077 2025; x_wconf 86' lang='lat' dir='ltr'><strong><em>stabant,</em></strong></span> <span class='ocrx_word' id='word_1_361' title='bbox 2124 1978 2218 2015; x_wconf 92' lang='lat' dir='ltr'><strong><em>sua</em></strong></span> <span class='ocrx_word' id='word_1_362' title='bbox 2245 1972 2451 2029; x_wconf 90' lang='lat' dir='ltr'><strong><em>pectora</em></strong></span> <span class='ocrx_word' id='word_1_363' title='bbox 2481 1967 2834 2033; x_wconf 88' lang='lat' dir='ltr'><strong><em>percutientes.</em></strong></span> <span class='ocrx_word' id='word_1_364' title='bbox 2874 1966 2974 2021; x_wconf 88' lang='lat' dir='ltr'><strong><em>Ubi</em></strong></span> <span class='ocrx_word' id='word_1_365' title='bbox 3004 1983 3122 2036; x_wconf 87' lang='lat' dir='ltr'><strong><em>ergo</em></strong></span> <span class='ocrx_word' id='word_1_366' title='bbox 3167 1969 3236 2020; x_wconf 89' lang='lat' dir='ltr'><strong><em>ad</em></strong></span> <span class='ocrx_word' id='word_1_367' title='bbox 3269 1968 3438 2019; x_wconf 91' lang='lat' dir='ltr'><strong><em>locum</em></strong></span> 
     </span>
    </p>
   </div>
   <div class='ocr_carea' id='block_1_50' title="bbox 1861 2049 3439 2126">
    <p class='ocr_par' dir='ltr' id='par_1_50' title="bbox 1861 2049 3439 2126">
     <span class='ocr_line' id='line_1_50' title="bbox 1861 2049 3439 2126; baseline 0.004 -22"><span class='ocrx_word' id='word_1_368' title='bbox 1861 2049 1935 2105; x_wconf 85' lang='lat' dir='ltr'><strong><em>Da</em></strong></span> <span class='ocrx_word' id='word_1_369' title='bbox 1963 2050 2224 2120; x_wconf 83' lang='lat' dir='ltr'><strong><em>propitius</em></strong></span> <span class='ocrx_word' id='word_1_370' title='bbox 2258 2066 2440 2119; x_wconf 86' lang='lat' dir='ltr'><strong><em>pacem</em></strong></span> <span class='ocrx_word' id='word_1_371' title='bbox 2476 2057 2682 2123; x_wconf 84' lang='lat' dir='ltr'><strong><em>venerit,</em></strong></span> <span class='ocrx_word' id='word_1_372' title='bbox 2716 2056 2902 2124; x_wconf 89' lang='grc'>(1071)</span> <span class='ocrx_word' id='word_1_373' title='bbox 2926 2058 3012 2126; x_wconf 86' lang='lat' dir='ltr'><strong><em>qui</em></strong></span> <span class='ocrx_word' id='word_1_374' title='bbox 3033 2059 3255 2111; x_wconf 88' lang='lat' dir='ltr'><strong><em>.mantili</em></strong></span> <span class='ocrx_word' id='word_1_375' title='bbox 3285 2058 3439 2110; x_wconf 87' lang='lat' dir='ltr'><strong><em>indu-</em></strong></span> 
     </span>
    </p>
   </div>
   <div class='ocr_carea' id='block_1_51' title="bbox 1856 2144 3436 2219">
    <p class='ocr_par' dir='ltr' id='par_1_51' title="bbox 1856 2144 3436 2219">
     <span class='ocr_line' id='line_1_51' title="bbox 1856 2144 3436 2219; baseline 0.006 -25"><span class='ocrx_word' id='word_1_376' title='bbox 1856 2151 1936 2196; x_wconf 90' lang='lat' dir='ltr'><strong><em>tus</em></strong></span> <span class='ocrx_word' id='word_1_377' title='bbox 1967 2153 2195 2197; x_wconf 89' lang='lat' dir='ltr'><strong><em>tenuerat</em></strong></span> <span class='ocrx_word' id='word_1_378' title='bbox 2224 2144 2417 2216; x_wconf 80' lang='lat' dir='ltr'><strong><em>[Forte</em></strong></span> <span class='ocrx_word' id='word_1_379' title='bbox 2447 2146 2550 2217; x_wconf 88' lang='lat' dir='ltr'><strong><em>leg.</em></strong></span> <span class='ocrx_word' id='word_1_380' title='bbox 2574 2148 2841 2219; x_wconf 75' lang='lat' dir='ltr'><strong><em>patenum]</em></strong></span> <span class='ocrx_word' id='word_1_381' title='bbox 2864 2149 3200 2216; x_wconf 90' lang='lat' dir='ltr'><strong><em>subdiucono,</em></strong></span> <span class='ocrx_word' id='word_1_382' title='bbox 3228 2153 3436 2205; x_wconf 85' lang='lat' dir='ltr'><strong><em>subdia-</em></strong></span> 
     </span>
    </p>
   </div>
   <div class='ocr_carea' id='block_1_52' title="bbox 1856 2236 3434 2310">
    <p class='ocr_par' dir='ltr' id='par_1_52' title="bbox 1856 2236 3434 2310">
     <span class='ocr_line' id='line_1_52' title="bbox 1856 2236 3434 2310; baseline 0.004 -22"><span class='ocrx_word' id='word_1_383' title='bbox 1856 2251 2013 2289; x_wconf 89' lang='lat' dir='ltr'><strong><em>conus</em></strong></span> <span class='ocrx_word' id='word_1_384' title='bbox 2044 2236 2278 2303; x_wconf 90' lang='lat' dir='ltr'><strong><em>diacono,</em></strong></span> <span class='ocrx_word' id='word_1_385' title='bbox 2312 2239 2559 2292; x_wconf 89' lang='lat' dir='ltr'><strong><em>diacouus</em></strong></span> <span class='ocrx_word' id='word_1_386' title='bbox 2590 2241 2844 2293; x_wconf 90' lang='lat' dir='ltr'><strong><em>sacerdoti</em></strong></span> <span class='ocrx_word' id='word_1_387' title='bbox 2874 2240 3055 2307; x_wconf 74' lang='lat' dir='ltr'><strong><em>offerat</em></strong></span> <span class='ocrx_word' id='word_1_388' title='bbox 3077 2284 3091 2307; x_wconf 94' lang='lat'><strong><em>,</em></strong></span> <span class='ocrx_word' id='word_1_389' title='bbox 3126 2244 3178 2295; x_wconf 91' lang='lat' dir='ltr'><strong><em>in</em></strong></span> <span class='ocrx_word' id='word_1_390' title='bbox 3206 2260 3305 2310; x_wconf 91' lang='lat' dir='ltr'><strong><em>qua</em></strong></span> <span class='ocrx_word' id='word_1_391' title='bbox 3349 2259 3434 2295; x_wconf 87' lang='lat' dir='ltr'><strong><em>sa-</em></strong></span> 
     </span>
    </p>
   </div>
   <div class='ocr_carea' id='block_1_53' title="bbox 1852 2328 3431 2402">
    <p class='ocr_par' dir='ltr' id='par_1_53' title="bbox 1852 2328 3431 2402">
     <span class='ocr_line' id='line_1_53' title="bbox 1852 2328 3431 2402; baseline 0.003 -21"><span class='ocrx_word' id='word_1_392' title='bbox 1852 2328 2032 2381; x_wconf 89' lang='lat' dir='ltr'><strong><em>cerdos</em></strong></span> <span class='ocrx_word' id='word_1_393' title='bbox 2059 2344 2240 2398; x_wconf 90' lang='lat' dir='ltr'><strong><em>corpus</em></strong></span> <span class='ocrx_word' id='word_1_394' title='bbox 2273 2328 2481 2382; x_wconf 86' lang='lat' dir='ltr'><strong><em>Domini</em></strong></span> <span class='ocrx_word' id='word_1_395' title='bbox 2508 2331 2777 2397; x_wconf 86' lang='lat' dir='ltr'><strong><em>tripliciter</em></strong></span> <span class='ocrx_word' id='word_1_396' title='bbox 2806 2332 3039 2385; x_wconf 90' lang='lat' dir='ltr'><strong><em>dividat:</em></strong></span> <span class='ocrx_word' id='word_1_397' title='bbox 3069 2349 3287 2402; x_wconf 89' lang='lat' dir='ltr'><strong><em>quarum</em></strong></span> <span class='ocrx_word' id='word_1_398' title='bbox 3315 2349 3431 2401; x_wconf 87' lang='lat' dir='ltr'><strong><em>pur-</em></strong></span> 
     </span>
    </p>
   </div>
   <div class='ocr_carea' id='block_1_54' title="bbox 1854 2416 3432 2486">
    <p class='ocr_par' dir='ltr' id='par_1_54' title="bbox 1854 2416 3432 2486">
     <span class='ocr_line' id='line_1_54' title="bbox 1854 2416 3432 2486; baseline 0.006 -19"><span class='ocrx_word' id='word_1_399' title='bbox 1854 2416 1979 2468; x_wconf 88' lang='lat' dir='ltr'><strong><em>tium</em></strong></span> <span class='ocrx_word' id='word_1_400' title='bbox 2002 2432 2159 2470; x_wconf 91' lang='lat' dir='ltr'><strong><em>unum</em></strong></span> <span class='ocrx_word' id='word_1_401' title='bbox 2187 2420 2422 2472; x_wconf 87' lang='lat' dir='ltr'><strong><em>sacerdos</em></strong></span> <span class='ocrx_word' id='word_1_402' title='bbox 2448 2419 2598 2473; x_wconf 87' lang='lat' dir='ltr'><strong><em>calici</em></strong></span> <span class='ocrx_word' id='word_1_403' title='bbox 2622 2423 2917 2486; x_wconf 86' lang='lat' dir='ltr'><strong><em>immittens,</em></strong></span> <span class='ocrx_word' id='word_1_404' title='bbox 2954 2422 3060 2476; x_wconf 79' lang='lat' dir='ltr'><strong><em>Pax</em></strong></span> <span class='ocrx_word' id='word_1_405' title='bbox 3094 2423 3303 2477; x_wconf 75' lang='lat' dir='ltr'><strong><em>Domini</em></strong></span> <span class='ocrx_word' id='word_1_406' title='bbox 3326 2427 3432 2477; x_wconf 87' lang='lat' dir='ltr'><strong><em>atta</em></strong></span> 
     </span>
    </p>
   </div>
   <div class='ocr_carea' id='block_1_55' title="bbox 1852 2508 3436 2586">
    <p class='ocr_par' dir='ltr' id='par_1_55' title="bbox 1852 2508 3436 2586">
     <span class='ocr_line' id='line_1_55' title="bbox 1852 2508 3436 2586; baseline 0.007 -26"><span class='ocrx_word' id='word_1_407' title='bbox 1852 2522 1971 2561; x_wconf 88' lang='lat' dir='ltr'><strong><em>voce</em></strong></span> <span class='ocrx_word' id='word_1_408' title='bbox 2011 2508 2247 2573; x_wconf 86' lang='lat' dir='ltr'><strong><em>dicendo,</em></strong></span> <span class='ocrx_word' id='word_1_409' title='bbox 2290 2511 2525 2579; x_wconf 90' lang='lat' dir='ltr'><strong><em>protinus</em></strong></span> <span class='ocrx_word' id='word_1_410' title='bbox 2567 2512 2748 2565; x_wconf 90' lang='lat' dir='ltr'><strong><em>subdat</em></strong></span> <span class='ocrx_word' id='word_1_411' title='bbox 2801 2523 2995 2567; x_wconf 91' lang='lat' dir='ltr'><strong><em>secreto</em></strong></span> <span class='ocrx_word' id='word_1_412' title='bbox 3028 2529 3046 2568; x_wconf 92' lang='lat'><strong><em>:</em></strong></span> <span class='ocrx_word' id='word_1_413' title='bbox 3077 2515 3264 2586; x_wconf 70' lang='grc'>(1072)</span> <span class='ocrx_word' id='word_1_414' title='bbox 3320 2517 3436 2571; x_wconf 83' lang='lat' dir='ltr'><strong><em>Fiat</em></strong></span> 
     </span>
    </p>
   </div>
   <div class='ocr_carea' id='block_1_56' title="bbox 1852 2599 3434 2675">
    <p class='ocr_par' dir='ltr' id='par_1_56' title="bbox 1852 2599 3434 2675">
     <span class='ocr_line' id='line_1_56' title="bbox 1852 2599 3434 2675; baseline 0.006 -22"><span class='ocrx_word' id='word_1_415' title='bbox 1852 2599 2155 2654; x_wconf 88' lang='lat' dir='ltr'><strong><em>commistio</em></strong></span> <span class='ocrx_word' id='word_1_416' title='bbox 2185 2600 2343 2655; x_wconf 90' lang='lat' dir='ltr'><strong><em>simul</em></strong></span> <span class='ocrx_word' id='word_1_417' title='bbox 2374 2605 2619 2671; x_wconf 86' lang='lat' dir='ltr'><strong><em>corporis</em></strong></span> <span class='ocrx_word' id='word_1_418' title='bbox 2650 2612 2705 2658; x_wconf 89' lang='lat' dir='ltr'><strong><em>et</em></strong></span> <span class='ocrx_word' id='word_1_419' title='bbox 2727 2606 3000 2675; x_wconf 82' lang='lat' dir='ltr'><strong><em>sanguinis</em></strong></span> <span class='ocrx_word' id='word_1_420' title='bbox 3032 2607 3241 2661; x_wconf 87' lang='lat' dir='ltr'><strong><em>Domini</em></strong></span> <span class='ocrx_word' id='word_1_421' title='bbox 3275 2609 3434 2663; x_wconf 84' lang='lat' dir='ltr'><strong><em>nobis</em></strong></span> 
     </span>
    </p>
   </div>
   <div class='ocr_carea' id='block_1_57' title="bbox 1852 2690 3433 2759">
    <p class='ocr_par' dir='ltr' id='par_1_57' title="bbox 1852 2690 3433 2759">
     <span class='ocr_line' id='line_1_57' title="bbox 1852 2690 3433 2759; baseline 0.004 -15"><span class='ocrx_word' id='word_1_422' title='bbox 1852 2690 2232 2759; x_wconf 83' lang='lat' dir='ltr'><strong><em>accipientibus</em></strong></span> <span class='ocrx_word' id='word_1_423' title='bbox 2275 2692 2328 2746; x_wconf 89' lang='lat' dir='ltr'><strong><em>in</em></strong></span> <span class='ocrx_word' id='word_1_424' title='bbox 2367 2694 2530 2747; x_wconf 85' lang='lat' dir='ltr'><strong><em>vitam</em></strong></span> <span class='ocrx_word' id='word_1_425' title='bbox 2575 2703 2853 2750; x_wconf 63' lang='lat' dir='ltr'><strong><em>reternam.</em></strong></span> <span class='ocrx_word' id='word_1_426' title='bbox 2902 2696 3017 2749; x_wconf 84' lang='lat' dir='ltr'><strong><em>Alia</em></strong></span> <span class='ocrx_word' id='word_1_427' title='bbox 3044 2713 3127 2758; x_wconf 87' lang='lat' dir='ltr'><strong><em>se.</em></strong></span> <span class='ocrx_word' id='word_1_428' title='bbox 3162 2699 3433 2751; x_wconf 84' lang='lat' dir='ltr'><strong><em>diaconum</em></strong></span> 
     </span>
    </p>
   </div>
   <div class='ocr_carea' id='block_1_58' title="bbox 1851 2782 3434 2857">
    <p class='ocr_par' dir='ltr' id='par_1_58' title="bbox 1851 2782 3434 2857">
     <span class='ocr_line' id='line_1_58' title="bbox 1851 2782 3434 2857; baseline 0.003 -22"><span class='ocrx_word' id='word_1_429' title='bbox 1851 2782 2312 2851; x_wconf 83' lang='lat' dir='ltr'><strong><em>subdiaconumque</em></strong></span> <span class='ocrx_word' id='word_1_430' title='bbox 2338 2785 2671 2838; x_wconf 88' lang='lat' dir='ltr'><strong><em>communicet</em></strong></span> <span class='ocrx_word' id='word_1_431' title='bbox 2720 2785 2942 2839; x_wconf 89' lang='lat' dir='ltr'><strong><em>Tertiam</em></strong></span> <span class='ocrx_word' id='word_1_432' title='bbox 2971 2786 3157 2857; x_wconf 78' lang='grc'>(1075)</span> <span class='ocrx_word' id='word_1_433' title='bbox 3174 2788 3434 2849; x_wconf 74' lang='lat' dir='ltr'><strong><em>viaticum,</em></strong></span> 
     </span>
    </p>
   </div>
   <div class='ocr_carea' id='block_1_59' title="bbox 1851 2872 3437 2945">
    <p class='ocr_par' dir='ltr' id='par_1_59' title="bbox 1851 2872 3437 2945">
     <span class='ocr_line' id='line_1_59' title="bbox 1851 2872 3437 2945; baseline 0.005 -21"><span class='ocrx_word' id='word_1_434' title='bbox 1851 2872 1893 2925; x_wconf 89' lang='lat' dir='ltr'><strong><em>si</em></strong></span> <span class='ocrx_word' id='word_1_435' title='bbox 1932 2889 2059 2940; x_wconf 89' lang='lat' dir='ltr'><strong><em>opus</em></strong></span> <span class='ocrx_word' id='word_1_436' title='bbox 2091 2874 2269 2943; x_wconf 79' lang='lat' dir='ltr'><strong><em>fuerit,</em></strong></span> <span class='ocrx_word' id='word_1_437' title='bbox 2301 2876 2355 2927; x_wconf 89' lang='lat' dir='ltr'><strong><em>in</em></strong></span> <span class='ocrx_word' id='word_1_438' title='bbox 2386 2884 2571 2943; x_wconf 87' lang='lat' dir='ltr'><strong><em>patena</em></strong></span> <span class='ocrx_word' id='word_1_439' title='bbox 2598 2891 2755 2943; x_wconf 89' lang='lat' dir='ltr'><strong><em>usque</em></strong></span> <span class='ocrx_word' id='word_1_440' title='bbox 2779 2878 2848 2929; x_wconf 92' lang='lat' dir='ltr'><strong><em>ad</em></strong></span> <span class='ocrx_word' id='word_1_441' title='bbox 2893 2878 3045 2945; x_wconf 90' lang='lat' dir='ltr'><strong><em>ﬁnem</em></strong></span> <span class='ocrx_word' id='word_1_442' title='bbox 3078 2878 3252 2931; x_wconf 72' lang='lat' dir='ltr'><strong><em>Missa:</em></strong></span> <span class='ocrx_word' id='word_1_443' title='bbox 3281 2896 3437 2932; x_wconf 65' lang='lat' dir='ltr'><strong><em>resero</em></strong></span> 
     </span>
    </p>
   </div>
   <div class='ocr_carea' id='block_1_60' title="bbox 1852 2959 3428 3029">
    <p class='ocr_par' dir='ltr' id='par_1_60' title="bbox 1852 2959 3428 3029">
     <span class='ocr_line' id='line_1_60' title="bbox 1852 2959 3428 3029; baseline 0.004 -16"><span class='ocrx_word' id='word_1_444' title='bbox 1852 2970 1951 3013; x_wconf 90' lang='lat' dir='ltr'><strong><em>vet.</em></strong></span> <span class='ocrx_word' id='word_1_445' title='bbox 1980 2959 2084 3013; x_wconf 89' lang='lat' dir='ltr'><strong><em>Per</em></strong></span> <span class='ocrx_word' id='word_1_446' title='bbox 2119 2960 2423 3029; x_wconf 89' lang='lat' dir='ltr'><strong><em>particulam</em></strong></span> <span class='ocrx_word' id='word_1_447' title='bbox 2460 2962 2644 3015; x_wconf 77' lang='lat' dir='ltr'><strong><em>oblatu:</em></strong></span> <span class='ocrx_word' id='word_1_448' title='bbox 2672 2965 2914 3019; x_wconf 76' lang='lat' dir='ltr'><strong><em>immissa:</em></strong></span> <span class='ocrx_word' id='word_1_449' title='bbox 2942 2966 2993 3018; x_wconf 89' lang='lat' dir='ltr'><strong><em>in</em></strong></span> <span class='ocrx_word' id='word_1_450' title='bbox 3026 2968 3231 3019; x_wconf 85' lang='lat' dir='ltr'><strong><em>calicem</em></strong></span> <span class='ocrx_word' id='word_1_451' title='bbox 3262 2977 3428 3019; x_wconf 85' lang='lat' dir='ltr'><strong><em>osten-</em></strong></span> 
     </span>
    </p>
   </div>
   <div class='ocr_carea' id='block_1_61' title="bbox 1851 3050 3436 3121">
    <p class='ocr_par' dir='ltr' id='par_1_61' title="bbox 1851 3050 3436 3121">
     <span class='ocr_line' id='line_1_61' title="bbox 1851 3050 3436 3121; baseline 0.004 -18"><span class='ocrx_word' id='word_1_452' title='bbox 1851 3050 1991 3104; x_wconf 86' lang='lat' dir='ltr'><strong><em>ditur</em></strong></span> <span class='ocrx_word' id='word_1_453' title='bbox 2014 3068 2198 3120; x_wconf 90' lang='lat' dir='ltr'><strong><em>corpus</em></strong></span> <span class='ocrx_word' id='word_1_454' title='bbox 2224 3051 2415 3106; x_wconf 85' lang='lat' dir='ltr'><strong><em>Christi</em></strong></span> <span class='ocrx_word' id='word_1_455' title='bbox 2439 3055 2576 3121; x_wconf 87' lang='lat' dir='ltr'><strong><em>quod</em></strong></span> <span class='ocrx_word' id='word_1_456' title='bbox 2607 3055 2881 3109; x_wconf 77' lang='lat' dir='ltr'><strong><em>resurrexit</em></strong></span> <span class='ocrx_word' id='word_1_457' title='bbox 2913 3072 2945 3107; x_wconf 93' lang='lat' dir='ltr'><strong><em>a</em></strong></span> <span class='ocrx_word' id='word_1_458' title='bbox 2966 3058 3213 3119; x_wconf 87' lang='lat' dir='ltr'><strong><em>mortuis;</em></strong></span> <span class='ocrx_word' id='word_1_459' title='bbox 3237 3072 3325 3121; x_wconf 82' lang='lat' dir='ltr'><strong><em>per</em></strong></span> <span class='ocrx_word' id='word_1_460' title='bbox 3352 3073 3436 3109; x_wconf 80' lang='lat' dir='ltr'><strong><em>ro-</em></strong></span> 
     </span>
    </p>
   </div>
   <div class='ocr_carea' id='block_1_62' title="bbox 1852 3144 3434 3216">
    <p class='ocr_par' dir='ltr' id='par_1_62' title="bbox 1852 3144 3434 3216">
     <span class='ocr_line' id='line_1_62' title="bbox 1852 3144 3434 3216; baseline 0.003 -21"><span class='ocrx_word' id='word_1_461' title='bbox 1852 3152 2062 3197; x_wconf 89' lang='lat' dir='ltr'><strong><em>mestum</em></strong></span> <span class='ocrx_word' id='word_1_462' title='bbox 2090 3161 2120 3197; x_wconf 90' lang='lat' dir='ltr'><strong><em>a</em></strong></span> <span class='ocrx_word' id='word_1_463' title='bbox 2155 3144 2416 3198; x_wconf 90' lang='lat' dir='ltr'><strong><em>sacerdote</em></strong></span> <span class='ocrx_word' id='word_1_464' title='bbox 2436 3146 2513 3199; x_wconf 82' lang='lat' dir='ltr'><strong><em>vel</em></strong></span> <span class='ocrx_word' id='word_1_465' title='bbox 2531 3146 2721 3216; x_wconf 90' lang='lat' dir='ltr'><strong><em>p0pulo</em></strong></span> <span class='ocrx_word' id='word_1_466' title='bbox 2748 3147 3081 3213; x_wconf 85' lang='lat' dir='ltr'><strong><em>viviﬁcantem</em></strong></span> <span class='ocrx_word' id='word_1_467' title='bbox 3114 3163 3196 3199; x_wconf 83' lang='lat' dir='ltr'><strong><em>eos</em></strong></span> <span class='ocrx_word' id='word_1_468' title='bbox 3221 3148 3272 3199; x_wconf 89' lang='lat' dir='ltr'><strong><em>in</em></strong></span> <span class='ocrx_word' id='word_1_469' title='bbox 3308 3148 3434 3212; x_wconf 83' lang='lat' dir='ltr'><strong><em>L‘eo,</em></strong></span> 
     </span>
    </p>
   </div>
   <div class='ocr_carea' id='block_1_63' title="bbox 165 3235 3436 3310">
    <p class='ocr_par' dir='ltr' id='par_1_63' title="bbox 165 3235 3436 3310">
     <span class='ocr_line' id='line_1_63' title="bbox 165 3235 3436 3310; baseline 0.001 -23"><span class='ocrx_word' id='word_1_470' title='bbox 165 3237 302 3289; x_wconf 83' lang='lat' dir='ltr'><strong><em>nistri</em></strong></span> <span class='ocrx_word' id='word_1_471' title='bbox 323 3247 454 3291; x_wconf 83' lang='lat' dir='ltr'><strong><em>stent</em></strong></span> <span class='ocrx_word' id='word_1_472' title='bbox 477 3239 545 3291; x_wconf 86' lang='lat' dir='ltr'><strong><em>in</em></strong></span> <span class='ocrx_word' id='word_1_473' title='bbox 574 3240 807 3293; x_wconf 84' lang='lat' dir='ltr'><strong><em>oratione</em></strong></span> <span class='ocrx_word' id='word_1_474' title='bbox 836 3242 888 3292; x_wconf 89' lang='lat' dir='ltr'><strong><em>in</em></strong></span> <span class='ocrx_word' id='word_1_475' title='bbox 911 3242 1092 3293; x_wconf 82' lang='lat' dir='ltr'><strong><em>ordine</em></strong></span> <span class='ocrx_word' id='word_1_476' title='bbox 1128 3258 1241 3295; x_wconf 78' lang='lat' dir='ltr'><strong><em>suo.</em></strong></span> <span class='ocrx_word' id='word_1_477' title='bbox 1274 3240 1401 3296; x_wconf 72' lang='grc' dir='ltr'><strong><em>Ρσεε</em></strong></span> <span class='ocrx_word' id='word_1_478' title='bbox 1424 3258 1539 3310; x_wconf 75' lang='lat' dir='ltr'><strong><em>qua:</em></strong></span> <span class='ocrx_word' id='word_1_479' title='bbox 1568 3259 1738 3297; x_wconf 71' lang='lat' dir='ltr'><strong><em>versus</em></strong></span> <span class='ocrx_word' id='word_1_480' title='bbox 1765 3246 1815 3309; x_wconf 70' lang='grc' dir='ltr'>ο</span> <span class='ocrx_word' id='word_1_481' title='bbox 1851 3235 2039 3289; x_wconf 80' lang='lat' dir='ltr'><strong><em>Christi</em></strong></span> <span class='ocrx_word' id='word_1_482' title='bbox 2059 3253 2172 3288; x_wconf 86' lang='lat' dir='ltr'><strong><em>cum</em></strong></span> <span class='ocrx_word' id='word_1_483' title='bbox 2199 3237 2467 3305; x_wconf 88' lang='lat' dir='ltr'><strong><em>discipulis</em></strong></span> <span class='ocrx_word' id='word_1_484' title='bbox 2494 3238 2599 3291; x_wconf 89' lang='lat' dir='ltr'><strong><em>suis</em></strong></span> <span class='ocrx_word' id='word_1_485' title='bbox 2627 3247 2740 3308; x_wconf 90' lang='lat' dir='ltr'><strong><em>post</em></strong></span> <span class='ocrx_word' id='word_1_486' title='bbox 2768 3237 3202 3291; x_wconf 81' lang='lat' dir='ltr'><strong><em>Resurrectianem</em></strong></span> <span class='ocrx_word' id='word_1_487' title='bbox 3230 3255 3436 3291; x_wconf 84' lang='lat' dir='ltr'><strong><em>conver-</em></strong></span> 
     </span>
    </p>
   </div>
   <div class='ocr_carea' id='block_1_64' title="bbox 167 3327 1743 3397">
    <p class='ocr_par' dir='ltr' id='par_1_64' title="bbox 167 3327 1743 3397">
     <span class='ocr_line' id='line_1_64' title="bbox 167 3327 1743 3397; baseline 0.003 -18"><span class='ocrx_word' id='word_1_488' title='bbox 167 3327 471 3397; x_wconf 84' lang='lat' dir='ltr'><strong><em>adepulum</em></strong></span> <span class='ocrx_word' id='word_1_489' title='bbox 488 3345 650 3382; x_wconf 88' lang='lat' dir='ltr'><strong><em>orare</em></strong></span> <span class='ocrx_word' id='word_1_490' title='bbox 673 3339 892 3392; x_wconf 88' lang='lat' dir='ltr'><strong><em>moneat,</em></strong></span> <span class='ocrx_word' id='word_1_491' title='bbox 913 3346 1281 3396; x_wconf 86' lang='lat' dir='ltr'><strong><em>conversusque</em></strong></span> <span class='ocrx_word' id='word_1_492' title='bbox 1306 3333 1372 3384; x_wconf 92' lang='lat' dir='ltr'><strong><em>ad</em></strong></span> <span class='ocrx_word' id='word_1_493' title='bbox 1394 3334 1516 3385; x_wconf 74' lang='lat' dir='ltr'><strong><em>alta:</em></strong></span> <span class='ocrx_word' id='word_1_494' title='bbox 1531 3349 1557 3385; x_wconf 93' lang='lat' dir='ltr'><strong><em>e</em></strong></span> <span class='ocrx_word' id='word_1_495' title='bbox 1578 3332 1743 3387; x_wconf 84' lang='lat' dir='ltr'><strong><em>Secre-</em></strong></span> 
     </span>
    </p>
   </div>
   <div class='ocr_carea' id='block_1_65' title="bbox 168 3418 1740 3493">
    <p class='ocr_par' dir='ltr' id='par_1_65' title="bbox 168 3418 1740 3493">
     <span class='ocr_line' id='line_1_65' title="bbox 168 3418 1740 3493; baseline 0.006 -24"><span class='ocrx_word' id='word_1_496' title='bbox 168 3426 260 3470; x_wconf 90' lang='lat' dir='ltr'><strong><em>tam</em></strong></span> <span class='ocrx_word' id='word_1_497' title='bbox 273 3418 571 3475; x_wconf 87' lang='lat' dir='ltr'><strong><em>Orationem</em></strong></span> <span class='ocrx_word' id='word_1_498' title='bbox 595 3422 754 3487; x_wconf 86' lang='lat' dir='ltr'><strong><em>dicat;</em></strong></span> <span class='ocrx_word' id='word_1_499' title='bbox 776 3440 877 3490; x_wconf 91' lang='lat' dir='ltr'><strong><em>qua</em></strong></span> <span class='ocrx_word' id='word_1_500' title='bbox 900 3422 1170 3493; x_wconf 90' lang='lat' dir='ltr'><strong><em>completa,</em></strong></span> <span class='ocrx_word' id='word_1_501' title='bbox 1194 3424 1331 3477; x_wconf 83' lang='lat' dir='ltr'><strong><em>Vere</em></strong></span> <span class='ocrx_word' id='word_1_502' title='bbox 1349 3424 1587 3493; x_wconf 85' lang='lat' dir='ltr'><strong><em>dignum,</em></strong></span> <span class='ocrx_word' id='word_1_503' title='bbox 1619 3435 1740 3488; x_wconf 86' lang='lat' dir='ltr'><strong><em>etc.,</em></strong></span> 
     </span>
    </p>
   </div>
   <div class='ocr_carea' id='block_1_66' title="bbox 171 3508 1742 3585">
    <p class='ocr_par' dir='ltr' id='par_1_66' title="bbox 171 3508 1742 3585">
     <span class='ocr_line' id='line_1_66' title="bbox 171 3508 1742 3585; baseline 0.006 -26"><span class='ocrx_word' id='word_1_504' title='bbox 171 3508 330 3561; x_wconf 76' lang='lat' dir='ltr'><strong><em>devota</em></strong></span> <span class='ocrx_word' id='word_1_505' title='bbox 365 3522 542 3565; x_wconf 80' lang='lat' dir='ltr'><strong><em>mente</em></strong></span> <span class='ocrx_word' id='word_1_506' title='bbox 589 3512 826 3579; x_wconf 87' lang='lat' dir='ltr'><strong><em>dulcique</em></strong></span> <span class='ocrx_word' id='word_1_507' title='bbox 878 3528 995 3567; x_wconf 86' lang='lat' dir='ltr'><strong><em>voce</em></strong></span> <span class='ocrx_word' id='word_1_508' title='bbox 1035 3515 1285 3582; x_wconf 82' lang='lat' dir='ltr'><strong><em>proferat,</em></strong></span> <span class='ocrx_word' id='word_1_509' title='bbox 1342 3516 1393 3567; x_wconf 89' lang='lat' dir='ltr'><strong><em>in</em></strong></span> <span class='ocrx_word' id='word_1_510' title='bbox 1440 3519 1588 3585; x_wconf 88' lang='lat' dir='ltr'><strong><em>cujus</em></strong></span> <span class='ocrx_word' id='word_1_511' title='bbox 1640 3517 1742 3581; x_wconf 90' lang='lat' dir='ltr'><strong><em>fine</em></strong></span> 
     </span>
    </p>
   </div>
   <div class='ocr_carea' id='block_1_67' title="bbox 172 3596 1742 3668">
    <p class='ocr_par' dir='ltr' id='par_1_67' title="bbox 172 3596 1742 3668">
     <span class='ocr_line' id='line_1_67' title="bbox 172 3596 1742 3668; baseline 0.005 -17"><span class='ocrx_word' id='word_1_512' title='bbox 172 3596 420 3668; x_wconf 75' lang='lat' dir='ltr'><strong><em>Hymnum</em></strong></span> <span class='ocrx_word' id='word_1_513' title='bbox 462 3602 723 3666; x_wconf 80' lang='lat' dir='ltr'><strong><em>Sanctus,</em></strong></span> <span class='ocrx_word' id='word_1_514' title='bbox 769 3602 1019 3668; x_wconf 76' lang='lat' dir='ltr'><strong><em>Sanctus,</em></strong></span> <span class='ocrx_word' id='word_1_515' title='bbox 1069 3605 1315 3666; x_wconf 85' lang='lat' dir='ltr'><strong><em>Sanctus,</em></strong></span> <span class='ocrx_word' id='word_1_516' title='bbox 1348 3621 1378 3657; x_wconf 90' lang='lat' dir='ltr'><strong><em>a</em></strong></span> <span class='ocrx_word' id='word_1_517' title='bbox 1409 3604 1553 3657; x_wconf 88' lang='lat' dir='ltr'><strong><em>beato</em></strong></span> <span class='ocrx_word' id='word_1_518' title='bbox 1592 3604 1742 3660; x_wconf 70' lang='lat' dir='ltr'><strong><em>Sixto</em></strong></span> 
     </span>
    </p>
   </div>
   <div class='ocr_carea' id='block_1_68' title="bbox 169 3690 1742 3763">
    <p class='ocr_par' dir='ltr' id='par_1_68' title="bbox 169 3690 1742 3763">
     <span class='ocr_line' id='line_1_68' title="bbox 169 3690 1742 3763; baseline 0.003 -21"><span class='ocrx_word' id='word_1_519' title='bbox 169 3690 438 3745; x_wconf 84' lang='lat' dir='ltr'><strong><em>institutum</em></strong></span> <span class='ocrx_word' id='word_1_520' title='bbox 481 3693 675 3746; x_wconf 86' lang='lat' dir='ltr'><strong><em>chorus</em></strong></span> <span class='ocrx_word' id='word_1_521' title='bbox 702 3695 1026 3763; x_wconf 73' lang='lat' dir='ltr'><strong><em>respondeat.</em></strong></span> <span class='ocrx_word' id='word_1_522' title='bbox 1060 3692 1319 3746; x_wconf 84' lang='lat' dir='ltr'><strong><em>Diaconus</em></strong></span> <span class='ocrx_word' id='word_1_523' title='bbox 1349 3703 1395 3747; x_wconf 87' lang='lat' dir='ltr'><strong><em>et</em></strong></span> <span class='ocrx_word' id='word_1_524' title='bbox 1424 3695 1642 3746; x_wconf 88' lang='lat' dir='ltr'><strong><em>ministri</em></strong></span> <span class='ocrx_word' id='word_1_525' title='bbox 1672 3695 1742 3746; x_wconf 90' lang='lat' dir='ltr'><strong><em>ad</em></strong></span> 
     </span>
    </p>
   </div>
   <div class='ocr_carea' id='block_1_69' title="bbox 170 3780 1743 3855">
    <p class='ocr_par' dir='ltr' id='par_1_69' title="bbox 170 3780 1743 3855">
     <span class='ocr_line' id='line_1_69' title="bbox 170 3780 1743 3855; baseline 0.004 -21"><span class='ocrx_word' id='word_1_526' title='bbox 170 3780 237 3835; x_wconf 80' lang='lat' dir='ltr'><strong><em>Te</em></strong></span> <span class='ocrx_word' id='word_1_527' title='bbox 258 3782 431 3851; x_wconf 78' lang='lat' dir='ltr'><strong><em>igitur,</em></strong></span> <span class='ocrx_word' id='word_1_528' title='bbox 456 3794 580 3850; x_wconf 79' lang='lat' dir='ltr'><strong><em>etc,</em></strong></span> <span class='ocrx_word' id='word_1_529' title='bbox 615 3796 923 3853; x_wconf 89' lang='lat' dir='ltr'><strong><em>perseverent</em></strong></span> <span class='ocrx_word' id='word_1_530' title='bbox 953 3798 1086 3839; x_wconf 85' lang='lat' dir='ltr'><strong><em>retro</em></strong></span> <span class='ocrx_word' id='word_1_531' title='bbox 1109 3786 1427 3839; x_wconf 87' lang='lat' dir='ltr'><strong><em>sacerdotem</em></strong></span> <span class='ocrx_word' id='word_1_532' title='bbox 1457 3802 1615 3855; x_wconf 89' lang='lat' dir='ltr'><strong><em>usque</em></strong></span> <span class='ocrx_word' id='word_1_533' title='bbox 1638 3785 1743 3841; x_wconf 89' lang='lat' dir='ltr'><strong><em>Sed</em></strong></span> 
     </span>
    </p>
   </div>
   <div class='ocr_carea' id='block_1_70' title="bbox 172 3868 1740 3947">
    <p class='ocr_par' dir='ltr' id='par_1_70' title="bbox 172 3868 1740 3947">
     <span class='ocr_line' id='line_1_70' title="bbox 172 3868 1740 3947; baseline 0.003 -22"><span class='ocrx_word' id='word_1_534' title='bbox 172 3868 321 3927; x_wconf 83' lang='lat' dir='ltr'><strong><em>libera</em></strong></span> <span class='ocrx_word' id='word_1_535' title='bbox 349 3889 447 3928; x_wconf 90' lang='lat' dir='ltr'><strong><em>nos</em></strong></span> <span class='ocrx_word' id='word_1_536' title='bbox 476 3875 734 3929; x_wconf 74' lang='lat' dir='ltr'><strong><em>inclinati.</em></strong></span> <span class='ocrx_word' id='word_1_537' title='bbox 776 3874 996 3930; x_wconf 90' lang='lat' dir='ltr'><strong><em>Domino</em></strong></span> <span class='ocrx_word' id='word_1_538' title='bbox 1026 3877 1159 3929; x_wconf 88' lang='lat' dir='ltr'><strong><em>enim</em></strong></span> <span class='ocrx_word' id='word_1_539' title='bbox 1193 3877 1405 3947; x_wconf 89' lang='lat' dir='ltr'><strong><em>patienti</em></strong></span> <span class='ocrx_word' id='word_1_540' title='bbox 1446 3892 1661 3929; x_wconf 76' lang='lat' dir='ltr'><strong><em>maerore</em></strong></span> <span class='ocrx_word' id='word_1_541' title='bbox 1690 3885 1740 3929; x_wconf 92' lang='lat' dir='ltr'><strong><em>et</em></strong></span> 
     </span>
    </p>
   </div>
   <div class='ocr_carea' id='block_1_71' title="bbox 176 3966 1743 4034">
    <p class='ocr_par' dir='ltr' id='par_1_71' title="bbox 176 3966 1743 4034">
     <span class='ocr_line' id='line_1_71' title="bbox 176 3966 1743 4034; baseline 0.004 -19"><span class='ocrx_word' id='word_1_542' title='bbox 176 3966 338 4020; x_wconf 86' lang='lat' dir='ltr'><strong><em>timore</em></strong></span> <span class='ocrx_word' id='word_1_543' title='bbox 363 3970 444 4021; x_wconf 89' lang='lat' dir='ltr'><strong><em>sui</em></strong></span> <span class='ocrx_word' id='word_1_544' title='bbox 469 3968 912 4034; x_wconf 87' lang='lat' dir='ltr'><strong><em>compatiebantur</em></strong></span> <span class='ocrx_word' id='word_1_545' title='bbox 946 3969 1187 4034; x_wconf 91' lang='lat' dir='ltr'><strong><em>apostoli.</em></strong></span> <span class='ocrx_word' id='word_1_546' title='bbox 1238 3968 1338 4021; x_wconf 89' lang='lat' dir='ltr'><strong><em>Per</em></strong></span> <span class='ocrx_word' id='word_1_547' title='bbox 1361 3969 1743 4022; x_wconf 89' lang='lat' dir='ltr'><strong><em>inclinationem</em></strong></span> 
     </span>
    </p>
   </div>
   <div class='ocr_carea' id='block_1_72' title="bbox 175 4056 1744 4129">
    <p class='ocr_par' dir='ltr' id='par_1_72' title="bbox 175 4056 1744 4129">
     <span class='ocr_line' id='line_1_72' title="bbox 175 4056 1744 4129; baseline 0.003 -21"><span class='ocrx_word' id='word_1_548' title='bbox 175 4056 488 4111; x_wconf 85' lang='lat' dir='ltr'><strong><em>diaconorum</em></strong></span> <span class='ocrx_word' id='word_1_549' title='bbox 544 4058 871 4127; x_wconf 87' lang='lat' dir='ltr'><strong><em>signiﬁcatur</em></strong></span> <span class='ocrx_word' id='word_1_550' title='bbox 929 4060 1165 4113; x_wconf 74' lang='lat' dir='ltr'><strong><em>mwstitia</em></strong></span> <span class='ocrx_word' id='word_1_551' title='bbox 1215 4060 1600 4129; x_wconf 87' lang='lat' dir='ltr'><strong><em>apostolorum;</em></strong></span> <span class='ocrx_word' id='word_1_552' title='bbox 1655 4077 1744 4127; x_wconf 90' lang='lat' dir='ltr'><strong><em>per</em></strong></span> 
     </span>
    </p>
   </div>
   <div class='ocr_carea' id='block_1_73' title="bbox 180 4146 1740 4214">
    <p class='ocr_par' dir='ltr' id='par_1_73' title="bbox 180 4146 1740 4214">
     <span class='ocr_line' id='line_1_73' title="bbox 180 4146 1740 4214; baseline 0.003 -17"><span class='ocrx_word' id='word_1_553' title='bbox 180 4146 617 4214; x_wconf 84' lang='lat' dir='ltr'><strong><em>subdiaconorum,</em></strong></span> <span class='ocrx_word' id='word_1_554' title='bbox 645 4158 939 4200; x_wconf 90' lang='lat' dir='ltr'><strong><em>sanctarum</em></strong></span> <span class='ocrx_word' id='word_1_555' title='bbox 964 4149 1253 4201; x_wconf 87' lang='lat' dir='ltr'><strong><em>mulierum.</em></strong></span> <span class='ocrx_word' id='word_1_556' title='bbox 1284 4148 1599 4201; x_wconf 84' lang='lat' dir='ltr'><strong><em>Subdiaconi</em></strong></span> <span class='ocrx_word' id='word_1_557' title='bbox 1623 4164 1740 4202; x_wconf 90' lang='lat' dir='ltr'><strong><em>vero</em></strong></span> 
     </span>
    </p>
   </div>
   <div class='ocr_carea' id='block_1_74' title="bbox 174 4235 1743 4308">
    <p class='ocr_par' dir='ltr' id='par_1_74' title="bbox 174 4235 1743 4308">
     <span class='ocr_line' id='line_1_74' title="bbox 174 4235 1743 4308; baseline 0.003 -21"><span class='ocrx_word' id='word_1_558' title='bbox 174 4235 391 4290; x_wconf 84' lang='lat' dir='ltr'><strong><em>similiter</em></strong></span> <span class='ocrx_word' id='word_1_559' title='bbox 426 4236 665 4290; x_wconf 83' lang='lat' dir='ltr'><strong><em>inclinati</em></strong></span> <span class='ocrx_word' id='word_1_560' title='bbox 693 4238 795 4290; x_wconf 90' lang='lat' dir='ltr'><strong><em>sint</em></strong></span> <span class='ocrx_word' id='word_1_561' title='bbox 836 4237 890 4290; x_wconf 91' lang='lat' dir='ltr'><strong><em>in</em></strong></span> <span class='ocrx_word' id='word_1_562' title='bbox 930 4247 1136 4308; x_wconf 90' lang='lat' dir='ltr'><strong><em>aspectu</em></strong></span> <span class='ocrx_word' id='word_1_563' title='bbox 1173 4238 1471 4305; x_wconf 84' lang='lat' dir='ltr'><strong><em>sacerdotis,</em></strong></span> <span class='ocrx_word' id='word_1_564' title='bbox 1504 4254 1594 4308; x_wconf 91' lang='lat' dir='ltr'><strong><em>per</em></strong></span> <span class='ocrx_word' id='word_1_565' title='bbox 1619 4254 1743 4307; x_wconf 91' lang='lat' dir='ltr'><strong><em>quos</em></strong></span> 
     </span>
    </p>
   </div>
   <div class='ocr_carea' id='block_1_75' title="bbox 176 4327 1739 4398">
    <p class='ocr_par' dir='ltr' id='par_1_75' title="bbox 176 4327 1739 4398">
     <span class='ocr_line' id='line_1_75' title="bbox 176 4327 1739 4398; baseline 0.003 -20"><span class='ocrx_word' id='word_1_566' title='bbox 176 4327 509 4393; x_wconf 63' lang='lat' dir='ltr'><strong><em>exprimuntur</em></strong></span> <span class='ocrx_word' id='word_1_567' title='bbox 552 4338 744 4382; x_wconf 78' lang='lat' dir='ltr'><strong><em>sancta:</em></strong></span> <span class='ocrx_word' id='word_1_568' title='bbox 784 4327 1040 4394; x_wconf 83' lang='lat' dir='ltr'><strong><em>mulieres,</em></strong></span> <span class='ocrx_word' id='word_1_569' title='bbox 1080 4343 1220 4398; x_wconf 66' lang='lat' dir='ltr'><strong><em>quae,</em></strong></span> <span class='ocrx_word' id='word_1_570' title='bbox 1242 4329 1467 4398; x_wconf 89' lang='lat' dir='ltr'><strong><em>patiente</em></strong></span> <span class='ocrx_word' id='word_1_571' title='bbox 1496 4329 1739 4394; x_wconf 90' lang='lat' dir='ltr'><strong><em>Domino,</em></strong></span> 
     </span>
    </p>
   </div>
   <div class='ocr_carea' id='block_1_76' title="bbox 176 4417 1735 4490">
    <p class='ocr_par' dir='ltr' id='par_1_76' title="bbox 176 4417 1735 4490">
     <span class='ocr_line' id='line_1_76' title="bbox 176 4417 1735 4490; baseline 0.003 -23"><span class='ocrx_word' id='word_1_572' title='bbox 176 4417 461 4487; x_wconf 77' lang='lat' dir='ltr'><strong><em>fugientibus</em></strong></span> <span class='ocrx_word' id='word_1_573' title='bbox 486 4420 777 4487; x_wconf 88' lang='lat' dir='ltr'><strong><em>discipulis,</em></strong></span> <span class='ocrx_word' id='word_1_574' title='bbox 807 4419 923 4473; x_wconf 90' lang='lat' dir='ltr'><strong><em>licet</em></strong></span> <span class='ocrx_word' id='word_1_575' title='bbox 949 4420 1128 4473; x_wconf 90' lang='lat' dir='ltr'><strong><em>timore</em></strong></span> <span class='ocrx_word' id='word_1_576' title='bbox 1154 4428 1200 4473; x_wconf 90' lang='lat' dir='ltr'><strong><em>et</em></strong></span> <span class='ocrx_word' id='word_1_577' title='bbox 1220 4435 1432 4475; x_wconf 59' lang='lat' dir='ltr'><strong><em>maerore</em></strong></span> <span class='ocrx_word' id='word_1_578' title='bbox 1461 4420 1735 4490; x_wconf 86' lang='lat' dir='ltr'><strong><em>percussis,</em></strong></span> 
     </span>
    </p>
   </div>
   <div class='ocr_carea' id='block_1_77' title="bbox 178 4504 1733 4577">
    <p class='ocr_par' dir='ltr' id='par_1_77' title="bbox 178 4504 1733 4577">
     <span class='ocr_line' id='line_1_77' title="bbox 178 4504 1733 4577; baseline 0.005 -19"><span class='ocrx_word' id='word_1_579' title='bbox 178 4504 225 4558; x_wconf 87' lang='lat' dir='ltr'><strong><em>in</em></strong></span> <span class='ocrx_word' id='word_1_580' title='bbox 246 4507 442 4577; x_wconf 70' lang='lat' dir='ltr'><strong><em>hisquw</em></strong></span> <span class='ocrx_word' id='word_1_581' title='bbox 466 4510 532 4563; x_wconf 90' lang='lat' dir='ltr'><strong><em>de</em></strong></span> <span class='ocrx_word' id='word_1_582' title='bbox 560 4525 618 4563; x_wconf 92' lang='lat' dir='ltr'><strong><em>eo</em></strong></span> <span class='ocrx_word' id='word_1_583' title='bbox 648 4510 834 4576; x_wconf 86' lang='lat' dir='ltr'><strong><em>fiebant</em></strong></span> <span class='ocrx_word' id='word_1_584' title='bbox 856 4520 999 4564; x_wconf 89' lang='lat' dir='ltr'><strong><em>erant</em></strong></span> <span class='ocrx_word' id='word_1_585' title='bbox 1025 4509 1366 4575; x_wconf 76' lang='lat' dir='ltr'><strong><em>intendentes,</em></strong></span> <span class='ocrx_word' id='word_1_586' title='bbox 1393 4512 1480 4564; x_wconf 90' lang='lat' dir='ltr'><strong><em>sed</em></strong></span> <span class='ocrx_word' id='word_1_587' title='bbox 1514 4511 1733 4565; x_wconf 90' lang='lat' dir='ltr'><strong><em>Domino</em></strong></span> 
     </span>
    </p>
   </div>
   <div class='ocr_carea' id='block_1_78' title="bbox 1844 3327 3438 3397">
    <p class='ocr_par' dir='ltr' id='par_1_78' title="bbox 1844 3327 3438 3397">
     <span class='ocr_line' id='line_1_78' title="bbox 1844 3327 3438 3397; baseline 0.003 -19"><span class='ocrx_word' id='word_1_588' title='bbox 1844 3328 1996 3379; x_wconf 90' lang='lat' dir='ltr'><strong><em>satio.</em></strong></span> <span class='ocrx_word' id='word_1_589' title='bbox 2048 3327 2295 3389; x_wconf 85' lang='lat' dir='ltr'><strong><em>Ter.&#39;iam,</em></strong></span> <span class='ocrx_word' id='word_1_590' title='bbox 2348 3343 2462 3397; x_wconf 76' lang='lat' dir='ltr'><strong><em>quce</em></strong></span> <span class='ocrx_word' id='word_1_591' title='bbox 2507 3338 2735 3382; x_wconf 84' lang='lat' dir='ltr'><strong><em>remanet</em></strong></span> <span class='ocrx_word' id='word_1_592' title='bbox 2780 3332 2830 3382; x_wconf 90' lang='lat' dir='ltr'><strong><em>in</em></strong></span> <span class='ocrx_word' id='word_1_593' title='bbox 2880 3329 3033 3382; x_wconf 89' lang='lat' dir='ltr'><strong><em>altari</em></strong></span> <span class='ocrx_word' id='word_1_594' title='bbox 3072 3338 3217 3382; x_wconf 85' lang='lat' dir='ltr'><strong><em>vocat</em></strong></span> <span class='ocrx_word' id='word_1_595' title='bbox 3256 3340 3438 3383; x_wconf 82' lang='lat' dir='ltr'><strong><em>sancta</em></strong></span> 
     </span>
    </p>
   </div>
   <div class='ocr_carea' id='block_1_79' title="bbox 1846 3415 3432 3486">
    <p class='ocr_par' dir='ltr' id='par_1_79' title="bbox 1846 3415 3432 3486">
     <span class='ocr_line' id='line_1_79' title="bbox 1846 3415 3432 3486; baseline 0.005 -19"><span class='ocrx_word' id='word_1_596' title='bbox 1846 3415 2079 3470; x_wconf 85' lang='lat' dir='ltr'><strong><em>Ecclesia</em></strong></span> <span class='ocrx_word' id='word_1_597' title='bbox 2106 3418 2342 3471; x_wconf 88' lang='lat' dir='ltr'><strong><em>viaticum</em></strong></span> <span class='ocrx_word' id='word_1_598' title='bbox 2377 3419 2657 3486; x_wconf 88' lang='lat' dir='ltr'><strong><em>morientis,</em></strong></span> <span class='ocrx_word' id='word_1_599' title='bbox 2692 3429 2746 3473; x_wconf 91' lang='lat' dir='ltr'><strong><em>ut</em></strong></span> <span class='ocrx_word' id='word_1_600' title='bbox 2769 3424 3066 3474; x_wconf 84' lang='lat' dir='ltr'><strong><em>ostendatur</em></strong></span> <span class='ocrx_word' id='word_1_601' title='bbox 3094 3438 3191 3474; x_wconf 90' lang='lat' dir='ltr'><strong><em>non</em></strong></span> <span class='ocrx_word' id='word_1_602' title='bbox 3226 3438 3309 3474; x_wconf 83' lang='lat' dir='ltr'><strong><em>eos</em></strong></span> <span class='ocrx_word' id='word_1_603' title='bbox 3331 3422 3432 3475; x_wconf 88' lang='lat' dir='ltr'><strong><em>de-</em></strong></span> 
     </span>
    </p>
   </div>
   <div class='ocr_carea' id='block_1_80' title="bbox 1845 3510 3431 3581">
    <p class='ocr_par' dir='ltr' id='par_1_80' title="bbox 1845 3510 3431 3581">
     <span class='ocr_line' id='line_1_80' title="bbox 1845 3510 3431 3581; baseline 0.003 -18"><span class='ocrx_word' id='word_1_604' title='bbox 1845 3510 1957 3564; x_wconf 90' lang='lat' dir='ltr'><strong><em>bere</em></strong></span> <span class='ocrx_word' id='word_1_605' title='bbox 1985 3511 2225 3580; x_wconf 87' lang='lat' dir='ltr'><strong><em>deputari</em></strong></span> <span class='ocrx_word' id='word_1_606' title='bbox 2253 3513 2546 3576; x_wconf 88' lang='lat' dir='ltr'><strong><em>morientes,</em></strong></span> <span class='ocrx_word' id='word_1_607' title='bbox 2569 3513 2658 3565; x_wconf 89' lang='lat' dir='ltr'><strong><em>sed</em></strong></span> <span class='ocrx_word' id='word_1_608' title='bbox 2680 3513 3008 3576; x_wconf 85' lang='lat' dir='ltr'><strong><em>dormientes,</em></strong></span> <span class='ocrx_word' id='word_1_609' title='bbox 3040 3515 3126 3581; x_wconf 91' lang='lat' dir='ltr'><strong><em>qui</em></strong></span> <span class='ocrx_word' id='word_1_610' title='bbox 3156 3514 3207 3565; x_wconf 91' lang='lat' dir='ltr'><strong><em>in</em></strong></span> <span class='ocrx_word' id='word_1_611' title='bbox 3233 3514 3431 3568; x_wconf 83' lang='lat' dir='ltr'><strong><em>Christo</em></strong></span> 
     </span>
    </p>
   </div>
   <div class='ocr_carea' id='block_1_81' title="bbox 1845 3600 3430 3671">
    <p class='ocr_par' dir='ltr' id='par_1_81' title="bbox 1845 3600 3430 3671">
     <span class='ocr_line' id='line_1_81' title="bbox 1845 3600 3430 3671; baseline 0.003 -20"><span class='ocrx_word' id='word_1_612' title='bbox 1845 3600 2150 3668; x_wconf 87' lang='lat' dir='ltr'><strong><em>moriuntur,</em></strong></span> <span class='ocrx_word' id='word_1_613' title='bbox 2178 3602 2300 3652; x_wconf 92' lang='lat' dir='ltr'><strong><em>dum</em></strong></span> <span class='ocrx_word' id='word_1_614' title='bbox 2323 3601 2415 3653; x_wconf 89' lang='lat' dir='ltr'><strong><em>tali</em></strong></span> <span class='ocrx_word' id='word_1_615' title='bbox 2442 3609 2683 3671; x_wconf 89' lang='lat' dir='ltr'><strong><em>tantoque</em></strong></span> <span class='ocrx_word' id='word_1_616' title='bbox 2703 3602 2913 3656; x_wconf 88' lang='lat' dir='ltr'><strong><em>ductore</em></strong></span> <span class='ocrx_word' id='word_1_617' title='bbox 2931 3603 2997 3654; x_wconf 89' lang='lat' dir='ltr'><strong><em>ad</em></strong></span> <span class='ocrx_word' id='word_1_618' title='bbox 3019 3612 3257 3656; x_wconf 76' lang='lat' dir='ltr'><strong><em>wternam</em></strong></span> <span class='ocrx_word' id='word_1_619' title='bbox 3278 3605 3430 3657; x_wconf 88' lang='lat' dir='ltr'><strong><em>vitam</em></strong></span> 
     </span>
    </p>
   </div>
   <div class='ocr_carea' id='block_1_82' title="bbox 1847 3690 3429 3761">
    <p class='ocr_par' dir='ltr' id='par_1_82' title="bbox 1847 3690 3429 3761">
     <span class='ocr_line' id='line_1_82' title="bbox 1847 3690 3429 3761; baseline 0.004 -20"><span class='ocrx_word' id='word_1_620' title='bbox 1847 3690 2213 3759; x_wconf 79' lang='lat' dir='ltr'><strong><em>perducuntur.</em></strong></span> <span class='ocrx_word' id='word_1_621' title='bbox 2249 3690 2309 3746; x_wconf 88' lang='lat' dir='ltr'><strong><em>Si</em></strong></span> <span class='ocrx_word' id='word_1_622' title='bbox 2339 3702 2508 3744; x_wconf 86' lang='lat' dir='ltr'><strong><em>autem</em></strong></span> <span class='ocrx_word' id='word_1_623' title='bbox 2534 3708 2661 3761; x_wconf 88' lang='lat' dir='ltr'><strong><em>apus</em></strong></span> <span class='ocrx_word' id='word_1_624' title='bbox 2691 3709 2791 3746; x_wconf 90' lang='lat' dir='ltr'><strong><em>non</em></strong></span> <span class='ocrx_word' id='word_1_625' title='bbox 2824 3694 2998 3761; x_wconf 86' lang='lat' dir='ltr'><strong><em>fuerit,</em></strong></span> <span class='ocrx_word' id='word_1_626' title='bbox 3031 3694 3229 3746; x_wconf 89' lang='lat' dir='ltr'><strong><em>tertiam</em></strong></span> <span class='ocrx_word' id='word_1_627' title='bbox 3257 3711 3429 3747; x_wconf 87' lang='lat' dir='ltr'><strong><em>sacer-</em></strong></span> 
     </span>
    </p>
   </div>
   <div class='ocr_carea' id='block_1_83' title="bbox 1844 3781 3432 3849">
    <p class='ocr_par' dir='ltr' id='par_1_83' title="bbox 1844 3781 3432 3849">
     <span class='ocr_line' id='line_1_83' title="bbox 1844 3781 3432 3849; baseline 0.003 -16"><span class='ocrx_word' id='word_1_628' title='bbox 1844 3781 1936 3834; x_wconf 90' lang='lat' dir='ltr'><strong><em>dos</em></strong></span> <span class='ocrx_word' id='word_1_629' title='bbox 1957 3793 2044 3833; x_wconf 91' lang='lat' dir='ltr'><strong><em>aut</em></strong></span> <span class='ocrx_word' id='word_1_630' title='bbox 2070 3798 2201 3835; x_wconf 88' lang='lat' dir='ltr'><strong><em>unus</em></strong></span> <span class='ocrx_word' id='word_1_631' title='bbox 2227 3782 2579 3835; x_wconf 83' lang='lat' dir='ltr'><strong><em>ministrorum</em></strong></span> <span class='ocrx_word' id='word_1_632' title='bbox 2600 3784 2838 3849; x_wconf 88' lang='lat' dir='ltr'><strong><em>accipiat.</em></strong></span> <span class='ocrx_word' id='word_1_633' title='bbox 2876 3782 2998 3836; x_wconf 90' lang='lat' dir='ltr'><strong><em>Non</em></strong></span> <span class='ocrx_word' id='word_1_634' title='bbox 3024 3797 3190 3837; x_wconf 88' lang='lat' dir='ltr'><strong><em>autem</em></strong></span> <span class='ocrx_word' id='word_1_635' title='bbox 3222 3786 3432 3838; x_wconf 89' lang='lat' dir='ltr'><strong><em>intincto</em></strong></span> 
     </span>
    </p>
   </div>
   <div class='ocr_carea' id='block_1_84' title="bbox 1845 3872 3428 3945">
    <p class='ocr_par' dir='ltr' id='par_1_84' title="bbox 1845 3872 3428 3945">
     <span class='ocr_line' id='line_1_84' title="bbox 1845 3872 3428 3945; baseline 0.004 -22"><span class='ocrx_word' id='word_1_636' title='bbox 1845 3890 1995 3942; x_wconf 82' lang='lat' dir='ltr'><strong><em>pune,</em></strong></span> <span class='ocrx_word' id='word_1_637' title='bbox 2028 3874 2141 3936; x_wconf 89' lang='lat' dir='ltr'><strong><em>sed,</em></strong></span> <span class='ocrx_word' id='word_1_638' title='bbox 2175 3872 2365 3942; x_wconf 69' lang='grc'>(1074)</span> <span class='ocrx_word' id='word_1_639' title='bbox 2384 3876 2542 3945; x_wconf 72' lang='lat' dir='ltr'><strong><em>juxta</em></strong></span> <span class='ocrx_word' id='word_1_640' title='bbox 2565 3875 2909 3943; x_wconf 87' lang='lat' dir='ltr'><strong><em>definitionem</em></strong></span> <span class='ocrx_word' id='word_1_641' title='bbox 2939 3875 3175 3930; x_wconf 84' lang='lat' dir='ltr'><strong><em>Toletani</em></strong></span> <span class='ocrx_word' id='word_1_642' title='bbox 3202 3878 3428 3942; x_wconf 87' lang='lat' dir='ltr'><strong><em>concilii,</em></strong></span> 
     </span>
    </p>
   </div>
   <div class='ocr_carea' id='block_1_85' title="bbox 1844 3970 3429 4037">
    <p class='ocr_par' dir='ltr' id='par_1_85' title="bbox 1844 3970 3429 4037">
     <span class='ocr_line' id='line_1_85' title="bbox 1844 3970 3429 4037; baseline 0.002 -19"><span class='ocrx_word' id='word_1_643' title='bbox 1844 3982 2071 4019; x_wconf 87' lang='lat' dir='ltr'><strong><em>seorsum</em></strong></span> <span class='ocrx_word' id='word_1_644' title='bbox 2096 3982 2334 4035; x_wconf 89' lang='lat' dir='ltr'><strong><em>corpore,</em></strong></span> <span class='ocrx_word' id='word_1_645' title='bbox 2367 3979 2598 4019; x_wconf 89' lang='lat' dir='ltr'><strong><em>seorsum</em></strong></span> <span class='ocrx_word' id='word_1_646' title='bbox 2632 3970 2899 4037; x_wconf 85' lang='lat' dir='ltr'><strong><em>sanguine,</em></strong></span> <span class='ocrx_word' id='word_1_647' title='bbox 2935 3970 3168 4022; x_wconf 83' lang='lat' dir='ltr'><strong><em>sacerdos</em></strong></span> <span class='ocrx_word' id='word_1_648' title='bbox 3198 3986 3429 4022; x_wconf 90' lang='lat' dir='ltr'><strong><em>commu-</em></strong></span> 
     </span>
    </p>
   </div>
   <div class='ocr_carea' id='block_1_86' title="bbox 1846 4056 3430 4129">
    <p class='ocr_par' dir='ltr' id='par_1_86' title="bbox 1846 4056 3430 4129">
     <span class='ocr_line' id='line_1_86' title="bbox 1846 4056 3430 4129; baseline 0.002 -19"><span class='ocrx_word' id='word_1_649' title='bbox 1846 4059 1996 4122; x_wconf 89' lang='lat' dir='ltr'><strong><em>nicet,</em></strong></span> <span class='ocrx_word' id='word_1_650' title='bbox 2032 4056 2217 4129; x_wconf 82' lang='grc'>(1075)</span> <span class='ocrx_word' id='word_1_651' title='bbox 2241 4065 2452 4122; x_wconf 77' lang='lat' dir='ltr'><strong><em>excepto</em></strong></span> <span class='ocrx_word' id='word_1_652' title='bbox 2482 4058 2692 4127; x_wconf 80' lang='lat' dir='ltr'><strong><em>populo,</em></strong></span> <span class='ocrx_word' id='word_1_653' title='bbox 2725 4075 2871 4126; x_wconf 88' lang='lat' dir='ltr'><strong><em>quem</em></strong></span> <span class='ocrx_word' id='word_1_654' title='bbox 2896 4059 3109 4112; x_wconf 84' lang='lat' dir='ltr'><strong><em>intincto</em></strong></span> <span class='ocrx_word' id='word_1_655' title='bbox 3138 4076 3289 4129; x_wconf 88' lang='lat' dir='ltr'><strong><em>pune,</em></strong></span> <span class='ocrx_word' id='word_1_656' title='bbox 3327 4076 3430 4113; x_wconf 87' lang='lat' dir='ltr'><strong><em>non</em></strong></span> 
     </span>
    </p>
   </div>
   <div class='ocr_carea' id='block_1_87' title="bbox 1844 4148 3429 4220">
    <p class='ocr_par' dir='ltr' id='par_1_87' title="bbox 1844 4148 3429 4220">
     <span class='ocr_line' id='line_1_87' title="bbox 1844 4148 3429 4220; baseline 0 -17"><span class='ocrx_word' id='word_1_657' title='bbox 1844 4151 2164 4212; x_wconf 90' lang='lat' dir='ltr'><strong><em>auctoritate,</em></strong></span> <span class='ocrx_word' id='word_1_658' title='bbox 2216 4148 2304 4201; x_wconf 90' lang='lat' dir='ltr'><strong><em>sed</em></strong></span> <span class='ocrx_word' id='word_1_659' title='bbox 2354 4165 2556 4203; x_wconf 90' lang='lat' dir='ltr'><strong><em>summa</em></strong></span> <span class='ocrx_word' id='word_1_660' title='bbox 2599 4151 2896 4203; x_wconf 88' lang='lat' dir='ltr'><strong><em>necessitate</em></strong></span> <span class='ocrx_word' id='word_1_661' title='bbox 2941 4150 3139 4203; x_wconf 88' lang='lat' dir='ltr'><strong><em>timoris</em></strong></span> <span class='ocrx_word' id='word_1_662' title='bbox 3165 4150 3429 4220; x_wconf 85' lang='lat' dir='ltr'><strong><em>sanguinis</em></strong></span> 
     </span>
    </p>
   </div>
   <div class='ocr_carea' id='block_1_88' title="bbox 1845 4239 3426 4309">
    <p class='ocr_par' dir='ltr' id='par_1_88' title="bbox 1845 4239 3426 4309">
     <span class='ocr_line' id='line_1_88' title="bbox 1845 4239 3426 4309; baseline -0.003 -13"><span class='ocrx_word' id='word_1_663' title='bbox 1845 4241 2037 4296; x_wconf 87' lang='lat' dir='ltr'><strong><em>Christi</em></strong></span> <span class='ocrx_word' id='word_1_664' title='bbox 2067 4239 2332 4306; x_wconf 79' lang='lat' dir='ltr'><strong><em>e/fusiouis</em></strong></span> <span class='ocrx_word' id='word_1_665' title='bbox 2374 4240 2681 4308; x_wconf 89' lang='lat' dir='ltr'><strong><em>permittitur</em></strong></span> <span class='ocrx_word' id='word_1_666' title='bbox 2720 4242 3108 4292; x_wconf 89' lang='lat' dir='ltr'><strong><em>communicare.</em></strong></span> <span class='ocrx_word' id='word_1_667' title='bbox 3144 4240 3279 4292; x_wconf 91' lang='lat' dir='ltr'><strong><em>Dum</em></strong></span> <span class='ocrx_word' id='word_1_668' title='bbox 3305 4255 3426 4309; x_wconf 86' lang='lat' dir='ltr'><strong><em>ergo</em></strong></span> 
     </span>
    </p>
   </div>
   <div class='ocr_carea' id='block_1_89' title="bbox 1843 4331 3432 4400">
    <p class='ocr_par' dir='ltr' id='par_1_89' title="bbox 1843 4331 3432 4400">
     <span class='ocr_line' id='line_1_89' title="bbox 1843 4331 3432 4400; baseline -0.005 -11"><span class='ocrx_word' id='word_1_669' title='bbox 1843 4334 2081 4389; x_wconf 89' lang='lat' dir='ltr'><strong><em>sacerdos</em></strong></span> <span class='ocrx_word' id='word_1_670' title='bbox 2111 4331 2355 4385; x_wconf 88' lang='lat' dir='ltr'><strong><em>ministris</em></strong></span> <span class='ocrx_word' id='word_1_671' title='bbox 2393 4332 2796 4385; x_wconf 90' lang='lat' dir='ltr'><strong><em>communionem</em></strong></span> <span class='ocrx_word' id='word_1_672' title='bbox 2827 4331 3065 4400; x_wconf 88' lang='lat' dir='ltr'><strong><em>porrigit,</em></strong></span> <span class='ocrx_word' id='word_1_673' title='bbox 3095 4346 3432 4399; x_wconf 90' lang='lat' dir='ltr'><strong><em>unumquem-</em></strong></span> 
     </span>
    </p>
   </div>
   <div class='ocr_carea' id='block_1_90' title="bbox 1844 4422 3431 4498">
    <p class='ocr_par' dir='ltr' id='par_1_90' title="bbox 1844 4422 3431 4498">
     <span class='ocr_line' id='line_1_90' title="bbox 1844 4422 3431 4498; baseline -0.005 -17"><span class='ocrx_word' id='word_1_674' title='bbox 1844 4444 1940 4497; x_wconf 90' lang='lat' dir='ltr'><strong><em>que</em></strong></span> <span class='ocrx_word' id='word_1_675' title='bbox 1966 4427 2204 4498; x_wconf 88' lang='lat' dir='ltr'><strong><em>primitus</em></strong></span> <span class='ocrx_word' id='word_1_676' title='bbox 2228 4427 2506 4489; x_wconf 83' lang='lat' dir='ltr'><strong><em>osculetur,</em></strong></span> <span class='ocrx_word' id='word_1_677' title='bbox 2537 4433 2585 4477; x_wconf 88' lang='lat' dir='ltr'><strong><em>et</em></strong></span> <span class='ocrx_word' id='word_1_678' title='bbox 2617 4433 2730 4493; x_wconf 88' lang='lat' dir='ltr'><strong><em>post</em></strong></span> <span class='ocrx_word' id='word_1_679' title='bbox 2753 4424 2841 4492; x_wconf 89' lang='lat' dir='ltr'><strong><em>qui</em></strong></span> <span class='ocrx_word' id='word_1_680' title='bbox 2867 4422 3326 4476; x_wconf 85' lang='lat' dir='ltr'><strong><em>communicandas</em></strong></span> <span class='ocrx_word' id='word_1_681' title='bbox 3354 4428 3431 4475; x_wconf 89' lang='lat' dir='ltr'><strong><em>est</em></strong></span> 
     </span>
    </p>
   </div>
   <div class='ocr_carea' id='block_1_91' title="bbox 1847 4514 3429 4583">
    <p class='ocr_par' dir='ltr' id='par_1_91' title="bbox 1847 4514 3429 4583">
     <span class='ocr_line' id='line_1_91' title="bbox 1847 4514 3429 4583; baseline -0.004 -10"><span class='ocrx_word' id='word_1_682' title='bbox 1847 4537 2000 4573; x_wconf 87' lang='lat' dir='ltr'><strong><em>manu</em></strong></span> <span class='ocrx_word' id='word_1_683' title='bbox 2019 4518 2299 4572; x_wconf 89' lang='lat' dir='ltr'><strong><em>sacerdotis</em></strong></span> <span class='ocrx_word' id='word_1_684' title='bbox 2331 4516 2580 4579; x_wconf 91' lang='lat' dir='ltr'><strong><em>osculata,</em></strong></span> <span class='ocrx_word' id='word_1_685' title='bbox 2605 4515 3013 4569; x_wconf 84' lang='lat' dir='ltr'><strong><em>communionem</em></strong></span> <span class='ocrx_word' id='word_1_686' title='bbox 3034 4514 3096 4567; x_wconf 90' lang='lat' dir='ltr'><strong><em>ab</em></strong></span> <span class='ocrx_word' id='word_1_687' title='bbox 3120 4531 3178 4567; x_wconf 93' lang='lat' dir='ltr'><strong><em>eo</em></strong></span> <span class='ocrx_word' id='word_1_688' title='bbox 3195 4514 3429 4583; x_wconf 90' lang='lat' dir='ltr'><strong><em>accipiat.</em></strong></span> 
     </span>
    </p>
   </div>
   <div class='ocr_carea' id='block_1_92' title="bbox 178 4596 1743 4681">
    <p class='ocr_par' dir='ltr' id='par_1_92' title="bbox 178 4596 1736 4671">
     <span class='ocr_line' id='line_1_92' title="bbox 178 4596 1736 4671; baseline 0.005 -22"><span class='ocrx_word' id='word_1_689' title='bbox 178 4596 234 4651; x_wconf 86' lang='lat' dir='ltr'><strong><em>de</em></strong></span> <span class='ocrx_word' id='word_1_690' title='bbox 258 4614 396 4654; x_wconf 85' lang='lat' dir='ltr'><strong><em>cruce</em></strong></span> <span class='ocrx_word' id='word_1_691' title='bbox 419 4602 654 4671; x_wconf 88' lang='lat' dir='ltr'><strong><em>deposito</em></strong></span> <span class='ocrx_word' id='word_1_692' title='bbox 682 4617 742 4653; x_wconf 92' lang='lat' dir='ltr'><strong><em>ac</em></strong></span> <span class='ocrx_word' id='word_1_693' title='bbox 774 4600 1135 4669; x_wconf 87' lang='lat' dir='ltr'><strong><em>sepulto,inde</em></strong></span> <span class='ocrx_word' id='word_1_694' title='bbox 1164 4612 1493 4669; x_wconf 90' lang='lat' dir='ltr'><strong><em>recesserunt,</em></strong></span> <span class='ocrx_word' id='word_1_695' title='bbox 1536 4610 1584 4656; x_wconf 81' lang='lat' dir='ltr'><strong><em>et</em></strong></span> <span class='ocrx_word' id='word_1_696' title='bbox 1613 4620 1736 4657; x_wconf 90' lang='lat' dir='ltr'><strong><em>aro-</em></strong></span> 
     </span>
    </p>
   </div>
   <div class='ocr_carea' id='block_1_93' title="bbox 1849 4596 3430 4681">
    <p class='ocr_par' dir='ltr' id='par_1_93' title="bbox 1849 4606 3430 4681">
     <span class='ocr_line' id='line_1_93' title="bbox 1849 4606 3430 4681; baseline -0.007 -14"><span class='ocrx_word' id='word_1_697' title='bbox 1849 4611 2031 4681; x_wconf 85' lang='grc'>[1076)</span> <span class='ocrx_word' id='word_1_698' title='bbox 2060 4609 2325 4665; x_wconf 87' lang='lat' dir='ltr'><strong><em>Postremo</em></strong></span> <span class='ocrx_word' id='word_1_699' title='bbox 2345 4624 2462 4663; x_wconf 90' lang='lat' dir='ltr'><strong><em>vero</em></strong></span> <span class='ocrx_word' id='word_1_700' title='bbox 2484 4608 2786 4676; x_wconf 91' lang='lat' dir='ltr'><strong><em>particulam</em></strong></span> <span class='ocrx_word' id='word_1_701' title='bbox 2816 4622 2932 4676; x_wconf 74' lang='lat' dir='ltr'><strong><em>qua:</em></strong></span> <span class='ocrx_word' id='word_1_702' title='bbox 2959 4607 3011 4659; x_wconf 89' lang='lat' dir='ltr'><strong><em>in</em></strong></span> <span class='ocrx_word' id='word_1_703' title='bbox 3042 4606 3199 4658; x_wconf 83' lang='lat' dir='ltr'><strong><em>calice</em></strong></span> <span class='ocrx_word' id='word_1_704' title='bbox 3226 4621 3430 4657; x_wconf 89' lang='lat' dir='ltr'><strong><em>remun-</em></strong></span> 
     </span>
    </p>
   </div>
   <div class='ocr_carea' id='block_1_94' title="bbox 182 4697 1737 4769">
    <p class='ocr_par' dir='ltr' id='par_1_94' title="bbox 182 4697 1737 4769">
     <span class='ocr_line' id='line_1_94' title="bbox 182 4697 1737 4769; baseline 0.005 -25"><span class='ocrx_word' id='word_1_705' title='bbox 182 4704 300 4747; x_wconf 81' lang='lat' dir='ltr'><strong><em>ntata</em></strong></span> <span class='ocrx_word' id='word_1_706' title='bbox 317 4698 592 4763; x_wconf 73' lang='lat' dir='ltr'><strong><em>sepultura:</em></strong></span> <span class='ocrx_word' id='word_1_707' title='bbox 617 4698 781 4769; x_wconf 72' lang='lat'><strong><em>256</em></strong></span> <span class='ocrx_word' id='word_1_708' title='bbox 805 4705 1148 4766; x_wconf 87' lang='lat' dir='ltr'><strong><em>paraverunt;</em></strong></span> <span class='ocrx_word' id='word_1_709' title='bbox 1178 4697 1249 4749; x_wconf 91' lang='lat' dir='ltr'><strong><em>ita</em></strong></span> <span class='ocrx_word' id='word_1_710' title='bbox 1273 4697 1573 4750; x_wconf 88' lang='lat' dir='ltr'><strong><em>subdiuconi</em></strong></span> <span class='ocrx_word' id='word_1_711' title='bbox 1595 4698 1656 4751; x_wconf 89' lang='lat' dir='ltr'><strong><em>ab</em></strong></span> <span class='ocrx_word' id='word_1_712' title='bbox 1678 4714 1737 4751; x_wconf 89' lang='lat' dir='ltr'><strong><em>eo</em></strong></span> 
     </span>
    </p>
   </div>
   <div class='ocr_carea' id='block_1_95' title="bbox 180 4781 1733 4858">
    <p class='ocr_par' dir='ltr' id='par_1_95' title="bbox 180 4781 1733 4858">
     <span class='ocr_line' id='line_1_95' title="bbox 180 4781 1733 4858; baseline 0.005 -25"><span class='ocrx_word' id='word_1_713' title='bbox 180 4781 277 4835; x_wconf 87' lang='lat' dir='ltr'><strong><em>loco</em></strong></span> <span class='ocrx_word' id='word_1_714' title='bbox 311 4786 593 4851; x_wconf 87' lang='lat' dir='ltr'><strong><em>discedant,</em></strong></span> <span class='ocrx_word' id='word_1_715' title='bbox 630 4798 677 4840; x_wconf 90' lang='lat' dir='ltr'><strong><em>et</em></strong></span> <span class='ocrx_word' id='word_1_716' title='bbox 724 4789 927 4856; x_wconf 91' lang='lat' dir='ltr'><strong><em>corpori</em></strong></span> <span class='ocrx_word' id='word_1_717' title='bbox 965 4802 1027 4839; x_wconf 93' lang='lat' dir='ltr'><strong><em>ac</em></strong></span> <span class='ocrx_word' id='word_1_718' title='bbox 1062 4788 1302 4858; x_wconf 85' lang='lat' dir='ltr'><strong><em>sanguini</em></strong></span> <span class='ocrx_word' id='word_1_719' title='bbox 1340 4787 1533 4841; x_wconf 87' lang='lat' dir='ltr'><strong><em>Christi</em></strong></span> <span class='ocrx_word' id='word_1_720' title='bbox 1578 4788 1733 4842; x_wconf 88' lang='lat' dir='ltr'><strong><em>mini-</em></strong></span> 
     </span>
    </p>
   </div>
   <div class='ocr_carea' id='block_1_96' title="bbox 181 4880 1736 4950">
    <p class='ocr_par' dir='ltr' id='par_1_96' title="bbox 181 4880 1736 4950">
     <span class='ocr_line' id='line_1_96' title="bbox 181 4880 1736 4950; baseline 0.004 -23"><span class='ocrx_word' id='word_1_721' title='bbox 181 4885 320 4931; x_wconf 84' lang='lat' dir='ltr'><strong><em>strare</em></strong></span> <span class='ocrx_word' id='word_1_722' title='bbox 344 4886 602 4950; x_wconf 83' lang='lat' dir='ltr'><strong><em>satagunt,</em></strong></span> <span class='ocrx_word' id='word_1_723' title='bbox 634 4880 899 4948; x_wconf 79' lang='lat' dir='ltr'><strong><em>offerentes</em></strong></span> <span class='ocrx_word' id='word_1_724' title='bbox 923 4890 1159 4950; x_wconf 90' lang='lat' dir='ltr'><strong><em>patenum</em></strong></span> <span class='ocrx_word' id='word_1_725' title='bbox 1189 4897 1277 4950; x_wconf 90' lang='lat' dir='ltr'><strong><em>per</em></strong></span> <span class='ocrx_word' id='word_1_726' title='bbox 1298 4898 1505 4934; x_wconf 89' lang='lat' dir='ltr'><strong><em>manum</em></strong></span> <span class='ocrx_word' id='word_1_727' title='bbox 1532 4881 1736 4934; x_wconf 82' lang='lat' dir='ltr'><strong><em>diaconi</em></strong></span> 
     </span>
    </p>
   </div>
   <div class='ocr_carea' id='block_1_97' title="bbox 182 4968 1737 5041">
    <p class='ocr_par' dir='ltr' id='par_1_97' title="bbox 182 4968 1737 5041">
     <span class='ocr_line' id='line_1_97' title="bbox 182 4968 1737 5041; baseline 0.002 -22"><span class='ocrx_word' id='word_1_728' title='bbox 182 4969 399 5022; x_wconf 77' lang='lat' dir='ltr'><strong><em>sacerdoti</em></strong></span> <span class='ocrx_word' id='word_1_729' title='bbox 426 4973 494 5024; x_wconf 90' lang='lat' dir='ltr'><strong><em>ad</em></strong></span> <span class='ocrx_word' id='word_1_730' title='bbox 523 4971 864 5041; x_wconf 81' lang='lat' dir='ltr'><strong><em>frangendum</em></strong></span> <span class='ocrx_word' id='word_1_731' title='bbox 890 4972 941 5024; x_wconf 93' lang='lat' dir='ltr'><strong><em>in</em></strong></span> <span class='ocrx_word' id='word_1_732' title='bbox 965 4987 1023 5024; x_wconf 91' lang='lat' dir='ltr'><strong><em>ea</em></strong></span> <span class='ocrx_word' id='word_1_733' title='bbox 1053 4986 1236 5041; x_wconf 91' lang='lat' dir='ltr'><strong><em>corpus</em></strong></span> <span class='ocrx_word' id='word_1_734' title='bbox 1257 4969 1488 5034; x_wconf 89' lang='lat' dir='ltr'><strong><em>Domini,</em></strong></span> <span class='ocrx_word' id='word_1_735' title='bbox 1512 4980 1607 5023; x_wconf 89' lang='lat' dir='ltr'><strong><em>etc.</em></strong></span> <span class='ocrx_word' id='word_1_736' title='bbox 1636 4968 1737 5023; x_wconf 89' lang='lat' dir='ltr'><strong><em>Ubi</em></strong></span> 
     </span>
    </p>
   </div>
   <div class='ocr_carea' id='block_1_98' title="bbox 184 5058 1744 5128">
    <p class='ocr_par' dir='ltr' id='par_1_98' title="bbox 184 5058 1744 5128">
     <span class='ocr_line' id='line_1_98' title="bbox 184 5058 1744 5128; baseline 0.003 -21"><span class='ocrx_word' id='word_1_737' title='bbox 184 5066 285 5121; x_wconf 70' lang='lat' dir='ltr'><strong><em>ergo</em></strong></span> <span class='ocrx_word' id='word_1_738' title='bbox 307 5059 368 5109; x_wconf 88' lang='lat' dir='ltr'><strong><em>ad</em></strong></span> <span class='ocrx_word' id='word_1_739' title='bbox 387 5058 493 5112; x_wconf 66' lang='lat' dir='ltr'><strong><em>haec</em></strong></span> <span class='ocrx_word' id='word_1_740' title='bbox 517 5059 665 5113; x_wconf 87' lang='lat' dir='ltr'><strong><em>verba</em></strong></span> <span class='ocrx_word' id='word_1_741' title='bbox 694 5060 904 5125; x_wconf 85' lang='lat' dir='ltr'><strong><em>venerit,</em></strong></span> <span class='ocrx_word' id='word_1_742' title='bbox 935 5060 1144 5123; x_wconf 85' lang='lat' dir='ltr'><strong><em>scilicet,</em></strong></span> <span class='ocrx_word' id='word_1_743' title='bbox 1176 5059 1277 5112; x_wconf 87' lang='lat' dir='ltr'><strong><em>Per</em></strong></span> <span class='ocrx_word' id='word_1_744' title='bbox 1303 5074 1458 5128; x_wconf 90' lang='lat' dir='ltr'><strong><em>quem</em></strong></span> <span class='ocrx_word' id='word_1_745' title='bbox 1492 5060 1603 5113; x_wconf 65' lang='lat' dir='ltr'><strong><em>haec</em></strong></span> <span class='ocrx_word' id='word_1_746' title='bbox 1624 5075 1744 5113; x_wconf 82' lang='lat' dir='ltr'><strong><em>om-</em></strong></span> 
     </span>
    </p>
   </div>
   <div class='ocr_carea' id='block_1_99' title="bbox 184 5144 1733 5221">
    <p class='ocr_par' dir='ltr' id='par_1_99' title="bbox 184 5144 1733 5221">
     <span class='ocr_line' id='line_1_99' title="bbox 184 5144 1733 5221; baseline 0.006 -26"><span class='ocrx_word' id='word_1_747' title='bbox 184 5144 277 5208; x_wconf 78' lang='lat' dir='ltr'><strong><em>nia,</em></strong></span> <span class='ocrx_word' id='word_1_748' title='bbox 305 5147 539 5217; x_wconf 87' lang='lat' dir='ltr'><strong><em>Domine,</em></strong></span> <span class='ocrx_word' id='word_1_749' title='bbox 569 5167 783 5221; x_wconf 86' lang='lat' dir='ltr'><strong><em>semper</em></strong></span> <span class='ocrx_word' id='word_1_750' title='bbox 814 5152 975 5217; x_wconf 85' lang='lat' dir='ltr'><strong><em>bona,</em></strong></span> <span class='ocrx_word' id='word_1_751' title='bbox 1006 5164 1125 5206; x_wconf 90' lang='lat' dir='ltr'><strong><em>tunc</em></strong></span> <span class='ocrx_word' id='word_1_752' title='bbox 1146 5154 1388 5206; x_wconf 89' lang='lat' dir='ltr'><strong><em>diaconus</em></strong></span> <span class='ocrx_word' id='word_1_753' title='bbox 1416 5153 1648 5217; x_wconf 86' lang='lat' dir='ltr'><strong><em>accedat,</em></strong></span> <span class='ocrx_word' id='word_1_754' title='bbox 1685 5160 1733 5206; x_wconf 90' lang='lat' dir='ltr'><strong><em>et</em></strong></span> 
     </span>
    </p>
   </div>
   <div class='ocr_carea' id='block_1_100' title="bbox 185 5240 1735 5316">
    <p class='ocr_par' dir='ltr' id='par_1_100' title="bbox 185 5240 1735 5316">
     <span class='ocr_line' id='line_1_100' title="bbox 185 5240 1735 5316; baseline 0.003 -23"><span class='ocrx_word' id='word_1_755' title='bbox 185 5240 364 5295; x_wconf 66' lang='lat' dir='ltr'><strong><em>dextera</em></strong></span> <span class='ocrx_word' id='word_1_756' title='bbox 390 5261 543 5299; x_wconf 89' lang='lat' dir='ltr'><strong><em>manu</em></strong></span> <span class='ocrx_word' id='word_1_757' title='bbox 576 5247 814 5300; x_wconf 73' lang='lat' dir='ltr'><strong><em>dextrum</em></strong></span> <span class='ocrx_word' id='word_1_758' title='bbox 849 5262 1011 5300; x_wconf 91' lang='lat' dir='ltr'><strong><em>cornu</em></strong></span> <span class='ocrx_word' id='word_1_759' title='bbox 1036 5247 1319 5316; x_wconf 89' lang='lat' dir='ltr'><strong><em>corporalis</em></strong></span> <span class='ocrx_word' id='word_1_760' title='bbox 1349 5246 1588 5315; x_wconf 84' lang='lat' dir='ltr'><strong><em>accipiat,</em></strong></span> <span class='ocrx_word' id='word_1_761' title='bbox 1621 5261 1735 5298; x_wconf 91' lang='lat' dir='ltr'><strong><em>cum</em></strong></span> 
     </span>
    </p>
   </div>
   <div class='ocr_carea' id='block_1_101' title="bbox 161 5336 1736 5406">
    <p class='ocr_par' dir='ltr' id='par_1_101' title="bbox 161 5336 1736 5406">
     <span class='ocr_line' id='line_1_101' title="bbox 161 5336 1736 5406; baseline 0.004 -22"><span class='ocrx_word' id='word_1_762' title='bbox 161 5338 424 5403; x_wconf 25' lang='lat' dir='ltr'><strong><em>isacerdote</em></strong></span> <span class='ocrx_word' id='word_1_763' title='bbox 463 5338 824 5406; x_wconf 87' lang='lat' dir='ltr'><strong><em>discooperiut.</em></strong></span> <span class='ocrx_word' id='word_1_764' title='bbox 859 5337 1112 5390; x_wconf 88' lang='lat' dir='ltr'><strong><em>Sacerdos</em></strong></span> <span class='ocrx_word' id='word_1_765' title='bbox 1150 5337 1251 5391; x_wconf 85' lang='lat' dir='ltr'><strong><em>Per</em></strong></span> <span class='ocrx_word' id='word_1_766' title='bbox 1279 5336 1477 5406; x_wconf 86' lang='lat' dir='ltr'><strong><em>ipsum,</em></strong></span> <span class='ocrx_word' id='word_1_767' title='bbox 1505 5346 1623 5403; x_wconf 83' lang='lat' dir='ltr'><strong><em>etc.,</em></strong></span> <span class='ocrx_word' id='word_1_768' title='bbox 1653 5336 1736 5390; x_wconf 90' lang='lat' dir='ltr'><strong><em>di-</em></strong></span> 
     </span>
    </p>
   </div>
   <div class='ocr_carea' id='block_1_102' title="bbox 189 5427 1732 5500">
    <p class='ocr_par' dir='ltr' id='par_1_102' title="bbox 189 5427 1732 5500">
     <span class='ocr_line' id='line_1_102' title="bbox 189 5427 1732 5500; baseline 0.003 -24"><span class='ocrx_word' id='word_1_769' title='bbox 189 5427 344 5491; x_wconf 87' lang='lat' dir='ltr'><strong><em>cendo,</em></strong></span> <span class='ocrx_word' id='word_1_770' title='bbox 390 5428 574 5500; x_wconf 84' lang='grc'>(1066)</span> <span class='ocrx_word' id='word_1_771' title='bbox 627 5429 802 5483; x_wconf 84' lang='lat' dir='ltr'><strong><em>oblata</em></strong></span> <span class='ocrx_word' id='word_1_772' title='bbox 842 5438 1057 5497; x_wconf 88' lang='lat' dir='ltr'><strong><em>quatuor</em></strong></span> <span class='ocrx_word' id='word_1_773' title='bbox 1099 5438 1269 5498; x_wconf 89' lang='lat' dir='ltr'><strong><em>partes</em></strong></span> <span class='ocrx_word' id='word_1_774' title='bbox 1315 5428 1490 5482; x_wconf 89' lang='lat' dir='ltr'><strong><em>calicis</em></strong></span> <span class='ocrx_word' id='word_1_775' title='bbox 1535 5438 1732 5498; x_wconf 90' lang='lat' dir='ltr'><strong><em>tangat.</em></strong></span> 
     </span>
    </p>
   </div>
   <div class='ocr_carea' id='block_1_103' title="bbox 192 5510 1725 5590">
    <p class='ocr_par' dir='ltr' id='par_1_103' title="bbox 192 5510 1725 5590">
     <span class='ocr_line' id='line_1_103' title="bbox 192 5510 1725 5590; baseline 0.005 -25"><span class='ocrx_word' id='word_1_776' title='bbox 192 5510 516 5575; x_wconf 78' lang='lat' dir='ltr'><strong><em>Immolatione</em></strong></span> <span class='ocrx_word' id='word_1_777' title='bbox 541 5521 677 5575; x_wconf 90' lang='lat' dir='ltr'><strong><em>enim</em></strong></span> <span class='ocrx_word' id='word_1_778' title='bbox 705 5520 935 5590; x_wconf 86' lang='lat' dir='ltr'><strong><em>corporis</em></strong></span> <span class='ocrx_word' id='word_1_779' title='bbox 964 5519 1151 5574; x_wconf 90' lang='lat' dir='ltr'><strong><em>Christi</em></strong></span> <span class='ocrx_word' id='word_1_780' title='bbox 1182 5520 1443 5590; x_wconf 86' lang='lat' dir='ltr'><strong><em>redempta</em></strong></span> <span class='ocrx_word' id='word_1_781' title='bbox 1473 5532 1584 5573; x_wconf 91' lang='lat' dir='ltr'><strong><em>sunt</em></strong></span> <span class='ocrx_word' id='word_1_782' title='bbox 1605 5537 1725 5587; x_wconf 89' lang='lat' dir='ltr'><strong><em>qua-</em></strong></span> 
     </span>
    </p>
   </div>
   <div class='ocr_carea' id='block_1_104' title="bbox 192 5611 1738 5681">
    <p class='ocr_par' dir='ltr' id='par_1_104' title="bbox 192 5611 1738 5681">
     <span class='ocr_line' id='line_1_104' title="bbox 192 5611 1738 5681; baseline 0.005 -24"><span class='ocrx_word' id='word_1_783' title='bbox 192 5614 287 5659; x_wconf 85' lang='lat' dir='ltr'><strong><em>tuor</em></strong></span> <span class='ocrx_word' id='word_1_784' title='bbox 326 5612 519 5667; x_wconf 76' lang='lat' dir='ltr'><strong><em>cliinata</em></strong></span> <span class='ocrx_word' id='word_1_785' title='bbox 585 5612 784 5665; x_wconf 91' lang='lat' dir='ltr'><strong><em>mundi.</em></strong></span> <span class='ocrx_word' id='word_1_786' title='bbox 840 5611 1029 5681; x_wconf 84' lang='grc'>(1067)</span> <span class='ocrx_word' id='word_1_787' title='bbox 1097 5611 1233 5666; x_wconf 86' lang='lat' dir='ltr'><strong><em>Item</em></strong></span> <span class='ocrx_word' id='word_1_788' title='bbox 1293 5614 1534 5667; x_wconf 82' lang='lat' dir='ltr'><strong><em>Oratione</em></strong></span> <span class='ocrx_word' id='word_1_789' title='bbox 1590 5614 1738 5681; x_wconf 89' lang='lat' dir='ltr'><strong><em>ﬁnita</em></strong></span> 
     </span>
    </p>
   </div>
   <div class='ocr_carea' id='block_1_105' title="bbox 196 5696 1739 5774">
    <p class='ocr_par' dir='ltr' id='par_1_105' title="bbox 196 5696 1739 5774">
     <span class='ocr_line' id='line_1_105' title="bbox 196 5696 1739 5774; baseline 0.005 -24"><span class='ocrx_word' id='word_1_790' title='bbox 196 5696 351 5767; x_wconf 77' lang='lat' dir='ltr'><strong><em>(I068)</em></strong></span> <span class='ocrx_word' id='word_1_791' title='bbox 379 5714 580 5774; x_wconf 79' lang='lat' dir='ltr'><strong><em>uterque</em></strong></span> <span class='ocrx_word' id='word_1_792' title='bbox 605 5704 812 5757; x_wconf 88' lang='lat' dir='ltr'><strong><em>culicem</em></strong></span> <span class='ocrx_word' id='word_1_793' title='bbox 842 5702 1023 5765; x_wconf 86' lang='lat' dir='ltr'><strong><em>levent,</em></strong></span> <span class='ocrx_word' id='word_1_794' title='bbox 1056 5714 1103 5756; x_wconf 89' lang='lat' dir='ltr'><strong><em>et</em></strong></span> <span class='ocrx_word' id='word_1_795' title='bbox 1126 5704 1280 5756; x_wconf 87' lang='lat' dir='ltr'><strong><em>simul</em></strong></span> <span class='ocrx_word' id='word_1_796' title='bbox 1305 5714 1515 5772; x_wconf 87' lang='lat' dir='ltr'><strong><em>ponant,</em></strong></span> <span class='ocrx_word' id='word_1_797' title='bbox 1543 5713 1592 5757; x_wconf 91' lang='lat' dir='ltr'><strong><em>et</em></strong></span> <span class='ocrx_word' id='word_1_798' title='bbox 1621 5721 1739 5757; x_wconf 89' lang='lat' dir='ltr'><strong><em>coo-</em></strong></span> 
     </span>
    </p>
   </div>
   <div class='ocr_carea' id='block_1_106' title="bbox 197 5791 1738 5860">
    <p class='ocr_par' dir='ltr' id='par_1_106' title="bbox 197 5791 1738 5860">
     <span class='ocr_line' id='line_1_106' title="bbox 197 5791 1738 5860; baseline 0.005 -17"><span class='ocrx_word' id='word_1_799' title='bbox 197 5791 381 5848; x_wconf 73' lang='lat' dir='ltr'><strong><em>uriant.</em></strong></span> <span class='ocrx_word' id='word_1_800' title='bbox 407 5792 537 5852; x_wconf 71' lang='lat' dir='ltr'><strong><em>lude</em></strong></span> <span class='ocrx_word' id='word_1_801' title='bbox 561 5796 723 5851; x_wconf 86' lang='lat' dir='ltr'><strong><em>altare</em></strong></span> <span class='ocrx_word' id='word_1_802' title='bbox 741 5796 983 5849; x_wconf 87' lang='lat' dir='ltr'><strong><em>diaconus</em></strong></span> <span class='ocrx_word' id='word_1_803' title='bbox 1005 5794 1281 5860; x_wconf 87' lang='lat' dir='ltr'><strong><em>osculetur,</em></strong></span> <span class='ocrx_word' id='word_1_804' title='bbox 1305 5796 1486 5851; x_wconf 86' lang='lat' dir='ltr'><strong><em>deinde</em></strong></span> <span class='ocrx_word' id='word_1_805' title='bbox 1506 5797 1738 5853; x_wconf 78' lang='lat' dir='ltr'><strong><em>dextram</em></strong></span> 
     </span>
    </p>
   </div>
   <div class='ocr_carea' id='block_1_107' title="bbox 1839 4698 3429 4769">
    <p class='ocr_par' dir='ltr' id='par_1_107' title="bbox 1839 4698 3429 4769">
     <span class='ocr_line' id='line_1_107' title="bbox 1839 4698 3429 4769; baseline -0.006 -10"><span class='ocrx_word' id='word_1_806' title='bbox 1839 4706 1905 4760; x_wconf 90' lang='lat' dir='ltr'><strong><em>sit</em></strong></span> <span class='ocrx_word' id='word_1_807' title='bbox 1932 4704 2172 4759; x_wconf 86' lang='lat' dir='ltr'><strong><em>sacerdos</em></strong></span> <span class='ocrx_word' id='word_1_808' title='bbox 2200 4709 2390 4766; x_wconf 89' lang='lat' dir='ltr'><strong><em>sumat,</em></strong></span> <span class='ocrx_word' id='word_1_809' title='bbox 2425 4710 2471 4755; x_wconf 90' lang='lat' dir='ltr'><strong><em>et</em></strong></span> <span class='ocrx_word' id='word_1_810' title='bbox 2511 4711 2624 4769; x_wconf 88' lang='lat' dir='ltr'><strong><em>post</em></strong></span> <span class='ocrx_word' id='word_1_811' title='bbox 2666 4700 2883 4753; x_wconf 90' lang='lat' dir='ltr'><strong><em>diacono</em></strong></span> <span class='ocrx_word' id='word_1_812' title='bbox 2931 4698 3137 4753; x_wconf 89' lang='lat' dir='ltr'><strong><em>calicem</em></strong></span> <span class='ocrx_word' id='word_1_813' title='bbox 3178 4698 3247 4751; x_wconf 84' lang='lat' dir='ltr'><strong><em>acl</em></strong></span> <span class='ocrx_word' id='word_1_814' title='bbox 3276 4713 3429 4750; x_wconf 91' lang='lat' dir='ltr'><strong><em>mun-</em></strong></span> 
     </span>
    </p>
   </div>
   <div class='ocr_carea' id='block_1_108' title="bbox 1842 4789 3428 4863">
    <p class='ocr_par' dir='ltr' id='par_1_108' title="bbox 1842 4789 3428 4863">
     <span class='ocr_line' id='line_1_108' title="bbox 1842 4789 3428 4863; baseline -0.005 -14"><span class='ocrx_word' id='word_1_815' title='bbox 1842 4797 2070 4849; x_wconf 88' lang='lat' dir='ltr'><strong><em>daudum</em></strong></span> <span class='ocrx_word' id='word_1_816' title='bbox 2111 4806 2157 4850; x_wconf 91' lang='lat' dir='ltr'><strong><em>et</em></strong></span> <span class='ocrx_word' id='word_1_817' title='bbox 2189 4795 2491 4849; x_wconf 87' lang='lat' dir='ltr'><strong><em>sumendum</em></strong></span> <span class='ocrx_word' id='word_1_818' title='bbox 2518 4792 2652 4863; x_wconf 90' lang='lat' dir='ltr'><strong><em>quod</em></strong></span> <span class='ocrx_word' id='word_1_819' title='bbox 2692 4792 2935 4846; x_wconf 85' lang='lat' dir='ltr'><strong><em>remansit</em></strong></span> <span class='ocrx_word' id='word_1_820' title='bbox 2979 4791 3228 4861; x_wconf 89' lang='lat' dir='ltr'><strong><em>porrigat,</em></strong></span> <span class='ocrx_word' id='word_1_821' title='bbox 3265 4790 3349 4857; x_wconf 87' lang='lat' dir='ltr'><strong><em>qui</em></strong></span> <span class='ocrx_word' id='word_1_822' title='bbox 3376 4789 3428 4842; x_wconf 88' lang='lat' dir='ltr'><strong><em>in</em></strong></span> 
     </span>
    </p>
   </div>
   <div class='ocr_carea' id='block_1_109' title="bbox 1840 4883 3424 4952">
    <p class='ocr_par' dir='ltr' id='par_1_109' title="bbox 1840 4883 3424 4952">
     <span class='ocr_line' id='line_1_109' title="bbox 1840 4883 3424 4952; baseline -0.006 -11"><span class='ocrx_word' id='word_1_823' title='bbox 1840 4889 2102 4941; x_wconf 88' lang='lat' dir='ltr'><strong><em>sinistrum</em></strong></span> <span class='ocrx_word' id='word_1_824' title='bbox 2131 4902 2290 4941; x_wconf 90' lang='lat' dir='ltr'><strong><em>cornu</em></strong></span> <span class='ocrx_word' id='word_1_825' title='bbox 2330 4887 2512 4940; x_wconf 91' lang='lat' dir='ltr'><strong><em>altaris</em></strong></span> <span class='ocrx_word' id='word_1_826' title='bbox 2556 4886 2764 4939; x_wconf 85' lang='lat' dir='ltr'><strong><em>calicem</em></strong></span> <span class='ocrx_word' id='word_1_827' title='bbox 2813 4900 2930 4938; x_wconf 90' lang='lat' dir='ltr'><strong><em>cum</em></strong></span> <span class='ocrx_word' id='word_1_828' title='bbox 2979 4894 3164 4952; x_wconf 89' lang='lat' dir='ltr'><strong><em>patenu</em></strong></span> <span class='ocrx_word' id='word_1_829' title='bbox 3209 4883 3424 4948; x_wconf 79' lang='lat' dir='ltr'><strong><em>deferat,</em></strong></span> 
     </span>
    </p>
   </div>
   <div class='ocr_carea' id='block_1_110' title="bbox 1842 4972 3422 5045">
    <p class='ocr_par' dir='ltr' id='par_1_110' title="bbox 1842 4972 3422 5045">
     <span class='ocr_line' id='line_1_110' title="bbox 1842 4972 3422 5045; baseline -0.006 -14"><span class='ocrx_word' id='word_1_830' title='bbox 1842 4979 1927 5031; x_wconf 85' lang='lat' dir='ltr'><strong><em>ubi</em></strong></span> <span class='ocrx_word' id='word_1_831' title='bbox 1951 4987 2142 5045; x_wconf 86' lang='lat' dir='ltr'><strong><em>partem</em></strong></span> <span class='ocrx_word' id='word_1_832' title='bbox 2169 4977 2263 5029; x_wconf 84' lang='lat' dir='ltr'><strong><em>sibi</em></strong></span> <span class='ocrx_word' id='word_1_833' title='bbox 2292 4976 2531 5043; x_wconf 91' lang='lat' dir='ltr'><strong><em>accipiat,</em></strong></span> <span class='ocrx_word' id='word_1_834' title='bbox 2565 4984 2612 5027; x_wconf 91' lang='lat' dir='ltr'><strong><em>et</em></strong></span> <span class='ocrx_word' id='word_1_835' title='bbox 2642 4984 2841 5041; x_wconf 90' lang='lat' dir='ltr'><strong><em>partem</em></strong></span> <span class='ocrx_word' id='word_1_836' title='bbox 2870 4974 3182 5025; x_wconf 90' lang='lat' dir='ltr'><strong><em>subdiacono</em></strong></span> <span class='ocrx_word' id='word_1_837' title='bbox 3210 4972 3422 5023; x_wconf 90' lang='lat' dir='ltr'><strong><em>tribuat.</em></strong></span> 
     </span>
    </p>
   </div>
   <div class='ocr_carea' id='block_1_111' title="bbox 1845 5062 3425 5135">
    <p class='ocr_par' dir='ltr' id='par_1_111' title="bbox 1845 5062 3425 5135">
     <span class='ocr_line' id='line_1_111' title="bbox 1845 5062 3425 5135; baseline -0.007 -12"><span class='ocrx_word' id='word_1_838' title='bbox 1845 5068 1972 5123; x_wconf 84' lang='lat' dir='ltr'><strong><em>Post</em></strong></span> <span class='ocrx_word' id='word_1_839' title='bbox 2000 5070 2243 5122; x_wconf 88' lang='lat' dir='ltr'><strong><em>mundata</em></strong></span> <span class='ocrx_word' id='word_1_840' title='bbox 2268 5079 2483 5135; x_wconf 89' lang='lat' dir='ltr'><strong><em>utroque</em></strong></span> <span class='ocrx_word' id='word_1_841' title='bbox 2516 5068 2717 5133; x_wconf 90' lang='lat' dir='ltr'><strong><em>utrique</em></strong></span> <span class='ocrx_word' id='word_1_842' title='bbox 2740 5064 2897 5133; x_wconf 78' lang='lat'><strong><em>257</em></strong></span> <span class='ocrx_word' id='word_1_843' title='bbox 2927 5065 3247 5130; x_wconf 81' lang='lat' dir='ltr'><strong><em>participem.</em></strong></span> <span class='ocrx_word' id='word_1_844' title='bbox 3290 5062 3425 5113; x_wconf 88' lang='lat' dir='ltr'><strong><em>Aco-</em></strong></span> 
     </span>
    </p>
   </div>
   <div class='ocr_carea' id='block_1_112' title="bbox 1844 5152 3427 5229">
    <p class='ocr_par' dir='ltr' id='par_1_112' title="bbox 1844 5152 3427 5229">
     <span class='ocr_line' id='line_1_112' title="bbox 1844 5152 3427 5229; baseline -0.005 -17"><span class='ocrx_word' id='word_1_845' title='bbox 1844 5160 2017 5229; x_wconf 85' lang='lat' dir='ltr'><strong><em>lythus</em></strong></span> <span class='ocrx_word' id='word_1_846' title='bbox 2061 5175 2176 5213; x_wconf 87' lang='lat' dir='ltr'><strong><em>vero</em></strong></span> <span class='ocrx_word' id='word_1_847' title='bbox 2210 5159 2425 5212; x_wconf 89' lang='lat' dir='ltr'><strong><em>alterum</em></strong></span> <span class='ocrx_word' id='word_1_848' title='bbox 2473 5157 2680 5208; x_wconf 86' lang='lat' dir='ltr'><strong><em>calicem</em></strong></span> <span class='ocrx_word' id='word_1_849' title='bbox 2721 5154 2973 5208; x_wconf 88' lang='lat' dir='ltr'><strong><em>sacerdoti</em></strong></span> <span class='ocrx_word' id='word_1_850' title='bbox 3000 5153 3068 5205; x_wconf 87' lang='lat' dir='ltr'><strong><em>ad</em></strong></span> <span class='ocrx_word' id='word_1_851' title='bbox 3100 5152 3427 5205; x_wconf 86' lang='lat' dir='ltr'><strong><em>mandandos</em></strong></span> 
     </span>
    </p>
   </div>
   <div class='ocr_carea' id='block_1_113' title="bbox 1843 5242 3428 5320">
    <p class='ocr_par' dir='ltr' id='par_1_113' title="bbox 1843 5242 3428 5320">
     <span class='ocr_line' id='line_1_113' title="bbox 1843 5242 3428 5320; baseline -0.005 -17"><span class='ocrx_word' id='word_1_852' title='bbox 1843 5251 2028 5320; x_wconf 78' lang='lat' dir='ltr'><strong><em>digitos</em></strong></span> <span class='ocrx_word' id='word_1_853' title='bbox 2074 5252 2290 5317; x_wconf 82' lang='lat' dir='ltr'><strong><em>deferat.</em></strong></span> <span class='ocrx_word' id='word_1_854' title='bbox 2340 5246 2698 5302; x_wconf 86' lang='lat' dir='ltr'><strong><em>Subdiaconus</em></strong></span> <span class='ocrx_word' id='word_1_855' title='bbox 2748 5254 2916 5297; x_wconf 89' lang='lat' dir='ltr'><strong><em>autem</em></strong></span> <span class='ocrx_word' id='word_1_856' title='bbox 2962 5245 3030 5296; x_wconf 89' lang='lat' dir='ltr'><strong><em>ad</em></strong></span> <span class='ocrx_word' id='word_1_857' title='bbox 3070 5242 3428 5296; x_wconf 82' lang='lat' dir='ltr'><strong><em>mandandum</em></strong></span> 
     </span>
    </p>
   </div>
   <div class='ocr_carea' id='block_1_114' title="bbox 1840 5333 3427 5410">
    <p class='ocr_par' dir='ltr' id='par_1_114' title="bbox 1840 5333 3427 5410">
     <span class='ocr_line' id='line_1_114' title="bbox 1840 5333 3427 5410; baseline -0.004 -16"><span class='ocrx_word' id='word_1_858' title='bbox 1840 5343 2052 5395; x_wconf 89' lang='lat' dir='ltr'><strong><em>calicem</em></strong></span> <span class='ocrx_word' id='word_1_859' title='bbox 2078 5349 2122 5392; x_wconf 92' lang='lat' dir='ltr'><strong><em>et</em></strong></span> <span class='ocrx_word' id='word_1_860' title='bbox 2153 5349 2389 5410; x_wconf 91' lang='lat' dir='ltr'><strong><em>patenum</em></strong></span> <span class='ocrx_word' id='word_1_861' title='bbox 2418 5337 2634 5389; x_wconf 91' lang='lat' dir='ltr'><strong><em>diacono</em></strong></span> <span class='ocrx_word' id='word_1_862' title='bbox 2658 5337 2863 5389; x_wconf 87' lang='lat' dir='ltr'><strong><em>serviat.</em></strong></span> <span class='ocrx_word' id='word_1_863' title='bbox 2890 5334 3015 5387; x_wconf 84' lang='lat' dir='ltr'><strong><em>Post</em></strong></span> <span class='ocrx_word' id='word_1_864' title='bbox 3047 5333 3427 5387; x_wconf 81' lang='lat' dir='ltr'><strong><em>inundationem</em></strong></span> 
     </span>
    </p>
   </div>
   <div class='ocr_carea' id='block_1_115' title="bbox 1842 5426 3424 5499">
    <p class='ocr_par' dir='ltr' id='par_1_115' title="bbox 1842 5426 3424 5499">
     <span class='ocr_line' id='line_1_115' title="bbox 1842 5426 3424 5499; baseline -0.004 -16"><span class='ocrx_word' id='word_1_865' title='bbox 1842 5442 2040 5499; x_wconf 79' lang='lat' dir='ltr'><strong><em>patente</em></strong></span> <span class='ocrx_word' id='word_1_866' title='bbox 2067 5440 2112 5482; x_wconf 89' lang='lat' dir='ltr'><strong><em>et</em></strong></span> <span class='ocrx_word' id='word_1_867' title='bbox 2144 5429 2317 5481; x_wconf 86' lang='lat' dir='ltr'><strong><em>calicis</em></strong></span> <span class='ocrx_word' id='word_1_868' title='bbox 2354 5428 2582 5496; x_wconf 80' lang='lat' dir='ltr'><strong><em>acolytus</em></strong></span> <span class='ocrx_word' id='word_1_869' title='bbox 2613 5435 2881 5491; x_wconf 90' lang='lat' dir='ltr'><strong><em>utrumque</em></strong></span> <span class='ocrx_word' id='word_1_870' title='bbox 2913 5426 3109 5479; x_wconf 82' lang='lat' dir='ltr'><strong><em>mantili</em></strong></span> <span class='ocrx_word' id='word_1_871' title='bbox 3144 5426 3424 5478; x_wconf 83' lang='lat' dir='ltr'><strong><em>involutum</em></strong></span> 
     </span>
    </p>
   </div>
   <div class='ocr_carea' id='block_1_116' title="bbox 1839 5515 3420 5589">
    <p class='ocr_par' dir='ltr' id='par_1_116' title="bbox 1839 5515 3420 5589">
     <span class='ocr_line' id='line_1_116' title="bbox 1839 5515 3420 5589; baseline -0.005 -13"><span class='ocrx_word' id='word_1_872' title='bbox 1839 5532 2005 5576; x_wconf 83' lang='lat' dir='ltr'><strong><em>teneat</em></strong></span> <span class='ocrx_word' id='word_1_873' title='bbox 2028 5536 2183 5589; x_wconf 91' lang='lat' dir='ltr'><strong><em>usque</em></strong></span> <span class='ocrx_word' id='word_1_874' title='bbox 2204 5517 2272 5571; x_wconf 92' lang='lat' dir='ltr'><strong><em>ad</em></strong></span> <span class='ocrx_word' id='word_1_875' title='bbox 2293 5516 2679 5584; x_wconf 86' lang='lat' dir='ltr'><strong><em>completionem</em></strong></span> <span class='ocrx_word' id='word_1_876' title='bbox 2702 5516 2879 5586; x_wconf 69' lang='lat' dir='ltr'><strong><em>primm</em></strong></span> <span class='ocrx_word' id='word_1_877' title='bbox 2904 5515 3420 5580; x_wconf 84' lang='lat' dir='ltr'><strong><em>Postcommuuionis,</em></strong></span> 
     </span>
    </p>
   </div>
   <div class='ocr_carea' id='block_1_117' title="bbox 1840 5606 3421 5681">
    <p class='ocr_par' dir='ltr' id='par_1_117' title="bbox 1840 5606 3421 5681">
     <span class='ocr_line' id='line_1_117' title="bbox 1840 5606 3421 5681; baseline -0.006 -14"><span class='ocrx_word' id='word_1_878' title='bbox 1840 5629 2030 5681; x_wconf 86' lang='lat' dir='ltr'><strong><em>suaque</em></strong></span> <span class='ocrx_word' id='word_1_879' title='bbox 2059 5611 2228 5666; x_wconf 72' lang='lat' dir='ltr'><strong><em>caueri</em></strong></span> <span class='ocrx_word' id='word_1_880' title='bbox 2249 5610 2470 5663; x_wconf 89' lang='lat' dir='ltr'><strong><em>ministri</em></strong></span> <span class='ocrx_word' id='word_1_881' title='bbox 2499 5608 2681 5678; x_wconf 76' lang='lat' dir='ltr'><strong><em>officia.</em></strong></span> <span class='ocrx_word' id='word_1_882' title='bbox 2718 5608 2990 5668; x_wconf 81' lang='lat' dir='ltr'><strong><em>Sacerdos,</em></strong></span> <span class='ocrx_word' id='word_1_883' title='bbox 3025 5615 3077 5658; x_wconf 91' lang='lat' dir='ltr'><strong><em>ut</em></strong></span> <span class='ocrx_word' id='word_1_884' title='bbox 3105 5622 3263 5676; x_wconf 87' lang='lat' dir='ltr'><strong><em>supra</em></strong></span> <span class='ocrx_word' id='word_1_885' title='bbox 3288 5606 3421 5658; x_wconf 67' lang='lat' dir='ltr'><strong><em>diri-</em></strong></span> 
     </span>
    </p>
   </div>
   <div class='ocr_carea' id='block_1_118' title="bbox 1841 5694 3425 5773">
    <p class='ocr_par' dir='ltr' id='par_1_118' title="bbox 1841 5694 3425 5773">
     <span class='ocr_line' id='line_1_118' title="bbox 1841 5694 3425 5773; baseline -0.006 -16"><span class='ocrx_word' id='word_1_886' title='bbox 1841 5720 1985 5769; x_wconf 88' lang='lat' dir='ltr'><strong><em>mus,</em></strong></span> <span class='ocrx_word' id='word_1_887' title='bbox 2032 5704 2219 5772; x_wconf 83' lang='lat' dir='ltr'><strong><em>partito</em></strong></span> <span class='ocrx_word' id='word_1_888' title='bbox 2263 5716 2474 5769; x_wconf 89' lang='lat' dir='ltr'><strong><em>corpore</em></strong></span> <span class='ocrx_word' id='word_1_889' title='bbox 2502 5697 2749 5761; x_wconf 89' lang='lat' dir='ltr'><strong><em>Domini,</em></strong></span> <span class='ocrx_word' id='word_1_890' title='bbox 2792 5697 2900 5751; x_wconf 70' lang='lat' dir='ltr'><strong><em>Pax</em></strong></span> <span class='ocrx_word' id='word_1_891' title='bbox 2922 5695 3143 5773; x_wconf 27' lang='lat' dir='ltr'><strong><em>,Domini</em></strong></span> <span class='ocrx_word' id='word_1_892' title='bbox 3174 5694 3279 5748; x_wconf 86' lang='lat' dir='ltr'><strong><em>alta</em></strong></span> <span class='ocrx_word' id='word_1_893' title='bbox 3308 5711 3425 5747; x_wconf 80' lang='lat' dir='ltr'><strong><em>voce</em></strong></span> 
     </span>
    </p>
   </div>
   <div class='ocr_carea' id='block_1_119' title="bbox 1842 5788 3422 5869">
    <p class='ocr_par' dir='ltr' id='par_1_119' title="bbox 1842 5788 3422 5869">
     <span class='ocr_line' id='line_1_119' title="bbox 1842 5788 3422 5869; baseline -0.005 -19"><span class='ocrx_word' id='word_1_894' title='bbox 1842 5801 2093 5869; x_wconf 83' lang='lat' dir='ltr'><strong><em>proferat,</em></strong></span> <span class='ocrx_word' id='word_1_895' title='bbox 2110 5815 2140 5852; x_wconf 91' lang='lat' dir='ltr'><strong><em>a</em></strong></span> <span class='ocrx_word' id='word_1_896' title='bbox 2160 5813 2260 5868; x_wconf 84' lang='lat' dir='ltr'><strong><em>quo</em></strong></span> <span class='ocrx_word' id='word_1_897' title='bbox 2278 5811 2408 5851; x_wconf 83' lang='lat' dir='ltr'><strong><em>unus</em></strong></span> <span class='ocrx_word' id='word_1_898' title='bbox 2425 5791 2785 5849; x_wconf 88' lang='lat' dir='ltr'><strong><em>canonicorum</em></strong></span> <span class='ocrx_word' id='word_1_899' title='bbox 2811 5806 2986 5862; x_wconf 84' lang='lat' dir='ltr'><strong><em>pacem</em></strong></span> <span class='ocrx_word' id='word_1_900' title='bbox 3006 5788 3248 5861; x_wconf 85' lang='lat' dir='ltr'><strong><em>accipiat.</em></strong></span> <span class='ocrx_word' id='word_1_901' title='bbox 3272 5802 3422 5854; x_wconf 78' lang='lat' dir='ltr'><strong><em>quam</em></strong></span> 
     </span>
    </p>
   </div>
  </div>
