3988 6354
546 369 650 422 1’53

1155 359 1495 418 APPENDIX
1536 358 1647 413 AD.
1688 357 1747 411 S.
1788 352 2122 410 GREGORII
2162 349 2376 407 MAGNI
2420 350 2546 405 LIB.
2590 349 3229 406 SACRAMENTORUM.

3769 349 3907 403 936

547 484 596 534 in
626 491 835 549 utroque
863 479 1014 532 clioro
1046 477 1324 541 majoribus
1355 474 1649 526 distribuat.
1680 470 1791 539 Ipsi
1815 481 1984 523 autem
2014 486 2122 522 cre—
2150 470 2203 529 Α
2296 468 2459 538 258
2488 463 2851 520 ltem'oratio.
2879 497 2948 507 —
2991 466 3177 539 (1086)
3235 469 3405 533 Deus,
3458 471 3547 537 qui
3602 469 3901 537 populis

548 577 666 629 teris
695 575 765 626 ita
797 574 1079 639 porrigant,
1120 578 1173 621 ut
1205 568 1378 619 nullus
1416 568 1479 618 de
1521 565 1633 617 loco
1663 572 1945 626 moveatur,
1977 563 2065 613 sed
2093 578 2125 612 α

548 665 796 729 superiori
829 661 989 730 258
1011 660 1248 727 accipiat,
1278 669 1323 711 et
1354 656 1586 724 inferiori
1617 655 1825 707 tribuat.
1862 653 2006 707 Unus
2030 652 2126 703 mi-

547 768 725 806 norum
762 754 1025 819 utriusque
1051 748 1194 802 chori
1232 765 1263 801 a
1302 747 1588 819 majoribus
1617 747 1851 815 accipiat,
1884 753 1929 797 et
1972 746 2127 813 juxta

545 841 899 910 pra'scriptum
935 838 1169 891 ordinent
1218 839 1409 891 cazteris
1449 836 1741 890 distribuat.
1797 834 1911 886 lloc
1955 843 2126 886 autem

544 933 755 1000 ﬁrmiter
780 938 980 983 teneant
997 932 1150 999 juxta
1178 930 1496 999 Apostolum,
1528 928 1718 980 honore
1748 927 1963 979 invicem
1989 940 2125 992 pra:-

544 1025 814 1085 t'enientes,
839 1033 893 1074 ut
923 1022 1101 1075 dantes
1145 1037 1321 1089 pacem
1363 1030 1408 1071 et
1435 1020 1733 1087 recipientes
1760 1033 1955 1085 semper
1978 1016 2128 1069 incli—

543 1123 683 1167 nent.
729 1112 831 1165 Per
878 1112 1111 1167 osculum
1161 1113 1300 1181 pacis
1355 1110 1653 1180 designatur
1701 1118 1886 1161 nostra:
1929 1108 2125 1159 utilitas

542 1206 684 1273 ﬁdei.
729 1203 926 1257 Chorus
967 1220 1084 1257 vero
1128 1202 1317 1272 psallat
1358 1202 1537 1271 Agnus
1577 1200 1692 1262 Dei,
1733 1199 1868 1263 quod
1912 1197 2126 1265 Sergius

544 1314 681 1365 papa
733 1306 956 1365 tempore
996 1295 1361 1365 confractionis
1397 1293 1627 1361 corporis
1679 1291 1881 1343 Domini
1921 1297 2129 1342 cantare

544 1388 809 1457 pra'ccpit,
841 1388 990 1457 cujus
1022 1386 1151 1455 rigui
1180 1383 1457 1438 immolatio
1486 1380 1731 1434 mundum
1755 1380 1984 1433 redemit.
2013 1379 2125 1444 Quo

543 1480 745 1545 incepto
777 1476 1084 1531 candelabra
1114 1476 1467 1529 illuminentur
1494 1490 1513 1530 :
1544 1472 1680 1542 Agni
1722 1471 1969 1542 passione
2008 1471 2128 1524 illu-

546 1568 780 1621 minatus
802 1575 886 1621 est
913 1566 1161 1629 mundus,
1195 1574 1289 1617 etc.

607 1675 814 1732 lilTUS
851 1675 1007 1730 υιιιι
1049 1673 1503 1728 OBSERVATUS
1544 1681 1568 1709 ⁸
1604 1671 1668 1726 IN
1724 1669 2065 1726 UNCTIONE

974 1762 1156 1818 ΠΕου
1169 1762 1214 1816 Μ
1252 1760 1696 1817 FRANCORUM.

974 1872 1044 1923 Ex
1072 1872 1246 1925 Codice
1270 1871 1458 1921 Rntoldi
1485 1871 1689 1919 abbatis.

618 1977 775 2048 257
808 1977 995 2048 Incipit
1020 1977 1369 2047 percunctatio
1398 1976 1501 2028 sive
1549 1974 1728 2028 electio
1776 1972 2128 2039 episcoporum

546 2085 607 2121 ac
636 2071 957 2134 clericorum,
1015 2085 1210 2121 necnon
1252 2068 1561 2137 populorum
1610 2063 1805 2133 (l077)
1846 2063 1914 2116 ad
1959 2078 2129 2133 regem

547 2162 946 2213 consecrandum
975 2161 1078 2214 sive
1103 2161 1174 2212 ad
1202 2158 1620 2212 benedicendum.

620 2252 916 2305 Admonitio
939 2254 1292 2321 episcOporum
1320 2250 1397 2305 vel
1437 2251 1738 2303 clericorum
1776 2263 1866 2301 seu
1909 2247 2130 2316 populo-

545 2360 660 2397 rum
699 2346 767 2397 ad
812 2360 982 2414 regem
1029 2344 1243 2397 dicenda
1287 2344 1359 2396 ita
1404 2343 1606 2412 tegatur
1635 2341 1699 2394 ab
1750 2354 1851 2392 uno
1898 2340 2131 2409 rpiswpo

546 2454 720 2491 coram
759 2435 997 2490 omnibus
1021 2451 1039 2488 :

619 2531 805 2604 (1078)
840 2529 883 2583 Α
919 2527 1068 2581 vobis
1099 2523 1381 2594 perdonari
1412 2521 1641 2591 petimus
1666 2529 1721 2575 ut
1752 2520 2035 2588 unicuique
2063 2519 2131 2574 de

547 2625 704 2679 nobis
748 2633 801 2677 et
832 2620 1085 2675 Ecclesiis
1116 2617 1270 2671 nobis
1316 2616 1621 2670 commissis
1674 2615 1989 2668 canonicum
2022 2613 2132 2681 pri-

550 2714 802 2783 vilegium
828 2725 890 2764 ac
911 2709 1146 2763 debitam
1180 2708 1349 2775 legem
1383 2717 1542 2774 alque
1564 2705 1826 2776 juStitiam
1854 2717 2134 2759 conserve-

556 2807 647 2873 tis,
671 2814 726 2860 et
750 2803 1113 2857 defensionem
1145 2798 1462 2863 exhibeatis,
1496 2792 1635 2853 sicut
1684 2813 1776 2852 rex
1818 2798 1871 2850 in
1917 2811 2016 2850 suo
2046 2811 2129 2849 re-

552 2910 660 2962 gno
691 2885 977 2961 unicuique
1009 2889 1261 2957 episc0po
1291 2899 1346 2943 et
1399 2888 1653 2943 Ecclesia:
1700 2888 1799 2941 sibi
1831 2887 2131 2941 commissa:

549 2984 741 3054 (1079)
771 2998 867 3051 per
896 2990 1100 3035 rectum
1132 2978 1386 3034 exhibere
1413 2979 1590 3032 debet.

621 3072 806 3144 (1080)
846 3071 1129 3140 Responsio
1156 3070 1310 3140 regis.
1358 3067 1701 3122 —Promitto
1730 3066 1881 3120 vobis
1921 3074 1976 3122 et
2011 3081 2131 3134 per-

552 3162 696 3217 dono
717 3163 839 3232 quia
871 3161 1155 3230 unicuique
1184 3161 1252 3215 de
1277 3159 1425 3213 vobis
1447 3168 1501 3213 et
1532 3158 1787 3213 Ecclesiis
1807 3158 1957 3213 vobis
1987 3173 2134 3212 com-
2158 3191 2203 3252 Ο

551 3253 731 3307 missis
788 3252 1103 3306 canonicum
1167 3250 1501 3319 privilegium
1557 3260 1611 3304 et
1659 3249 1892 3304 debitam
1959 3250 2129 3317 legem

548 3354 708 3415 atque
750 3344 1011 3415 justitiam
1054 3342 1314 3407 servabo,
1365 3350 1418 3396 et
1455 3341 1845 3407 defensionem,
1876 3350 2130 3411 quantum

553 3445 805 3504 potuero,
837 3434 1124 3504 adjuvante
1155 3434 1403 3502 Domino,
1432 3432 1724 3498 exhibebo,
1778 3435 1915 3487 sicut
1953 3448 2045 3487 rex
2080 3438 2129 3486 in

551 3542 651 3583 suo
677 3542 841 3597 regno
868 3528 1151 3598 unicuique
1181 3528 1432 3595 episcopo
1462 3534 1517 3580 et
1546 3525 1797 3580 Ecclesia:
1839 3525 1941 3580 sibi
1987 3539 2135 3579 com-

552 3621 731 3675 missa:
756 3634 853 3688 per
882 3629 1083 3674 rectum
1115 3618 1371 3672 exhibere
1401 3616 1581 3672 debet.

625 3709 811 3777 (1081)
844 3707 1045 3762 Deinde
1065 3708 1399 3777 alloquuntur
1427 3708 1528 3758 duo
1557 3705 1781 3775 episcOpi
1808 3703 2051 3773 populum
2078 3704 2135 3757 in

552 3798 763 3852 ecclesia
792 3798 1102 3866 inquirentes
1132 3813 1304 3849 eorum
1330 3794 1665 3857 voluntatem,
1699 3803 1746 3847 et
1775 3794 1819 3846 si
1863 3793 2135 3846 concordes

554 3889 763 3957 fuerint,
788 3886 974 3958 (1082)
1013 3897 1167 3958 agant
1198 3885 1307 3939 Deo
1346 3886 1540 3956 gratias
1571 3884 1903 3951 omnipotenti
1949 3882 2136 3953 (1085)

554 3978 882 4033 decantantes
912 3979 986 4032 Te
1003 3979 1167 4033 Deum
1193 3978 1489 4033 laudamus.
1517 3975 1583 4030 Et
1614 3977 1718 4031 duo
1746 3976 1971 4046 episcopi
1997 3976 2136 4029 acci-

553 4070 696 4139 piant
723 4086 837 4122 eum
887 4086 979 4137 per
1027 4085 1244 4133 manus,
1298 4080 1344 4123 et
1392 4068 1649 4120 deducant
1697 4077 1818 4121 ante
1867 4065 2063 4131 altare,
2091 4073 2138 4118 et

555 4169 833 4230 prosternet
860 4176 912 4213 se
942 4176 1097 4229 usque
1125 4162 1195 4213 ad
1222 4161 1377 4227 linem
1404 4158 1480 4213 Te
1511 4159 1677 4214 Deum
1712 4157 2008 4211 laudamus.

625 4250 811 4324 (1084)
844 4250 1109 4305 [avocatio
1160 4268 1315 4321 super
1349 4266 1537 4323 regem.
1558 4281 1629 4291 —
1666 4250 1743 4305 Te
1788 4251 2136 4315 invocamus,

553 4340 781 4396 Domine
809 4351 1012 4407 sancte,
1047 4342 1204 4395 Pater
1243 4344 1582 4411 omnipotens
1604 4385 1617 4407 ,
1648 4350 1850 4396 aeterne
1884 4342 2042 4405 Deus,
2077 4350 2137 4394 ιιι

561 4431 701 4486 hunc
734 4432 989 4485 famulum
1024 4442 1172 4485 tuum
1208 4432 1294 4492 N..
1324 4448 1482 4500 quem
1516 4442 1619 4485 tua:
1641 4432 1837 4486 divina:
1863 4432 2139 4500 diSpensa-

556 4521 720 4573 tioais
744 4519 1076 4586 providentia
1107 4521 1159 4573 in
1190 4521 1481 4588 primordio
1513 4524 1832 4589 plasmatum
1878 4536 2044 4591 usque
2071 4522 2135 4574 ad

562 4608 703 4662 lumc
732 4619 1049 4676 praesentem
1103 4609 1243 4664 diem
1296 4610 1517 4677 juvenili
1553 4610 1685 4665 ﬂore
1734 4613 1997 4665 laetantem
2029 4627 2141 4665 cre-

562 4714 717 4753 scere
767 4700 1105 4766 concessisti,
1134 4715 1256 4754 eum
1308 4708 1413 4754 tua:
1465 4702 1674 4769 pietatis
1724 4701 1867 4755 dono
1915 4702 2140 4756 ditatum

566 4790 888 4859 plenumque
910 4789 1081 4858 gratia
1109 4790 1349 4843 veritatis
1374 4790 1441 4844 de
1464 4792 1551 4845 die
1573 4792 1624 4844 in
1651 4792 1791 4845 diem
1821 4806 2000 4846 coram
2035 4792 2142 4846 Deo

563 4887 621 4935 et
653 4879 961 4933 hominibus
1005 4880 1071 4933 ad
1126 4880 1344 4933 meliora
1385 4895 1597 4948 semper
1649 4882 1907 4949 prolicere
1952 4881 2140 4948 facias,

564 4968 767 5040 (1085)
804 4978 860 5023 ut
888 4971 1084 5024 summi
1139 4970 1413 5039 regiminis
1455 4971 1645 5024 solium
1684 4972 1869 5040 gratiae
1899 4986 2144 5039 superna:

564 5058 818 5126 largitate
871 5059 1108 5127 gaudens
1161 5061 1435 5127 suscipiat,
1482 5069 1568 5122 et,
1621 5060 2003 5114 misericordia:
2054 5070 2146 5115 tuo

568 5164 724 5202 muro
752 5148 819 5202 ab
850 5148 1082 5203 hostium
1108 5149 1428 5204 adversitate
1468 5151 1703 5219 undique
1744 5152 2002 5215 munitus,
2032 5154 2147 5220 ple-

565 5238 686 5293 bem
715 5239 813 5293 sibi
846 5240 1184 5293 commissam
1216 5254 1336 5293 cum
1370 5255 1500 5309 pace
1543 5242 1935 5311 propitiationis
1965 5252 2017 5296 et
2041 5244 2151 5296 vir-

565 5337 679 5384 tute
710 5330 945 5385 victoria:
982 5330 1210 5385 feliciter
1250 5345 1439 5402 regere
1478 5344 1767 5388 mereatur.
1815 5332 1919 5387 Per
1970 5332 2152 5386 Domi-

564 5436 715 5477 num.

640 5564 666 5590 ¹¹
697 5554 751 5609 1η
779 5557 950 5623 primo
988 5555 1194 5611 Theod.
1247 5566 1372 5612 sunt
1421 5557 1689 5615 Orationes
1736 5560 1806 5612 ad
1842 5559 2138 5613 benedicen-

570 5625 706 5698 dum
724 5642 912 5694 regem.
945 5628 1014 5679 At
1033 5641 1173 5698 cum»,
1197 5630 1393 5681 nostris
1419 5631 1572 5684 nullo
1592 5642 1755 5698 .pacto
1792 5632 2138 5684 conveniunt.

571 5697 630 5750 In
659 5695 878 5767 histh
917 5703 1099 5749 notatu
1126 5696 1285 5763 digna
1306 5713 1426 5766 qua:
1455 5695 1761 5755 inscribitur
1791 5719 1803 5754 :
1838 5701 2020 5753 Oratio
2046 5717 2143 5767 qua

572 5763 825 5822 benedixit
846 5768 1058 5822 domnus
1087 5763 1397 5837 apostolicus
1422 5768 1667 5839 {Joannes
1708 5772 1997 5843 (octavus)
2041 5763 2147 5824 Lu-

2230 560 2333 608 tuis
2372 562 2570 610 virtute
2620 556 2879 618 consulis,
2907 564 2962 610 et
2990 572 3172 610 amore
3218 557 3535 618 dominaris.
3567 562 3653 613 da
3736 558 3894 611 huic

2231 645 2428 699 famulo
2456 655 2546 699 tuo
2576 645 2834 713 Spiritum
2881 646 3159 714 sapientia:
3189 661 3310 699 cum
3362 647 3638 715 regimine
3681 646 3892 698 disci-

2229 736 2419 806 plinae,
2474 746 2533 790 ut
2584 736 2679 791 tibi
2727 746 2840 791 toto
2891 738 3052 791 corde
3100 740 3323 792 devotus
3366 740 3420 793 in
3470 741 3629 810 regni
3720 738 3900 799 regio

2231 829 2373 881 mine
2399 839 2611 882 maneat
2635 843 2849 896 semper
2878 829 3126 892 idoneus,
3161 838 3357 899 tuoque
3382 847 3607 885 munere
3634 830 3890 897 (1087)

2233 919 2402 985 ipsius
2434 919 2767 987 temporibus
2796 921 3049 973 securitas
3082 919 3333 975 Ecclesia:
3358 921 3662 988 dirigatur,
3700 927 3779 971 ct
3828 918 3892 969 in

2232 1008 2614 1074 tranquillitate
2649 1007 2866 1062 devotio
2904 1006 3207 1062 Christiana
3267 1018 3599 1077 permaneat,
3686 1015 3765 1059 ut
3822 1006 3885 1059 in

2230 1098 2382 1151 bonis
2414 1098 2667 1165 cperibus
2718 1112 3067 1166 perseverans
3097 1097 3164 1152 ad
3202 1106 3465 1153 aeternum
3506 1113 3781 1168 regnum
3820 1109 3887 1151 te

2230 1187 2366 1242 duce
2395 1189 2570 1242 valeat
2603 1189 2905 1255 pervenire.
2931 1188 3053 1243 Per.

2299 1277 2437 1331 Atia.
2467 1308 2537 1317 —
2559 1276 2616 1333 In
2639 1277 2828 1332 diebus
2849 1278 2965 1349 ejus
2996 1278 3197 1333 oriatur
3227 1279 3476 1334 omnibus
3505 1280 3775 1349 {Bqlliltls
3815 1289 3879 1333 et

2227 1365 2457 1437 iustitia,
2487 1367 2673 1419 amicis
2697 1366 3041 1436 adiutorium,
3069 1367 3298 1423 inimicis
3326 1368 3717 1431 obstaculum,
3755 1367 3875 1421 lm-

2232 1453 2451 1507 milibus
2480 1453 2749 1521 solatium,
2795 1455 2953 1508 elatis
2994 1458 3277 1519 correctio,
3330 1456 3584 1509 divitibus
3614 1456 3875 1511 doctri-

2234 1560 2331 1609 na,
2385 1545 2710 1615 pauperibus
2754 1545 2942 1613 pictas,
2993 1547 3288 1616 peregrinis
3339 1548 3676 1615 paciﬁcatio,
3722 1564 3872 1615 pro-

2230 1636 2362 1706 priis
2401 1638 2454 1691 in
2500 1638 2665 1705 patria
2699 1653 2796 1706 pax
2844 1647 2899 1693 et
2951 1640 3213 1693 securitas
3239 1682 3254 1705 ,
3285 1640 3578 1709 unicuique
3627 1655 3867 1693 secun-

2232 1731 2355 1784 dum
2400 1746 2549 1785 suam
2603 1746 2905 1785 mensuram
2952 1731 3226 1786 moderate
3254 1732 3594 1800 gubernans,
3632 1728 3864 1799 (1088)

2159 1830 2207 1891 Β
2234 1820 2463 1885 seipsum
2492 1818 2708 1873 sedulus
2733 1818 2922 1888 disrmt,
2946 1828 3020 1884 ut,
3055 1826 3143 1874 tua
3170 1820 3416 1890 irrigatus
3447 1823 3860 1882 compunctio-

2234 1924 2332 1971 ne,
2388 1909 2481 1962 toti
2538 1909 2734 1977 populo
2783 1910 2875 1963 tibi
2927 1910 3118 1978 placita
3178 1911 3421 1979 prtebere
3476 1911 3601 1964 vim:
3655 1914 3857 1977 possit

2230 1997 2491 2066 exempla,
2523 2009 2598 2063 et,
2632 2013 2725 2066 per
2754 1998 2890 2052 viam
2935 2000 3173 2053 veritatis
3213 2014 3332 2054 cum
3364 2015 3529 2069 grege
3556 2000 3845 2069 gradiens

2231 2089 2333 2143 sibi
2369 2085 2604 2154 subdito,
2657 2104 2787 2159 opes
2816 2090 3047 2160 frugales
3093 2092 3430 2147 abundanter
3456 2092 3721 2162 acquirat
3772 2092 3855 2144 si-

2232 2179 2341 2232 mul
2378 2178 2442 2233 ad
2486 2179 2713 2234 salutem
2765 2195 2870 2235 non
2924 2181 3101 2234 solum
3142 2195 3459 2250 corporum,
3515 2181 3610 2235 sed
3663 2180 3846 2235 etiam

2232 2269 2473 2323 cordium
2505 2284 2533 2321 a
2566 2277 2619 2324 te
2659 2285 2971 2325 concessam
3014 2278 3206 2325 cuncta
3237 2270 3482 2340 accipiat.
3511 2271 3755 2341 Sicque,
3790 2272 3845 2324 in

2238 2365 2293 2412 te
2331 2359 2618 2427 cogitatum
2652 2360 2815 2414 animi
2843 2360 3233 2429 consiliumque
3255 2376 3413 2415 omne
3443 2376 3802 2427 componens
3825 2402 3839 2426 ,

2232 2444 2402 2512 plebis
2425 2446 2784 2514 gubernacula
2810 2462 2930 2502 cum
2956 2463 3086 2517 pace
3108 2449 3265 2503 simul
3291 2460 3343 2503 et
3384 2450 3653 2519 sapientia
3686 2466 3847 2502 scm-

2232 2549 2326 2603 per
2368 2536 2608 2591 invenire
2660 2537 2936 2604 videatur;
2970 2548 3128 2607 teque
3179 2538 3473 2594 auxiliante
3524 2541 3840 2609 prmsentis

2231 2624 2355 2677 vita:
2398 2626 2757 2693 prolixitatem
2809 2627 3100 2696 percipiat,
3134 2636 3187 2682 et
3239 2644 3335 2698 per
3382 2640 3623 2697 tempora
3674 2630 3835 2683 bona

2235 2726 2403 2782 usque
2449 2714 2516 2768 ad
2547 2729 2813 2769 summam
2861 2726 3194 2772 senectutem
3226 2718 3518 2788 perveniat,
3552 2719 3843 2789 hujusque

2234 2802 2542 2875 fragilitatis
2586 2807 2743 2859 tinem
2795 2807 3087 2873 perfectum
3138 2808 3205 2862 ab
3261 2808 3508 2863 omnibus
3565 2810 3835 2863 vitiorum

2234 2895 2462 2951 vinculis
2490 2907 2597 2952 tua:
2630 2898 2840 2966 pietatis
2889 2899 3135 2969 largitate
3188 2901 3461 2967 liberatus,
3492 2910 3548 2955 et
3596 2902 3838 2955 inﬁnita:

2236 2989 2611 3056 prosperitatis
2636 2990 2851 3056 praemia
2885 3000 3136 3058 perpetua
3168 2992 3587 3061 angelorumque
3618 3001 3834 3047 interna

2236 3082 2561 3135 commercia
2589 3090 2968 3151 consequatur.
2997 3082 3119 3137 Per.

2310 3170 2519 3242 (l089)
2576 3170 2904 3226 Consecratio
2932 3173 3087 3243 regis.
3120 3204 3190 3213 —
3224 3173 3574 3241 Omnipotens
3619 3172 3831 3241 sempi-

2240 3272 2391 3319 terne
2419 3264 2579 3330 Deus,
2614 3262 2838 3318 Creatur
2881 3274 2938 3319 et
2986 3264 3314 3332 gubernator
3342 3265 3461 3320 coeli
3513 3274 3568 3320 et
3617 3275 3787 3318 terra:
3812 3303 3829 3326 ,

2237 3353 2483 3409 conditor
2521 3363 2577 3407 et
2604 3353 2898 3421 dispositor
2931 3356 3239 3423 angelorum
3270 3364 3325 3408 et
3365 3355 3639 3408 hominum
3662 3393 3678 3417 ,
3718 3353 3830 3408 Rex

2238 3459 2422 3513 regum
2441 3450 2496 3498 et
2513 3443 2768 3497 Dominus
2795 3443 3155 3510 dominorum,
3188 3445 3277 3513 qui
3310 3443 3574 3498 Abraham
3607 3442 3827 3497 ﬁdelem

2240 3532 2495 3587 famulum
2518 3541 2666 3587 tuum
2690 3532 2758 3587 de
2794 3533 3041 3589 hostibus
3068 3534 3401 3602 triumphare
3425 3534 3617 3596 iecisti,
3651 3532 3826 3603 Moysi

2240 3631 2294 3675 et
2313 3620 2473 3676 Josue
2504 3622 2702 3691 populo
2730 3632 2822 3676 tuo
2868 3622 3102 3692 prtelatis
3152 3622 3505 3690 multiplicem
3543 3622 3826 3675 victoriam

2240 3711 2509 3777 tribuisti,
2544 3710 2797 3764 humilem
2830 3725 3043 3780 quoque
3072 3710 3236 3764 David
3285 3724 3505 3778 puerum
3554 3718 3709 3761 tuum
3744 3723 3830 3762 re-

2240 3797 2329 3869 gni
2355 3798 2561 3869 fastigio
2584 3799 2745 3871 259
2766 3799 3084 3865 sublimasti,
3114 3799 3419 3868 eumquede
3444 3814 3538 3852 ore
3563 3798 3757 3862 Ieoois,
3774 3807 3827 3852 et

2239 3888 2307 3942 de
2330 3904 2485 3943 manu
2506 3889 2693 3944 besua:
2709 3899 2866 3958 atque
2887 3888 3182 3955 Golite,sed
3212 3896 3264 3942 et
3290 3889 3356 3941 de
3385 3888 3563 3958 gladio
3592 3890 3825 3957 maligno

2242 3978 2369 4033 Saul
2397 3989 2452 4036 et
2475 3981 2712 4035 omnium
2755 3982 3090 4036 inimicorum
3129 3984 3244 4048 ejus
3289 3982 3543 4046 liberasti,
3590 3992 3641 4034 et
3675 3982 3822 4035 Salo-

2242 4087 2453 4126 monem
2478 4073 2757 4141 sapientia:
2787 4074 3037 4143 pacisque
3080 4073 3331 4127 inell‘abili
3361 4089 3583 4127 munere
3614 4072 3825 4137 ditasti,

2241 4160 2449 4228 respice
2482 4161 2745 4230 propitius
2774 4162 2840 4215 ad
2890 4175 3073 4231 preces
3126 4171 3324 4215 nostra:
3373 4161 3689 4214 humilitatis
3715 4201 3729 4225 ,
3773 4167 3825 4213 et

2245 4265 2410 4319 super
2436 4251 2578 4306 hunc
2603 4250 2860 4307 famulum
2893 4261 3063 4317 tuum,
3092 4268 3251 4321 quem
3282 4252 3511 4321 supplici
3541 4250 3825 4306 devotione

2244 4344 2294 4395 in
2323 4343 2503 4413 (1030)
2538 4359 2757 4414 regnum
2788 4344 2855 4399 N.
2893 4344 3132 4399 Albionis
3164 4344 3327 4398 totius
3375 4343 3622 4398 videlicet
3664 4343 3825 4396 Fran-

2240 4448 2421 4488 corum
2455 4436 2653 4501 pariter
2672 4436 2913 4505 eligimus
2935 4475 2949 4495 ,
2978 4435 3407 4489 benedictionum
3443 4446 3652 4487 tuarum
3686 4432 3819 4486 dona

2244 4520 2798 4589 multiplica,eumque
2818 4520 3035 4575 dextera
3058 4530 3161 4573 tua:
3189 4521 3436 4589 potentiae
3466 4533 3684 4586 semper
3710 4517 3820 4571 ubi-

2249 4626 2352 4678 que
2388 4612 2695 4679 circumda;
2730 4623 3014 4681 quatenus,
3049 4611 3285 4680 prmdicti
3320 4612 3547 4665 Abraha:
3577 4610 3823 4662 ﬁdelitate

2252 4701 2513 4761 ﬁrmatus.
2549 4701 2714 4771 Moysi
2747 4701 3154 4756 mansuetudine
3185 4698 3370 4762 fretus,
3402 4698 3566 4752 Josue
3615 4696 3822 4751 fortitu-

2249 4791 2374 4844 dine
2396 4790 2650 4856 munitus,
2675 4791 2836 4844 David
2868 4789 3166 4843 humilitate
3194 4790 3457 4843 exaltatus
3476 4826 3494 4854 ,
3520 4786 3816 4843 Salomonis

2250 4880 2513 4947 sapientia
2562 4880 2885 4946 decoratus,
2945 4878 3037 4933 tibi
3085 4880 3136 4932 in
3192 4879 3440 4932 omnibus
3478 4879 3818 4947 complaceat,

2252 4982 2305 5027 et
2336 4986 2429 5039 per
2455 4970 2721 5024 tramitem
2748 4970 2967 5038 justitia:
3000 4970 3262 5024 inoﬂ‘enso
3292 4984 3476 5039 gressu
3507 4983 3722 5037 semper
3749 4968 3820 5019 iu-

2253 5063 2443 5130 cedat,
2476 5069 2529 5115 et
2582 5062 2744 5116 totius
2790 5061 3033 5116 Albiouis
3082 5061 3377 5115 Ecclesiam
3430 5060 3685 5128 deinceps
3711 5072 3819 5113 cum

2251 5150 2493 5221 plebibus
2521 5149 2623 5204 sibi
2655 5151 2879 5204 annexis
2912 5151 2981 5204 ita
3020 5149 3251 5204 enutriat
3277 5164 3340 5203 ac
3370 5151 3581 5213 doceat,
3603 5150 3815 5209 muniat,

2253 5252 2308 5297 et
2347 5241 2590 5305 instruat,
2624 5252 2920 5309 contraque
2963 5255 3150 5296 omnes
3180 5240 3415 5295 visibiles
3456 5249 3512 5295 et
3538 5238 3819 5293 invisibles

2255 5333 2437 5388 hostes
2462 5332 2602 5386 idem
2650 5342 2894 5398 potenter
2933 5332 3293 5401 regaliterque
3326 5343 3427 5385 tua:
3458 5334 3671 5385 virtutis
3698 5328 3819 5397 regi-

2257 5425 2399 5480 mine
2438 5422 2806 5489 administret,
2849 5422 3036 5491 (1091)
3068 5434 3124 5477 ιιι
3145 5424 3321 5493 regale
3361 5422 3552 5475 solium
3592 5421 3819 5473 videlicet

2245 5557 2481 5611 dovicum
2520 5555 2899 5625 (cognomento
2941 5554 3194 5622 Balbum)
3242 5556 3477 5609 Junioris
3523 5552 3818 5625 Caroti_im-

2250 5629 2495 5695 peratoris
2531 5623 2720 5692 ﬁlium,
2746 5624 2929 5677 Trecas
2961 5626 3200 5680 civitatis.
3230 5627 3491 5696 Spiritum
3537 5623 3816 5676 sanctitas

2251 5698 2438 5822 tioinisa
2461 5696 2796 5817 Quzfsumus,
2833 5696 3094 5760 Domine,
3120 5697 3259 5753 Lud.
3292 5696 3405 5767 regi
3452 5703 3639 5751 nostro
3681 5705 3813 5764 prop.

2255 5785 2305 5824 in
2335 5784 2403 5823 uu
2443 5782 2492 5824 e.
2525 5778 2556 5821 e
2584 5779 2635 5820 ο.

2477 5804 2492 5833 ,
2526 5801 2635 5821 νινε
