3988 6378
134 348 237 403 257

853 354 1200 413 APPENDIX
1242 357 1334 412 AD
1374 356 1433 413 S.
1476 352 1814 411 GRECORII
1854 354 2064 411 MAGNI
2108 354 2238 413 LIB.
2281 352 2918 416 SACRMIENTORUM.

3406 367 3512 421 258

136 464 517 519 Francorum
580 483 827 541 sceptra
890 489 995 525 non
1040 472 1293 535 deserat,
1345 468 1437 523 sed
1470 470 1535 523 ad
1586 469 1820 539 pristina:
1855 473 1900 530 Λ
1929 469 2197 521 tractabili
2231 469 2372 522 dono
2422 470 2704 524 invisibiiia
2762 473 3058 541 percipere,
3098 483 3151 528 et
3198 481 3511 544 lempmalia

135 555 264 608 ﬁdei
316 556 637 626 pacisque
691 564 1035 617 concordiam
1072 577 1256 617 eorum
1300 561 1506 616 animos
1559 569 1607 615 te
1648 562 1822 629 opitu-

136 648 288 700 lante
342 649 705 720 reformet,
740 666 815 720 ut,
868 665 1219 722 utrorumque
1272 655 1457 708 borum
1498 655 1817 723 populorum

130 740 320 793 debita
366 741 779 809 subjectione
825 746 1010 812 fultus,
1042 746 1308 814 condigno
1338 761 1524 801 anime
1555 746 1819 814 gloriﬁca-

132 844 242 895 ωε,
278 849 384 901 per
419 835 703 905 longum
751 842 874 893 vita:
911 839 1139 907 spatium
1172 849 1412 905 paterna:
1450 839 1652 906 apicem
1704 838 1818 907 glo-

130 926 227 978 ria:
277 935 374 978 tua
429 928 840 985 miseratione
888 930 1091 983 unatim
1140 927 1378 984 stabilire
1417 938 1471 982 et
1516 931 1817 995 gubernare

129 1027 471 1081 mereatur;
505 1028 646 1072 tua:
684 1034 896 1090 quoque
926 1019 1271 1087 protectionis
1299 1018 1450 1087 galea
1473 1020 1732 1083 munitus,
1761 1029 1814 1073 et

128 1114 291 1158 scuto
336 1105 763 1173 insuperabili
807 1106 1009 1178 jugiter
1036 1117 1341 1176 protectus,
1394 1108 1662 1176 annisque
1705 1122 1815 1162 coa-

127 1198 373 1250 lcsﬁbus
410 1198 841 1254 circumdatus
870 1240 885 1264 ,
935 1201 1185 1255 obtabilis
1216 1200 1455 1255 victoriae
1488 1202 1812 1270 triumphum

122 1289 193 1342 de
240 1289 544 1345 hostibus
615 1294 857 1348 feliciter
912 1294 1109 1363 capiat,
1162 1302 1533 1361 terroremque
1561 1307 1672 1347 sua:
1719 1307 1814 1362 po-

125 1385 325 1433 tentiae
352 1382 726 1439 infidelibus
757 1384 972 1447 inferat,
1003 1391 1056 1436 et
1088 1398 1276 1451 pacem
1322 1380 1414 1437 tibi
1459 1383 1812 1439 militantibus

127 1470 404 1523 laetanter
470 1484 793 1541 reportet;
828 1474 1115 1528 virtutibus
1146 1488 1355 1527 necnon
1396 1474 1589 1541 quibus
1623 1475 1812 1543 praefa-

131 1571 217 1613 tos
280 1560 515 1615 ﬁdeles
559 1572 702 1617 tuos
748 1565 1017 1619 decorasti
1074 1563 1355 1633 multiplici
1386 1563 1603 1618 honoris
1648 1564 1809 1618 bene-

128 1648 391 1704 dictione
425 1651 807 1716 condecora,
853 1658 909 1705 et
934 1653 987 1705 in
1021 1651 1280 1720 regimine
1312 1651 1462 1721 regni
1504 1652 1809 1705 sublimiter

132 1740 353 1793 colloca
380 1780 399 1803 ,
455 1750 527 1794 et
565 1742 709 1797 oleo
734 1741 921 1811 gratize
963 1742 1192 1811 Spiritus
1215 1750 1385 1798 sancti
1418 1756 1673 1812 perunge.
1708 1741 1807 1795 Hic

1924 573 2089 623 regna
2137 558 2296 631 [ch.
2347 569 2512 628 temp.
2546 572 2741 630 regno,
2786 563 2910 615 utin
2958 565 3287 619 coronatione
3338 566 3507 621 "ri".

1922 647 1951 701 1
1968 649 2004 703 γ
2029 650 2047 721 j
2074 652 2233 718 justis
2262 654 2716 710 moderaminibus
2736 667 3013 725 exsecuto,
3044 660 3367 715 aeternaliter
3387 678 3507 716 cum

1917 755 1983 795 eo
2014 756 2240 809 regnare
2265 744 2542 797 merearis.
2588 745 2711 799 Per.

1996 832 2093 886 Hic
2129 836 2311 905 (IOClS)
2353 837 2501 889 detur
2532 840 2773 893 annulus.
2804 870 2875 881 ——
2898 842 3083 910 (1009)
3116 845 3309 915 Accipe
3339 862 3507 903 annu-

1920 922 2050 989 lum,
2086 926 2416 993 signacolum
2472 929 2723 984 videlicet
2766 942 2966 985 sancta:
3009 934 3152 998 ﬁdei,
3186 938 3507 994 soliditatem

1920 1016 2095 1083 regni,
2136 1028 2480 1086 augmentum
2512 1027 2761 1088 potentia:
2793 1040 2886 1091 pcr
2911 1042 3030 1094 quae
3053 1027 3201 1099 [Leg.
3234 1047 3420 1099 quem,
3451 1044 3509 1087 ut

1914 1105 1965 1156 iu
1991 1111 2318 1160 coronatione
2360 1108 2527 1163 Henr.
2564 1108 2680 1181 IV]
2710 1112 2851 1165 scias
2907 1118 3215 1184 triumphali
3274 1124 3508 1188 potentia

1917 1194 2095 1249 hostes
2127 1198 2418 1266 repellere.
2440 1198 2673 1255 haereses
2703 1201 3005 1268 destruere,
3028 1208 3270 1263 subditos
3298 1212 3503 1265 coadu-

1914 1302 2065 1354 nare,
2096 1299 2149 1343 et
2176 1290 2453 1343 catholicas
2482 1291 2604 1345 fidei
2633 1291 2823 1362 (1100)
2847 1298 3329 1362 perseverabilitati
3371 1317 3504 1357 con-

1916 1380 2081 1431 necti.
2108 1378 2230 1433 Per.

1983 1465 2170 1533 (1101)
2206 1466 2383 1520 Oratio
2402 1477 2522 1537 post
2541 1469 2791 1523 annulum
2817 1472 3015 1529 datum.
3043 1498 3113 1515 -—
3141 1475 3282 1530 Deus
3304 1519 3320 1544 ,
3349 1478 3506 1548 cujus

1911 1565 1993 1609 est
2033 1559 2209 1612 omnis
2241 1567 2479 1626 poteStas
2510 1569 2563 1615 et
2610 1560 2863 1630 dignitas,
2896 1564 2961 1617 da
3014 1564 3217 1621 famulo
3273 1576 3365 1623 tuo
3410 1586 3507 1640 pro

1910 1647 2110 1717 Spiritu
2139 1666 2249 1705 sure
2277 1653 2559 1722 dignitatis
2604 1653 2880 1722 elfectum,
2924 1656 2975 1711 in
3021 1673 3148 1727 qua,
3175 1669 3226 1714 te
3259 1676 3508 1718 remune-

1911 1750 2088 1807 rante,
2117 1756 2451 1810 permaneat,
2485 1761 2808 1818 semperque
2831 1750 3041 1818 timeat,
3078 1752 3278 1823 tibique
3305 1754 3507 1826 jugiter

135 1830 337 1901 (1099.)
376 1843 660 1901 ungatur
690 1836 825 1889 oleo.
870 1834 992 1887 Ant.
1025 1834 1303 1889 Unxerunt
1347 1834 1687 1888 Salomonem
1716 1834 1812 1888 Sa-
1842 1834 1887 1892 Β
1917 1832 2125 1900 placere
2147 1836 2458 1891 contendat.
2494 1838 2618 1893 Per.

134 1923 245 1977 doc
280 1924 623 1989 sacerdos,
660 1935 715 1980 et
743 1924 953 1979 Nathan
981 1924 1237 1995 pr0pheta
1265 1940 1442 1994 regem
1475 1926 1527 1978 in
1558 1923 1722 1989 Gion,
1750 1934 1806 1980 et

134 2016 499 2072 accedentes
542 2018 668 2073 ἰαὶιί
712 2018 1013 2072 dixerunt:
1046 2017 1198 2072 Vivat
1246 2032 1340 2071 rex
1395 2017 1449 2071 in
1500 2017 1801 2071 aternum!

137 2107 304 2164 Unde
371 2110 622 2164 tinxisti
672 2110 1005 2175 sacerdotes,
1063 2123 1220 2176 reges
1272 2115 1328 2163 et
1380 2108 1687 2177 prophetas,
1742 2122 1806 2162 ac

141 2210 465 2269 martyres,
506 2201 619 2271 qui
645 2217 743 2272 per
770 2203 928 2256 ﬁdem
957 2201 1201 2257 vicerunt
1223 2215 1380 2270 regna
1402 2240 1417 2267 ,
1449 2200 1654 2268 operati
1681 2207 1805 2255 sunt
1834 2197 1849 2205 “

142 2293 457 2361 justitiam,
505 2305 690 2364 atque
733 2294 963 2362 adempti
998 2292 1144 2365 [Leg.
1175 2290 1381 2363 adepti]
1413 2301 1537 2346 sunt
1566 2292 1805 2361 promis-

148 2387 363 2439 siones.
396 2383 624 2454 (1035)
655 2384 819 2453 Cujus
846 2383 1209 2437 sacratissima
1240 2383 1423 2437 unctio
1452 2397 1614 2451 super
1642 2390 1804 2452 caput

147 2474 269 2541 ejus
294 2474 562 2541 deﬂuat,
596 2484 763 2543 atque
805 2473 869 2526 ad
901 2473 1150 2527 interiora
1185 2471 1498 2535 descendat,
1528 2483 1581 2527 et
1626 2472 1803 2527 cordis

154 2565 301 2617 ialius
336 2564 562 2618 intima
597 2570 862 2632 penetret,
888 2563 1434 2632 etpromissiOnibus,
1469 2578 1602 2632 quas
1622 2562 1803 2633 adepti

156 2669 287 2711 sunt
317 2657 798 2713 vietoriosissimi
829 2671 1004 2726 reges,
1037 2656 1203 2726 gratia
1237 2665 1347 2719 tua,
1375 2656 1568 2726 dignus
1598 2655 1801 2710 efﬁcia-

162 2762 274 2814 tur;
310 2762 641 2819 quatenus,
666 2748 794 2804 etin
829 2749 1079 2817 presenti
1120 2749 1317 2802 srcculo
1340 2747 1564 2802 feliciter
1593 2757 1799 2817 regnet,

160 2851 214 2895 et
237 2843 307 2894 ad
345 2857 573 2895 eorum
618 2843 954 2895 consortium
989 2840 1045 2893 in
1070 2839 1277 2894 cmlesti
1328 2854 1490 2909 regno
1528 2840 1803 2909 perveniat

168 2945 264 2999 per
294 2930 619 2984 Dominum
652 2940 891 2984 nostrum
922 2929 1103 2984 Jesum
1120 2929 1385 2983 Christum
1410 2929 1598 2982 Filium
1629 2938 1796 2995 tttum,

169 3024 257 3091 qui
290 3033 515 3078 unctus
562 3033 650 3078 est.
692 3024 813 3077 oleo
846 3022 1043 3076 lictitize
1071 3037 1179 3091 prta
1210 3022 1549 3075 cnnsortibus
1588 3021 1721 3086 Suis,
1749 3031 1803 3075 et

176 3116 382 3170 virtute
410 3115 612 3171 crucis
658 3123 950 3183 potestates
989 3128 1176 3168 aereas
1215 3113 1552 3178 debellavit,
1603 3121 1798 3166 tartara

1987 1921 2289 1995 Hic(-ll02)
2320 1926 2561 1996 cingatur
2593 1930 2638 1980 ei
2666 1928 2871 1999 gladius
2900 1930 2960 1983 ab
3003 1932 3408 2002 archiepiscopo.
3432 1963 3508 1980 —-

1909 2013 2099 2085 (1105)
2126 2017 2323 2084 Accipe
2364 2018 2503 2071 hunc
2554 2020 2791 2089 gladium
2848 2038 2969 2075 cum
3008 2022 3101 2077 Dei
3136 2024 3505 2082 benedictione

1907 2105 2004 2159 tibi
2026 2106 2304 2172 collatum,
2342 2109 2396 2162 in
2447 2126 2553 2178 quo
2594 2127 2689 2179 per
2737 2114 2989 2167 virtutem
3047 2115 3277 2183 Spiritus
3332 2121 3502 2175 sancti

1910 2194 2163 2251 resistere
2195 2206 2248 2250 et
2277 2198 2475 2264 ejicere
2519 2215 2708 2256 omnes
2761 2203 3006 2256 inimicos
3055 2214 3174 2260 tuos
3222 2209 3420 2273 valeas,
3451 2219 3507 2265 et

1907 2297 2129 2339 cunctos
2154 2297 2354 2341 sancta!
2387 2288 2479 2342 Dei
2504 2289 2755 2344 Ecclesiae
2784 2293 3144 2360 adversarios,
3170 2312 3503 2368 regnumque

1906 2374 1997 2430 tibi
2027 2378 2371 2433 commissum
2406 2382 2604 2444 tutari,
2656 2391 2816 2451 atque
2861 2397 3139 2453 prelegere
3168 2398 3342 2441 castra
3399 2390 3493 2444 Dei

1910 2479 2007 2533 per
2029 2467 2286 2521 auxilium
2312 2468 2648 2523 invictissimi
2672 2472 3079 2541 triumphatoris
3102 2476 3306 2530 Domini
3332 2483 3498 2534 nostri

1904 2554 2030 2610 Jesu
2062 2556 2278 2623 Christi,
2306 2560 2395 2628 qui
2427 2575 2546 2613 cum
2575 2560 2734 2616 Patre
2760 2562 2812 2615 in
2840 2565 3044 2618 unitate
3069 2565 3300 2634 Spiritus
3328 2572 3502 2625 sancti

1910 2648 2044 2702 vivit
2075 2659 2128 2703 et
2159 2659 2344 2718 regnat
2379 2655 2429 2705 in
2462 2656 2655 2707 saecula
2694 2658 3043 2711 saeculorum.

1985 2740 2175 2812 (HM)
2226 2742 2405 2797 Oratio
2435 2755 2547 2812 post
2599 2745 2853 2817 gladium.
2879 2778 2946 2788 -—
2980 2750 3151 2816 Deus,
3183 2754 3274 2822 qui
3319 2757 3501 2824 provi-

1905 2830 2083 2887 dentia
2117 2842 2203 2887 tua
2234 2836 2477 2890 coelest‘a
2507 2837 2666 2889 simul
2702 2847 2752 2891 et
2778 2845 2993 2893 terrena
3026 2842 3341 2909 moderaris,
3373 2862 3499 2914 pro-

1907 2922 2095 2989 pitiare
2126 2922 2311 2992 (1105)
2341 2922 2801 2979 Christianissimo
2841 2930 2949 2996 regi
2984 2940 3203 2996 HOaII‘O,
3237 2942 3293 2985 ut
3323 2934 3500 2990 omnis

1908 3012 2137 3067 hostium
2188 3030 2407 3068 suorum
2463 3014 2721 3071 foztitudo
2768 3018 2966 3075 virtute
3030 3022 3191 3090 gladii
3248 3026 3504 3093 spiritalis

1907 3106 2197 3175 frangatur,
2250 3124 2311 3164 ac
2343 3120 2393 3165 te
2423 3125 2522 3179 pro
2554 3110 2642 3165 illo
2685 3122 2951 3181 pugnante
2998 3116 3215 3183 penitus
3244 3128 3497 3174 contera-

172 3208 481 3271 destruxit,
518 3220 859 3275 regnumque
897 3205 1092 3259 diaboli
1124 3205 1421 3272 superavit,
1450 3215 1504 3258 et
1538 3204 1605 3257 ad
1633 3204 1801 3259 cmlos
1828 3195 1875 3258 C
1909 3208 2011 3253 tur.
2041 3198 2163 3252 Per.

174 3294 352 3350 victor
381 3296 677 3359 ascendit;
708 3296 760 3348 in
788 3293 938 3363 cujus
957 3308 1117 3347 manu
1148 3293 1389 3356 victoria,
1414 3292 1587 3346 omnis
1611 3291 1801 3361 gloria,

180 3397 232 3442 et
262 3398 521 3457 potestas
555 3388 882 3449 consistunt,
914 3394 970 3439 et
1002 3394 1173 3439 tecum
1207 3383 1331 3440 vivit
1356 3395 1409 3440 et
1437 3391 1624 3455 regnat
1655 3386 1799 3441 Deus

182 3480 235 3532 in
267 3480 488 3534 unitate
524 3478 767 3546 ejusdem
792 3478 1047 3546 Spiritus.
1078 3478 1198 3531 Per.

254 3572 396 3625 Atia.
417 3602 498 3613 —
533 3571 725 3643 (1094)
767 3571 905 3626 Deus
933 3568 1227 3622 electorum
1260 3564 1515 3622 fortitudo
1545 3574 1599 3622 et
1627 3566 1803 3622 humi-

186 3661 313 3715 lium
346 3664 655 3728 celsitudo,
699 3665 787 3733 qui
820 3662 871 3716 in
904 3659 1199 3729 primordio
1245 3672 1337 3726 per
1366 3658 1685 3712 effusionem
1714 3658 1800 3712 di-

191 3753 317 3807 luvii
351 3755 594 3809 crimina
626 3753 806 3807 mundi
830 3752 1101 3820 castigare
1124 3749 1356 3813 voluisti,
1390 3758 1443 3803 et
1472 3764 1565 3817 per
1592 3749 1800 3803 colum-

189 3846 308 3897 bam
344 3861 571 3899 ramum
598 3844 752 3899 oliva:
785 3852 1086 3912 portantem
1126 3854 1314 3909 pacem
1353 3841 1509 3893 terris
1537 3838 1799 3894 redditam

193 3935 616 4001 demonstrasti,
659 3937 957 4003 iterumque
998 3935 1175 3988 Aaron
1212 3932 1470 3986 famulum
1520 3940 1665 3985 tuum
1708 3946 1802 4000 per

194 4028 514 4082 unctionem
543 4026 647 4080 olei
669 4025 914 4087 sanxisti,
937 4032 992 4078 et
1021 4032 1201 4092 postea
1222 4037 1318 4092 per
1350 4020 1513 4091 hujus
1544 4021 1799 4089 unguenti

198 4117 530 4173 inlusionem
564 4116 629 4170 ad
676 4116 966 4186 regendum
1012 4115 1264 4184 populum
1317 4113 1665 4167 lsraeliticum
1714 4127 1803 4165 sa-

197 4209 468 4275 cerdotes,
504 4223 661 4280 reges
690 4218 745 4262 et
792 4205 1078 4276 prophetas
1126 4204 1399 4275 perfecisti
1426 4245 1441 4270 ,
1485 4205 1800 4272 vultumque

203 4296 465 4355 Ecclesia:
509 4301 562 4353 in
594 4300 711 4353 oleo
739 4298 1144 4353 exltilarandum
1192 4312 1287 4364 per
1328 4295 1693 4365 propheticam
1724 4300 1800 4349 l'a-

204 4392 325 4445 muli
352 4395 429 4447 tui
464 4407 651 4446 vocem
686 4391 846 4445 David
876 4406 997 4446 esse
1022 4389 1335 4458 prmdixisti,
1358 4389 1794 4458 ita,qu;esumus,

206 4484 546 4550 otnnipotens
598 4483 791 4548 Pater,
839 4497 933 4551 per
981 4481 1143 4551 hujus
1204 4490 1466 4535 creatura:
1520 4480 1800 4549 pinguedio

1982 3290 2084 3344 Hic
2116 3291 2303 3362 (1106)
2335 3302 2627 3348 coronetur.
2659 3321 2728 3335 -—
2756 3294 2944 3366 (1107)
2992 3298 3224 3354 Coronct
3256 3307 3307 3355 te
3361 3301 3502 3357 Deus

1915 3395 2111 3436 corona
2134 3384 2340 3453 gloriae,
2370 3394 2529 3453 atque
2545 3385 2775 3454 justitia:
2809 3386 3034 3456 honore,
3075 3400 3128 3443 et
3157 3406 3318 3460 opere
3349 3392 3502 3448 forti-

1914 3472 2143 3537 tudinis,
2187 3482 2244 3527 ut
2276 3489 2370 3543 per
2409 3476 2644 3529 officium
2701 3486 2897 3531 nostra:
2945 3478 3335 3537 benedictionis
3374 3498 3498 3538 cunt

1910 3561 2015 3618 ﬁde
2039 3573 2207 3629 recta,
2230 3573 2283 3618 et
2313 3565 2594 3634 multiplici
2620 3566 2886 3622 bonorum
2920 3584 3147 3636 operum
3190 3571 3388 3638 fructu,
3432 3575 3499 3629 ad

1913 3669 2169 3708 coronam
2223 3655 2503 3723 pervenias
2533 3658 2681 3726 regni
2713 3658 2987 3727 perpetui,
3042 3660 3159 3729 ipso
3201 3662 3496 3733 largiente.

1901 3746 2056 3815 cujus
2089 3762 2309 3814 regnum
2340 3758 2616 3816 permanet
2639 3749 2690 3801 in
2728 3751 2925 3803 smcula
2958 3752 3310 3808 saaculorum.

1978 3837 2155 3889 Oratio
2174 3846 2288 3907 post
2307 3838 2793 3891 coronam.—Deus
2813 3841 3180 3908 perpetuitatis
3198 3843 3305 3897 dux
3329 3844 3500 3900 virtu.

1904 3937 2037 3991 tum,
2063 3939 2378 3981 cunctorum
2404 3928 2637 3982 hostium
2658 3927 2851 3997 victor,
2890 3931 3112 3986 benedic
3147 3933 3287 3989 hunc
3321 3934 3491 3990 famu-

1904 4013 2014 4067 lum
2037 4026 2183 4069 tuum
2206 4016 2299 4069 tibi
2323 4026 2479 4084 caput
2497 4030 2650 4069 suum
2679 4017 3041 4087 inclinantem,
3058 4030 3110 4074 et
3135 4023 3337 4090 prolixa
3356 4026 3505 4080 sani~

1907 4114 2042 4171 tate,
2070 4114 2122 4159 cf
2153 4119 2405 4173 pmSpera
2440 4104 2695 4159 felicitate
2725 4120 2846 4159 eum
2876 4123 3158 4175 conserva,
3188 4119 3242 4163 et
3267 4113 3496 4167 ubicun-

1902 4212 2005 4267 que
2028 4211 2122 4264 pro
2147 4195 2340 4265 quibus
2366 4198 2618 4250 auxilium
2647 4209 2792 4250 tuum
2820 4202 3165 4267 invocaverit,
3194 4202 3298 4256 cito
3328 4205 3495 4269 adsis,

1901 4299 1957 4344 et
2006 4297 2275 4358 protegas,
2312 4298 2473 4355 atque
2511 4287 2791 4341 defendas.
2824 4289 3026 4343 Tribue
3056 4274 3495 4361 ei,'qu:csumus,

1904 4380 2131 4435 Domine
2152 4420 2167 4445 ,
2209 4380 2421 4434 divitias
2446 4380 2630 4448 gratia:
2660 4387 2789 4433 tua).
2830 4378 3051 4447 Comple
3080 4380 3132 4433 in
3164 4382 3319 4436 bonis
3351 4383 3494 4438 desi-

1900 4474 2106 4528 derium
2149 4472 2293 4543 ejus;
2344 4487 2541 4526 corona
2574 4486 2694 4525 eum
2747 4473 2798 4524 in
2831 4472 3196 4537 miseratione.
3231 4483 3284 4529 et
3330 4476 3494 4530 mise-

210 4588 352 4639 nem,
387 4575 537 4630 hunc
567 4590 780 4630 servum
831 4583 977 4627 tuum
1007 4572 1345 4627 sanctilicare
1386 4572 1549 4643 260
1582 4581 1666 4625 tua
1698 4572 1792 4627 be-
1822 4563 1874 4623 D
1900 4577 2148 4638 ricordia,
2183 4574 2383 4643 tibique
2433 4573 2655 4627 Domino
2710 4571 2794 4641 pia
2842 4570 3130 4628 devotione
3183 4574 3491 4629 famuletur.

211 4667 511 4722 oedictione
558 4667 815 4735 digneris,
849 4667 1036 4735 (1005)
1063 4680 1295 4735 eumque
1338 4665 1390 4718 in
1440 4664 1790 4720 similitudine

211 4758 468 4812 columba:
498 4773 684 4828 pacem
736 4756 1094 4825 simplicitatis
1125 4756 1322 4825 populo
1351 4755 1456 4809 sibi
1502 4756 1792 4810 commisso

215 4860 484 4912 prtcstare,
518 4859 573 4901 et
605 4850 866 4925 exempla‘
891 4851 1069 4900 Aaron
1122 4847 1175 4899 in
1213 4848 1302 4900 Dei
1333 4847 1550 4900 servitio
1580 4847 1796 4916 diligen-

217 4947 287 4989 ter
306 4939 530 5004 imitari,
577 4940 833 5008 regnique
865 4939 1069 5008 fastigia
1103 4939 1153 4992 in
1192 4938 1428 4994 consiliis
1471 4939 1712 4994 scientiae
1742 4948 1797 4993 et

215 5033 457 5097 arquitate
481 5030 673 5098 judicii
704 5044 918 5096 semper
945 5030 1182 5097 assequi,
1216 5029 1530 5097 vultumque
1562 5028 1798 5082 hilarita-

222 5124 279 5177 tis
307 5140 401 5194 per
425 5124 563 5177 hanc
581 5124 684 5177 olei
712 5123 1039 5187 unctionem,
1089 5122 1277 5192 (1096)
1304 5131 1355 5177 te
1384 5121 1692 5191 adjuvante,
1720 5131 1800 5175 to-

220 5216 310 5269 tius
339 5215 512 5283 plebis
542 5224 790 5285 paratum
830 5213 1029 5269 habere
1059 5214 1243 5267 facias.

281 5309 413 5359 Atia.
434 5337 507 5347 —
538 5307 681 5360 Deus
709 5306 891 5377 (1097)
926 5306 1015 5361 Dei
1050 5305 1214 5359 Filius
1246 5302 1490 5358 Christus
1539 5303 1795 5358 Dominus

221 5416 410 5471 noster,
445 5403 537 5473 qui
564 5418 595 5456 a
620 5402 777 5456 Patre
799 5402 917 5456 oleo
944 5399 1316 5455 exsultationis
1351 5406 1539 5450 unctus
1562 5408 1644 5449 est
1687 5413 1795 5463 prm

223 5495 561 5564 participibus
602 5495 737 5558 suis,
768 5493 881 5562 ipse
912 5508 1005 5562 per
1036 5500 1350 5561 praesentem
1382 5490 1521 5543 Sacri
1548 5490 1796 5557 unguinis

224 5585 532 5641 inlusionem
566 5586 803 5655 Spiritus
847 5583 1089 5654 paracliti
1143 5598 1305 5651 super
1354 5592 1511 5650 caput
1534 5592 1679 5635 tuum
1713 5583 1805 5637 in-'

225 5674 395 5731 fundat
422 5676 878 5739 benedictionem,
898 5673 1249 5741 eamdemque
1271 5686 1437 5741 usque
1453 5670 1519 5724 ad
1546 5672 1798 5727 interiora

226 5768 387 5826 Cottiis
414 5768 487 5824 tui
520 5777 805 5828 penetrare
844 5762 1036 5831 faciat;
1082 5772 1345 5834 quatenus
1376 5761 1478 5818 hoc
1516 5762 1713 5818 visibili
1745 5772 1797 5819 et

1904 4670 2006 4723 Per
2031 4668 2313 4720 Dmninum
2340 4677 2604 4720 nostrum.

1974 4759 2129 4829 261
2156 4758 2252 4810 llic
2263 4759 2411 4810 detur
2426 4769 2696 4826 sceptrum.
2718 4756 2769 4827 (1
2786 4756 2979 4825 1118)-
2998 4756 3185 4827 Accipe
3203 4769 3493 4828 sceptrum,

1902 4852 2061 4919 regiae
2082 4849 2373 4919 inajestatis
2392 4848 2615 4919 insigne,
2634 4849 2830 4918 virgam
2860 4849 3068 4903 scilicet
3098 4861 3294 4903 rectam
3322 4851 3492 4918 regni,

1908 4941 2109 5007 virgam
2144 4940 2377 5002 virtutis,
2409 4953 2513 5007 qua
2557 4949 2606 4992 te
2635 4939 2807 5006 ipsum
2847 4938 2982 4991 bene
3031 4952 3207 5004 geras.
3255 4951 3495 4993 sanctam

1908 5030 2199 5083 Ecclesiam
2233 5030 2593 5098 p0puluniqne
2630 5026 2991 5081 Christianum
3025 5026 3116 5079 tibi
3147 5040 3175 5078 a
3212 5025 3321 5079 Deo
3350 5042 3498 5079 com-

1905 5120 2126 5173 missum
2161 5121 2303 5188 regia
2341 5119 2534 5171 virtute
2561 5117 2629 5168 ab
2676 5116 2934 5183 improbis
2976 5115 3249 5181 delendas,
3304 5132 3498 5183 pravos

1902 5215 2161 5280 eorrEgas,
2195 5218 2369 5264 rectos
2401 5209 2668 5277 pacilices.
2702 5215 2755 5260 et
2785 5215 2842 5259 ut
2871 5206 3010 5258 viam
3064 5216 3260 5260 rectam
3313 5216 3496 5261 tenere

1904 5303 2110 5371 possint
2141 5310 2231 5355 tuo
2254 5299 2529 5369 juvamine
2559 5296 2797 5363 dirigas;
2832 5288 3089 5363 quatenus
3118 5296 3183 5349 de
3214 5300 3497 5365 temporali

1903 5410 2069 5462 regno
2089 5392 2155 5445 ad
2184 5403 2443 5445 aeternum
2472 5401 2697 5456 regnum
2722 5387 3021 5452 pervenias,
3051 5387 3166 5453 ipso
3188 5387 3493 5453 adjuvante,

1901 5484 2054 5552 cujus
2080 5494 2299 5548 regnum
2331 5488 2385 5533 et
2412 5476 2696 5547 imperium
2726 5477 2842 5531 sine
2874 5475 2977 5530 ﬁne
3003 5488 3275 5545 permanet
3302 5478 3353 5531 in
3384 5494 3497 5532 sae-

1904 5576 2023 5628 cula
2052 5573 2392 5625 smculmum.

1982 5663 2159 5717 Oratio
2210 5671 2625 5731 portareptrum.
2658 5690 2729 5701 —
2757 5658 3041 5723 Omnium,
3089 5659 3327 5726 Domine,
3380 5660 3498 5716 fons

1908 5756 2192 5821 bonorum,
2222 5763 2643 5824 cunctorumque
2669 5752 2807 5809 Deus
2837 5748 3108 5808 institutor
3136 5752 3494 5822 profectuutn,
