3988 6368
492 310 598 366 250

494 426 692 489 tribue,
722 435 1044 490 quaesumus,
1078 419 1272 472 famulo
1298 428 1384 471 tuo
1416 417 1508 468 Ill.
1541 416 1787 484 adeptam
1817 416 1951 469 bene
1979 428 2069 483 ge-
2098 415 2149 470 A

497 531 617 570 rere
642 512 981 583 dignitatem,
1020 517 1073 561 et
1102 520 1131 559 a
1181 516 1229 559 te
1276 507 1372 559 sibi
1420 508 1768 574 praestitutum
1814 506 2070 557 honorem

501 606 716 673 dignare
745 603 1109 656 corroborare.
1146 597 1443 651 llonoril‘tca
1472 613 1590 651 eum
1623 613 1729 666 pra:
1751 598 1960 652 cunctis
1993 612 2072 651 re-

497 698 652 762 gibus
682 704 865 756 terras,
894 689 1042 742 uberi
1071 703 1189 743 eum
1222 688 1590 743 benedictione
1619 689 1904 755 locupleta,
1936 698 1991 743 et
2020 690 2075 743 in

498 788 633 840 solio
670 784 814 850 regni
851 783 1001 833 lirma
1031 780 1318 833 stabilitate
1349 781 1651 845 consolida;
1678 781 1829 833 visita
1872 796 1991 834 eum
2025 782 2076 834 in

497 875 703 939 sobole,
736 880 923 941 prmsta
954 871 1000 924 ei
1036 870 1388 937 prolixitatem
1430 872 1575 933 vitm,
1628 872 1678 924 in
1727 871 1917 924 diebus
1961 870 2078 939 ejus

497 980 711 1033 semper
738 963 939 1017 oriatur
960 960 1166 1030 justitia
1190 978 1205 1026 ;
1238 972 1294 1015 ut
1322 978 1441 1015 cum
1469 961 1801 1031 iucunditate
1823 974 1875 1017 et
1896 962 2078 1015 laetita

499 1067 699 1111 aterno
729 1055 987 1123 glorietur
1027 1054 1079 1108 in
1126 1068 1308 1123 regno.
1358 1053 1459 1108 Per
1509 1054 1786 1108 Dominum
1839 1064 2077 1108 nostrum

497 1148 677 1203 Jesum
706 1147 1000 1201 Christum.

572 1237 715 1290 Tunc
739 1237 890 1289 datur
918 1236 962 1287 ei
992 1236 1153 1305 virga.
1185 1261 1255 1275 --
1287 1233 1471 1304 (1109)
1501 1234 1693 1302 Accipe
1724 1232 1923 1301 virgam
1969 1230 2080 1285 vir-

496 1327 625 1381 tutis
666 1336 823 1394 atqne
851 1325 1133 1394 aequitatis,
1166 1340 1267 1394 qua
1301 1324 1563 1392 intelligas
1597 1324 1829 1377 mulcere
1861 1322 1996 1391 pios,
2026 1329 2082 1376 et

500 1430 702 1474 terrere
732 1418 1006 1485 reprobus.
1043 1416 1253 1470 Erranti
1287 1416 1420 1468 viam
1451 1417 1581 1468 doce
1603 1455 1618 1479 ,
1649 1414 1915 1482 lapsisque
1964 1428 2079 1465 ma-

499 1524 623 1562 num
672 1506 902 1575 porrige,
936 1505 1319 1572 disperdasque
1346 1505 1637 1571 superbos,
1669 1515 1723 1558 et
1753 1506 1958 1558 releves
1986 1503 2082 1557 ltu-

499 1599 682 1662 ntiles;
709 1609 760 1651 et
782 1596 1021 1665 apperiat
1046 1596 1139 1648 tibi
1169 1596 1362 1651 ostium
1385 1595 1541 1649 Jesus
1559 1595 1800 1649 Chrisuts
1826 1597 2081 1649 Dominus

499 1700 704 1753 noster,
733 1690 818 1756 qui
852 1688 918 1741 de
947 1688 1121 1755 seipso
1148 1687 1221 1739 ait
1251 1704 1261 1738 :
1297 1685 1410 1757 Ego
1436 1704 1548 1740 sum
1577 1691 1783 1753 ostium,
1818 1705 1905 1757 per
1935 1704 2012 1740 me
2040 1688 2081 1740 si

1106 301 1449 358 APPENDIX
1491 302 1581 356 AD
1621 301 1677 357 S.
1719 295 2045 355 GREGORII
2085 294 2300 350 MAGNI
2345 294 2474 350 LIB.
2520 293 3169 353 SACRAMENTORUM.

3691 298 3853 356 260

2250 412 2383 464 Item
2409 411 2512 465 alia
2543 412 2858 465 Benedictio.
2890 440 2961 452 —
2988 412 3171 482 (1110)
3204 412 3467 482 Benedic,
3511 416 3808 472 Domine
3830 456 3851 479 ,

2188 502 2372 572 (1117)
2407 503 2545 558 hunc
2573 504 2852 570 praesulem
2883 506 3197 573 principem,
3224 508 3312 576 qui
3341 523 3504 579 regna
3527 509 3852 565 omnium

2179 610 2365 663 regum
2401 611 2430 647 a
2459 596 2653 649 sacculo
2680 597 2993 650 moderaris.
3030 600 3223 653 Amen.

2254 688 2319 741 Et
2337 688 2424 741 tali
2440 703 2561 742 eum
2578 688 2945 743 benedictione
2958 692 3215 759 glorifica,
3234 702 3284 747 ut
3302 692 3536 749 Davitica
3552 694 3692 767 [Αι.
3720 692 3859 747 Da—

2182 776 2378 848 vidica]
2395 780 3181 849 teneatsublimitatesceptrum
3199 783 3403 848 salutis,
3419 784 3677 840 etsancti
3690 784 3854 838 ἐξω

2181 868 2573 937 propitiationis
2598 884 2817 923 munere
2845 870 3139 938 reperiatur
3167 870 3542 939 locupletatus.
3574 875 3849 929 Amen.

2256 960 2326 1013 Da
2358 960 2405 1014 ei
2434 974 2462 1013 a
2497 967 2587 1013 tuo
2617 960 2907 1029 spiramine
2940 976 3126 1029 regere
3156 963 3428 1031 porntlum.
3462 966 3597 1019 sicut
3629 963 3850 1019 Salo-

2182 1066 2395 1107 monem
2418 1050 2585 1105 fecisti
2616 1066 2835 1118 regnum
2867 1052 3112 1107 obtinere
3140 1054 3439 1120 paciﬁcum.
3468 1056 3687 1110 Amen.

2251 1143 2403 1209 Quod
2436 1144 2549 1211 ipse
2581 1148 2834 1209 priestare
2864 1141 3129 1211 dignetur.

2255 1234 2409 1303 Regis
2461 1243 2625 1287 status
2676 1224 2987 1302 designatur.
3015 1261 3088 1272 ——-
3125 1234 3214 1288 Sta
3258 1234 3447 1305 (1118)
3494 1244 3549 1291 et
3604 1236 3841 1291 retine

2184 1323 2369 1392 (1119)
2400 1323 2591 1376 amodo
2631 1337 2785 1390 quem
2817 1321 3087 1392 hucusque
3126 1334 3340 1390 paterna
3364 1323 3555 1393 (1120)
3587 1338 3839 1394 sugge-

2186 1414 2362 1469 stione
2409 1414 2623 1466 tenuisti
2665 1412 3003 1467 ltrredil:rio
3050 1413 3171 1482 jure
3207 1414 3297 1467 tibi
3331 1415 3635 1485 delegatum
3708 1430 3834 1483 per

2185 1504 2557 1558 auctoritatem
2618 1502 2710 1557 Dei
2764 1504 3169 1585 omnipotentis,
3213 1514 3268 1560 et
3313 1520 3407 1573 per
3454 1515 3829 1574 praesentem

2187 1596 2525 1651 traditionem
2574 1602 2832 1661 nostram,
2864 1597 3104 1649 omnium
3155 1595 3359 1650 scilicet
3401 1596 3823 1665 episcoporum

2187 1697 2611 1756 caeterorumque
2644 1687 2735 1740 Dei
2766 1700 3041 1741 servorum
3068 1702 3082 1750 ;
3117 1695 3172 1740 et
3211 1694 3409 1754 quanto
3440 1688 3649 1741 clerum
3706 1701 3824 1741 sn-

500 1780 613 1848 quis
641 1779 910 1840 introierit,
941 1778 1240 1830 salvabitur.
1276 1777 1341 1830 Et
1370 1777 1483 1845 ipse
1504 1820 1519 1845 ,
1553 1778 1639 1845 qui
1670 1787 1751 1831 est
1779 1778 1946 1831 clavis
1976 1779 2086 1831 Da-
2116 1772 2164 1831 B
2190 1778 2296 1832 cris
2326 1778 2576 1831 altaribus
2617 1778 3048 1847 propinquiorcm
3098 1778 3373 1846 prospicis,
3408 1788 3555 1832 tanto
3586 1780 3637 1832 ei
3693 1792 3817 1847 po-

500 1869 610 1930 vid,
642 1876 694 1920 et
743 1876 1010 1936 sceptrum
1039 1870 1228 1921 duilius
1258 1865 1443 1933 Israel,
1476 1868 1563 1935 qui
1610 1871 1781 1939 aperit
1829 1880 1881 1921 et
1923 1884 2082 1923 nemo

501 1957 721 2023 claudit,
761 1958 957 2010 claudit
1003 1968 1053 2010 et
1098 1972 1253 2010 nemo
1287 1958 1474 2025 apt-rit,
1507 1959 1575 2011 sit
1603 1961 1691 2011 libi
1731 1957 1961 2027 δαίμων,
1994 1962 2084 2027 qui

501 2048 679 2103 educit
703 2050 934 2102 vinctum
962 2048 1028 2102 de
1053 2048 1211 2102 domo
1253 2052 1485 2103 carceris
1514 2051 1787 2105 sedentem
1837 2052 1889 2105 in
1938 2063 2086 2107 tene-

498 2138 610 2192 bris
640 2146 695 2193 et
733 2141 919 2193 umbra
950 2139 1158 2205 mortis,
1191 2148 1246 2191 ut
1277 2141 1327 2193 in
1358 2141 1604 2195 omnibus
1633 2144 1779 2211 sequi
1828 2145 2083 2197 merearis

498 2242 642 2291 eum,
671 2228 739 2282 de
766 2244 871 2297 quo
894 2230 1143 2297 prOpheta
1169 2228 1334 2284 David
1359 2232 1553 2286 cecinit
1581 2249 1595 2285 :
1627 2234 1785 2287 Sedes
1807 2245 1892 2287 tua
1920 2233 2079 2300 Deus,
2102 2280 2108 2283 .

499 2319 741 2371 smculum
766 2321 958 2384 saeculi,
985 2321 1127 2389 virga
1156 2322 1429 2389 inquimus,
1450 2324 1589 2393 virga
1611 2326 1753 2392 regni
1772 2327 1841 2377 tui
1856 2342 1872 2391 ;
1896 2338 1949 2380 et
1967 2327 2084 2379 imi-

497 2409 658 2464 tando
689 2411 879 2479 ipsum,
910 2412 998 2481 qui
1029 2413 1155 2466 dicit
1187 2431 1202 2470 :
1238 2414 1438 2485 Ditigas
1460 2417 1741 2484 justitiam,
1768 2429 1813 2470 et
1843 2421 1960 2472 odio
1990 2421 2086 2472 ha-

497 2499 614 2551 beas
644 2500 960 2568 iniquitatem
996 2518 1014 2553 :
1045 2500 1326 2569 Propterea
1348 2506 1492 2557 unxit
1520 2514 1566 2557 te
1598 2504 1757 2575 Deus,
1802 2508 1937 2561 Deus
1967 2520 2085 2564 tuus

495 2592 607 2645 oleo
636 2593 948 2659 lwtitiw;ad
995 2598 1297 2662 exemplum
1324 2595 1466 2648 illius
1507 2611 1669 2665 quem
1715 2607 1839 2652 ante
1885 2601 2083 2654 sarcula

497 2692 722 2737 unxerat
750 2698 859 2752 prae
903 2684 1245 2755 participibus
1274 2686 1408 2755 suis,
1435 2685 1615 2742 Jesum
1656 2688 1926 2746 Christum
1971 2691 2080 2747 Do-

495 2774 698 2827 minum
730 2784 991 2828 nostrum.

567 2863 715 2917 Tunc
743 2864 942 2917 dicatur
969 2862 1282 2922 Benedictio.
1310 2896 1378 2908 —
1410 2868 1456 2937 (1
1479 2869 1595 2939 110)
1620 2871 1884 2925 Extendat
1906 2872 2081 2927 omni-

495 2966 687 3023 potens
718 2955 857 3009 Deus
885 2956 1159 3009 dexteram
1190 2973 1300 3011 sua:
1326 2958 1728 3027 benediCtionis,
1763 2974 1818 3016 et
1844 2962 2079 3018 effundat

492 3061 652 3114 super
682 3055 733 3099 te
763 3047 958 3099 donum
1000 3062 1110 3101 sua:
1160 3049 1523 3116 protectionis,
1576 3064 1627 3104 et
1682 3052 1971 3108 circumdet
2026 3066 2077 3110 te

2188 1871 2377 1923 tiorem
2404 1871 2456 1921 in
2489 1869 2620 1922 locis
2649 1869 2894 1937 congruis
2923 1867 3182 1922 honorem
3230 1869 3542 1935 impendere
3587 1868 3820 1922 memi-

2186 1956 2331 2011 neris
2352 1967 2616 2025 quatenus
2647 1958 2904 2010 Mediator
2934 1956 3026 2011 Dei
3054 1966 3106 2010 et
3137 1955 3413 2010 hominum
3445 1966 3495 2011 te
3522 1956 3818 2011 mediato-

2186 2061 2298 2100 rem
2324 2045 2453 2100 cleri
2481 2057 2532 2099 et
2556 2046 2725 2114 p'ebis
2754 2045 2806 2099 in
2838 2045 2939 2099 hoc
2969 2046 3117 2113 regni
3143 2046 3278 2099 solio
3308 2047 3614 2112 confirmet,
3641 2056 3708 2100 et
3745 2048 3813 2099 in

2187 2152 2407 2206 regnum
2433 2149 2692 2190 (eternium
2720 2150 2900 2189 secum
2926 2149 3151 2205 regnare
3174 2136 3331 2190 faciat
3356 2136 3510 2189 .lesus
3533 2136 3814 2190 Christus

2191 2229 2447 2282 Dominus
2479 2236 2660 2282 noster
2710 2227 2822 2280 lie:
2865 2242 3081 2296 regum,
3110 2236 3165 2281 et
3204 2229 3459 2282 Dominus
3487 2228 3808 2284 dominan-

2187 2321 2337 2382 tium,
2374 2318 2461 2386 qui
2491 2333 2610 2371 cum
2641 2318 2794 2371 Patre
2824 2327 2880 2371 et
2908 2317 3111 2386 Spiritu
3134 2329 3340 2373 sancto.

2260 2408 2449 2479 (1121)
2482 2408 2762 2462 Reetitudo
2793 2408 2934 2476 regis
2972 2416 3055 2461 est
3105 2410 3311 2462 noviter
3347 2408 3573 2465 ordinati
3623 2418 3684 2465 et
3741 2412 3803 2465 in

2185 2503 2381 2556 solium
2409 2501 2675 2554 sublimati
2707 2500 2820 2554 haec
2842 2500 2939 2553 tria
2967 2501 3162 2569 popqu
3188 2499 3489 2557 Christiano
3515 2504 3616 2557 sibi
3648 2504 3805 2559 sub-

2185 2594 2296 2647 dito
2326 2593 2636 2661 pra'cipere,
2668 2592 2719 2644 in
2752 2591 2935 2659 primis
2964 2600 3020 2644 ut
3064 2592 3296 2645 Ecclesia
3354 2594 3443 2648 Dei
3483 2604 3537 2648 et
3586 2596 3791 2649 omnis

2187 2688 2417 2751 pupulus
2441 2681 2781 2735 Christianus
2809 2696 2990 2734 veram
3024 2695 3205 2749 pacem
3231 2681 3269 2751 -1-
3291 2697 3513 2736 servans
3541 2684 3591 2738 in
3625 2685 3794 2740 omni

2185 2785 2447 2845 tempore.
2476 2774 2628 2828 Aliud
2652 2784 2733 2828 est
2757 2784 2812 2828 ut
2832 2775 3150 2843 rapacitates
3179 2785 3232 2827 et
3258 2789 3442 2829 oinaes
3463 2776 3789 2845 iniquitates

2182 2870 2432 2924 omnibus
2463 2866 2715 2936 gradibus
2747 2867 3052 2921 interdicat.
3084 2868 3321 2921 Tertium
3353 2878 3454 2931 est,
3488 2878 3543 2921 ut
3576 2868 3630 2921 in
3660 2884 3791 2922 om—

2182 2961 2338 3013 nibus
2363 2959 2580 3027 jndiciis
2608 2960 2911 3028 mquitatem
2941 2966 2996 3013 et
3021 2960 3440 3013 misericordiam
3475 2962 3787 3031 praecipiat.

2184 3062 2240 3105 ut
2272 3053 2344 3105 illi
2372 3059 2426 3105 et
2456 3050 2612 3104 nobis
2643 3051 2911 3119 indulgeat
2937 3046 3032 3105 sua
3064 3051 3425 3106 misericordia
3455 3055 3699 3109 clemens
3728 3062 3790 3109 et

494 3151 648 3189 muro
665 3134 952 3201 felicitatis,
975 3150 1036 3191 ac
1055 3138 1293 3191 custodia
1316 3154 1425 3193 suae
1447 3140 1856 3210 propitiationis,
1881 3152 2078 3199 sancta:
2104 3134 2152 3195 C
2183 3144 2255 3197 mi
2288 3144 2489 3197 cricors
2518 3142 2677 3210 Deus,
2711 3142 2802 3210 qui
2832 3158 2951 3197 cum
2982 3141 3157 3196 Patre.

494 3227 701 3291 Mariae,
737 3227 920 3297 (1111)
953 3243 1014 3279 ac
1042 3228 1179 3283 beati
1214 3230 1355 3284 Petri
1384 3235 1749 3299 apostotorum
1799 3234 2071 3302 principis,

494 3315 681 3385 (1112)
701 3316 974 3385 sanctique
988 3316 1224 3386 Gregorii
1241 3318 1286 3391 (1
1304 3319 1424 3386 113)
1442 3322 1762 3390 Angelorum
1778 3324 2073 3391 apostolici,

498 3416 657 3475 atque
678 3409 914 3461 omnium
936 3418 1238 3464 sanctorum
1263 3411 1712 3466 intercedentibus
1743 3416 1972 3477 meritis,
1996 3416 2077 3470 in-

497 3497 712 3566 dulgeat
736 3498 830 3551 tibi
852 3498 1106 3554 Dominus
1127 3500 1303 3554 omnia
1331 3502 1466 3556 mala
1485 3518 1603 3572 quae
1621 3505 1856 3572 gessisti.
1882 3511 2072 3561 Amen.

564 3587 631 3640 Et
659 3586 847 3657 (1114)
879 3588 1077 3643 tribuat
1129 3590 1220 3644 tibi
1274 3593 1496 3661 gratiam
1550 3603 1604 3647 et
1656 3595 2075 3653 misericordiam

492 3697 651 3751 quam
692 3681 965 3737 humiliter
992 3684 1060 3738 ab
1088 3700 1151 3740 eo
1177 3685 1427 3755 deposcis
1449 3730 1463 3753 ,
1493 3700 1541 3743 et
1572 3688 1760 3744 liberet
1793 3699 1843 3744 te
1884 3691 1950 3745 ab
1978 3692 2076 3745 ad.

494 3773 832 3827 versilatibus
858 3775 1087 3843 cunctis,
1117 3787 1171 3829 et
1194 3778 1262 3829 ab
1284 3778 1531 3832 omnibus
1560 3779 1841 3835 visibilium
1862 3792 1915 3837 et
1937 3783 2076 3839 invio

493 3861 726 3916 sibilium
758 3862 1090 3917 inimicorum
1122 3864 1351 3921 insidiis.
1383 3870 1574 3922 Amen.

565 3958 797 4029 Angelos
824 3972 950 4012 suos
981 3959 1151 4013 bonos
1179 3975 1392 4029 semper
1419 3971 1473 4016 et
1505 3964 1700 4033 ubique
1728 3965 1817 4034 qui
1849 3973 1901 4021 te
1937 3982 2077 4037 prte-

492 4049 703 4117 cedant,
755 4051 1076 4105 comitentur
1104 4062 1158 4105 et
1189 4052 1613 4120 subsequantur,
1666 4056 1733 4110 ad
1782 4059 2075 4114 custodiam

493 4141 566 4193 tui
594 4151 780 4209 ponat,
812 4151 866 4196 et
894 4156 923 4195 a
955 4151 1170 4212 peccato
1198 4159 1290 4199 seu
1319 4146 1524 4216 gladio,
1557 4158 1610 4202 et
1635 4150 1702 4205 ab
1723 4151 1958 4205 omnium
1988 4168 2079 4221 pe-

491 4235 775 4288 riculorum
801 4236 1107 4290 discrimine
1133 4251 1227 4291 sua
1260 4238 1492 4306 potentia
1525 4240 1736 4295 liberet.
1775 4244 1965 4298 Amen.

559 4327 720 4396 262
750 4326 937 4396 (1115)
967 4328 1211 4382 Inimicos
1242 4337 1358 4384 tuos
1402 4330 1466 4383 ad
1499 4332 1643 4400 pacis
1692 4333 2076 4404 charitatisque

490 4414 872 4483 benignitatem
899 4427 1209 4483 convertat,
1242 4428 1296 4472 et
1325 4419 1480 4474 bonis
1509 4421 1758 4475 erunibus
1800 4430 1850 4475 te
1878 4425 2073 4492 gratio.

2256 3234 2320 3287 Et
2352 3232 2536 3305 (1122)
2570 3243 2690 3286 tunc
2711 3234 3029 3286 deosculetur
3055 3249 3253 3287 omnem
3281 3235 3471 3287 clerum
3498 3236 3790 3303 papulum-

2179 3340 2296 3391 que,
2326 3322 2510 3394 (1125)
2531 3330 2578 3376 et
2600 3324 2735 3375 dicat
2760 3322 3108 3392 unusquisque
3137 3337 3157 3375 :
3190 3324 3329 3377 vivat
3359 3338 3447 3377 rex
3472 3323 3707 3380 feliciter
3729 3327 3787 3381 in

2182 3418 2564 3484 sempiternum
2589 3417 2602 3470 1
2632 3415 2796 3469 tribus
2819 3415 3006 3469 vicibus
3035 3431 3055 3469 :
3085 3417 3222 3469 vivat
3248 3431 3339 3470 rex
3367 3418 3379 3470 !
3414 3427 3467 3470 ut
3498 3434 3685 3485 supra.
3713 3418 3786 3473 Et

2180 3517 2290 3578 post
2322 3506 2657 3579 Evangelia»:
2689 3506 2875 3578 (1124)
2906 3506 3053 3572 offert
3091 3523 3182 3560 rea:
3207 3510 3274 3559 ad
3320 3524 3526 3561 manum
3574 3511 3787 3563 archie-

2179 3599 2376 3667 piscopi
2403 3598 2706 3651 oblationem
2728 3611 2774 3651 et
2797 3598 2990 3664 vinum,
3022 3607 3070 3650 et
3097 3598 3169 3651 sic
3198 3610 3473 3667 peragatur
3496 3598 3661 3652 Missa
3684 3616 3782 3655 suo

2181 3689 2378 3741 ordine.
2412 3686 2610 3740 Deinde
2637 3688 3036 3741 communicetur
3059 3691 3121 3741 ab
3148 3689 3531 3759 archiepiswpo
3558 3706 3779 3760 corpore

2179 3786 2228 3834 et
2250 3781 2494 3850 sanguine
2522 3779 2744 3844 Christi;
2774 3778 2960 3848 (1125)
2982 3790 3029 3835 et
3055 3782 3127 3834 sic
3157 3784 3381 3851 referant
3414 3781 3521 3835 Deo
3546 3784 3771 3851 gratias,

2179 3877 2295 3943 post
2322 3880 2530 3940 pergant
2560 3872 2626 3923 ad
2648 3887 2898 3925 mensam.

2254 3958 2439 4031 (1120)
2474 3960 2633 4014 ΙΤΕΜ
2663 3961 2755 4014 AD
2792 3960 3104 4017 REGINAM
3148 3962 3705 4023 BENEDICENDAM.

2251 4050 2412 4121 263
2439 4048 2589 4103 Debet
2611 4051 2746 4102 enim
2769 4052 2954 4104 adduci
3000 4053 3052 4105 in
3092 4055 3377 4119 ecclesiam,
3424 4064 3470 4109 et
3521 4057 3781 4126 prosterni

2179 4151 2297 4195 ante
2316 4143 2497 4194 altare.
2526 4140 2731 4193 Elevata
2754 4143 2817 4195 ab
2837 4143 3065 4197 oratione
3084 4143 3148 4198 ab
3168 4146 3434 4212 episcopis.
3457 4160 3508 4202 et
3526 4147 3777 4203 inclinato

2180 4232 2366 4301 capite,
2395 4232 2530 4285 dicat
2559 4234 2967 4303 archiepiscopus
2996 4237 3129 4287 lianc
3151 4238 3443 4290 Orationem
3466 4254 3487 4292 :

2254 4323 2443 4396 (1127)
2475 4325 2697 4391 Adesto,
2730 4326 2976 4393 Domine,
3021 4330 3499 4397 supplicationibus
3543 4334 3769 4403 nostris,

2182 4427 2237 4472 et
2263 4420 2403 4488 quod
2437 4419 2748 4473 humilitatis
2781 4432 2977 4474 nostra:
3007 4423 3300 4491 gerendum
3331 4434 3413 4479 est
3445 4424 3770 4491 ministerio,

492 4518 609 4557 sum
642 4512 698 4557 et
742 4506 1022 4560 amabilem
1065 4507 1260 4572 faciat;
1306 4511 1606 4576 pertinaces
1649 4528 1860 4582 quoque
1904 4515 1954 4567 in
2003 4515 2075 4569 tui
2107 4494 2160 4555 θ
2186 4519 2289 4563 tua!
2319 4510 2528 4564 Virtutis
2557 4510 2842 4578 implealut‘
2868 4512 3080 4566 υίῖθίιιυ·
3112 4514 3233 4568 Per.

494 4594 842 4648 insectatione
864 4604 916 4648 et
937 4597 1083 4661 odio,
1105 4598 1414 4653 cool’usione
1435 4600 1652 4654 salutari
1676 4603 1890 4671 induat;
1916 4620 2078 4674 super

496 4694 547 4738 te
576 4694 749 4736 autem
780 4684 1130 4739 sanctificatio
1160 4689 1485 4754 sempiterna
1514 4692 1719 4747 floreat.
1750 4695 1945 4751 Amen.

568 4777 919 4833 Victoriosum
966 4788 1016 4834 te
1042 4789 1202 4850 atque
1229 4781 1670 4852 triumphatorem
1702 4788 1769 4843 de
1798 4789 2077 4845 invisibili-

491 4869 591 4923 bus
643 4880 800 4938 atque
844 4869 1141 4925 visibilibus
1192 4872 1431 4929 hostibus
1480 4891 1694 4947 semper
1739 4882 1973 4947 efficiat,
2022 4894 2076 4938 et

490 4960 660 5015 sancti
719 4958 946 5014 nominis
996 4962 1078 5015 sui
1133 4962 1375 5019 timorem
1425 4975 1480 5021 et
1534 4983 1771 5023 amorem
1821 4975 2074 5028 continuo

490 5053 637 5125 cordi
668 5065 758 5108 tuo
789 5055 1050 5121 infundat,
1082 5064 1135 5110 et
1166 5057 1215 5110 in
1247 5057 1354 5112 fide
1385 5069 1525 5114 recta
1553 5076 1615 5114 ac
1645 5062 1794 5117 bonis
1822 5064 2076 5131 operibus

494 5147 934 5212 perseverabilem
984 5148 1192 5215 reddat,
1222 5160 1275 5203 et
1313 5165 1441 5219 pace
1485 5153 1536 5205 in
1579 5153 1764 5208 diebus
1811 5157 1914 5209 tuis
1956 5172 2081 5212 con-

490 5252 660 5302 cessa,
687 5254 808 5294 cum
852 5240 1026 5308 palma
1058 5241 1297 5297 victoriae
1324 5250 1375 5298 te
1402 5244 1467 5298 ad
1501 5256 1812 5315 perpetuum
1854 5263 2075 5318 regnum

492 5336 767 5404 perducat.
801 5339 993 5394 Amen.
1414 5398 1421 5404 κ

564 5428 630 5481 Et
658 5431 745 5498 qui
789 5438 841 5483 te
870 5430 1036 5483 voluit
1069 5446 1229 5500 super
1275 5430 1526 5500 populum
1566 5445 1719 5487 suum
1751 5434 2076 5490 constituere

495 5533 696 5585 regem,
725 5528 779 5573 et
806 5521 857 5575 in
888 5524 1133 5589 prtesenti
1161 5522 1359 5578 smculo
1388 5522 1597 5580 felicem
1620 5565 1638 5594 ,
1666 5535 1880 5584 alterna:
1910 5526 2076 5584 felici-

493 5609 616 5660 tatis
647 5608 844 5666 tribuat
870 5626 989 5666 esse
1015 5622 1341 5668 consortem.
1369 5615 1563 5674 Amen.

563 5695 716 5765 Quod
743 5700 858 5771 ipse
882 5712 1134 5772 prmstare
1158 5705 1426 5776 dignetur.

2257 4601 2439 4673 (1128)
2471 4601 2618 4654 Tunc
2648 4602 2789 4655 debet
2819 4614 2972 4673 caput
3002 4605 3111 4673 ejus
3151 4605 3275 4675 ungi
3319 4606 3450 4661 oleo.
3480 4637 3549 4647 -—
3576 4607 3633 4663 In
3679 4624 3774 4664 no-

2184 4692 2325 4745 mine
2358 4693 2525 4745 Patris
2555 4702 2608 4746 et
2642 4693 2753 4746 Filii
2782 4702 2836 4747 et
2865 4692 3091 4761 Spiritus
3118 4696 3285 4748 sancti
3316 4697 3483 4764 prosit
3527 4698 3621 4752 tibi
3659 4701 3772 4754 bac

2182 4787 2365 4839 unctio
2394 4785 2497 4839 olei
2529 4786 2581 4839 in
2618 4786 2874 4841 honorem
2906 4796 2961 4842 et
2997 4788 3457 4844 conﬁrmationem
3488 4803 3766 4849 aeternam.

2254 4879 2496 4948 Sequitur
2551 4881 2731 4933 Oratio
2781 4891 2893 4949 post
2940 4883 3254 4936 unctionem.
3285 4912 3353 4924 -—
3383 4886 3767 4955 Omnipotens,

2180 4976 2502 5041 scmpiterue
2528 4974 2688 5037 Deus,
2709 4974 3016 5029 afﬂuentem
3036 4975 3292 5044 Spiritum
3318 4987 3423 5031 tum
3444 4978 3746 5033 benedictio

2183 5068 2267 5121 nis
2305 5082 2467 5136 super
2499 5068 2748 5120 famulam
2778 5076 2922 5119 tuam
2963 5068 3115 5121 nobis
3153 5070 3427 5122 orantibus
3459 5072 3771 5137 propitiatus

2181 5159 2419 5225 infunde,
2456 5159 2643 5231 (“'29)
2675 5167 2733 5213 ut
2762 5174 2881 5228 qua:
2914 5174 3008 5227 per
3037 5175 3225 5213 manus
3248 5170 3442 5214 nostra:
3467 5161 3767 5229 impositio—

2181 5268 2304 5307 nem
2336 5252 2495 5307 hodie
2527 5253 2708 5322 regina
2742 5253 3055 5321 instituitur,
3086 5254 3506 5308 sanctiﬁcatione
3554 5263 3642 5307 tua
3691 5253 3768 5308 di-

2178 5361 2280 5416 gna
2310 5356 2361 5399 et
2386 5346 2555 5399 electa
2585 5357 2912 5414 permaneat,
2944 5354 3004 5399 ut
3032 5360 3302 5414 nunquam
3334 5346 3675 5415 postmodum
3705 5346 3768 5401 de

2181 5447 2269 5493 tua
2300 5438 2465 5508 gratia
2497 5447 2772 5504 separetur
2801 5437 3036 5507 indigna.
3072 5438 3192 5491 Per.

2245 5530 2429 5601 (1150)
2460 5528 2603 5583 Tunc
2630 5530 2768 5583 debet
2797 5531 2843 5582 ei
2865 5530 3085 5583 annulus
3108 5530 3239 5583 mitti
3269 5530 3449 5601 digito.
3473 5558 3541 5569 -—
3572 5529 3764 5596 Accipe

2181 5622 2303 5678 fidei
2329 5622 2659 5691 signaculum
2706 5629 2907 5676 sancta:
2936 5620 3237 5688 Trinitatis,
3268 5636 3374 5691 quo
3405 5618 3566 5691 264
3595 5618 3765 5687 possis

2182 5727 2371 5770 omnes
2413 5713 2699 5783 pravitates
2730 5712 3013 5770 haereticas
3038 5712 3296 5788 devitarc,
3327 5720 3382 5771 et
3414 5711 3600 5787 (1151)
3650 5714 3763 5769 bar-

3781 5414 3793 5447 1
