3988 6336
118 296 202 349 261

765 291 1104 349 APPENDIX
1143 292 1234 347 AD
1273 292 1332 349 S.
1373 290 1709 349 GREGORII
1752 291 1960 347 MAGNI
2002 292 2129 347 LIB.
2172 291 2800 353 SACRAMENTORUM.

3312 310 3415 368 269

120 413 261 462 haras
285 411 489 473 gentes
516 404 742 462 virtute
772 406 865 459 tibi
896 406 1128 474 prmstita
1155 403 1222 457 ad
1244 402 1566 471 agnitionem
1600 402 1739 456 veri-
1766 404 1813 461 Α
1838 399 1964 469 iuge
1988 400 2249 467 provehas
2277 402 2533 470 benignus
2564 420 2839 461 annorum.
2878 408 2977 463 Per
3005 409 3272 471 Christum
3306 418 3410 473 Do-

121 510 186 552 tat
205 513 232 549 s
255 497 575 561 advocare.

184 584 429 654 Sequitur
464 584 705 639 Oratio.
728 614 792 626 ——
822 585 981 648 Deus,
1015 583 1165 651 cujus
1191 590 1270 637 est
1297 583 1471 637 omnis
1498 591 1734 652 potestas

118 688 167 733 et
183 676 433 745 dignitas,
470 675 547 727 da
584 677 809 730 fatnniaa
841 686 943 729 tute
974 672 1064 727 Ill.
1094 672 1249 742 signo
1280 682 1382 727 tuae
1412 672 1533 727 ﬁdei
1575 688 1732 741 pros-

120 784 289 841 perum
320 780 438 820 sua:
466 765 773 835 dignitatis
801 766 1071 828 effectum,
1094 780 1191 832 qua
1218 765 1308 817 tibi
1339 778 1554 834 semper
1581 766 1733 818 ﬁrma

119 866 339 920 maneat,
373 856 607 921 tibique
639 856 842 925 iugiter
872 854 1079 923 placere
1102 854 1410 907 contendat.

186 945 363 1015 (H52)
389 944 555 997 Tunc
589 946 746 999 debet
769 946 959 1012 imponi
989 960 1178 996 corona
1206 945 1258 996 in
1283 941 1733 1014 capita—(HM)

124 1038 304 1104 Accipe
341 1048 635 1089 coronam
692 1036 897 1104 gloria),
956 1034 1211 1087 honorem
1260 1032 1627 1101 iucunditatis,
1677 1042 1735 1087 ut

122 1125 385 1197 splendida
434 1126 701 1193 fulgeas,
736 1134 791 1180 et
816 1134 1019 1180 aeterna
1041 1124 1405 1179 exsultatione
1432 1125 1728 1180 coroneris.

122 1220 213 1273 Per
249 1217 579 1269 Dominum.

182 1305 311 1359 Item
346 1305 575 1356 Oratio.
608 1333 687 1345 —
714 1303 994 1371 Omnium,
1027 1302 1251 1359 Domine
1292 1304 1411 1359 fons
1439 1304 1733 1368 bonorum,

124 1410 168 1454 et
195 1406 523 1452 cunctorum
561 1396 732 1450 dator
757 1406 1099 1465 provectuum
1125 1440 1139 1465 ,
1177 1396 1352 1452 tribue
1383 1397 1594 1451 famulae
1634 1406 1737 1451 tute

123 1490 208 1543 111.
236 1489 496 1555 adeptam
545 1487 700 1542 bene
728 1502 918 1557 gerere
962 1482 1294 1555 dignitatem,
1350 1495 1403 1542 et
1454 1502 1483 1541 a
1541 1495 1592 1542 te
1636 1488 1738 1542 sibi

127 1578 411 1649 przestitam
440 1576 500 1631 in
558 1592 632 1633 ea
676 1578 833 1634 bonis
862 1577 1114 1647 operibus
1157 1577 1444 1633 corrobora
1491 1577 1736 1649 gloriam.

126 1670 217 1725 Per
242 1669 573 1723 Dominum.

477 1724 919 1813 BENEDICTlO
956 1756 1375 1814 NUPTIARUM.

647 1847 721 1895 Ex
747 1845 920 1896 Codice
944 1847 1234 1897 Bhemensi.

194 1926 350 1999 263
391 1925 610 1996 Incipit
657 1929 794 1980 actio
825 1926 1008 1997 (1154)
1043 1936 1068 1962 ⁸
1106 1928 1373 1997 nuptialis.
1401 1958 1473 1968 —
1497 1930 1725 1998 Adesto,

135 2016 381 2080 Domine,
412 2014 921 2084 supplicationibus
950 2016 1169 2081 nostris,
1215 2025 1270 2070 et
1307 2015 1563 2071 institutis
1604 2018 1727 2084 tuis,

136 2108 313 2178 quibus
343 2109 809 2177 propagationem
856 2108 1071 2162 humani
1100 2108 1313 2178 generis
1353 2109 1610 2164 ordinaSIi
1642 2110 1735 2164 be.

138 2203 313 2269 nignns
338 2202 570 2265 assiste,
612 2211 671 2255 ut
697 2200 861 2271 quod,
890 2210 941 2255 te
969 2209 1186 2255 auctore
1211 2200 1471 2271 jungitur,
1504 2210 1556 2255 te
1577 2202 1733 2255 auxi-

138 2291 287 2346 iimte
314 2301 602 2346 servetur.
637 2292 744 2347 Per
774 2291 1051 2348 Dominum
1082 2301 1322 2346 nostrum
1361 2291 1541 2346 Jesum
1570 2290 1735 2347 Chri-

144 2393 289 2438 stum.

210 2472 332 2527 Item
360 2476 497 2527 alia.
531 2504 611 2519 .-
637 2474 981 2542 Quaasumus.
1013 2474 1348 2542 omnipotens
1376 2473 1540 2541 Deus,
1584 2472 1735 2529 insti-

152 2575 247 2619 tuta
271 2564 641 2634 providentiae
668 2573 769 2619 tua:
799 2566 885 2633 pio
914 2565 1095 2619 favore
1120 2566 1399 2630 comitare,
1424 2573 1480 2619 et
1507 2580 1639 2634 quos
1661 2565 1734 2619 le-

148 2659 310 2726 gitima
353 2657 633 2713 societate
684 2655 985 2723 connectis,
1039 2654 1281 2725 longaeva
1326 2670 1458 2725 pace
1504 2654 1732 2710 custodi.

155 2749 243 2802 Per
267 2748 592 2812 Dominum,

214 2840 382 2908 Super
408 2840 611 2893 oblata.
636 2868 710 2880 --
739 2839 955 2902 Adesto,
991 2838 1233 2901 Domine,
1267 2836 1738 2906 supplicationibus

159 2930 360 2995 nostris,
392 2941 446 2983 et
480 2928 680 2999 (1155)
712 2928 846 2982 hanc
875 2928 1197 2981 oblationem
1228 2925 1255 2965 ι’
1287 2926 1599 2980 famularum
1625 2935 1739 2978 tua-

158 3036 262 3075 rum
291 3022 529 3086 illarnm,
561 3036 724 3090 quam
754 3020 844 3075 tibi
869 3018 1144 3074 oﬁerimus
1175 3034 1268 3087 pro
1292 3019 1483 3072 famula
1514 3026 1599 3071 tua
1626 3016 1736 3080 illa,

1840 490 2040 542 mitium
2070 501 2332 545 nostrum.
2361 494 2531 559 Quam
2556 496 2877 552 oblationem
2908 509 2959 554 tu
2988 502 3148 557 Deus.

1910 578 2061 649 Infra
2093 581 2278 651 (1158)
2312 592 2335 619 ο
2367 586 2520 638 actio.
2552 585 2631 639 Ad
2677 589 2982 643 tricesimum
3024 594 3102 647 vel
3146 600 3416 653 annualem

1838 672 2156 735 nuptiarum.
2179 702 2250 714 —
2272 672 2419 729 Hanc
2445 674 2603 744 igitur
2629 677 2947 735 oblationem
2972 682 3218 752 Domine,
3246 689 3416 744 famu-

1838 757 2010 811 lorum
2046 767 2253 815 tuorum
2286 762 2520 829 illorum,
2548 774 2601 820 et
2628 766 2856 833 illarum,
2881 786 3038 839 quam
3065 775 3155 829 tibi
3184 768 3414 834 offerunt

1837 849 1908 902 ob
1935 849 2074 904 diem
2108 851 2429 906 tricesimum
2452 855 2844 923 coniunctionis
2870 876 2999 927 suat,
3025 865 3107 918 vel
3128 869 3413 925 annualem

1838 952 1942 1005 quo
1969 939 2056 994 die
2084 954 2176 994 eos
2199 941 2364 1009 jugali
2396 943 2607 997 vinculo
2632 948 2837 1001 sociare
2862 950 3108 1021 dignatus
3135 971 3215 1021 es,
3242 960 3417 1027 placa-

1838 1039 1923 1086 tus
1952 1033 2231 1102 suscipias,
2259 1034 2631 1103 deprecamur.
2659 1040 2738 1095 Ob
2761 1042 2861 1097 hoc
2891 1044 3048 1111 igitur
3077 1049 3297 1106 reddant
3324 1054 3415 1107 tibi

1836 1131 1955 1177 vota
1985 1137 2079 1176 sua
2112 1123 2221 1178 Deo
2264 1140 2420 1191 vero,
2455 1137 2509 1182 et
2549 1127 2692 1197 vivo,
2741 1146 2837 1199 pro
2891 1136 3079 1200 quibus
3129 1143 3419 1196 tremendae

1836 1210 2018 1281 pietati
2042 1227 2152 1267 sum
2169 1215 2435 1283 supplices
2458 1216 2729 1273 fundimus
2753 1236 2958 1289 preces,
2984 1235 3040 1279 ut
3067 1229 3262 1294 pariter
3283 1229 3419 1285 bene

1837 1318 1900 1357 ac
1934 1305 2149 1373 paciﬁce
2176 1318 2489 1374 senescant,
2523 1319 2577 1365 et
2605 1311 2819 1367 videant
2846 1314 2979 1369 ﬁlios
3020 1318 3246 1374 ﬁliorum
3294 1337 3420 1376 suo-

1838 1411 1953 1449 rum
1982 1398 2235 1465 usquead
2264 1401 2469 1453 tertiam
2516 1410 2570 1455 et
2598 1411 2838 1471 quartam
2883 1409 3211 1474 progeniem,
3268 1420 3320 1466 et
3367 1421 3419 1467 te

1838 1484 2155 1540 benedicant
2218 1488 2464 1542 omnibus
2513 1490 2699 1546 diebus
2761 1492 2882 1548 vitae
2936 1509 3066 1549 suae.
3102 1499 3261 1569 265
3318 1500 3420 1556 Per

1839 1572 2107 1628 Christum
2141 1576 2419 1631 Dominum
2453 1590 2715 1633 nostrum.
2746 1583 2912 1647 Quam
2938 1582 3283 1641 oblationem.

1913 1663 2238 1735 Percomples
2286 1683 2530 1722 canonem
2583 1670 2907 1739 plenarium,
2962 1680 3009 1725 et
3061 1673 3249 1744 (1159)
3289 1677 3416 1731 dicis

1763 1756 1811 1817 B
1841 1754 2135 1809 Orationem
2148 1756 2487 1818 Dominicam.
2507 1770 2553 1814 et
2574 1757 2591 1795 ί
2616 1760 2893 1831 sic(lMO)
2917 1777 3026 1815 eam
3057 1763 3308 1821 bettedicis
3336 1768 3417 1822 Itis

1834 1847 1993 1900 verbis
2018 1864 2036 1901 :

1908 1936 2182 1990 0ratio.—
2207 1936 2392 2009 (1141)
2426 1938 2584 2005 Deus,
2609 1942 2695 2009 qui
2724 1940 2904 1994 mundi
2928 1944 3218 1998 crescentis
3256 1959 3419 1999 exor-

1833 2027 1975 2082 dium
2004 2027 2347 2097 multiplicata
2378 2031 2522 2096 prole
2551 2030 2841 2095 benedicis,
2885 2034 3171 2101 propitiare
3199 2037 3411 2106 suppli-

1834 2120 2130 2173 cationibus
2151 2119 2364 2181 nostris,
2380 2130 2430 2171 et
2450 2119 2531 2188 (11
2548 2119 2633 2187 i2)
2653 2134 2812 2187 super
2836 2123 2970 2175 hanc
2990 2119 3239 2176 famulam
3272 2137 3412 2179 tuam

1836 2211 1979 2263 illam
2012 2225 2168 2278 opem
2202 2209 2588 2264 benedictionis
2636 2210 2875 2275 infunde,
2936 2222 2993 2265 ut
3047 2214 3099 2266 in
3147 2214 3411 2284 coniugali

1835 2301 2125 2365 consortio,
2157 2298 2347 2353 aﬁ'ectu
2378 2301 2613 2369 compari
2642 2341 2656 2365 ,
2698 2310 2897 2368 mente,
2937 2302 3197 2358 consimili
3228 2306 3411 2377 (1145)

1834 2390 2169 2443 sanctitatem
2197 2398 2254 2441 ut
2284 2397 2309 2435 8
2341 2396 2428 2443 tua
2457 2388 2616 2461 [Leg.
2649 2391 2931 2446 sanctitate
2989 2393 3209 2465 mutua]
3240 2408 3415 2464 copu-

1834 2481 2029 2536 lentur.

1906 2569 2039 2624 ltem
2069 2571 2340 2625 0ratio.—
2366 2571 2523 2626 Pater
2552 2572 2734 2626 mundi
2764 2573 3028 2640 conditor,
3085 2576 3413 2632 nascentium

1836 2662 2063 2731 genitor,
2096 2662 2512 2730 multiplicandae
2534 2663 2753 2731 originis
2775 2662 2963 2733 (1144)
2998 2664 3290 2733 institutor,
3325 2668 3416 2735 qui

1836 2751 1968 2805 Adze
1997 2752 2246 2806 comitem
2279 2754 2382 2806 tuis
2412 2753 2656 2807 manibus
2685 2753 2955 2820 addidisti,
2987 2755 3139 2822 cuius
3169 2771 3233 2809 ex
3265 2759 3412 2811 ossi-

1837 2842 1936 2896 bus
1957 2857 2079 2896 ossa
2100 2845 2396 2897 crescentia
2420 2858 2600 2911 parem
2627 2843 2849 2897 formam
2873 2844 3177 2900 admirabili
3200 2847 3422 2901 diversi-

1838 2942 1945 2988 tate
1972 2935 2263 3002 signarent,
2296 2935 2419 2989 hinc
2447 2935 2515 2989 ad
2545 2936 2706 2992 totius
2730 2937 3086 2992 multitudinis
3115 2937 3417 2993 incremen-

1841 3034 1951 3079 tum
1975 3024 2265 3095 coniugalis
2293 3025 2392 3079 tori
2412 3024 2553 3095 iussa
2577 3026 2866 3092 consortia,
2885 3034 3049 3080 totum
3070 3026 3207 3080 inter
3223 3025 3419 3098 (1145)

164 3127 308 3181 quam
344 3111 412 3165 ad
451 3120 663 3167 statum
697 3111 1016 3165 maturitatis
1043 3117 1098 3163 et
1139 3110 1205 3163 ad
1252 3108 1392 3162 diem
1437 3108 1739 3176 nllpliarum
1768 3107 1814 3170 C
1846 3117 2099 3172 saculum
2128 3118 2463 3186 colligareut,
2496 3116 2712 3171 humani
2741 3119 2951 3187 generis
2979 3118 3177 3173 imdera
3202 3134 3416 3176 nexue-

164 3204 446 3273 perducere
476 3204 736 3272 dignatus
761 3215 840 3266 es,
872 3199 1107 3270 placidus
1136 3214 1199 3255 ac
1224 3199 1482 3267 benignus
1508 3211 1741 3262 assume,

168 3302 223 3348 ut
244 3294 376 3364 quod
408 3304 497 3348 tua
532 3292 890 3361 dispositione
932 3291 1225 3360 expetitur,
1258 3297 1345 3344 tua
1392 3288 1560 3357 gratia
1600 3302 1748 3342 com-

168 3385 381 3455 pleatur.
410 3385 518 3439 Per
549 3384 834 3437 Dominum
864 3390 1126 3437 nostrum.

232 3472 295 3529 γ.
320 3473 381 3529 D.
404 3475 499 3544 qui
521 3473 726 3530 hedera
751 3473 1052 3541 nuptiarum
1074 3470 1269 3526 blando
1295 3468 1596 3525 concordiae
1610 3468 1744 3538 iugo

175 3575 221 3621 et
244 3566 504 3621 insolubili
536 3565 690 3635 pacis
717 3565 926 3620 vinculo
956 3562 1214 3629 nexuisti,
1246 3572 1306 3617 ut
1334 3560 1750 3632 multiplicandis

176 3655 505 3726 ad0ptionum
538 3657 666 3711 ﬁliis
691 3666 997 3712 sanctorum
1037 3656 1423 3711 connubiorum
1451 3654 1751 3709 fecunditas

182 3748 355 3810 pudica
381 3750 635 3804 serviret.
664 3748 776 3802 Tua
804 3749 972 3813 enim,
1007 3748 1250 3812 Domine,
1280 3744 1623 3815 providentia:
1646 3754 1751 3799 tua:

178 3838 331 3906 gratia
362 3839 723 3894 ineﬁ‘abilibus
753 3839 925 3893 modis
952 3838 1112 3910 264,
1140 3848 1422 3909 utrumque
1449 3837 1750 3908 dispensus,

184 3931 391 3998 utquod
434 3932 713 4001 generatio
742 3933 807 3985 ad
856 3931 1035 3985 mundi
1084 3930 1208 3985 edet
1253 3940 1518 3993 ornatum,
1561 3927 1745 4002 (1156)

188 4029 207 4055 ε
233 4022 500 4087 generatio
544 4022 612 4075 ad
643 4021 893 4077 Ecclesire
935 4021 1191 4090 perducat
1237 4030 1599 4090 augmentum.
1652 4019 1752 4075 Per

189 4106 466 4166 Christum.

251 4200 397 4269 Infra
423 4204 698 4258 actionem.
726 4232 795 4246 ——
825 4201 975 4257 Hanc
1000 4202 1158 4271 igitur
1181 4201 1499 4257 oblationem
1531 4201 1757 4257 famula-

195 4304 297 4343 rum
325 4300 527 4347 tuarum
559 4294 801 4358 illarum,
840 4306 1177 4360 quaesumus,
1228 4291 1467 4355 Domine,
1516 4293 1755 4360 placatus

195 4382 437 4450 accipias,
470 4399 572 4453 pro
598 4399 697 4453 qua
727 4384 1059 4452 maiestatem
1093 4391 1233 4435 tuam
1263 4382 1528 4452 supp'ices
1566 4398 1757 4437 exora-

1848 3220 1989 3263 runt.
2020 3208 2109 3264 Sic
2129 3208 2270 3263 enim
2300 3208 2414 3274 tibi,
2446 3208 2689 3277 Domine,
2723 3207 2973 3276 placitum
3007 3208 3122 3275 fuit,
3154 3209 3230 3263 sic
3260 3212 3407 3266 enim

1849 3300 2209 3353 necessarium
2251 3298 2343 3353 fuit
2374 3316 2388 3364 ;
2422 3298 2607 3368 (1146)
2636 3306 2694 3352 ιιι
2736 3298 2861 3367 quia
2889 3297 3045 3368 longe
3072 3298 3153 3352 est
3181 3309 3236 3354 et
3272 3299 3425 3353 inﬁr-

1851 3404 1988 3454 mus,
2022 3388 2049 3427 ιι
2072 3389 2212 3460 quod
2238 3390 2443 3443 homini
2467 3389 2641 3452 silem,
2667 3403 2824 3457 quam
2850 3387 2990 3458 quod
3013 3387 3105 3442 tibi
3137 3389 3245 3443 Deo
3274 3388 3426 3444 fece-

1849 3495 1956 3545 ras,
1989 3480 2198 3533 additur
2223 3480 2443 3535 fortiore
2472 3493 2631 3533 sexus
2658 3478 2934 3542 inﬁrmior,
2969 3486 3026 3532 ut
3054 3493 3216 3532 unum
3242 3478 3423 3534 efﬁce-

1852 3583 1938 3623 ras
1960 3584 2026 3621 ex
2059 3568 2285 3633 duobus,
2317 3579 2369 3623 et
2399 3569 2511 3637 pari
2541 3569 2759 3637 pignore
2789 3568 3002 3622 soboles
3033 3567 3217 3637 (1147)
3264 3568 3423 3625 mista

1855 3667 2094 3714 maneret
2122 3675 2137 3719 ;
2168 3668 2294 3714 tunc
2314 3673 2407 3727 per
2428 3659 2667 3713 ordinem
2698 3660 2885 3713 ﬂueret
2910 3668 3092 3727 egesta
3125 3661 3425 3726 posteritas,

1854 3758 1912 3803 ut
1940 3748 2125 3817 (1148)
2156 3750 2207 3803 in
2241 3748 2436 3817 prioris
2474 3757 2695 3803 ventura
2723 3754 3095 3817 sequerentur,
3130 3761 3228 3802 nec
3263 3747 3427 3802 ullum

1855 3842 1954 3896 sibi
1977 3842 2132 3897 linem
2160 3840 2211 3896 in
2245 3850 2349 3895 tam
2377 3841 2524 3894 brevi
2576 3840 2827 3904 termino,
2855 3841 3098 3909 quamvis
3128 3846 3305 3894 essent
3333 3854 3426 3893 ca-

1855 3931 2009 3996 duca,
2044 3941 2417 3999 proponerent.
2443 3930 2523 3985 Ad
2550 3929 2663 3983 haec
2695 3927 2710 3967 ί
2741 3931 2898 4000 igitur
2954 3928 3138 4001 (1149)
3164 3930 3302 3984 date
3328 3928 3439 3983 sint

1857 4022 1984 4090 legis
2010 4020 2249 4075 instituta
2283 4028 2525 4074 ventura.
2581 4020 2917 4088 QuaprOpter
2972 4018 3128 4086 huius
3161 4015 3176 4068 i
3217 4015 3431 4070 familiae

1858 4119 1983 4175 tute,
2015 4110 2191 4173 Pater,
2223 4110 2518 4163 rudimenta
2566 4109 2835 4163 sanetiﬁca
2864 4148 2879 4171 .
2913 4117 2969 4162 ut
3000 4109 3138 4162 bono
3192 4115 3247 4161 et
3299 4107 3436 4161 bene

1860 4216 2113 4270 prospero
2141 4200 2339 4254 sociata
2364 4201 2636 4253 consortio
2658 4199 2785 4267 legis
2816 4208 3028 4251 aeterna:
3060 4196 3082 4233 ¹ι
3107 4196 3229 4265 jura
3256 4205 3437 4249 custo-

1859 4292 1967 4344 diat
2001 4307 2015 4359 ;
2042 4291 2470 4357 memineritque,
2502 4289 2744 4355 Domine,
2776 4288 2936 4358 266
2964 4301 3068 4340 non
3130 4294 3333 4339 tantum
3366 4285 3433 4340 ad

1859 4382 2124 4438 licentiam
2182 4381 2555 4451 coniugalem,
2612 4378 2708 4434 sed
2753 4380 2819 4432 ad
2871 4378 3260 4432 observantiam
3319 4375 3445 4429 ﬁdet

200 4485 324 4537 mus,
349 4482 404 4526 ut
422 4475 561 4528 sicut
588 4489 706 4529 eam
756 4473 822 4527 ad
872 4480 1083 4526 atatem
1130 4473 1328 4540 nuptiis
1375 4482 1752 4543 congruentem
1785 4464 2047 4547 1)(1150)
2079 4484 2381 4528 sanctorum
2411 4472 2686 4541 pignorum
2738 4468 2758 4510 1
2794 4470 3007 4537 diligata
3046 4468 3232 4539 (1151)
3268 4467 3441 4521 ﬁdelis

203 4565 456 4629 pervenire
504 4564 757 4631 tribuisti,
796 4564 873 4617 sic
917 4578 1035 4618 eam
1085 4565 1354 4617 consortio
1400 4565 1624 4618 maritali
1666 4575 1755 4619 tuo

204 4667 403 4709 munere
429 4656 727 4724 copulatam
759 4654 1056 4709 desiderata
1098 4655 1285 4709 sobole
1327 4658 1558 4724 gaudere
1599 4657 1757 4726 perﬁ-

206 4743 330 4809 cias,
356 4746 537 4819 (1157)
577 4757 734 4817 atque
765 4745 790 4783 ά
819 4746 1048 4799 oblatam
1103 4745 1299 4801 seriem
1326 4762 1445 4803 cum
1493 4763 1589 4803 suo
1632 4763 1759 4803 con-

270 4862 293 4891 ³
328 4858 701 4913 Observatione
749 4858 965 4926 dignum
1005 4857 1216 4912 videtur
1262 4859 1311 4911 in
1364 4870 1469 4913 vet.
1514 4861 1753 4916 Sacram.

212 4923 330 4979 Gall.
367 4944 644 4982 occurrere
674 4923 977 4981 Orationem
1009 4943 1102 4982 seu
1136 4928 1562 4983 Benedictionem
1597 4945 1758 4998 super

212 4999 396 5068 eosqui
424 5000 657 5068 secando
695 4997 929 5061 nubunt,
978 5001 1075 5052 etsi
1120 5000 1420 5066 huiusmodi
1468 4997 1673 5068 nuplize
1707 5005 1760 5056 in

180 5132 187 5141 '
216 5061 425 5141 Ecclesia
455 5067 691 5141 benedici
719 5083 824 5141 non
855 5069 1108 5141 solerent.

174 5132 189 5172 ί
216 5198 229 5208 _
274 5131 298 5170 δ
324 5135 504 5208 Noster
537 5137 844 5191 Edmundns
874 5138 1106 5195 Martene
1136 5140 1222 5208 qni
1256 5138 1368 5191 haec
1396 5138 1580 5193 eadem
1611 5140 1762 5194 exhi-

216 5198 291 5254 bet
313 5218 369 5257 ex
397 5206 675 5261 Gelasiano
705 5207 896 5261 Missali
928 5217 981 5261 et
1007 5198 1445 5265 mss.'(lndicilms
1476 5210 1761 5264 themensi

221 5280 263 5347 (ξι
286 5273 603 5347 Delionensi,
635 5277 729 5330 lib.
759 5292 772 5330 ι
801 5277 867 5330 de
892 5281 1058 5345 antiq.
1094 5281 1234 5333 Eccl.
1272 5279 1476 5331 ltitibus
1498 5318 1513 5342 ,
1544 5294 1662 5347 cap.
1694 5284 1727 5334 9
1747 5320 1763 5344 ,

220 5338 276 5393 de
304 5344 525 5401 Sacram.
564 5338 820 5411 matrim.,
857 5359 957 5401 art.
981 5338 1035 5413 ὃς
1070 5349 1190 5413 legit
1230 5338 1563 5416 famulorum.
1612 5338 1764 5405 Ἀηθέ

221 5416 587 5471 etnetniationes
612 5417 678 5470 ab
708 5418 822 5484 ipso
854 5419 1017 5472 factas
1040 5428 1353 5473 attexamus.

208 5521 215 5553 ρ
286 5490 305 5556 ξ
334 5484 461 5556 idem
488 5488 614 5556 legit
644 5488 971 5556 regeneratio.

285 5547 307 5586 ·¹
332 5553 456 5623 Lege
485 5547 742 5621 opiatam',
773 5572 839 5611 ex
868 5558 1055 5612 eodem
1083 5558 1338 5613 Martene.

286 5628 307 5695 ξ
336 5623 478 5695 lbid.,
505 5625 642 5695 infra
669 5628 935 5680 actionem.

250 5708 251 5711 ‘
292 5688 307 5728 ¹
339 5694 477 5764 Apud
504 5688 747 5752 eumdem
778 5697 1036 5765 Martene,
1066 5707 1111 5754 et
1139 5699 1213 5756 sic
1241 5709 1416 5755 cantas
1447 5697 1765 5758 Benedictio-

1862 4574 1915 4620 et
1938 4574 2103 4627 casta,
2130 4565 2293 4619 nubat
2322 4564 2373 4617 in
2394 4563 2607 4618 Christo
2629 4563 2983 4631 imitatrixque
3003 4568 3303 4615 sanctarum
3325 4572 3446 4627 per-

1863 4665 2073 4712 maneat
2102 4656 2436 4712 feminarum.
2477 4656 2556 4710 Sit
2610 4654 2793 4727 (1132)
2854 4652 3093 4708 amabilis
3140 4660 3196 4705 ut
3244 4649 3447 4705 Rachel

1864 4750 1979 4803 viro
2018 4763 2137 4815 suo,
2169 4748 2385 4816 sapiens
2409 4755 2466 4802 ut
2496 4746 2757 4813 Rebecca,
2784 4747 3019 4816 longaeva
3057 4753 3112 4800 et
3156 4743 3327 4799 ﬁdelis
3381 4750 3439 4797 ut

1830 4855 1840 4866 ’
1859 4861 1939 4915 nis
1972 4862 2270 4916 Orationem
2295 4861 2374 4916 his
2395 4859 2578 4915 verbis.

1934 4944 1956 4979 δ
1987 4933 2061 4987 Ita
2101 4933 2260 4987 etiam
2295 4933 2525 4986 restituit
2548 4930 2790 4984 laudatus
2818 4929 3064 4994 scriptor.

1934 5001 1961 5040 ιι
1988 5004 2127 5057 Idem
2156 5004 2291 5072 quod
2313 5003 2516 5056 homine
2537 5001 2770 5072 similem,
2800 5013 2948 5064 quam
2968 4996 3104 5065 quod
3125 4994 3215 5072 tibi
3237 4996 3446 5072 feceras.

1861 5074 2069 5128 additus
2090 5070 2300 5143 fortiore
2331 5089 2479 5126 sexus
2507 5070 2784 5139 inﬁrmior,
2826 5076 2880 5118 ut
2924 5080 3083 5116 unum
3128 5070 3333 5143 effceris
3384 5076 3448 5114 ea:

1863 5128 2153 5197 duobusi"
2204 5152 2250 5196 et
2282 5145 2476 5212 priores
2507 5128 2724 5212 uentura
2769 5128 3112 5212 sequerentur.
3153 5128 3447 5212 'Ubiuforte

1868 5215 2061 5267 mendo
2093 5202 2475 5283 typographico
2504 5211 2716 5277 legitur,
2760 5205 2980 5257 similem
3024 5217 3118 5271 pro
3164 5202 3350 5266 simile,
3392 5208 3449 5254 et

1869 5282 2598 5356 εθῖεενίδ,ς“ριῖοεπῖςενξεο,,
2937 5352 2945 5356 _

1944 5354 1959 5391 ί
1986 5338 2117 5406 Ibid.
2128 5338 2153 5415 ,I
2168 5338 2417 5405 dotte'sint
2436 5350 2561 5421 legis
2580 5345 2819 5421 instituta
2834 5352 3077 5421 venturae.
3098 5339 3274 5421 Potior
3304 5338 3451 5389 video

1870 5433 1953 5478 tur
1975 5422 2209 5477 Menardi
2236 5414 2517 5481 restitutio,
2552 5431 2707 5484 quam
2740 5418 2900 5484 habes
2930 5414 2979 5465 in
3011 5414 3168 5465 nolis.

1944 5495 1958 5545 i
2002 5493 2186 5546 Melius
2216 5492 2470 5555 Martene,
2500 5483 2652 5557 hujus
2678 5483 2889 5554 famula:
2920 5494 3043 5537 tute.

1939 5562 2155 5633 tidem.
2174 5565 2348 5633 iussa-

1948 5631 1968 5673 1
1996 5626 2156 5701 lbid.,
2174 5626 2476 5703 'diligatam,
2509 5626 2676 5698 ﬁdelis
2700 5634 2747 5682 et
2776 5634 2938 5689 casta,
2963 5632 3060 5681 etc.
