3988 6300
606 286 709 339 267

1350 292 1423 346 ΙΝ
1463 291 1519 345 S.
1563 287 1891 344 GREGURII
1933 285 2187 342 LIBRUM
2229 283 2839 340 SACRAMEN'I‘OIKUM
2877 284 3103 340 ΝΟΤίΕ.

3758 292 3873 345 263

608 407 817 461 Advenit
841 405 946 457 dies
978 402 1291 463 Dominicus,
1321 410 1368 453 et
1395 418 1503 454 ecce
1524 416 1632 464 rex,
1658 417 1770 454 cum
1792 401 1870 454 his
1894 403 1980 469 qui
2007 402 2069 453 ab
2091 401 2185 454 hoc
2214 404 2260 462 Α
2292 414 2397 452 non
2438 398 2539 453 sibi
2584 409 2850 457 constare.
2883 402 2986 457 Sed
3019 410 3150 469 puto
3197 400 3246 454 in
3279 402 3437 469 priori
3470 406 3585 460 loco
3614 408 3872 463 locutum

597 479 865 531 sacerdote
892 476 1237 526 communione
1264 472 1435 523 abesse
1480 474 1602 529 iussi
1643 472 1864 539 fuerant,
1915 472 2177 523 ecclesiam

607 560 681 601 est
710 550 1001 616 ingressus;
1032 542 1171 616 lectis
1199 541 1354 609 igitur
1383 540 1700 616 lectionibus.
1726 557 1853 616 quas
1876 557 2037 616 canon
2059 557 2180 616 san-

606 621 682 671 :rit
711 610 968 681 antiquus,
1000 610 1192 681 oblatis
1209 610 1498 681 muneribus
1542 626 1694 672 super
1722 610 1899 681 altare
1942 610 2055 671 Dei,
2104 612 2175 663 ait

604 678 839 741 sacerdos
870 698 889 736 :
923 679 1039 733 Non
1065 680 1146 731 hic
1175 678 1326 731 hodie
1355 678 1625 732 .llissarum
1652 679 1900 732 solemnia
1937 696 2175 732 consum-

604 757 896 814 nmbuntur,
928 750 1024 802 nisi
1067 748 1417 800 communione
1462 749 1642 813 privati
1691 751 1833 818 prius
1883 748 2173 803 abscedant.

602 827 731 892 Qum
759 837 878 875 cum
909 821 975 892 ita
1004 819 1129 881 sint,
1156 817 1441 892 dicendum
1468 827 1551 871 est
1576 818 1763 884 priscis
1784 818 1889 872 illis
1922 824 2174 892 tempori-

596 888 702 947 ‘Ii'ns
733 908 835 946 non
876 891 1037 942 fuisse
1075 902 1236 940 unum
1277 888 1625 954 eamdemque
1675 903 1851 953 usum,
1900 888 1994 941 sed
2042 891 2174 941 alios

600 964 777 1017 Missae
806 958 1081 1013 exordium
1126 957 1343 1012 duxisse
1372 972 1401 1010 a
1432 957 1742 1028 psalmodia,
1784 960 1921 1012 alios
1970 973 2099 1012 vero
2143 974 2172 1013 a

600 1032 937 1089 lectionibus.

666 1101 721 1157 6.
757 1100 950 1153 Deinde
977 1097 1135 1165 Kyrie
1159 1098 1367 1151 eleison.
1400 1096 1623 1157 Antiqua
1650 1097 1744 1151 fuit
1768 1097 1923 1161 plane
1948 1112 2173 1152 consue-

594 1173 729 1225 tudo
761 1170 1011 1224 Eccle~im
1040 1170 1289 1221 Humana:
1314 1181 1513 1221 canere
1542 1167 1702 1235 Hyrie
1731 1167 1914 1221 eleison
1964 1178 2068 1221 tam
2120 1170 2169 1220 in

594 1241 794 1305 Missis,
824 1254 981 1306 quam
1028 1237 1318 1306 infcteteris
1357 1237 1549 1290 divinis
1590 1236 1803 1304 officiis,
1854 1246 1909 1289 ut
1958 1238 2168 1303 planum

598 1321 681 1365 est
709 1327 773 1365 ex
802 1305 1028 1362 cuncilio
1059 1305 1297 1368 Vasensi,
1329 1307 1465 1372 quod
1497 1306 1822 1360 celebratum
1871 1306 1965 1359 luit
2012 1307 2171 1361 Decio

592 1381 807 1449 iuniore
824 1380 937 1432 viro
961 1377 1253 1449 clarissimo
1276 1379 1653 1449 consuleanno
1674 1377 1868 1449 Citriin
1898 1374 2022 1439 529,
2046 1392 2165 1429 can.

600 1444 635 1506 3
658 1468 671 1504 :
706 1450 768 1503 Et
798 1450 919 1517 quia
946 1456 1048 1498 tam
1069 1446 1125 1517 in_
1144 1446 1262 1499 sede
1283 1444 1565 1512 apostolica
1582 1463 1735 1509 quam
1756 1447 1905 1517 etiam
1929 1463 2017 1513 per
2041 1455 2172 1501 totas

595 1512 892 1574 Orientales
921 1526 1071 1587 atque
1099 1512 1268 1568 Italiw
1285 1517 1565 1580 provincias
1591 1518 1822 1587 du_lciset
1849 1512 2061 1587 nimium
2086 1534 2172 1571 sa-

596 1593 778 1645 lutaris
804 1584 1111 1642 consuetudo
1141 1595 1211 1639 est
1239 1587 1528 1638 intromissa
1556 1596 1607 1639 ut
1638 1584 1799 1654 Kyrie
1826 1586 2013 1639 eleison
2054 1601 2169 1639 cum

598 1661 781 1732 grandi
807 1657 992 1732 affectu
1029 1655 1485 1732 e‘t‘compunctione
1520 1656 1741 1732 dicatur.
1782 1656 1968 1721 placuit
2017 1656 2167 1709 etiam

596 1724 741 1784 nobis
762 1737 815 1783 ut
844 1731 896 1780 in
926 1726 1155 1780 omnibus
1196 1724 1438 1779 Ecclesiis
1466 1728 1651 1778 nostris
1699 1727 1798 1779 ista
1843 1735 1946 1779 tam
1989 1740 2165 1780 sancta

598 1798 931 1860 consuetudo,
961 1806 1009 1849 et
1039 1796 1107 1848 ad
1135 1793 1436 1851 Matutinus.
1460 1806 1506 1848 et
1530 1796 1597 1847 ad
1628 1793 1835 1857 Missas,
1869 1807 1915 1849 et
1939 1795 2007 1848 ad
2040 1794 2163 1850 Ves-

597 1886 791 1936 peram,
820 1868 925 1920 Deo
950 1867 1194 1935 prapitio,
1224 1865 1608 1918 introntittatur.
1639 1865 1714 1919 Ex
1742 1880 1853 1936 quo
1898 1873 2040 1932 patet
2067 1867 2166 1919 im—

597 1935 788 1995 merito
815 1954 845 1993 a
888 1936 1203 2006 quibusdam
1233 1937 1432 1988 Graecis
1464 1944 1700 2006 dolatum
1733 1935 1895 2006 fuisse
1924 1944 2164 2006 sanctum

598 2004 919 2078 Gregorium
956 2019 1171 2078 papam,
1203 2006 1347 2071 quasi
1381 2014 1436 2057 ut
1465 2004 1755 2078 Ecclesiam
1786 2005 2166 2078 Constantino-

597 2072 882 2145 poliianatn
921 2072 1271 2145 opprimeret,
1305 2082 1415 2145 tum
1454 2072 1679 2142 primum
1712 2074 2002 2128 instituerit
2031 2085 2087 2127 ut
2116 2076 2165 2129 in

592 2142 749 2202 Missa
781 2142 1018 2200 Romana
1046 2142 1094 2195 Κ
1095 2144 1204 2213 yrie
1227 2142 1413 2213 eleison
1440 2152 1736 2213 caneretur,
1768 2154 1824 2198 ut
1855 2144 1971 2213 ipse
1998 2153 2168 2199 testa-

595 2226 680 2271 tur
710 2228 736 2254 ει
761 2217 851 2270 lib.
882 2230 955 2269 vu
985 2211 1216 2281 Regesti.
1246 2212 1403 2280 epist.
1429 2211 1517 2275 64,
1549 2214 1636 2267 ubi
1676 2211 1904 2267 affirmat
1941 2230 2001 2269 se
2030 2230 2168 2268 nuu-

593 2302 752 2352 quam
804 2286 852 2339 id
903 2285 970 2338 ab
1018 2282 1877 2352 EcclesiaConstantinopolitana
1926 2284 2167 2338 emendi-

590 2351 773 2420 casse,
805 2356 961 2425 277
991 2354 1202 2422 alioque
1230 2351 1497 2425 ritu__hanc
1525 2351 1960 2425 supplicationem
1990 2369 2019 2407 a
2063 2354 2168 2408 lto-

591 2442 747 2480 mana
787 2420 1019 2478 ﬁélésia
1050 2420 1247 2475 cantari
1282 2439 1297 2476 :
1329 2420 1490 2491 Kyrie
1527 2420 1716 2476 eleison
1755 2438 1922 2475 autem
1953 2425 2163 2492 (inquit)

588 2512 681 2549 nos
710 2511 865 2564 neque
889 2494 1131 2564 diximus,
1162 2508 1318 2561 neque
1346 2493 1575 2556 dicimus,
1602 2494 1733 2545 sicut
1761 2510 1792 2546 a
1822 2491 2013 2564 Grtecis
2040 2495 2168 2547 dici-

589 2577 691 2631 tur,
724 2562 840 2634 quia
869 2566 920 2616 in
949 2562 1143 2617 Griecis
1173 2564 1324 2615 simul
1349 2577 1518 2634 omnes
1546 2564 1722 2634 dicunt
1739 2579 1758 2627 ;
1782 2562 1922 2632 apud
1951 2580 2041 2617 nos
2069 2582 2165 2617 auo

590 2646 689 2688 tem
709 2632 742 2688 a
771 2634 967 2689 clericis
993 2634 1197 2695 dicitur,
1220 2650 1251 2685 a
1280 2632 1467 2701 populo
1506 2633 1838 2701 respondetur
1880 2642 1925 2686 et
1956 2636 2167 2687 totidem

587 2707 779 2759 vicibus
808 2705 959 2759 etiam
980 2703 1178 2757 Christe
1199 2705 1393 2773 eleison
1408 2703 1613 2767 dicitur,
1644 2706 1781 2772 quod
1804 2704 1941 2773 apud
1961 2701 2167 2757 Graecos

588 2778 729 2829 nullo
756 2776 905 2827 modo
941 2775 1147 2827 dicitur.
1176 2773 1297 2827 Ilaec
1362 2772 1472 2825 ille.
1509 2773 1659 2840 Quod
1706 2772 1912 2842 spectat
1959 2775 2024 2827 ad
2077 2774 2164 2826 illa

586 2847 774 2910 verba,
803 2846 923 2914 quia
950 2844 1003 2897 in
1026 2842 1221 2897 Graecis
1248 2842 1401 2914 simul
1428 2858 1599 2896 omnes
1625 2844 1822 2914 dicunt,
1850 2843 1983 2897 ritus
2012 2857 2165 2897 nouis

586 2926 763 2970 estex
797 2911 1019 2982 liturgiis
1046 2914 1211 2967 sancti
1245 2911 1626 2982 Marci,_sancti
1654 2912 1836 2967 Jacobi
1882 2925 1935 2967 et
1980 2914 2166 2967 simili-

588 2985 712 3049 bus,
736 2986 786 3037 in
810 2978 1000 3052 quibus
1023 2985 1247 3052 papulus
1276 2983 1403 3035 dicit
1431 2978 1592 3052 Kyrie
1630 2982 1839 3035 eleison.
1875 2984 1928 3036 lu
1956 2983 2164 3052 litmgia

587 3068 716 3108 vero
745 3051 913 3109 sancti
935 3052 1089 3106 loan.
1117 3051 1505 3121 Ghrysostomi,
1526 3054 1751 3117 chorus,
1784 3068 1902 3122 quae
1935 3069 2031 3106 vox
2062 3051 2160 3106 hoc

2284 485 2405 523 esse
2448 472 2956 547 tantum_A|euin_um
2984 472 3062 547 ‘de
3100 472 3276 547 verbis
3302 473 3469 547 ltujus
3500 476 3683 547 hymni
3739 495 3872 545 qu2e

2280 548 2495 591 exstant
2542 541 2591 591 in
2638 540 2945 606 Evangelio.
2976 541 3273 595 Concilium
3302 540 3614 601 Toletanum
3641 563 3698 600 tv
3734 540 3868 603 can.

2282 607 2348 659 12
2381 626 2393 659 :
2430 607 2661 675 Reliquia
2688 626 2803 679 qua:
2832 610 2899 662 ibi
2938 620 3220 675 sequuntur
3263 613 3634 669 ecclesiasticos
3660 618 3868 670 docto-

2277 679 2724 749 resgcomposuisse
2771 679 2977 733 scribit.
3003 682 3058 735 In
3102 682 3307 749 Iiturgia
3339 685 3510 738 sancti
3539 684 3733 740 Jacobi
3767 703 3869 739 an-

2277 747 2440 824 gelica
2472 762 2565 801 seu
2596 750 2896 824 evangelica
2929 751 3202 824 verbater
3231 747 3499 824 dicuntur,
3524 755 3667 823 quod
3705 771 3867 824 pra:-

2280 818 2393 890 buit
2438 831 2620 890 ansam
2648 820 2962 887 quibusdam
3010 819 3274 890 scribendi
3324 821 3464 875 hunc
3504 818 3776 890 lt'ymnu'm
3812 831 3867 878 in

2279 885 2434 939 Missa
2459 887 2560 940 dici
2589 885 2933 960 consuevisse
2955 904 3021 943 ex
3052 889 3336 960 traditione
3363 885 3675 958 apostolica,
3706 896 3867 960 quod

2278 964 2451 1032 tamen
2478 972 2586 1032 non
2606 967 2779 1032 potest
2796 958 3072 1032 evidenter
3092 959 3263 1032 colligi
3292 975 3368 1032 ex
3386 962 3573 1016 eadem
3607 958 3862 1032 liturgia,

2274 1026 2393 1092 quia
2442 1026 2586 1101 aliud
2638 1039 2720 1081 est
2763 1029 2913 1101 loquir
2954 1030 3021 1101 de
3052 1029 3178 1101 ipsis
3226 1026 3401 1101 verbis
3440 1035 3697 1101 angelicis
3741 1026 3861 1088 seu

2275 1095 2597 1164 evangelicis
2619 1095 2846 1168 pr:r_cise'
2866 1139 2879 1159 .
2909 1096 3068 1168 aliud
3094 1098 3161 1151 de
3188 1105 3298 1152 toto
3329 1095 3546 1168 hymno',
3579 1109 3678 1156 etsi
3713 1104 3865 1157 inte-

2274 1179 2366 1232 ger
2412 1173 2583 1238 exstet
2614 1167 2665 1219 in
2703 1166 3182 1238 constitutionibus
3207 1166 3515 1234 apostolicis
3539 1211 3555 1233 ,
3601 1172 3697 1225 lib.
3736 1188 3817 1225 vn
3840 1213 3859 1238 ,

2273 1248 2392 1298 cap.
2443 1234 2535 1299 47,
2593 1252 2711 1288 natn
2753 1235 2806 1290 in
2836 1237 3099 1304 ejusmodi
3147 1237 3628 1293 Constitutionibus
3680 1234 3859 1296 multa

2275 1312 2456 1369 postea
2503 1304 2677 1359 addita
2719 1307 2876 1359 fuiSSe
2922 1319 3108 1360 omnes
3134 1305 3273 1360 docti
3322 1320 3535 1362 nolunt.
3562 1312 3705 1364 Olim
3767 1314 3858 1365 lii..-

2274 1376 2501 1441 hymnus
2529 1375 2797 1443 angelicus
2826 1378 2876 1428 in
2921 1375 3183 1430 Laudibus
3224 1378 3491 1432 matutinis
3521 1382 3852 1443 cauebatur,

2274 1453 2330 1494 ut
2360 1445 2662 1515 notavimus
2690 1448 2754 1498 ad
2802 1443 3153 1500 Concordiam
3181 1448 3482 1515 regularum
3531 1453 3706 1504 sancti
3750 1452 3856 1506 Be-

2272 1514 2469 1567 nedicti
2500 1514 2706 1568 abbatis
2734 1515 3073 1570 Anianensis.

2340 1585 2394 1637 8.
2414 1582 2475 1638 Si
2496 1582 2785 1655 Episwpus
2815 1585 2992 1655 fuerit.
3016 1586 3087 1639 Ita
3112 1581 3165 1638 in
3187 1581 3378 1649 Editis,
3403 1595 3459 1640 et
3486 1587 3537 1641 in
3554 1586 3853 1644 Codicibus

2276 1652 2504 1729 [lodradi
2537 1652 2588 1706 et
2619 1652 2846 1719 ltatoldi;
2878 1655 2927 1729 in
2959 1656 3299 1724 quibusdam,
3331 1655 3506 1721 male,
3538 1659 3737 1727 legitur
3768 1665 3854 1729 af-

2272 1724 2444 1791 fuerit,
2482 1732 2538 1776 ut
2558 1739 2620 1777 ex
2653 1726 3001 1793 sequentibus
3029 1735 3259 1778 constat.

2340 1793 2390 1846 9.
2422 1794 2477 1863 Α
2502 1794 2804 1863 presbyteris
2840 1805 3009 1847 autem
3038 1795 3252 1863 minime
3297 1796 3485 1851 dicitur
3506 1799 3604 1851 nisi
3652 1797 3707 1850 in
3735 1800 3851 1851 solo

2273 1859 2511 1916 Pascha;
2535 1859 2674 1916 Idem
2706 1866 2999 1918 institutum
3032 1862 3222 1918 'videre
3251 1874 3335 1918 est
3369 1868 3506 1932 apud
3540 1869 3847 1921 Bernonem

2273 1934 2617 2000 Augiensem,
2650 1948 2769 1997 cap.
2800 1932 2834 1985 2
2859 1974 2874 1997 ,
2904 1935 2969 1987 de
2992 1933 3308 2003 quibusdam
3334 1936 3489 1990 rebus
3517 1937 3584 1989 ad
3624 1936 3847 1991 Missam

2270 2005 2659 2067 Spectantibus,
2686 2006 2785 2057 etsi
2816 2003 3083 2058 adversari
3113 2003 3354 2057 videatur
3379 2021 3393 2056 ε
3426 2005 3530 2058 Cur
3556 2023 3665 2058 non
3691 2008 3845 2058 liceat

2269 2073 2405 2144 omni
2435 2074 2516 2125 die
2544 2074 2813 2144 Dominico
2832 2114 2847 2135 ,
2876 2074 2950 2126 vel
2984 2072 3231 2125 natalitiis
3259 2082 3550 2128 sanctorum
3579 2078 3850 2144 presbyte-

2269 2144 2339 2193 ris
2363 2143 2504 2195 tllum
2531 2143 2775 2214 hymnum
2802 2159 2979 2197 canere
3005 2158 3155 2214 quem
3198 2156 3317 2214 nato
3344 2161 3395 2197 tn
3426 2160 3578 2198 rarne
3619 2144 3847 2199 Domino

2266 2214 2433 2279 angeli
2459 2215 2685 2268 cecins-re
2711 2213 2930 2267 dicentes
2959 2230 2978 2267 :
3005 2213 3184 2266 Gloria
3213 2213 3265 2265 in
3289 2216 3499 2267 excelsis
3527 2214 3660 2267 Deo.
3691 2218 3847 2278 Quod

2266 2282 2310 2332 si
2358 2298 2651 2336 concessum
2702 2293 2777 2337 est
2808 2284 2954 2338 illum
2995 2298 3171 2336 canere
3210 2283 3264 2335 in
3307 2283 3511 2337 Pascha
3553 2284 3845 2337 secundum

2266 2353 2711 2417 prtetitulationem
2764 2353 3023 2417 Missalis,
3078 2369 3177 2406 non
3220 2353 3379 2405 multo
3424 2356 3592 2407 minus
3638 2355 3844 2407 licitum

2268 2433 2388 2492 puto
2414 2423 2467 2475 in
2498 2422 2777 2477 Nata-itote
2809 2422 3032 2483 Domini.
3062 2423 3269 2491 quando
3304 2424 3522 2492 primum
3559 2425 3713 2489 erepit
3748 2441 3845 2476 au-

2266 2491 2366 2564 diri
2410 2494 2471 2563 ab
2525 2494 2811 2564 hominibus
2855 2496 2907 2545 in
2938 2494 3081 2546 tem’s
3111 2491 3328 2558 qualiter
3355 2495 3416 2545 ab
3460 2494 3659 2564 angelis
3688 2509 3845 2547 cane-

2267 2559 2415 2614 batur
2458 2562 2512 2615 in
2563 2562 2721 2616 caelis.
2780 2563 3052 2627 Proferunt
3094 2564 3489 2617 contradictores
3518 2559 3571 2617 in
3612 2566 3842 2617 medium

2268 2631 2473 2683 ubinam
2504 2634 2570 2687 sit
2598 2649 2628 2686 a
2652 2635 2841 2686 sanctis
2871 2632 3134 2693 Patribus.
3168 2633 3244 2686 vel
3272 2632 3335 2685 ab
3369 2634 3480 2699 ipso
3514 2635 3841 2687 sanctissimo

2269 2718 2413 2773 papa,
2445 2701 2687 2773 Gregorio
2715 2705 3058 2757 interdictum.
3090 2703 3193 2773 Sed
3238 2703 3289 2757 ci
3336 2705 3582 2759 sufficere
3609 2705 3844 2773 debebat

2266 2775 2344 2822 sui
2371 2772 2596 2826 Missilis
2636 2779 2922 2827 aurtoritas
2951 2772 3174 2826 instituti
3220 2773 3344 2826 olim
3373 2788 3402 2825 a
3431 2773 3635 2827 sanctis
3668 2772 3839 2827 Patri-

2267 2841 2399 2913 bus.
2419 2851 2473 2895 et
2501 2844 2569 2896 ab
2591 2845 2705 2913 ipso
2729 2844 2891 2913 278
2906 2858 3016 2895 sani
3033 2844 3243 2913 tissimo
3272 2843 3528 2913 Gregorio
3550 2846 3834 2913 recogniti,

2266 2912 2404 2977 quod
2430 2914 2590 2966 etiam
2622 2910 2813 2968 videre
2828 2910 2911 2967 e—st
2939 2914 2989 2966 in
3019 2910 3150 2965 Cod.
3180 2927 3309 2965 mss.
3344 2912 3603 2980 Rodradi,
3634 2910 3701 2966 et
3728 2912 3837 2965 Ra-

2272 2981 2419 3034 toldi.
2444 2983 2548 3035 Sed
2581 2984 2789 3036 tandem
2822 2982 3084 3036 institutio
3112 2993 3329 3035 mutata.

2342 3052 2429 3123 170.
2464 3050 2799 3106 Postmodum
2837 3054 3026 3106 dicitur
3060 3055 3240 3105 oratio.
3274 3051 3464 3123 lniboc
3489 3052 3657 3105 sancti
3689 3052 3839 3123 Eligii

582 3123 712 3177 loco
748 3125 977 3178 sumitur
1031 3136 1127 3190 pro
1175 3120 1428 3176 universo
1482 3132 1621 3176 cmtu
1662 3138 1755 3176 seu
1802 3120 2165 3177 ecclesiastico
2195 3128 2239 3187 C
2270 3120 2485 3182 Codice.
2516 3133 2572 3176 ut
2597 3124 2647 3176 in
2678 3123 2958 3176 (Iudicibus
2988 3123 3214 3176 ltodradi
3245 3133 3297 3176 et
3315 3122 3558 3184 Ratoldt,
3585 3131 3752 3190 atque
3777 3120 3835 3177 tu

588 3208 684 3247 seu
714 3195 869 3258 laico,
899 3192 1341 3262 quemadmodum
1381 3201 1433 3245 et
1463 3207 1559 3245 vox
1589 3192 1812 3261 populus
1839 3196 1974 3246 sumi
2011 3194 2169 3248 debet

581 3264 641 3316 in
668 3264 847 3317 citatis
873 3261 1295 3330 liturgiis.rQuod
1329 3263 1518 3315 attinet
1542 3264 1607 3315 ad
1639 3265 1724 3316 illa
1754 3263 1915 3317 verba
1948 3262 2015 3316 Et
2046 3266 2164 3316 toti-

583 3336 699 3386 dem
720 3333 906 3386 vicibus
928 3329 1078 3385 etiam
1101 3329 1296 3385 Christe
1316 3332 1501 3385 eleison
1524 3333 1726 3399 dicitur,
1750 3338 1880 3387 ritus
1903 3336 2167 3387 notandus

576 3414 667 3473 est
695 3418 799 3471 quo
826 3404 955 3456 olim
986 3403 1142 3456 toties
1169 3402 1442 3456 dicebatur
1481 3402 1678 3473 Christe
1706 3403 1915 3467 eleison,
1960 3415 2166 3473 quotn-s

586 3471 749 3543 Kyrie
774 3474 981 3543 eleison,
1011 3475 1098 3542 qui
1118 3487 1231 3543 non
1265 3481 1349 3526 est
1371 3472 1601 3541 amplius
1641 3472 1691 3526 in
1720 3488 1838 3543 usu2
1860 3471 1989 3541 quia
2011 3478 2166 3527 modo

575 3541 823 3598 iit—Missa
849 3541 1049 3597 Christe
1077 3542 1264 3611 eleison
1297 3552 1377 3596 ter
1405 3543 1681 3606 duntaxat,
1712 3553 1764 3595 et
1790 3541 1949 3611 Kyrie
1976 3543 2165 3611 eleison

584 3618 761 3667 sexies
806 3616 1081 3680 repetitur.
1109 3610 1294 3681 Itaque
1318 3625 1438 3665 cum
1480 3613 1532 3666 in
1580 3610 1931 3666 transl-aliene
1979 3610 2161 3667 Grasca

586 3682 758 3737 Missa:
789 3681 1129 3753 Gregorianie
1167 3685 1308 3736 circa
1359 3682 1499 3753 banc
1543 3688 1902 3748 precationem
1945 3694 2165 3740 auctme

585 3753 815 3822 Georgio
842 3751 1044 3806 Godino
1074 3762 1314 3805 servetur
1343 3751 1630 3806 modernus
1672 3766 1820 3816 usus,
1852 3768 2059 3818 signum
2084 3763 2166 3807 e~t

583 3823 633 3875 ei
662 3825 726 3875 ad
754 3837 901 3876 suam
932 3823 1232 3877 versionem
1252 3823 1467 3891 antiqua
1497 3832 1550 3875 et
1573 3837 1699 3890 pura
1726 3823 2045 3890 exemplaria
2071 3824 2163 3876 de-

586 3892 770 3946 fuisse.
801 3893 853 3946 In
878 3894 1055 3945 tribus
1084 3906 1211 3945 vero
1234 3892 1517 3946 Codicibus
1543 3892 1738 3946 nostris
1761 3907 1888 3945 mss.
1921 3892 2047 3944 nihil
2082 3903 2163 3945 est

582 3964 722 4029 quod
748 3962 873 4016 buic
901 3963 1016 4016 loco
1038 3960 1206 4015 sancti
1230 3960 1470 4029 Gregorii
1496 3969 1829 4026 adversetur,
1850 3976 1971 4017 cum
1997 3964 2160 4016 semel

583 4031 635 4085 in
664 4032 744 4086 eis
776 4041 978 4087 tantum
1023 4030 1182 4102 Kyrie
1222 4033 1408 4085 eleison
1461 4033 1769 4095 brevitatis,
1812 4039 1871 4085 ut
1890 4032 2158 4102 arbitror,

580 4116 741 4155 causa
782 4103 1034 4169 scriptum
1076 4099 1170 4155 sit.
1217 4103 1347 4155 Cum
1396 4111 1570 4155 autem
1618 4112 1832 4156 sanctus
1875 4099 2160 4168 Gregorius

579 4173 764 4226 scribit
792 4170 993 4225 Christe
1030 4172 1221 4225 eleison
1250 4186 1278 4224 a
1309 4171 1510 4226 Graecis
1558 4186 1661 4225 non
1705 4174 1927 4236 cantari,
1963 4173 2160 4227 veritas

582 4244 736 4308 hujus
757 4242 1035 4297 sententia:
1063 4250 1206 4310 patet
1224 4256 1290 4295 ex
1319 4244 1548 4310 antiquis
1570 4240 1879 4296 Graecorum
1908 4242 2156 4311 liturgiis,

578 4313 630 4364 in
662 4313 854 4381 quibus
872 4315 929 4368 τὸ
956 4311 1154 4365 Christe
1180 4312 1366 4381 eleison
1397 4327 1501 4364 non
1533 4313 1818 4381 reperitur.

654 4379 708 4434 7.
739 4382 874 4434 Item
902 4383 1081 4434 Cloria
1110 4384 1162 4433 in
1190 4379 1441 4435 Επειδὴ.
1475 4379 1641 4449 Vulgo
1671 4380 1839 4436 fertur
1860 4383 2155 4436 institutum

579 4464 702 4521 esse
744 4466 774 4503 a
804 4451 1142 4521 Telespltoro
1154 4465 1306 4521 papa
1330 4458 1386 4502 ιιι
1413 4450 1501 4503 hic
1540 4452 1767 4519 hymnus
1796 4452 2067 4521 angelicas
2102 4453 2152 4505 in

578 4518 738 4571 Missa
787 4518 1088 4573 caneretur.
1129 4519 1277 4572 lianc
1318 4521 1389 4571 illi
1434 4518 1817 4574 institutionem
1862 4518 2154 4574 attribuunt

579 4590 893 4643 Anastasius
926 4589 1365 4641 Bibliotbecarius
1411 4590 1461 4641 in
1495 4594 1609 4656 ejus
1655 4589 1815 4655 Vita;
1861 4590 2152 4644 Wall'ridus

582 4658 801 4722 Strabo,
820 4659 886 4711 de
912 4658 1089 4711 Rebus
1130 4658 1526 4721 ecclesiasticis,
1550 4673 1665 4726 cap.
1698 4658 1769 4711 22
1797 4676 1810 4723 ;
1856 4660 2155 4715 Amalarius

579 4726 921 4788 Fonunatus,
951 4728 1042 4780 lib.
1077 4741 1134 4779 Ill
1161 4727 1228 4779 de
1248 4728 1352 4781 Oli.
1383 4730 1604 4790 cccles.,
1632 4744 1750 4793 cap.
1780 4727 1847 4791 8;
1881 4738 1932 4782 et
1962 4732 2147 4782 Aleui-

580 4810 703 4859 nus,
736 4796 803 4850 de
834 4797 1003 4851 divin.
1026 4796 1159 4863 Ol'f.,
1200 4810 1317 4863 Cap.
1349 4797 1482 4860 Quid
1510 4800 1791 4867 signi/irent
1823 4801 2153 4861 vestimenta;

576 4868 663 4935 qui
693 4877 889 4931 tamen,
921 4868 1107 4921 eodem
1136 4868 1291 4930 libro,
1324 4882 1442 4931 cap.
1468 4883 1604 4935 seq.,
1629 4872 1702 4919 ait
1724 4871 1865 4921 hunc
1897 4874 2147 4936 hymnum

578 4946 759 5002 postea
793 4947 1006 4991 auctum
1038 4937 1199 4989 fuisse
1221 4945 1273 4989 et
1298 4950 1722 4990 consummatum
1773 4954 1801 4989 a
1844 4950 2029 4991 sancto
2063 4939 2153 4992 lli-

578 5009 713 5060 lario
756 5007 1099 5063 Pictaviensi.
1128 5008 1279 5072 Quod
1311 5008 1354 5061 si
1392 5008 1462 5060 ita
1495 5018 1575 5060 est
1598 5049 1613 5073 ,
1645 5007 1856 5061 videtur
1899 5010 2155 5063 Alcuinus

648 5152 673 5180 ι
701 5142 849 5197 Nunc
870 5143 916 5198 'l.
950 5158 1027 5207 ix,
1058 5143 1166 5197 ind.
1195 5143 1251 5208 2,
1273 5144 1426 5209 epist.
1465 5141 1829 5196 172.C.vlerttm
1855 5143 2007 5209 huius
2034 5144 2149 5212 rpi-

574 5215 727 5269 stolte
758 5214 915 5267 verba
944 5229 1047 5266 non
1082 5222 1225 5267 recte
1248 5222 1521 5268 assecutus
1546 5214 1674 5266 Inibi
1708 5216 1912 5267 videtur
1944 5214 2153 5267 Menar-

574 5287 695 5337 dus.
728 5285 893 5338 Nemo
921 5284 1065 5338 enim
1102 5299 1334 5353 unquam
1365 5294 1687 5352 conquestus
1724 5292 1806 5337 est
1834 5283 2147 5349 Gregorium

573 5355 978 5419 Constantinop.
1028 5354 1316 5407 Ecclesiam
1358 5357 1593 5407 voluisse
1639 5358 1964 5421 Opprimcre,
2013 5355 2151 5407 illius

577 5423 708 5477 ritus
737 5424 1138 5485 emendicando,
1188 5433 1243 5476 et
1272 5424 1324 5477 in
1360 5426 1648 5477 Romanam
1684 5425 1970 5477 ecclesiam
2005 5425 2152 5479 iuve-

578 5492 773 5559 liendo,
804 5508 922 5546 cum
954 5494 1004 5545 id
1032 5494 1204 5561 potius
1231 5494 1506 5547 Constant.
1552 5495 1664 5548 sedi
1706 5495 1843 5548 foret
1887 5495 2153 5558 perhono-

577 5561 799 5614 rificum.
849 5563 951 5615 Sed
982 5563 1217 5633 nonnulli
1245 5564 1416 5617 mirati
1448 5574 1569 5617 sunt
1599 5564 1909 5633 Gregorium
1939 5582 2003 5617 eo
2036 5570 2147 5633 ipso

577 5642 811 5695 tempore
860 5648 965 5700 quo
1011 5632 1114 5685 CP.
1159 5634 1469 5696 patriarchae
1508 5632 1784 5701 profanum
1829 5632 2145 5687 tecumenici

572 5701 782 5756 titulum
816 5704 1089 5767 usurpanti
1118 5701 1427 5769 obsistebat,
1478 5713 1553 5769 et,
1583 5715 1638 5757 ut
1663 5705 1929 5758 immerito
1955 5704 2143 5758 clami-

2280 3191 2472 3259 Editis,
2499 3203 2552 3247 et
2583 3194 2632 3245 iu
2656 3192 2854 3245 Ordine
2881 3193 3118 3246 Romano
3145 3235 3159 3257 ,
3207 3208 3357 3245 unica
3382 3194 3833 3257 liabeturOratio,

2270 3275 2362 3315 Sed
2390 3263 2628 3340 collecta
2651 3263 2897 3340 inprima
2931 3276 3081 3340 parte
3100 3262 3272 3340 Missa:
3294 3270 3424 3340 ante
3448 3262 3794 3340 Evangeliqu
3816 3301 3831 3327 ,

2271 3347 2392 3385 raro
2421 3332 2559 3387 dum.
2614 3332 2667 3385 lu
2716 3332 2911 3386 Codice
2954 3333 3238 3386 ltliemensi
3274 3336 3406 3384 duas
3447 3332 3688 3399 reperire
3715 3343 3834 3394 est,

2271 3417 2391 3471 raro
2420 3404 2649 3455 unicam.
2682 3404 2860 3471 Itaque
2888 3418 2992 3456 non
3018 3403 3283 3456 assentior
3306 3402 3368 3454 iis
3398 3401 3486 3469 qui
3509 3413 3760 3455 asserunt
3782 3404 3833 3455 in

2270 3470 2508 3525 Ecclesia
2540 3470 2787 3525 Romana
2828 3487 2856 3524 a
2888 3472 3218 3536 temporibus
3245 3471 3545 3539 apostolicis
3587 3475 3835 3525 usitatam

2270 3539 2435 3604 fuisse
2464 3541 2623 3596 trium
2649 3543 2957 3595 Oratioiium
2989 3545 3038 3595 in
3058 3544 3155 3595 bac
3180 3544 3347 3611 prima
3373 3541 3542 3595 Missae
3571 3552 3724 3605 parte
3756 3558 3835 3595 re-

2266 3612 2569 3666 citationem
2596 3652 2610 3675 ,
2642 3611 2884 3679 exceptis
2935 3610 3085 3665 festis
3125 3609 3460 3680 duplicibus,
3505 3613 3836 3679 toudemque

2265 3680 2437 3748 Super
2465 3682 2661 3747 oblata,
2681 3691 2736 3735 et
2759 3682 3332 3737 Postcommunionem.
3350 3682 3486 3734 Olim
3512 3681 3649 3747 apud
3679 3682 3837 3735 Gia-

2265 3766 2358 3803 cos
2387 3754 2619 3821 quinque
2649 3754 2931 3807 Orationes
2962 3753 3348 3821 peragebantur
3375 3764 3496 3804 ante
3525 3765 3713 3815 pacem
3747 3754 3837 3803 da-

2266 3831 2370 3891 tam
2395 3860 2410 3884 ,
2454 3837 2613 3891 quam
2654 3823 2978 3889 sequebatur
3002 3823 3198 3876 oblatio
3226 3823 3627 3889 mysteriorum.
3673 3821 3733 3873 Id
3761 3821 3833 3873 vi-

2263 3890 2390 3944 dere
2410 3890 2494 3946 est
2524 3896 2572 3946 in
2601 3892 2829 3945 concilio
2858 3892 3155 3945 Laodiceno
3175 3929 3191 3952 .
3234 3906 3358 3946 can.
3394 3892 3483 3952 lt).
3505 3905 3668 3958 quem
3703 3892 3826 3959 quia

2266 3964 2449 4030 inutile
2488 3962 2776 4015 admodum
2824 3977 2853 4014 a
2899 3961 3126 4030 quodam
3158 3962 3274 4014 viro
3302 3959 3458 4013 docto
3484 3964 3680 4013 citatus
3707 3972 3831 4018 est.

2262 4029 2524 4100 integrum
2569 4032 2678 4085 fere
2726 4029 3009 4100 producam
3038 4072 3054 4097 ,
3104 4040 3161 4084 ut
3191 4032 3361 4098 palam
3390 4030 3456 4084 sit
3482 4029 3657 4083 omnis
3691 4030 3836 4082 illius

2261 4099 2542 4176 doctrina:
2592 4106 2706 4176 Περὶ
2751 4108 2842 4155 τοῦ
2897 4099 2997 4155 δεῖν
3052 4099 3155 4176 ἰδίᾳ
3197 4103 3325 4176 μετᾲ
3352 4103 3450 4161 τὰς
3483 4100 3692 4176 altilia;
3739 4107 3835 4176 τῶν

2260 4172 2547 4225 ἐπισκόπων
2570 4214 2582 4237 ,
2605 4170 2689 4225 noli
2716 4178 2814 4226 τῶν
2834 4170 3232 4241 mmmam»
3274 4172 3436 4241 εὐχὴν
3474 4170 3833 4233 ἐτὲιτελεῐσθαι,

2260 4245 2340 4293 καὶ
2364 4245 2489 4307 μετὰ
2508 4246 2565 4297 τὸ
2587 4242 2789 4306 ἐξελθεῖν
2814 4245 2934 4302 τοὺς
2952 4243 3384 4311 κατηχουμένους.
3403 4248 3501 4295 τῶν
3523 4245 3572 4294 ἐν
3592 4242 3838 4311 μετανοίᾳ

2258 4316 2347 4369 τήν
2368 4314 2528 4387 stipis
2551 4314 2788 4383 γίνεσθαι,
2811 4316 3100 4365 καὶτούτων
3120 4311 3495 4387 προσελθόντων
3522 4318 3623 4364 ὑπὸ
3654 4319 3833 4387 χςὶρᾳ.

2259 4385 2339 4433 καὶ
2383 4380 2840 4457 ὑποχώρησάντων
2867 4423 2881 4447 ,
2931 4383 3091 4440 οὕτως
3139 4380 3237 4434 ’ἑῶν
3297 4389 3492 4462 τειστῶν
3527 4384 3623 4439 τὰς
3674 4380 3835 4462 solii;

2302 4450 2668 4525 ινεσθαιήῖτρὲῐς,
2699 4456 2817 4519 μίαν
2844 4456 2932 4519 μὲν
2961 4459 3052 4509 τὴν
3080 4454 3284 4526 πρώτην
3307 4450 3390 4505 διὰ
3420 4458 3637 4508 σιωπῆς.
3670 4456 3764 4507 τήν
3785 4450 3833 4501 δὲ

2186 4500 2234 4559 D
2256 4471 2497 4576 ἔαυτέραν
2522 4561 2536 4576 .
2570 4526 2653 4575 καὶ
2682 4529 2854 4576 τρίτην
2879 4521 2958 4574 διὰ
2987 4525 3357 4576 «commitam:
3378 4522 3723 4576 πληροῦσθαι.
3755 4514 3833 4571 εἷο·

2291 4523 2497 4596 ευτέραν
2522 4514 2552 4584 ,’
2570 4526 2653 4596 xui
2682 4514 2958 4596 ἑρίτηίδέά
2987 4514 3357 4596 amp-dimicem;
3378 4522 3723 4596 πληροῦσθαι,
3755 4514 3837 4571 εἶθ’

2260 4590 2421 4651 οὔτ’ωέ
2469 4598 2556 4649 τήν
2607 4590 2800 4667 εἰρήίιην
2846 4590 3179 4667 δίδοσθᾲιξιά
3232 4601 3352 4652 est,
3413 4590 3554 4658 q't'ttd
3588 4596 3831 4655 οριιτιειιι

2258 4676 2498 4714 seorsum
2530 4663 2788 4728 primum,
2826 4671 2943 4728 post
2971 4663 3340 4728 episcoporum
3373 4675 3655 4713 sermones
3687 4672 3834 4711 cate-

2256 4735 2641 4785 clmmeuorum
2665 4733 2795 4783 Orat
2820 4747 2976 4784 ouem
2996 4733 3196 4799 peragi,
3216 4740 3270 4784 et
3287 4731 3831 4797 posteateebumeuo-

2258 4816 2373 4853 rum
2404 4815 2703 4863 excessum,
2730 4804 3098 4868 pcnuitentium
3131 4804 3238 4853 neri
3266 4801 3600 4864 Orationem;
3625 4808 3677 4851 et
3707 4812 3829 4868 runt

2258 4869 2310 4921 hi
2338 4872 2437 4925 sub
2466 4886 2679 4923 tnauum
2711 4866 3059 4933 accesserint,
3089 4880 3139 4924 et
3168 4870 3524 4935 excesserint,
3562 4879 3667 4921 tres
3702 4866 3831 4919 lide-

2260 4940 2388 4993 liutn
2423 4956 2606 5009 preces
2633 4942 2745 4993 fieri
2772 4979 2787 5003 ,
2835 4956 2990 4992 unam
3014 4941 3228 5007 quidem
3257 4938 3463 4993 scilicet
3502 4952 3729 5006 prunam
3763 4938 3830 4988 si-

2262 5010 2451 5078 lentio,
2484 5011 2773 5066 secundam
2805 5020 2982 5064 autem
3007 5021 3061 5064 et
3090 5012 3297 5065 tertiam
3320 5013 3463 5063 clara
3488 5024 3619 5062 voce
3646 5010 3835 5075 imple-

2257 5144 2440 5197 labant
2467 5144 2582 5213 ejus
2606 5144 2833 5211 patroni,
2864 5143 3498 5212 Constantinopolitanam
3540 5140 3829 5195 Ecclesiam

2254 5217 2553 5284 opprimere
2596 5225 2651 5268 et
2693 5215 2919 5281 Spoliare
2965 5213 3278 5283 satagebat,
3354 5213 3592 5284 voluisse
3653 5219 3829 5284 tanien

2256 5280 2420 5353 ipsius
2448 5284 2633 5338 ritibus
2658 5285 2946 5338 Romanam
2973 5280 3537 5343 Bcct'esiam'subdere.
3564 5280 3653 5335 S.c
3678 5282 3834 5347 igitur

2256 5358 2561 5421 accipienda
2590 5364 2715 5408 sunt
2745 5358 2902 5407 verba
2935 5355 3047 5407 haec
3080 5356 3304 5406 laudata:
3353 5354 3594 5414 epistolae
3637 5366 3654 5405 ι
3691 5354 3829 5415 Quo-

2256 5428 2394 5475 niam
2426 5424 2703 5477 Ecclesiam
2745 5422 2921 5478 Const.
2968 5424 3190 5492 disponit
3221 5425 3579 5491 comprimere,
3607 5422 3694 5486 qui
3716 5422 3831 5492 _ejus

2255 5494 2646 5547 consuetudines
2663 5510 2750 5559 per
2760 5495 2930 5546 omnia
2942 5497 3186 5562 sequitur.
3204 5495 3361 5558 Quasi
3385 5493 3686 5546 diceretur:
3707 5493 3832 5541 Ecce

2250 5565 2338 5632 qui
2373 5564 2618 5617 Ecclesia:
2650 5564 2760 5618 Cl’.
2789 5561 3166 5630 inj'ensissimus
3184 5573 3281 5627 est,
3316 5579 3425 5616 eant
3449 5572 3617 5613 tamen
3641 5561 3830 5612 honore

2247 5649 2447 5685 sunmto
2475 5635 2645 5701 aﬂirit,
2686 5636 2795 5701 eius
2824 5635 3003 5687 ritibus
3037 5634 3315 5688 lionurnam
3349 5633 3630 5687 Ecclesiam
3672 5633 3829 5693 subii-

2249 5706 2448 5758 ciendo.
