3988 6348
531 345 639 401 283

1281 347 1346 402 IN
1384 346 1443 403 S.
1484 345 1808 403 GREGORII
1851 345 2105 401 LIBRUM
2148 343 2755 401 SACRAMENTORUM
2798 346 3026 402 ΝΟΤκΕ.

3667 358 3768 410 2911

535 464 743 533 mystici
766 465 1005 518 sacrillcii
1030 465 1341 542 clamantes,
1366 464 1484 542 auia
1511 471 1597 516 tua
1627 472 1712 519 est
1743 462 2018 529 fortitudo,
2043 473 2099 517 et
2129 464 2173 517 Λ
2204 462 2452 542 pontibus
2494 463 2557 542 io_
2576 461 2790 542 Christo
2826 466 3236 542 .qnie~cen_tibus
3268 468 3438 523 locum
3490 471 3775 542 refrigerii,

531 550 774 605 regnum.
810 544 863 585 et
896 544 1146 605 potestas,
1178 543 1231 605 et
1252 534 1439 605 gloiia.

602 602 759 674 292
783 606 871 655 85.
902 603 966 654 Et
988 603 1162 674 beatis.
1198 602 1341 674 ltuin
1373 602 1652 659 (Iudicibus
1688 602 1853 659 Rodr.
1884 613 1939 659 et
1976 603 2097 658 Rat.

532 672 757 726 ltuitliss.
793 674 971 734 llom.,
1002 688 1116 723 cum
1146 672 1322 725 beatis.

604 742 690 795 εδ.
714 745 878 810 Atque
900 742 1121 795 Andrea.
1157 742 1208 793 ln
1238 742 1369 797 Cod.
1416 743 1619 796 Tiliano
1654 743 1865 797 additur
1903 759 2098 797 necnon

531 822 579 865 et
618 813 775 863 beatis
825 810 1127 878 martyribus
1158 813 1255 863 tuis
1296 811 1535 865 Gervasio
1587 821 1634 866 et
1682 813 1941 866 Protasio.
1997 814 2096 877 Qui

532 879 903 951 ξιιιιεῐξιιιιυιιί
935 881 1076 933 illius
1106 879 1375 951 βαι-κείω,
1400 882 1554 951 cujus
1583 884 1708 935 olim
1732 891 1843 935 erat
1887 882 1969 936 hic
1998 884 2098 936 Co—

530 949 631 1001 der.
646 950 688 1002 Τ
693 948 884 1002 ilanus
910 964 1101 1016 nempe
1121 948 1539 1017 Saluriensisfut
1556 952 1606 1005 in
1631 953 1935 1019 praefatione
1960 952 2096 1006 dixi-

528 1035 647 1073 mus
681 1028 727 1072 ⁸.

599 1089 687 1142 87.
742 1088 955 1141 Necnon
987 1090 1133 1143 beato
1180 1091 1461 1155 Stephano.
1495 1092 1751 1145 Hammon
1783 1100 1994 1146 esstant
2041 1093 2092 1144 in

532 1158 718 1210 Editis.
747 1159 849 1212 Sed
880 1160 1006 1211 olim
1040 1170 1155 1224 post
1197 1161 1311 1215 baac
1341 1162 1499 1216 verba
1546 1172 1701 1226 atque
1732 1163 1937 1214 Andrea
1970 1162 2097 1215 lice—

529 1229 621 1283 bat
648 1229 844 1282 actitare
872 1229 1138 1297 quoslibet
1174 1242 1407 1295 sanctos,
1442 1242 1496 1283 ut
1525 1233 1725 1285 clarum
1777 1243 1855 1283 est
1897 1248 1962 1283 ex
1993 1232 2069 1283 Co

528 1296 899 1371 dice'l'iliano.
932 1297 1112 1353 Libera
1142 1318 1252 1365 nos,
1305 1318 1461 1371 usque
1506 1300 1658 1354 Petro
1700 1312 1743 1354 et
1777 1300 1940 1353 Paulo
1965 1343 1980 1365 ,
2013 1302 2095 1353 hic

527 1369 826 1419 nominatim
854 1372 1031 1434 quales
1075 1371 1311 1433 voluerit,
1351 1369 1427 1423 vel
1469 1381 1684 1437 quantos
1713 1382 2091 1424 commemorat.

529 1437 627 1492 Ubi
679 1440 736 1492 τὸ
791 1451 1006 1504 quantos
1050 1451 1132 1495 est
1174 1452 1325 1506 quot;
1374 1451 1425 1495 et
1478 1441 1760 1508 Mirrologo
1814 1456 1930 1504 cap.
1981 1440 2089 1491 25:

527 1509 688 1573 Atque
727 1508 949 1563 Audi-ea.
994 1510 1095 1563 llic
1135 1512 1363 1564 nominat
1399 1519 1642 1579 quotquot
1684 1520 1885 1563 sanctos
1926 1513 2095 1563 volue-

524 1579 612 1631 rit.

598 1645 686 1701 88.
715 1649 891 1718 Agnus
923 1648 1037 1703 Dei.
1066 1649 1210 1702 llauc
1231 1650 1536 1703 Orationem
1567 1650 1782 1717 Sergius-
1815 1663 1945 1715 papa
1980 1648 1998 1702 l
2041 1651 2090 1704 in

527 1715 682 1770 Missa
736 1715 936 1772 cantari
988 1719 1167 1785 jussit,
1224 1729 1278 1773 ut
1326 1719 1481 1773 refert
1537 1715 1846 1773 Anastasius
1880 1720 1929 1771 in
1976 1718 2091 1785 ejus

531 1786 643 1839 Vita
678 1803 693 1842 :
736 1787 831 1841 llic
864 1792 1041 1841 statuit
1082 1798 1134 1841 ut
1179 1798 1401 1849 tempore
1443 1791 1804 1857 confractionis
1852 1790 2092 1841 dominici

525 1861 751 1926 corporis
780 1858 950 1920 Aqnus
982 1858 1074 1910 Dei
1111 1860 1197 1919 qui
1223 1859 1357 1911 tollis
1386 1870 1588 1926 peccatu
1628 1859 1823 1919 mundi,
1857 1860 2091 1911 miserere

525 1925 691 1996 nobis,
724 1928 909 1979 aclero
956 1939 1003 1981 et
1052 1929 1241 1996 popqu
1284 1929 1657 1982 decontaretur.
1719 1929 1859 1981 Idem
1904 1929 2090 1982 scribit

526 1992 816 2049 Wullridus
846 1992 1061 2059 Strabo,
1094 1998 1184 2050 lib.
1218 1998 1285 2051 de
1315 1998 1492 2052 Rebus
1522 1998 1691 2060 Ecc!.,
1721 2013 1837 2064 cap.
1871 1997 1959 2050 9.2.
1993 1998 2087 2051 llic

527 2074 704 2117 autem
743 2067 936 2119 desinit
964 2067 1095 2119 ordo
1120 2067 1291 2121 Missa:
1331 2078 1434 2121 tam
1467 2070 1518 2119 in
1551 2077 1732 2120 nostro
1759 2067 1892 2121 Cod.
1920 2082 2028 2121 san:
2051 2069 2087 2122 ti

527 2134 680 2195 Eligii
702 2151 859 2203 quam
887 2137 936 2189 iu
966 2135 1096 2191 Cod.
1123 2139 1371 2205 llodradi,
1399 2148 1455 2193 et
1487 2139 1538 2191 in
1562 2153 1694 2191 excu
1729 2139 1771 2191 is
1800 2136 1851 2190 ι).

600 2204 689 2257 llis
729 2207 800 2258 ita
836 2207 1089 2272 expositis
1140 2224 1241 2261 non
1273 2208 1368 2262 abs
1399 2224 1456 2263 re
1484 2208 1584 2262 erit
1612 2208 1854 2274 quzedam
1886 2208 2085 2262 subne-

524 2285 670 2328 clere
701 2290 765 2327 ex
809 2276 1003 2329 Codice
1030 2277 1275 2339 Tiliano,
1319 2293 1438 2343 tunc
1488 2278 1551 2330 ad
1587 2279 1916 2331 ceremonias
1949 2279 2088 2330 anti-

524 2360 656 2465 qua:
687 2344 738 2397 in
773 2345 929 2413 hujus
954 2346 1189 2401 Canonis
1215 2348 1521 2401 recitatione
1548 2348 1834 2417 pertinent,
1868 2347 1920 2400 in
1951 2347 2089 2404 hunc

525 2428 612 2465 tuo
654 2429 739 2465 um
771 2431 785 2465 :

525 2428 739 2466 mnuum
771 2431 785 2467 ἒ

599 2501 617 2533 ι
649 2485 721 2536 Te
741 2485 916 2552 igitur,
946 2486 1358 2540 clementissime
1386 2487 1560 2550 Pater,
1592 2503 1767 2550 usque,
1801 2488 1996 2541 Italicas
2036 2497 2090 2542 et

525 2553 807 2626 benedicas
862 2555 976 2611 lucc
1004 2556 1178 2608 dona:
1216 2555 1313 2608 llic
1333 2557 1502 2626 signat
1535 2556 1756 2609 oblatam
1795 2566 1842 2609 et
1881 2559 2087 2610 calicem

520 2625 687 2695 tribus
715 2625 921 2683 vicibus.
951 2643 1050 2678 non
1076 2636 1239 2678 tamen
1268 2626 1356 2677 sub
1381 2644 1479 2679 una
1500 2642 1670 2689 cruce,
1698 2628 1787 2679 sed
1814 2630 2088 2695 separat'm

516 2694 755 2763 singulis,
786 2695 1017 2762 singulas
1046 2696 1236 2764 faciens
1259 2712 1455 2749 cruces.
1488 2699 1608 2750 lla‘c
1641 2697 1799 2758 dona,
1826 2694 1937 2749 lucc
1967 2713 2087 2750 mu-

524 2779 671 2825 uera,
699 2765 810 2817 lucc
837 2776 1017 2818 sancta
1044 2765 1303 2820 sacriticia
1358 2766 1575 2828 illibata,
1614 2782 1769 2831 usque
1798 2768 2083 2831 Memento,

519 2831 768 2888 Domine.
800 2833 902 2888 Hic
924 2837 1130 2887 nomina
1154 2838 1380 2889 vivorum
1412 2846 1748 2888 memorentur
1772 2838 1816 2888 si
1839 2836 2085 2901 volueris,

518 2904 607 2954 sed
636 2921 736 2955 non
772 2904 1035 2958 Dominica
1060 2906 1161 2969 die,
1189 2907 1288 2958 nisi
1316 2907 1509 2960 caeteris
1533 2905 1725 2958 diebus.
1756 2905 1823 2960 Et
1848 2907 2085 2960 omnium

516 2973 1026 3044 circumastantium,
1052 2992 1208 3044 usque
1245 2974 1453 3029 Cosmte
1482 2986 1535 3029 et
1567 2975 1827 3030 Damiani.
1872 2975 1933 3031 Si
1975 2981 2084 3039 fue-

515 3042 585 3093 rit
606 3044 791 3097 natalis
819 3042 1133 3109 sanctorum,
1165 3046 1246 3097 hic
1269 3047 1447 3099 dicat:
1479 3046 1582 3101 Sed
1614 3054 1667 3099 et
1695 3045 1834 3099 diem
1867 3045 2084 3100 natalitii

520 3110 795 3167 beatorum
834 3114 1066 3177 illorum,
1100 3124 1189 3167 aut
1220 3116 1360 3169 beati
1399 3116 1574 3183 illius;
1603 3125 1655 3168 et
1699 3115 1933 3169 omnimn
1963 3131 2086 3170 san-

2204 532 2335 604 lucis
2363 543 2413 604 et
2448 532 2611 604 [μέδεις.
2645 543 2696 583 ιιι
2753 532 3026 599 imlnlgeas
3073 537 3447 604 deprecamur.
3490 539 3590 594 l’er
3620 532 3776 594 eum:

2200 600 2342 655 dem.
2373 601 2533 654 Nobis
2577 617 2786 676 quoque
2813 600 3204 676 peccatoribus,
3247 624 3405 674 usque
3433 610 3526 662 sed
3571 614 3766 676 venite,

2199 686 2542 747 qumsutnus,
2565 673 2810 747 _Iargitor
2831 714 2846 737 ,
2868 675 3117 747 admitte.
3158 675 3258 728 llic
3298 678 3493 747 erigens
3520 697 3577 732 se
3609 673 3779 735 archi-

2198 741 2444 813 diaconus
2466 743 2645 813 veniet,
2670 754 2717 795 et
2743 745 2992 798 involvens
3012 746 3221 799 calicem
3251 741 3516 813 mappula,
3541 751 3674 802 levat
3702 753 3778 804 it-

2198 812 2305 884 l_um
2332 822 2506 863 contra
2534 811 2776 884 domuum
2820 830 3025 880 papam.
3063 815 3162 884 Per
3204 811 3380 883 quem
3402 818 3515 870 lucc
3547 822 3728 873 omnia
3755 863 3773 884 ,

2200 880 2421 956 Domine
2439 920 2453 943 ,
2478 894 2691 956 semper
2715 881 2847 956 bona
2867 898 3043 956 creas.
3073 883 3173 956 llic
3192 880 3338 937 ambo
3366 888 3560 956 signat,
3583 891 3639 942 id
3672 880 3769 954 est,

2198 949 2416 1031 oblatam
2446 960 2493 1001 et
2517 951 2725 1002 calicem
2748 952 3278 1031 tribus‘vicibus
3298 949 3511 1031 singulis
3526 949 3775 1031 singulas

2197 1021 2388 1087 faciens
2442 1034 2612 1072 cruces
2638 1035 2656 1072 :
2676 1022 3012 1089 sanctilittas,
3046 1023 3277 1078 viviﬁeas
3300 1064 3314 1087 ,
3369 1021 3661 1089 benetlicis,
3712 1041 3767 1083 et

2201 1098 2436 1163 ιιιεῐξειτιεΔ
2451 1090 2631 1143 nobis.
2664 1088 2765 1163 Hic
2814 1093 2942 1143 lerat
2985 1094 3199 1146 domnus
3232 1111 3365 1163 papa
3392 1096 3585 1149 oblatas
3632 1088 3772 1152 duas

2196 1173 2350 1227 usque
2368 1159 2596 1234 adorant
2621 1160 2812 1234 colicis,
2840 1170 2886 1214 et
2925 1170 3134 1229 tangens
3158 1180 3271 1216 eum
3299 1159 3377 1216 Vde
3404 1166 3768 1234 oblationibus,

2196 1236 2391 1301 tenente
2415 1227 2561 1301 illum
2589 1229 2967 1301 archidiacono,
2992 1227 3112 1285 dicit
3144 1249 3164 1287 :
3208 1234 3307 1288 Per
3336 1236 3527 1301 ipsum,
3558 1249 3612 1290 et
3637 1227 3765 1291 cum

2196 1296 2333 1369 ipso,
2366 1306 2420 1349 ct
2446 1299 2496 1349 in
2523 1298 2637 1369 ipso
2658 1298 2751 1352 tibi
2784 1300 2893 1353 Deo
2926 1301 3062 1355 Patri
3087 1296 3454 1369 omnipotenti,
3481 1296 3532 1357 in
3558 1308 3771 1362 unitate

2197 1366 2424 1419 Spiritus
2445 1368 2650 1433 sancti,
2680 1370 2851 1421 omnis
2892 1372 3060 1424 bouor
3088 1382 3140 1425 et.
3171 1366 3360 1437 gloria.
3391 1373 3533 1428 Tunc
3561 1377 3687 1429 dicit
3718 1380 3773 1431 in

2194 1437 2395 1508 altum:
2432 1436 2531 1508 Per
2556 1437 2733 1491 omnia
2779 1441 2970 1492 sarcula
3019 1436 3356 1497 saecolorum.
3397 1442 3537 1497 Tunc
3566 1450 3776 1508 reponit

2194 1504 2247 1556 in
2297 1507 2469 1570 altari,
2515 1517 2562 1558 et
2603 1508 2724 1559 dicit
2774 1509 2825 1561 in
2869 1512 3028 1563 altum
3054 1526 3073 1565 :
3099 1511 3344 1565 Oremus.
3380 1511 3573 1568 Deinde
3600 1504 3779 1570 dicit:

2197 1574 2478 1651 Bt'meeptis
2506 1576 2824 1651 salutaribus
2853 1580 3056 1643 tnouiti,
3082 1592 3127 1633 et
3155 1598 3312 1651 usque
3330 1584 3421 1637 sed
3449 1584 3609 1637 libera
3642 1603 3770 1640 nos.

2198 1643 2338 1723 Tunc
2366 1647 2499 1723 dicit
2551 1646 2766 1723 domnus
2815 1665 2969 1717 papa,
3024 1643 3379 1723 interveniente
3423 1655 3567 1707 nullo
3613 1672 3777 1723 sono,

2194 1713 2330 1788 hanc
2358 1715 2672 1788 Orationem,
2689 1713 2848 1788 libera
2879 1733 2994 1782 nos,
3012 1735 3173 1788 usque
3199 1722 3355 1774 Petro
3378 1733 3429 1775 et
3454 1723 3640 1778 Paulo.
3663 1725 3716 1777 Η
3723 1713 3775 1779 ic

2195 1785 2921 1860 nominatimque/espoluegit
2948 1785 3168 1860 sanctos,
3185 1791 3264 1844 υρι
3286 1802 3521 1860 quantos,
3548 1810 3777 1847 comme-

2195 1865 2373 1931 morat.
2406 1854 2597 1906 Deinde
2625 1856 2777 1921 infert
2804 1872 2821 1908 :
2846 1856 2976 1911 Cum
3007 1859 3253 1931 omnibus
3282 1854 3596 1924 Sanetis,da
3628 1879 3763 1931 pro-

2192 1924 2351 1989 pitius
2385 1938 2564 1993 pacem
2589 1964 2604 1986 ,
2646 1940 2800 1992 usque
2843 1942 2934 1993 pc-r
2963 1928 3138 1981 omnia
3180 1931 3370 1983 saecula
3422 1924 3766 1987 saeculorum.

2189 1997 2380 2046 Amen.
2414 1991 2608 2064 Deinde
2644 1996 2764 2047 dicit
2795 2012 2816 2050 :
2846 1991 2950 2050 Pax
2986 1998 3026 2050 D
3048 2000 3214 2053 nnini.
3247 1998 3437 2052 Deinde
3473 2003 3557 2053 dat
3587 2020 3771 2064 pacem

2190 2064 2344 2135 altari
2400 2062 2477 2115 vel
2523 2075 2739 2135 patente,
2791 2076 2836 2118 et
2865 2068 2937 2118 sic
2980 2067 3075 2119 sibi
3124 2071 3209 2120 dat
3251 2085 3443 2135 pacem.
3476 2062 3602 2121 Cum
3647 2088 3777 2125 vero

2192 2131 2407 2185 donmus
2451 2148 2587 2200 papa
2628 2134 2750 2187 dcit
2778 2135 2880 2188 Pax
2910 2136 3113 2190 Domini
3136 2149 3203 2192 su
3224 2131 3438 2205 semper
3465 2140 3770 2205 vobiscum,

2190 2218 2291 2254 non
2338 2204 2489 2254 mittit
2519 2213 2711 2271 partem
2757 2206 2820 2259 de
2850 2206 3039 2260 Sancta
3070 2208 3120 2258 in
3144 2208 3369 2271 calicem,
3402 2210 3530 2259 sicut
3561 2204 3765 2262 cwteris

2187 2272 2531 2347 sacerdotibus
2559 2289 2664 2327 mos
2686 2284 2777 2347 est.
2816 2275 2948 2347 Dum
2990 2278 3284 2347 confringit,
3332 2282 3511 2344 Agnus
3546 2279 3637 2333 Dei
3665 2281 3763 2331 di-

2189 2342 2275 2394 cit.
2302 2340 2368 2393 Et
2387 2344 2946 2415 expletaconfractione
2967 2340 3174 2415 quando
3192 2340 3528 2400 comnmnicat
3544 2351 3767 2402 domnus

2189 2412 2519 2477 apostolicus,
2550 2412 2742 2482 partem
2782 2414 2880 2467 sibi
2918 2412 3129 2479 mordet,
3172 2428 3219 2469 et
3248 2418 3495 2480 reliquam
3542 2419 3595 2470 in
3633 2422 3769 2470 cali-

2188 2497 2297 2557 cem
2319 2483 2719 2557 mittit,_[uciens
2767 2500 2965 2557 crucem
2994 2486 3057 2538 de
3089 2503 3149 2541 ea
3190 2488 3349 2539 tribus
3380 2486 3566 2539 t‘icibus
3610 2505 3771 2557 super

2190 2550 2399 2602 calicem
2442 2552 2570 2623 nihil
2598 2554 2792 2615 dicens,
2837 2564 2883 2605 et
2909 2556 2982 2606 sic
3003 2558 3335 2623 confirmatur
3378 2557 3441 2608 de
3467 2557 3650 2620 calice,
3668 2550 3768 2609 'te-

2189 2632 2336 2673 neute
2382 2620 2604 2691 calicem
2665 2623 3045 2678 archidiacono.
3094 2620 3312 2691 Quando
3366 2642 3482 2678 vero
3541 2628 3773 2680 domnus

2188 2690 2498 2766 apos'olicus
2536 2692 2793 2766 descendit
2842 2694 2904 2745 ab
2953 2690 3127 2766 altari,
3178 2695 3352 2766 incipit
3382 2700 3770 2748 communicare

2188 2760 2409 2826 populus
2441 2800 2457 2825 ,
2516 2770 2561 2814 et
2612 2762 2800 2815 dicitur
2848 2764 3144 2827 Antiphona
3192 2760 3287 2819 αι’
3329 2768 3762 2819 communionem.

2189 2827 2406 2897 Expleta
2436 2832 2787 2885 communione
2806 2843 2850 2902 et
2882 2835 3193 2902 Autiphona,
3220 2847 3340 2887 tunc
3358 2834 3521 2899 surgit
3546 2836 3772 2888 domnus

2190 2916 2344 2965 papa,
2374 2910 2419 2953 et
2449 2902 2650 2954 veniens
2676 2903 2743 2954 ad
2770 2901 2936 2956 altare
2962 2906 3173 2969 salutat,
3217 2907 3370 2957 altius
3411 2903 3467 2955 di
3488 2920 3586 2956 ‘ens
3612 2921 3630 2957 :
3660 2905 3771 2959 Do-

2193 2971 2367 3041 minus
2400 2972 2670 3041 utibiscuttt
2692 3012 2708 3035 ,
2741 2980 2797 3026 et
2825 2987 2946 3025 cum
3000 2972 3200 3041 Spiritu
3251 2985 3359 3029 tuo.
3402 2971 3597 3027 Deinde
3628 2973 3772 3025 Ora-

2170 3038 2355 3091 tionem
2384 3038 2508 3092 dicit
2537 3056 2554 3094 :
2586 3040 2735 3106 Quod
2785 3057 2878 3094 ore
2926 3038 3275 3110 sumpsimus,
3311 3044 3553 3105 Domine,
3584 3055 3773 3100 mento

2188 3123 2481 3180 eap;autus,
2516 3121 2571 3164 et
2596 3116 2663 3164 de
2694 3127 2912 3165 munere
2943 3115 3224 3180 temporali
3259 3116 3371 3177 liat,
3402 3111 3555 3165 nobis
3585 3128 3769 3167 reme-

520 3190 747 3249 ctornm,
775 3199 931 3252 usque
968 3176 1061 3253 per
1086 3185 1353 3239 Clu-istum
1399 3176 1699 3239 hominum.
1744 3185 1843 3237 me
1872 3185 2084 3239 inclinat
2113 3185 2155 3244 ε
2188 3176 2335 3231 dium
2363 3195 2514 3253 semp
2537 3190 2764 3233 ternum.
2810 3200 2829 3232 ι
2858 3176 3123 3236 Ιιειιιιθιιιιε
3146 3184 3325 3236 Codex
3352 3180 3616 3248 'l‘iliauus,
3639 3198 3769 3251 quas

517 3267 573 3304 se
597 3268 753 3325 usque
783 3256 858 3325 ad
886 3255 1068 3320 altare,
1092 3255 1263 3309 dicens
1298 3270 1318 3308 :
1351 3255 1497 3309 Hane
1539 3256 1696 3325 igitur
1737 3256 2082 3318 oblationem,

519 3338 679 3390 usque
717 3322 903 3393 iubeas
943 3340 1101 3393 grege
1134 3330 1423 3388 numerari,
1476 3322 1579 3393 per
1609 3327 1873 3378 Cbrismm
1907 3326 2085 3378 Domi-

517 3405 664 3447 num.
714 3392 814 3446 Hic
841 3392 992 3462 erigit
1038 3411 1263 3448 sursum.
1300 3392 1531 3446 Oblata-ii
1560 3394 1723 3447 solam
1759 3394 1842 3446 hic
1880 3395 2087 3447 benedi-

517 3462 585 3512 cit
616 3476 635 3515 :
663 3463 829 3525 Quam
850 3464 1194 3524 oblationem,
1215 3474 1265 3517 ιιι
1292 3468 1449 3527 Deus,
1483 3466 1534 3519 in
1564 3465 1842 3529 omnibus,
1871 3480 2084 3531 qutcsu-

524 3546 660 3594 llius,
699 3532 1057 3602 benedicmin,
1107 3536 1421 3602 ascriptum.
1469 3544 1662 3600 ratam,
1714 3534 2083 3593 rationabilem

518 3601 1007 3671 acceptabilemque
1031 3601 1209 3658 facere
1236 3601 1488 3671 digneris.
1522 3603 1573 3657 Η
1579 3607 1625 3656 ic
1647 3605 1797 3657 ambo
1816 3604 2003 3671 signat,
2032 3605 2086 3657 id

518 3679 611 3734 est,
646 3671 869 3724 oblatam
899 3684 946 3726 et
984 3674 1229 3736 calicem;
1266 3684 1321 3727 ut
1363 3676 1514 3729 nobis
1545 3689 1739 3741 corpus
1763 3683 1817 3728 et
1844 3675 2082 3742 sanguis,

520 3754 676 3811 usque
725 3743 1169 3807 omnipotentem,
1201 3744 1290 3797 tibi
1318 3746 1513 3811 gratias
1556 3759 1723 3811 agens
1782 3743 2081 3811 benedixit,

520 3808 695 3881 fregit,
713 3812 857 3863 dedit
871 3811 1139 3877 discipulis
1157 3814 1266 3867 suis
1288 3808 1494 3876 dicens,
1513 3808 1671 3881 usque
1694 3823 1814 3867 item
1848 3814 1941 3865 tibi
1965 3808 2086 3879 gra;

519 3877 619 3930 tias
644 3894 806 3946 agens
836 3881 1123 3952 benedixit.
1157 3882 1260 3935 Hic
1283 3892 1501 3952 quatuor
1524 3877 1713 3936 vicibus
1749 3884 1913 3935 solam
1946 3877 2088 3935 obla-

518 3957 620 4023 tam
651 3951 925 4023 sanctiﬁcet
950 3951 1131 4022 [Lege.
1163 3951 1362 4023 signet].
1398 3952 1462 4006 In
1489 3954 1667 4017 quinta
1691 3954 1798 4007 vice
1815 3968 1966 4020 super
1994 3969 2053 4004 ca
2072 3982 2085 3993 -

517 4018 663 4070 licem
688 4019 853 4091 solum
874 4018 1073 4075 crucem
1093 4018 1284 4091 faciens
1302 4018 1584 4077 fliostiam
1618 4039 1821 4091 puram,
1848 4018 2084 4075 llostiam

519 4099 779 4161 sanctam,
831 4090 1546 4156 Hostiumimmaculatum,
1602 4090 1789 4161 panem
1845 4102 2084 4145 Sanctum

515 4159 637 4209 vitae
667 4170 901 4222 πρίει-ηαξ,
930 4172 983 4215 et
1009 4163 1226 4215 calicem
1256 4164 1439 4216 saliuis
1469 4159 1759 4229 perpetuas,
1792 4179 1948 4228 usque
1987 4161 2088 4214 im-

516 4230 829 4303 maculatum
864 4231 1118 4286 Hostiam.
1148 4232 1251 4285 Hic
1277 4233 1489 4287 inclinat
1534 4250 1587 4286 se
1614 4235 1793 4286 iterum
1813 4233 1967 4303 juxta
2001 4232 2087 4283 al-

514 4307 621 4370 tare
643 4301 815 4354 dicens
845 4317 865 4355 :
891 4304 1158 4367 supplicos
1204 4316 1254 4357 te
1279 4318 1527 4369 rogamus
1561 4301 1895 4370 omnipotens
1924 4302 2083 4355 Deus.

516 4367 616 4421 llic
642 4380 754 4423 orat
796 4374 939 4435 apud
974 4390 1029 4426 se
1068 4374 1205 4441 quod
1240 4367 1471 4427 voluerit.
1528 4367 1721 4426 Deinde
1745 4374 1867 4425 dicit
1897 4387 1916 4425 :
1951 4373 2085 4426 .lube

515 4441 630 4491 lia-c
659 4441 879 4511 perferri
930 4456 1021 4509 per
1062 4458 1269 4507 manus,
1304 4459 1459 4511 usque
1489 4444 1540 4496 in
1570 4451 1936 4507 couSpectum.
1973 4441 2077 4494 llic

513 4523 566 4559 se
594 4509 740 4580 erigit
765 4512 871 4562 lucc
892 4513 1040 4563 verba
1070 4513 1274 4564 dicens:
1311 4509 1383 4566 Ut
1403 4523 1663 4580 quotquot
1684 4527 1747 4565 ex
1783 4514 1878 4564 bac
1903 4513 2088 4565 altaris

516 4577 948 4643 participatione,
986 4597 1143 4638 usque
1198 4596 1290 4647 per
1336 4577 1623 4635 Cbristuin.
1673 4581 1772 4634 Hie
1822 4580 2087 4635 Orationes

515 4647 631 4696 dna'
652 4647 907 4719 dicuntur,
938 4666 1037 4700 una
1068 4666 1220 4718 super
1246 4650 1533 4719 diptychos,
1572 4649 1735 4702 altera
1765 4661 1877 4714 post
1909 4651 2085 4702 lectio-

516 4731 634 4789 nem
659 4718 916 4789 nominum
930 4734 955 4789 ί
964 4727 1008 4789 et
1023 4719 1119 4770 hoc
1132 4718 1462 4785 quotidia’nis,
1477 4721 1552 4771 vel
1574 4722 1625 4771 in
1640 4721 1851 4789 agendis
1864 4729 2087 4772 tantum-

516 4785 665 4835 modo
695 4786 888 4838 diebus.
940 4787 1227 4852 Memento,
1279 4789 1517 4852 Domine,
1545 4799 1599 4842 et
1653 4785 1838 4845 eorum
1873 4791 2085 4843 nomina

514 4857 602 4927 qui
634 4870 728 4907 nos
760 4868 1142 4922 princesserunt
1191 4873 1311 4912 cum
1340 4859 1493 4927 signo
1522 4858 1674 4923 fidei,
1728 4870 1781 4912 et
1812 4859 2087 4913 dormiunt

516 4924 567 4978 in
600 4939 788 4978 somno
823 4928 985 4991 pacis.
1016 4927 1081 4980 Et
1121 4924 1412 4981 recitantur'
1443 4930 1666 4983 nomina.
1713 4929 1911 4982 Deinde
1941 4939 2082 4995 post-

513 5011 665 5063 quam
714 4998 925 5050 recitata
977 4997 1224 5067 fuerunt,
1266 4999 1403 5052 dicat
1451 5012 1473 5052 :
1530 4999 1692 5067 Ipsis,
1728 4999 1982 5065 Domine,
2029 5009 2086 5055 et

588 5147 612 5173 ⁸
646 5137 697 5190 ln
720 5137 955 5192 secundo
983 5136 1213 5205 Theod,
1248 5149 1363 5209 post
1386 5148 1540 5210 atque
1567 5141 1788 5205 Andrea,
1817 5138 2089 5209 subiungi—

515 5218 600 5280 tur
630 5223 644 5260 :
676 5219 947 5280 necnonget
987 5210 1178 5261 sanctis
1209 5218 1420 5279 martyr.
1468 5212 1567 5263 tuis
1594 5211 1888 5280 Stephano,
1921 5212 2090 5280 Quin-

517 5279 643 5339 tino,
685 5289 835 5348 atque
870 5278 1098 5344 Nicasio,
1127 5281 1223 5348 sed
1247 5288 1295 5332 et
1332 5277 1490 5333 beatis
1513 5277 1791 5348 confessor.
1835 5286 1931 5334 tuis
1959 5277 2086 5333 Gre-

514 5349 681 5418 gorio,
715 5347 989 5414 Medardo,
1020 5358 1171 5417 atque
1200 5347 1540 5418 Eligio,,cum
1564 5347 1814 5414 omnibus,
1839 5362 1942 5404 etc.

587 5417 613 5455 δ
646 5418 699 5472 ln
721 5418 851 5472 Cod.
885 5420 1013 5484 Reg.
1044 5419 1203 5490 Suec.
1233 5417 1385 5474 deest
1406 5420 1577 5490 Agnus
1594 5421 1706 5487 Dei,
1731 5428 1849 5490 etc.
1871 5421 1923 5472 In
1947 5417 2080 5472 Cod.

516 5486 749 5558 Gemet.,
791 5490 1125 5558 postrrAgnus
1178 5489 1292 5554 Dei,
1340 5486 1548 5558 explicit
1579 5486 1753 5544 Conon
1800 5489 1992 5542 Missas.
2028 5492 2083 5542 lu

520 5557 681 5625 priori
732 5571 859 5632 vero
900 5557 1102 5632 Tlteod.
1129 5559 1341 5632 additur
1396 5557 1415 5613 ἑ
1462 5564 1644 5632 Agnus
1681 5560 1776 5614 Dei
1814 5561 1903 5622 qui
1949 5561 2085 5613 tollis

520 5641 657 5692 pecc.
686 5627 881 5689 mundi,
909 5627 1047 5680 dona
1072 5628 1213 5681 nobis
1236 5645 1429 5693 pacem.
1452 5671 1462 5682 .
1483 5627 1528 5683 ,ἶ
1552 5668 1566 5683 .
1597 5629 1646 5683 11
1651 5646 1721 5683 ωε
1742 5647 1888 5684 sacro
1910 5641 2087 5682 sancta

519 5696 803 5769 commistio
843 5698 1069 5769 corporis
1116 5705 1164 5750 et
1214 5700 1478 5769 sanguinis
1522 5698 1727 5753 Domini
1771 5701 1926 5753 nostri
1963 5697 2088 5751 Iesu

521 5764 709 5820 Christi
740 5764 831 5836 fiat
854 5767 975 5823 mihi
1006 5777 1053 5823 et
1082 5764 1327 5823 omnibus
1346 5770 1653 5824 sapientibus
1676 5769 1814 5825 salus
1839 5772 2011 5825 mentis
2040 5777 2086 5822 et

2194 3258 2369 3322 tamen
2400 3249 2661 3322 babentur
2686 3254 2844 3322 etiam
2887 3253 3025 3318 apud
3060 3254 3401 3322 llittorpiunt.

2257 3317 2344 3371 89.
2378 3318 2457 3370 Ad
2484 3335 2689 3372 nonam.
2723 3321 2792 3374 Ita
2831 3322 2883 3373 in
2926 3317 3090 3376 Editis
3117 3332 3171 3376 et
3211 3317 3262 3376 in
3312 3324 3442 3378 Cod.
3480 3322 3670 3375 Rhein.
3705 3323 3770 3377 In

2186 3384 2317 3461 Cod.
2353 3387 2557 3461 ltatoldt
2589 3389 2777 3457 legitur
2801 3389 2949 3445 Hora
2971 3408 3124 3447 nona.
3156 3394 3291 3447 Olim
3330 3394 3379 3446 in
3409 3392 3772 3461 semijejnniis

2189 3455 2361 3510 Missa:
2393 3455 2706 3512 tene-bantur
2733 3461 2859 3513 hora
2892 3477 3050 3515 notia.
3093 3462 3323 3517 Consule
3365 3455 3776 3518 obserraiiones

2186 3539 2404 3599 nustras
2418 3528 2482 3581 ad
2509 3528 2864 3583 Concordiam
2897 3532 3220 3599 regularum.

2256 3596 2345 3672 90_.
2381 3597 2721 3672 Deus.Pater
2751 3596 3130 3672 Videlicet,ad
3172 3617 3325 3669 quem
3375 3600 3650 3672 dirigenda
3681 3611 3773 3656 est

2184 3665 2367 3739 Qratio
2400 3666 2452 3720 in
2487 3668 2660 3723 Missae
2706 3665 3200 3739 sacr.llcio,'juxta'
3236 3665 3506 3725 decretura
3552 3673 3776 3726 concdii

2184 3736 2433 3805 Cartbzig.
2466 3753 2546 3802 ιιι,
2572 3753 2690 3796 can.
2716 3740 2787 3794 ‘23
2814 3757 2829 3791 :
2865 3739 2928 3791 Et
2958 3736 3071 3793 cum
3099 3743 3249 3794 altaii
3291 3743 3572 3806 assistitur,
3624 3758 3779 3794 sem-

2185 3823 2272 3880 per
2293 3807 2358 3858 ad
2381 3816 2577 3880 patrem
2605 3810 2858 3880 dirigatur
2884 3812 3066 3865 oratio.
3112 3811 3379 3865 Intetdum
3423 3823 3602 3865 tamen
3633 3813 3773 3865 diri-

2185 3876 2327 3945 gitur
2355 3878 2417 3928 ad
2454 3878 2660 3932 Filium.
2708 3876 2725 3880 ⁷
2872 3882 2878 3887 ”

2259 3946 2347 4000 91.
2379 3946 2578 4001 Pratsta
2604 3960 2655 4001 ut
2691 3948 3016 4019 Unigenitum
3044 3960 3208 4017 tuum,
3246 3963 3350 4004 etc.
3387 3950 3510 4004 Ilico
3535 3951 3773 4004 citantur

2187 4018 2253 4071 ab
2279 4020 2519 4087 Alt‘llimt.
2557 4020 2648 4087 Itb-
2682 4036 2747 4073 \‘ll
2777 4018 2959 4073 eontra
2992 4019 3220 4076 Felicem
3261 4020 3621 4087 Urgelitannm
3652 4021 3770 4084 epi-

2186 4102 2402 4160 seopuni
2436 4104 2449 4140 :
2484 4086 2554 4160 In,
2576 4086 2735 4143 Missa
2762 4106 2977 4157 namque
3022 4089 3257 4144 humatus:
3303 4086 3602 4160 Nativitatis
3622 4093 3774 4160 ejus-

2186 4160 2300 4209 dem
2347 4154 2556 4210 Domini
2598 4161 2775 4225 nostri,
2828 4154 2904 4212 ita
2942 4170 3146 4213 cantare
3188 4160 3451 4213 solemus:
3488 4154 3692 4213 Praesta
3719 4167 3773 4212 ut

2189 4225 2515 4296 Uuigenitum
2547 4239 2708 4293 tuum,
2738 4246 2884 4298 quem
2906 4228 3289 4300 Redemptorem
3314 4229 3419 4283 lteti
3440 4231 3771 4299 suscipimus,

2186 4310 2291 4352 etc.

2256 4365 2343 4420 92.
2382 4367 2482 4430 Qui
2511 4376 2676 4421 tecum
2721 4368 2839 4422 vivit
2888 4378 2934 4422 et
2982 4379 3160 4438 regnat
3211 4368 3363 4423 Deus.
3395 4369 3526 4423 Nota
3558 4370 3688 4421 olim
3723 4371 3775 4423 in

2187 4438 2531 4491 conclusione
2571 4440 2881 4491 Orationum
2930 4455 3022 4491 seu
3054 4438 3409 4494 Collectarum
3456 4440 3775 4493 vocabulum

2196 4507 2332 4577 Deus
2352 4509 2586 4574 proxime
2613 4508 2854 4562 secutum
2882 4507 3043 4562 fuisse
3066 4512 3280 4562 verbum
3298 4520 3495 4577 regnat,
3517 4512 3775 4573 ιιιιιιιιιειάο

2118 4562 2168 4619 Ι)
2193 4562 2407 4630 moduiu
2438 4577 2616 4631 ridere
2638 4577 2795 4630 estin
2827 4578 2978 4631 Missa
3012 4562 3382 4639 Atnbrosiaua:
3426 4562 3645 4630 in'Cod.
3679 4579 3773 4631 Ti-

2191 4647 2354 4710 liano,
2389 4656 2442 4701 et
2473 4648 2523 4699 in
2553 4647 2671 4699 aliis
2695 4647 2975 4701 (Iudicibus
3010 4650 3204 4701 nonris
3232 4664 3359 4701 mss.
3392 4659 3445 4700 ιιι
3474 4664 3524 4699 ιιι
3550 4652 3773 4716 exposi-

2193 4718 2336 4770 tione
2367 4730 2466 4768 ms.
2500 4717 2831 4770 Praelationis
2862 4726 2917 4771 et
2940 4717 3191 4778 Cononis,
3226 4718 3354 4771 bibl.
3380 4718 3725 4772 Corbeiensis
3759 4735 3772 4770 :

2188 4786 2314 4858 Cum
2344 4786 2465 4838 dicit
2499 4786 2598 4851 Qui
2621 4796 2792 4858 tecum
2832 4789 2945 4839 vivit
2995 4799 3040 4840 et
3084 4798 3261 4858 regnat
3306 4787 3443 4840 Deus
3490 4790 3542 4839 in
3582 4790 3779 4840 unitate

2190 4857 2414 4923 Spiritus
2459 4856 2652 4926 sancti,
2703 4858 2808 4909 vult
2856 4859 3101 4925 populant
3142 4856 3343 4911 credere
3385 4867 3430 4910 et
3466 4858 3775 4926 intelligere,

2187 4940 2290 4982 etc.
2321 4925 2470 4992 Quod
2499 4926 2776 4978 contirmat
2806 4926 3141 4996 Micrulogus,
3172 4942 3288 4992 cap.
3332 4928 3364 4979 6
3409 4928 3478 4981 de
3513 4928 3779 4980 ObSrn-a-

2190 4997 2424 5054 tionibus
2454 4996 2832 5051 ecclesiasticis
2858 5013 2873 5049 :
2910 4996 3184 5051 Sciendum
3210 5008 3380 5049 autem
3410 4999 3461 5049 in
3494 4999 3585 5051 illa
3608 5002 3776 5050 usita-

2192 5137 2444 5208 corporis,
2474 5146 2518 5191 et
2565 5137 2635 5189 ad
2689 5137 3049 5200 capessendam
3094 5137 3247 5190 vitam
3284 5145 3529 5208 aeternam
3574 5152 3779 5203 priapo-

2190 5206 2321 5261 ratio
2348 5209 2611 5261 salutaris.
2653 5211 2835 5260 Amen.
2856 5247 2870 5260 .
2888 5247 2903 5261 .
2927 5245 2941 5258 .
2972 5208 3095 5259 l'ost
3118 5222 3297 5274 pacem
3327 5206 3538 5259 dicatin
3565 5209 3732 5258 corde
3760 5223 3776 5260 :

2200 5278 2314 5331 Pas:
2359 5275 2450 5330 Det
2494 5293 2605 5345 qua:
2652 5286 2924 5344 exsuperat
2979 5293 3179 5331 onmem
3219 5293 3421 5329 sensum
3444 5315 3459 5337 ,
3516 5278 3775 5327 custodiat

2189 5349 2345 5400 corda
2375 5357 2547 5400 nostra
2575 5357 2620 5400 et
2659 5348 3020 5415 intelligentius
3067 5358 3289 5401 nostras.
3317 5347 3497 5398 Amen.
3516 5383 3528 5396 .
3552 5384 3565 5397 .
3588 5381 3603 5396 .
3628 5383 3642 5396 .
3693 5347 3775 5399 Ad

2193 5417 2421 5471 dandam
2449 5432 2653 5480 pacton.
2675 5455 2689 5469 .
2709 5457 2724 5472 .
2744 5454 2757 5468 .
2780 5455 2795 5470 .
2828 5416 2945 5469 Pax.
2985 5429 3200 5469 tecum..
3229 5453 3242 5468 .
3274 5453 3289 5470 .
3313 5453 3328 5468 .
3385 5416 3511 5469 Post
3540 5429 3725 5482 pacem
3757 5432 3771 5466 :

2196 5485 2313 5539 Pam
2340 5498 2384 5539 et
2407 5487 2632 5541 Charitas
2655 5487 2752 5540 Dei
2774 5497 2975 5540 maneat
3003 5502 3200 5555 semper
3213 5485 3272 5539 in
3298 5483 3538 5540 cordibus
3562 5487 3772 5537 nostris.

2197 5560 2375 5610 Amen.

2271 5623 2468 5679 Oratio.
2497 5656 2563 5666 -——
2597 5624 2813 5678 Domine
2836 5625 2962 5678 .lcsu
2993 5625 3211 5689 Christe,
3236 5627 3324 5696 qui
3364 5624 3541 5677 dixiin
3564 5636 3774 5696 aposto-

2197 5696 2261 5749 lis
2291 5697 2425 5760 tuis,
2471 5705 2576 5753 etc.
2615 5696 2683 5751 Ut
2710 5701 2760 5750 in
2794 5695 3011 5752 Missali.
3058 5693 3364 5765 Sequuntur
3391 5705 3619 5763 quatuor
3640 5693 3772 5747 Ora-

2197 5779 2385 5820 IIUIICS.
