3988 6310
193 360 287 413 5Ξῦ

949 345 1010 413 IN
1051 359 1108 413 S.
1149 357 1476 414 GBECURII
1516 356 1776 413 LIBRUM
1819 352 2423 412 SACRAMENTOBUM
2463 353 2690 410 NOTAE.

3339 360 3442 415 330

193 472 433 534 itﬁcium.
470 469 538 523 Id
547 480 644 535 est,
663 487 760 536 non
781 471 829 522 in
849 471 1005 538 rapite
1034 473 1180 522 verba
1201 471 1542 533 salutationis,
1578 473 1670 522 hoc
1695 480 1766 523 est
1795 473 1844 532 Α
1875 466 1942 518 ad
1968 467 2406 538 arcltidiaconum,
2439 467 2527 521 ille
2549 471 2772 537 perferat
2795 483 2906 520 eam
2928 467 2998 520 ila
3021 466 3302 522 involutam
3326 484 3444 527 ante

186 544 430 593 Dominus
443 543 717 600 vobiscum,
735 557 840 603 nec,
859 539 1090 594 Oremus.
1111 540 1219 593 Nec
1235 543 1284 593 in
1298 542 1398 607 ﬁne
1412 540 1755 601 concluditur,

181 627 239 663 nt
280 621 478 665 ca'tera:
527 611 816 673 Orationes,
858 611 956 662 Per
997 609 1274 663 Dominum
1315 621 1544 663 nostrum
1578 609 1757 662 Jesum

180 682 460 738 Christum.
507 681 596 733 sed
640 690 856 737 tantum.
892 679 957 731 In
983 681 1185 734 nomine
1217 680 1424 733 Domini
1450 682 1608 732 nostri
1637 680 1758 731 Jesu

181 751 391 802 Christi.
428 749 496 802 In
522 767 580 803 eo
611 767 727 802 vero
768 753 877 802 loco
904 750 988 802 ubi
1031 750 1250 803 solemus
1292 766 1412 802 uvas
1449 749 1756 812 benedicere,

177 838 221 873 ci
245 831 506 873 nsecratur
533 822 698 873 oleum
729 837 820 888 pro
849 820 1087 886 inﬁrmis,
1111 820 1524 886 concluditurque
1553 826 1760 872 conetu-

178 893 337 952 sione,
375 891 478 943 Per
515 905 674 958 qaem
705 891 818 942 hinc
858 892 1033 942 omnia
1067 905 1312 957 semper,
1348 889 1588 950 Domine.
1623 889 1759 942 bona

182 976 356 1021 creas,
383 969 482 1012 etc.
514 959 661 1013 Unde
684 959 1268 1030 itttelligintusentbolint
1297 958 1374 1030 [Id
1399 968 1499 1030 est,
1535 958 1583 1030 id
1614 959 1756 1030 quod

181 1030 503 1095 interjicitur
532 1045 626 1083 seu
651 1027 1153 1099 interp0nitur]esse
1173 1027 1455 1098 supradicti
1476 1027 1656 1096 officii.
1687 1029 1760 1081 De

173 1101 354 1151 eodem
383 1100 496 1153 oleo
518 1101 590 1153 sic
624 1101 910 1152 continetur
938 1101 990 1151 in
1019 1098 1452 1153 Sacramentario.
1480 1102 1760 1164 Antequam

177 1169 382 1220 dicatur
408 1170 509 1222 Per
530 1185 684 1234 quem
720 1169 830 1221 lnec
870 1174 1069 1230 omnia,
1105 1169 1344 1231 Domine,
1382 1184 1595 1235 semper
1620 1170 1758 1222 bona

174 1253 356 1306 creas,
373 1240 615 1292 {levantur
642 1240 700 1290 de
723 1241 960 1307 ampullis
987 1257 1115 1307 quas
1136 1239 1353 1307 offerunt
1382 1239 1579 1308 pepuli,
1609 1247 1654 1291 et
1677 1238 1760 1291 bo-

171 1311 379 1379 nedicat
430 1320 536 1361 tam
576 1311 814 1379 dominus
873 1328 1006 1378 papa
1053 1327 1202 1374 quam
1246 1326 1417 1364 omnes
1456 1309 1753 1379 presbyteri.

173 1376 293 1430 Hos
315 1389 390 1431 est
415 1379 661 1432 Romanae
690 1376 1142 1447 Ei-clesitelnota),
1167 1391 1219 1433 ut
1240 1382 1291 1432 in
1314 1376 1626 1446 confectione
1646 1398 1758 1435 cor-

169 1449 316 1515 poris
360 1462 407 1502 et
455 1451 720 1521 sanguinis
765 1449 968 1502 Domini
1007 1452 1166 1503 assint
1213 1451 1487 1521 presbyteri
1533 1459 1579 1503 et
1605 1451 1760 1504 simul

167 1533 289 1588 cum
325 1519 570 1583 pontifice
597 1521 754 1572 verbis
779 1528 826 1571 et
859 1522 1089 1572 manibus
1121 1519 1410 1588 conﬁciant.
1448 1519 1660 1588 Oportet
1704 1531 1756 1574 ut

165 1587 328 1660 simili
360 1592 516 1641 modo
546 1591 700 1642 simul
726 1606 839 1643 cum
870 1591 1105 1658 pontifice
1133 1587 1300 1643 otium
1326 1587 1600 1660 presbyferi
1628 1606 1752 1644 conv

167 1656 372 1729 ﬁciant.
407 1661 754 1714 lixarcismus
784 1660 884 1712 olei
924 1656 1020 1726 pro
1067 1660 1291 1714 inlirmis
1327 1668 1381 1714 et
1407 1656 1516 1729 pro
1535 1662 1752 1727 populo.

165 1727 457 1792 Antequam
499 1730 742 1783 dicatur:
775 1729 873 1782 Per
902 1744 1058 1798 quem
1109 1731 1222 1784 haec
1262 1727 1460 1794 omnia,
1511 1731 1747 1792 Domine,

162 1809 386 1869 semper
414 1801 558 1852 bona
585 1815 754 1864 creas,
774 1803 1090 1852 exorcizetur
1110 1801 1298 1864 oleant,
1325 1812 1385 1869 ut
1414 1811 1610 1852 tantum
1630 1818 1748 1869 pos-

166 1867 227 1916 sit
258 1883 289 1916 a
316 1868 764 1922 circumstantibus
793 1871 982 1933 audiri,
1014 1872 1118 1922 ita:
1145 1867 1405 1924 Exorcizo
1430 1881 1495 1932 le,
1524 1867 1750 1924 immun-

163 1935 393 1991 dissitne
421 1939 677 2006 Spiritus.
711 1949 809 1996 etc.
845 1939 973 1992 Item
1004 1940 1281 1993 benedictio
1313 1941 1535 2007 ejusdem
1559 1955 1578 1993 :
1609 1941 1746 1995 Ure-

164 2021 308 2076 uius,
343 2008 566 2076 Emitte,
603 2010 839 2074 Domine,
872 2021 966 2062 etc.
1000 2009 1139 2062 Tunc
1167 2010 1334 2062 oleum
1361 2019 1666 2076 reportetur,
1698 2019 1746 2063 et

161 2075 214 2148 in
263 2075 386 2128 loco
424 2095 520 2132 suo
561 2081 838 2148 honorifice
873 2091 1172 2133 reservetur.
1220 2075 1464 2147 Pontifex
1501 2091 1671 2133 autem
1699 2090 1746 2134 et

165 2143 465 2216 Presbyteri
495 2143 909 2218 prosequantur:
940 2150 1039 2204 Per
1068 2165 1224 2217 quem
1257 2143 1599 2214 haec'omnia,
1640 2150 1748 2203 Do-

163 2217 332 2277 mine,
360 2229 458 2271 etc.
489 2219 590 2272 Per
609 2217 805 2281 omnia,
836 2229 931 2274 etc.
963 2220 1155 2274 Libera
1184 2234 1299 2282 nos,
1325 2229 1418 2273 etc.
1447 2220 1546 2274 Per
1567 2221 1744 2273 omnia

161 2287 360 2338 s.rcula
395 2289 738 2349 smculorum.
789 2294 977 2344 Amen.
1007 2289 1153 2343 Tunc
1193 2289 1329 2342 dicat
1357 2290 1606 2343 diaconus
1640 2290 1747 2343 Hu-

162 2357 370 2429 unlia‘te
400 2373 493 2411 vos
517 2359 584 2411 ad
608 2359 1059 2414 Benedictionem.
1086 2359 1153 2412 Et
1172 2362 1456 2429 episcOpus,
1486 2375 1658 2413 versas
1678 2362 1747 2412 ad

159 2425 436 2498 populum,
468 2429 604 2480 dicat
627 2443 648 2482 :
673 2431 955 2483 Benedicat
991 2445 1082 2483 vos
1111 2425 1446 2498 omidpoteus
1468 2429 1628 2496 Deus,
1654 2432 1741 2495 qui

160 2509 253 2559 per
289 2495 563 2565 Uiigeuiti
595 2499 713 2552 Filii
737 2500 814 2553 sui
844 2501 1164 2567 passionem,
1193 2495 1287 2554 etc.
1316 2498 1458 2553 Tunc
1490 2495 1656 2554 versus
1676 2501 1744 2553 ad

163 2567 325 2637 uitare
359 2582 502 2621 more
529 2569 697 2629 solito,
726 2579 903 2623 sancta
931 2577 1134 2635 tenens,
1182 2571 1318 2622 dicat
1342 2585 1360 2622 :
1394 2571 1456 2622 Et
1499 2585 1597 2637 pax
1628 2569 1746 2637 ejus

159 2635 224 2683 sit
248 2649 477 2703 semper
503 2639 802 2699 vobiscum,
830 2651 882 2692 et
903 2656 1023 2692 cum
1043 2641 1250 2708 .spiritu
1276 2651 1384 2694 tuo.
1417 2635 1607 2694 Scliola
1624 2635 1745 2693 can-

159 2711 222 2753 (ct
252 2708 445 2779 Agnus
481 2708 610 2779 Dei,
639 2719 734 2762 ter.
777 2709 900 2763 Non
941 2711 1094 2762 datur
1131 2726 1253 2777 pax.
1302 2709 1502 2775 Oratio,
1533 2708 1740 2779 quando

160 2788 340 2847 sancta,
364 2777 520 2829 mittit
543 2793 564 2832 :
598 2778 636 2830 ll
656 2795 718 2832 rc
745 2789 1080 2834 sacrosancta
1103 2779 1404 2833 commistio
1426 2777 1667 2847 corporis
1690 2789 1744 2834 et

156 2846 436 2921 sanguinis
469 2848 677 2902 Domini
711 2852 875 2904 nostri
906 2849 1029 2904 .Iesu
1053 2849 1247 2903 Chrisui
1279 2851 1441 2921 338
1469 2846 1561 2904 ﬁat
1591 2850 1743 2921 nobis

157 2924 215 2986 et,
250 2916 514 2986 omnibus
542 2923 874 2974 sumentibus
903 2925 1046 2973 salus
1076 2921 1271 2975 mentis
1289 2916 1371 2974 Εἴ
1392 2916 1653 2986 corporis,
1688 2929 1744 2976 et

156 2982 218 3059 ad
244 2985 420 3039 vitam
447 2991 826 3056 capessendam
854 3001 1104 3044 mternam
1133 2993 1446 3059 praeparatio
1468 2982 1738 3045 salutaris.

157 3051 254 3106 Per
282 3051 542 3110 eumdem
575 3059 843 3113 Christum
870 3051 1148 3114 Dominum
1172 3051 1430 3115 nostrum.
1459 3062 1640 3115 Oratio
1668 3062 1740 3114 ad

157 3123 384 3200 funem,
405 3142 423 3178 :
456 3128 680 3183 Domine
703 3143 905 3199 sancte,
939 3131 1097 3185 Pater
1135 3131 1507 3200 omnipotens,
1541 3139 1740 3186 aeterne

1871 537 2179 608 pontiﬁcem.
2224 535 2438 590 Interim
2469 535 2792 591 autem'unus
2833 539 3171 608 subdiaconus
3212 539 3442 608 deferens

1862 607 2128 685 spiculum
2155 623 2272 660 cum
2294 607 2518 661 balsamo
2542 609 2632 661 alii
2659 610 2872 662 diacono
2896 607 3096 676 offerat,
3132 620 3179 663 et
3199 607 3288 665 ille
3308 629 3440 685 pon-

1865 677 2009 744 tifici.
3269 720 3277 726 ,

1941 764 1959 797 ι
1992 745 2132 799 Tunc
2174 747 2468 818 ordinentur
2495 751 2630 803 circa
2658 749 2947 818 episcopum
2977 749 3096 803 hinc
3120 759 3166 802 et
3207 749 3326 804 hinc
3355 769 3442 806 ea-

1864 816 1978 893 dem
2004 817 2330 881 candelabra,
2354 832 2396 872 et
2430 837 2602 893 cruces
2633 829 2678 893 et
2711 816 2990 893 tliuribula,
3023 829 3174 893 atque
3202 819 3443 893 Evange-

1864 886 2010 960 linm,
2044 901 2238 960 necnon
2265 898 2312 960 et
2357 892 2588 958 prwdicti
2624 891 2886 960 duodecim
2920 886 3194 960 presbyteri
3223 886 3372 947 teste;
3389 903 3438 946 et

1863 955 2120 1028 anutores
2149 955 2376 1028 ejusdem
2410 961 2653 1028 mysterii,
2685 959 2755 1010 ila
2785 971 2837 1011 αι
2863 955 3203 1027 άὶάσοηῖροεί
3230 963 3438 1017 donum

1863 1026 2087 1092 episcopi
2115 1024 2262 1078 stent.
2300 1024 2584 1097 Presbgteri
2610 1043 2724 1082 vero
2753 1043 2785 1079 a
2815 1030 3007 1083 dextris
3046 1024 3100 1082 et
3124 1048 3156 1084 a
3183 1031 3400 1087 sinistris
3419 1075 3434 1098 ,

1862 1109 2036 1171 cruces
2063 1111 2180 1171 vero
2205 1107 2249 1147 et
2271 1107 2461 1171 uetera
2491 1099 2726 1171 utrinque
2749 1099 2882 1171 inter
2900 1099 3027 1171 illoi
3053 1101 3238 1171 media.
3265 1102 3431 1171 (Idem

1864 1165 2112 1286 :lIiIl‘uilelll‘
2213 1168 2403 1221 conuii.
2433 1167 2616 1232 Rom,
2643 1165 2802 1236 apud.
2831 1167 2960 1222 0rd.
2988 1168 3233 1236 Vitalem,
3266 1165 3356 1228 lib.
3386 1188 3440 1228 tv

1913 1249 1956 1286 ts
1989 1272 2003 1287 .
2068 1249 2126 1288 cc
2153 1273 2166 1285 .

1913 1242 2003 1287 ιδι.
2035 1242 2166 1288 CCCI.

1940 1320 1958 1353 ε
1997 1302 2096 1378 llis
2125 1305 2195 1356 ita
2223 1307 2447 1378 stafutis,
2476 1314 2729 1361 convertat
2751 1321 2804 1360 se
2822 1323 3107 1378 eptswpus,
3131 1320 3218 1363 aut
3247 1313 3328 1364 cui
3349 1313 3436 1367 ille

1861 1375 2123 1443 praecepit,
2165 1384 2266 1450 tam
2305 1377 2372 1428 ad
2399 1376 2585 1428 clerum
2618 1393 2770 1450 quam
2805 1379 2872 1450 ad
2905 1375 3173 1450 populum,
3200 1391 3246 1432 et
3277 1384 3437 1450 faciat

1859 1459 2140 1515 sermonem
2183 1447 2245 1498 de
2285 1451 2660 1500 consecratione
2707 1447 2996 1499 chrismatis
3047 1447 3431 1515 congruentem.

1859 1510 2002 1565 Tunc
2028 1524 2284 1566 convertat
2311 1532 2364 1568 se
2405 1519 2693 1582 episcopus,
2722 1525 2767 1569 et
2815 1516 2972 1569 intret
3014 1518 3064 1569 in
3095 1510 3436 1575 consecratio-

1860 1597 1973 1654 nem
2001 1584 2303 1654 principalis
2345 1586 2652 1650 chrismatis,
2696 1594 2742 1638 et
2780 1587 2984 1640 me'sceal
3008 1587 3289 1641 balsamum
3317 1607 3436 1645 cum

1858 1651 1987 1726 oleo.
2021 1651 2217 1707 Deinde
2242 1655 2384 1707 halat
2417 1666 2490 1709 ter
2517 1671 2668 1726 super
2699 1656 2859 1726 ips-am
2891 1657 3187 1726 ampullam,
3222 1670 3268 1712 et
3291 1660 3433 1714 dicat

1859 1723 1993 1775 lenta
2012 1738 2130 1776 voce
2157 1727 2494 1778 exorcismum
2521 1723 2808 1780 chrianalis
2839 1726 2954 1778 olei.
2987 1725 3321 1782 Exorcismns
3346 1747 3433 1785 sa-

1857 1793 1933 1844 cri
1963 1793 2096 1865 olei:
2131 1795 2386 1848 Exorcizo
2419 1806 2490 1858 te,
2523 1808 2619 1849 etc.
2653 1794 2796 1848 Tunc
2840 1797 2977 1849 dicat
3021 1797 3431 1865 episcopuscum

1855 1861 2158 1932 presbyteris
2188 1865 2293 1917 alta
2321 1880 2437 1917 voce
2464 1882 2483 1919 :
2512 1865 2612 1926 Per
2659 1866 2838 1920 omnia
2877 1860 3093 1932 Sucula,
3140 1860 3237 1922 etc.
3294 1860 3432 1926 Vere

1853 1931 2095 2003 dignum,
2129 1945 2224 1988 etc.
2259 1934 2356 2002 Qui
2386 1935 2436 1988 in
2472 1936 2731 2003 principio
2763 1937 2900 1989 inter
2927 1943 3152 2000 caetera,
3183 1947 3279 1991 etc.
3331 1938 3428 1994 Fi-

1849 2002 1958 2074 nita
2020 2013 2190 2056 autem
2243 2004 2584 2060 benedctione
2631 2002 2869 2058 dominus
2927 2021 3193 2074 ep'scopus
3243 2011 3432 2064 salutat

1849 2071 2070 2125 chrisma
2096 2073 2311 2146 nudum,
2340 2086 2385 2126 et
2410 2077 2501 2146 qui
2537 2078 2692 2146 juxta
2720 2091 2834 2128 eum
2861 2071 2980 2128 sunt
3008 2071 3221 2130 dicendo
3248 2097 3260 2130 :
3293 2081 3427 2146 Ave,

1849 2151 2092 2196 sanctum
2117 2145 2366 2214 chrisma.
2397 2145 2462 2196 Et
2485 2145 2671 2198 iterum
2694 2162 2783 2214 per
2805 2147 3034 2199 ordinent
3055 2149 3334 2214 descendit,
3358 2145 3428 2204 εἰέ-

1847 2220 1932 2262 cut
1965 2213 2200 2286 ascendit
2223 2253 2237 2277 ,
2287 2223 2334 2266 et
2365 2216 2623 2281 deferatur
2663 2213 2893 2269 omnibus
2928 2227 3166 2286 coaperta
3194 2221 3264 2271 ad
3286 2213 3428 2273 salu-

1847 2281 2082 2352 tandum.
2133 2281 2250 2335 Hoc
2280 2287 2417 2350 facto
2452 2301 2648 2338 summo
2692 2287 2880 2338 honore
2906 2281 3228 2352 procuretur,
3269 2305 3430 2351 usque

1847 2352 1970 2402 dum
1999 2351 2161 2422 altera
2183 2355 2413 2419 ampulla
2439 2357 2698 2420 ascendat,
2731 2365 2778 2408 et
2817 2351 2999 2408 iterant
3038 2351 3332 2422 descendat,
3367 2373 3426 2413 ut

1847 2421 2322 2498 ainbteitonoriﬁce
2344 2423 2413 2476 ad
2457 2423 2630 2498 locum
2659 2441 2809 2498 suum
2835 2427 3068 2498 redeant.
3105 2426 3181 2479 De
3204 2445 3263 2481 eo
3287 2421 3425 2498 quod

1847 2489 2092 2568 ampulla
2104 2493 2408 2568 quibusdam
2435 2495 2588 2568 nuda,
2624 2494 2928 2568 quibusdam
2957 2512 3070 2550 vero
3095 2489 3329 2568 co_0perta
3358 2501 3426 2553 ad

1847 2559 2180 2614 salutandum
2206 2563 2455 2631 defertur,
2485 2559 2608 2617 dicit
2634 2559 2837 2618 libellus
2874 2565 3093 2619 Romani
3128 2559 3338 2622 Oidinis
3368 2573 3424 2623 in

1845 2633 2222 2707 consecratione
2249 2633 2557 2707 chrismatis.
2591 2634 2857 2707 Continuo
2877 2635 2981 2707 duo,
3023 2639 3250 2707 acolythi
3274 2641 3424 2693 invo-

1847 2699 1981 2753 lutas
2007 2703 2133 2755 duas
2159 2703 2412 2770 ampullas
2437 2719 2551 2757 cum
2570 2705 2785 2758 sindone
2804 2703 2920 2757 albo
2951 2706 3015 2759 de
3040 2699 3200 2760 serico
3219 2717 3424 2763 teneant

1847 2770 1899 2821 in
1921 2772 2126 2824 brachio
2153 2773 2379 2839 sinistro,
2412 2776 2485 2827 ita
2513 2785 2568 2827 ut
2596 2775 2758 2828 videri
2790 2776 2983 2842 possint
3013 2793 3044 2828 a
3074 2778 3259 2832 medio.
3293 2781 3422 2831 Am-

1850 2841 1994 2906 pulla
2019 2852 2290 2915 antequam
2320 2845 2483 2898 veniat
2508 2845 2575 2898 ad
2599 2841 2891 2915 episcopum
2919 2847 2985 2897 ad
3028 2846 3211 2911 altare,
3253 2851 3423 2902 media

1847 2925 1967 2978 pars
1993 2913 2108 2987 ejus
2132 2922 2205 2966 est
2233 2923 2491 2983 cooperta,
2511 2925 2572 2987 et
2584 2913 2779 2987 inedia
2798 2916 2957 2970 nuda.
2987 2916 3150 2986 339
3179 2919 3426 2987 Ampulla

1849 2995 1966 3033 cum
1997 2982 2268 3056 chrismate
2295 2982 2550 3056 quomodo
2581 2984 2734 3056 [Leg.
2752 2982 3196 3056 quodant‘niodo]
3223 2982 3426 3056 signi/i-

1846 3062 1927 3102 cat
1949 3066 2131 3127 corpus
2145 3052 2351 3127 Domini
2379 3052 2632 3125 sumptum
2654 3052 2718 3127 ne
2750 3052 2973 3126 Virgine,
2991 3057 3127 3123 quod
3155 3052 3426 3127 antequam

1851 3122 2085 3196 transiret
2109 3123 2177 3175 ad
2213 3124 2373 3177 altare
2409 3122 2591 3196 crucis,
2619 3125 2793 3194 aliqua
2825 3122 3052 3193 tempore
3079 3136 3186 3180 erat
3212 3122 3422 3196 cooper-

158 3195 318 3272 licus,
350 3198 422 3249 da
451 3200 580 3272 mihi
623 3202 722 3254 hoc
745 3192 936 3272 corpus
973 3212 1028 3255 et
1046 3192 1364 3272 sanguinein
1393 3192 1611 3264 Christi,
1639 3210 1736 3272 etc.

1851 3201 1976 3254 tum,
2006 3192 2177 3272 _aliq_uo
2207 3197 2424 3272 nudum.
2456 3193 2633 3272 Primo
2677 3192 2900 3272 temper
2932 3192 3056 3272 erat
3102 3192 3420 3266 conpertum,

158 3261 344 3338 Oratio
392 3268 460 3319 ad
491 3265 732 3322 Filium:
763 3261 986 3324 Domine
1034 3261 1181 3325 Jesu'
1208 3269 1442 3338 Christe,
1494 3261 1607 3324 Fili
1645 3271 1738 3325 Dei

156 3334 282 3397 vivi,
311 3347 420 3411 etc.
444 3338 592 3392 Tunc
612 3341 944 3394 communicet
964 3341 1105 3394 solus
1130 3341 1378 3410 pontifex,
1402 3334 1449 3394 et
1471 3358 1570 3395 non
1591 3345 1739 3411 fran-

155 3415 238 3474 gat
268 3407 502 3472 oblatas,
532 3412 632 3463 nisi
658 3427 771 3463 eam
795 3411 959 3465 solam
988 3407 1237 3466 undeille
1258 3407 1612 3464 communicat.
1659 3410 1736 3466 De

155 3479 414 3546 sanguine
461 3493 632 3534 autem
675 3491 886 3534 reservet
935 3482 986 3534 in
1027 3484 1183 3536 calice
1221 3482 1290 3534 ad
1336 3482 1738 3535 communionem

155 3548 598 3621 presbyterorum,
637 3562 684 3604 et
714 3551 894 3621 reliqui
919 3552 1062 3605 cleri.
1101 3551 1281 3606 Oratio
1311 3553 1514 3620 quando
1544 3554 1737 3607 sumit:

158 3615 444 3686 I'ercépiio
474 3615 713 3688 corporis
742 3632 793 3675 et
820 3615 1110 3689 "sanguinis,
1143 3633 1238 3676 etc.
1273 3615 1390 3675 Alia
1421 3637 1438 3675 :
1464 3621 1614 3688 Quod
1645 3637 1740 3678 ore

154 3691 393 3760 sumpsi,
443 3690 687 3754 Domine,
736 3701 914 3745 mente
961 3692 1188 3760 capiam,
1221 3701 1278 3747 ut
1323 3693 1388 3747 de
1433 3706 1657 3760 corpore
1685 3703 1740 3747 et

155 3759 426 3834 sanguine
457 3761 664 3815 Domini
708 3763 873 3834 nostri
910 3759 1041 3834 Jesu
1066 3764 1379 3834 Christiliat
1409 3759 1540 3816 milii
1568 3779 1735 3818 reme-

155 3829 297 3880 dium
323 3834 740 3898 sempiternum.
772 3832 871 3886 Per
891 3833 1134 3886 eumdem
1159 3832 1429 3887 Christum
1457 3834 1737 3886 Dominum

158 3909 435 3971 It-Istrttm,
465 3904 655 3955 Amen.
679 3901 822 3953 Tunc
842 3904 1160 3971 cooperiatur
1179 3904 1314 3956 calix
1332 3919 1450 3956 cum
1471 3905 1736 3971 sanguine,

155 3976 198 4018 et
225 3968 461 4042 oblatae;
503 3982 550 4024 et
593 3973 826 4024 dominas
855 3968 1118 4040 episcopus
1146 3973 1384 4026 adhibeat
1423 3968 1736 4042 presbyteros

155 4049 199 4088 et
229 4040 507 4111 diaconos,
532 4044 621 4111 qui
648 4043 862 4096 sollicite
893 4045 1203 4095 custodiant.

226 4127 244 4158 ε
286 4109 438 4182 Tunc
453 4109 691 4165 dominus
717 4114 978 4182 episcopus
1008 4114 1156 4166 vadat
1180 4113 1248 4166 ad
1271 4113 1438 4169 sedem
1459 4128 1604 4166 suam
1622 4129 1738 4164 cum

153 4175 460 4233 diae-ortibus
491 4192 538 4234 et
583 4175 1219 4252 exspectetfexspectante
1262 4198 1379 4236 vero
1419 4185 1469 4234 in
1497 4183 1612 4235 sede
1641 4199 1736 4236 sua

157 4252 423 4318 pontifice,
452 4253 654 4304 veniant
676 4255 743 4305 ad
769 4254 1048 4306 sacrarium
1075 4253 1339 4305 duodecim
1373 4253 1670 4321 presbyteri,
1691 4263 1737 4306 et

155 4327 321 4373 ca'teri
352 4323 549 4387 clerici,
579 4335 822 4389 quantum
851 4339 978 4389 opus
1020 4323 1106 4387 sit,
1151 4327 1217 4376 ad
1248 4324 1576 4388 deferendum
1623 4339 1738 4376 cum

157 4395 289 4442 omni
319 4393 506 4445 decore
531 4397 697 4446 oleum
726 4395 1014 4459 chrismale,
1043 4405 1091 4446 et
1119 4395 1266 4446 etiam
1296 4395 1462 4446 oleum
1495 4392 1736 4446 catechu-

158 4476 421 4513 menorum
471 4475 517 4515 et
566 4465 952 4533 neaphytorum,
998 4480 1150 4529 usque
1191 4465 1243 4515 in
1289 4462 1592 4529 Ecclesium,
1619 4475 1739 4517 ante

159 4537 471 4599 episcopum.
507 4533 622 4587 Sint
667 4537 798 4586 enim
839 4535 1006 4600 parati
1043 4535 1197 4586 iidem
1229 4533 1524 4601 presbyteri,
1547 4543 1594 4586 et
1623 4549 1736 4586 cum

159 4603 228 4653 eis
249 4603 422 4655 cceteri
449 4604 624 4656 clerici
643 4604 830 4656 casulis
853 4615 898 4656 et
919 4605 1222 4656 solemnibus
1244 4605 1566 4657 vestimentis.
1593 4603 1737 4657 Tunc

163 4674 256 4723 duo
298 4674 528 4741 acolytlti
568 4676 874 4740 accipientes
921 4675 1050 4726 duas
1086 4673 1204 4726 illas
1246 4674 1502 4740 ampullas
1530 4690 1645 4742 qua:
1671 4677 1737 4726 ad

160 4744 387 4795 chrisma
412 4756 459 4795 et
491 4744 558 4795 ad
589 4745 759 4797 oleum
804 4744 1274 4796 catechumenorum
1317 4747 1600 4796 Consecrari
1651 4745 1741 4796 tle-

163 4811 272 4864 bent
293 4856 308 4877 ,
354 4824 404 4866 et
441 4817 722 4882 procedant
755 4814 850 4882 (Ita
881 4816 932 4866 in
964 4813 1158 4866 Ordine
1192 4814 1488 4879 Romano);
1521 4823 1567 4866 et
1599 4814 1740 4866 ordi—

169 4895 275 4934 ιιτηι
307 4901 362 4935 se
390 4885 468 4936 illi
501 4883 788 4952 Presbyteri
812 4897 855 4936 et
877 4885 1105 4952 prtedicti
1127 4883 1318 4946 clerici,
1347 4883 1439 4936 rite
1459 4892 1506 4934 et
1533 4887 1741 4936 ordina-

165 4954 296 5010 liter.
327 4956 400 5004 ita
428 4968 481 5005 ut
509 4956 728 5019 priurum
759 4955 1013 5006 ambulent
1040 4956 1139 5005 duo
1163 4953 1385 5021 acolytlti
1409 4969 1523 5004 cum
1552 4955 1740 5007 cande-

166 5025 339 5086 labris,
375 5035 419 5076 el
450 5024 744 5076 ardentibus
770 5039 865 5074 cer.
883 5025 944 5078 is.
980 5023 1173 5074 Deinde
1196 5033 1457 5090 portentur
1484 5024 1600 5075 dua:
1625 5040 1739 5074 cru-

164 5109 260 5151 ces.
304 5104 352 5145 et
398 5096 526 5146 inter
553 5095 672 5145 illas
703 5095 922 5145 mediun
964 5095 1232 5145 cltriunale
1274 5094 1458 5144 oleant.
1505 5093 1629 5144 Post
1652 5108 1738 5146 eas

164 5174 429 5228 portentur
453 5165 556 5216 duo
601 5165 858 5215 thuribula
899 5179 1012 5215 cum
1036 5166 1256 5225 incenso,
1295 5173 1340 5215 et
1366 5165 1497 5215 inter
1522 5164 1612 5215 illa
1637 5180 1737 5214 me-

167 5236 303 5284 dium
333 5236 498 5286 oleum
529 5235 1025 5286 catechumenorum.
1069 5232 1279 5302 Deinde
1310 5242 1537 5302 portetur
1571 5233 1738 5285 Evan-

164 5305 353 5370 gcliurn
373 5344 388 5364 ,
432 5313 484 5355 ut
526 5307 799 5371 impleatur
828 5320 974 5355 omne
1011 5304 1220 5356 donum.
1252 5301 1439 5355 Postea
1468 5313 1740 5369 sequantur

166 5378 264 5424 bini
295 5387 342 5425 et
372 5375 473 5425 bini
499 5374 577 5425 illi
610 5374 878 5441 duodecim
910 5376 1184 5441 presbyteri
1206 5385 1351 5424 testes
1375 5383 1420 5425 et
1441 5383 1741 5437 coOperato-

166 5460 242 5494 res
269 5447 496 5509 ejusdem
526 5437 836 5495 sacrosancti
867 5437 1154 5494 chris-malis
1178 5445 1422 5511 mysterii,
1447 5445 1671 5511 acolyt/ii
1695 5450 1740 5495 et

166 5515 487 5577 subdiaconi,
520 5526 616 5566 etc.
649 5513 793 5566 Stent
826 5515 875 5564 in
903 5515 1078 5564 ordine
1103 5529 1196 5565 suo
1218 5516 1494 5564 secundum
1525 5517 1741 5581 gradum

167 5599 377 5646 eorum,
410 5585 493 5634 ubi
534 5583 826 5635 ascenditur
865 5583 930 5633 ad
960 5585 1145 5646 altare,
1176 5591 1374 5633 tantum
1403 5592 1454 5634 ut
1497 5585 1743 5635 diaconus

165 5665 226 5702 ω
252 5663 425 5705 sextus
451 5658 503 5705 in
532 5653 848 5705 eminentiori
876 5653 988 5705 loco
1010 5692 1024 5715 ,
1055 5663 1102 5705 et
1126 5654 1276 5720 juxta
1306 5653 1743 5716 archidiaconum,

171 5738 249 5783 ἰω
297 5721 635 5790 Evangelium
681 5723 902 5790 legebat;
939 5733 986 5775 et
1022 5722 1097 5776 ita
1141 5723 1420 5774 involutam
1461 5723 1743 5788 ampullam

168 5794 500 5860 suscipientes
526 5810 615 5862 per
636 5795 861 5846 ordinent
886 5803 939 5845 ut
959 5793 1201 5847 ascendat
1215 5808 1234 5856 ;
1263 5802 1444 5847 etcum
1466 5795 1743 5864 pervenerit

593 5892 862 5952 ΡΑΤιιοι.
910 5892 1257 5953 LXXVIII.

1843 3261 2050 3330 quando
2093 3261 2168 3315 ita
2215 3265 2348 3334 fugit
2389 3267 2440 3317 in
2489 3261 2823 3334 rEgyptum‘,
2854 3261 3001 3335 quasi
3033 3281 3133 3319 non
3163 3261 3290 3322 eiset
3333 3261 3428 3323 res:

1843 3345 2060 3401 regum;
2098 3345 2144 3386 et
2179 3336 2382 3407 quando
2413 3336 2485 3387 ita
2513 3344 2846 3407 portatus_est
2878 3337 2932 3389 in
2970 3335 3236 3404 templum,
3279 3339 3428 3407 quasi

1841 3412 2102 3477 non‘esset
2137 3406 2482 3473 omnipotens,
2511 3414 2559 3458 et
2591 3405 2796 3472 quando
2823 3407 2895 3459 ita
2939 3418 3043 3458 erat
3074 3405 3305 3477 subditus
3331 3425 3427 3477 pa-

1841 3473 2068 3547 rentibus
2090 3513 2104 3538 ,
2146 3477 2296 3543 quasi
2337 3484 2518 3528 auctor
2541 3492 2653 3547 non
2681 3485 2808 3547 eiset
2835 3485 3124 3547 parentum.
3156 3475 3221 3530 In
3267 3473 3346 3531 his
3373 3487 3425 3531 et

1841 3543 2088 3596 similibus
2109 3553 2403 3616 coopertum
2432 3543 2636 3616 latebat.
2672 3543 2889 3598 Nudum
2913 3558 3020 3599 erat
3044 3555 3312 3616 postquam
3329 3553 3426 3601 mi-

1843 3615 2019 3686 racula
2047 3614 2194 3682 cwpit
2223 3614 2408 3686 facere,
2441 3614 2693 3686 simulque
2722 3614 3053 3684 prtedicare,
3080 3629 3125 3668 et
3165 3634 3220 3670 se
3260 3617 3427 3672 Deum

1842 3683 2212 3754 demonstrare,
2235 3693 2287 3736 ut
2308 3685 2470 3754 inquit
2499 3702 2516 3738 :
2544 3683 2654 3754 Ego
2677 3683 2731 3738 et
2760 3687 2917 3741 Pater
2939 3701 3100 3740 unum
3123 3700 3326 3741 smnus.
3353 3687 3422 3742 In

1840 3753 1920 3826 his
1946 3764 1993 3806 et
2021 3753 2142 3826 aliis
2167 3754 2361 3826 nudum
2388 3764 2519 3808 erat.
2548 3753 2792 3825 Ampulla
2830 3772 2943 3810 vero
2971 3766 3242 3826 postquam
3271 3759 3421 3812 bene-

1841 3823 1982 3875 dicta
2011 3824 2185 3893 fuerit,
2203 3825 2266 3880 ab
2291 3827 2445 3878 altari
2467 3827 2619 3889 redit,
2643 3823 2757 3894 qute
2782 3845 2814 3880 a
2841 3823 3078 3894 pontiﬁce
3099 3823 3146 3880 et
3176 3829 3422 3882 ministris

1840 3895 2020 3966 altaris
2047 3895 2255 3948 visibilis
2284 3907 2333 3949 et
2361 3897 2500 3949 nuda
2527 3897 2807 3951 salutatur.
2842 3896 2957 3951 Hoc
2986 3897 3259 3966 significat,
3278 3904 3414 3966 quod

1840 3963 2091 4021 Christus.
2119 3976 2386 4034 postquam
2414 3966 2477 4019 ab
2513 3967 2673 4020 altari
2698 3967 2865 4021 crucis
2890 3963 3064 4031 exivii,
3098 3963 3421 4034 prwsea‘tiam

1840 4035 2158 4103 corporalem
2187 4038 2255 4106 eis
2285 4035 2500 4106 praebuit
2521 4077 2536 4100 ,
2562 4047 2867 4106 quostestes
2894 4052 3002 4090 sua:
3031 4040 3415 4092 resurrectionis

1840 4119 1944 4156 esse
1960 4106 2150 4174 voluit.
2179 4105 2325 4169 Quod
2345 4106 2539 4159 cceteris
2562 4105 2829 4159 invisibilis
2850 4113 2896 4159 et
2922 4114 3161 4174 cooperta
3182 4107 3250 4158 ad
3269 4110 3419 4161 salu-

1842 4173 2054 4245 tandum
2092 4175 2350 4245 defertur,
2385 4175 2638 4245 signiﬁcat
2667 4179 2804 4244 quod
2841 4173 3073 4228 Christus
3119 4176 3319 4229 rediens
3368 4181 3423 4230 in

1840 4243 2020 4296 ctelum
2043 4245 2302 4298 invisibilis
2330 4243 2619 4298 hominibus
2645 4243 2810 4312 factus
2829 4254 2924 4313 est,
2951 4253 3004 4297 ut
3034 4246 3141 4311 ipse
3167 4254 3378 4299 testatur
3400 4263 3419 4300 :

1842 4315 2001 4384 Exivi
2033 4329 2063 4364 a
2093 4313 2268 4378 Patre,
2297 4325 2352 4368 et
2377 4315 2497 4368 veni
2528 4319 2577 4368 in
2609 4316 2905 4380 mundum;
2954 4316 3145 4369 iterum
3179 4317 3425 4384 relinquo

1843 4382 2120 4456 mundum,
2152 4393 2206 4438 et
2235 4385 2369 4439 vado
2390 4384 2711 4456 adVPatrem.
2747 4383 2856 4456 Nos
2895 4401 3013 4438 vero
3042 4386 3272 4454 quamvis
3291 4382 3424 4456 prte-

1840 4455 2052 4508 sentiam
2089 4456 2198 4524 ejus
2235 4455 2548 4523 corporalem
2585 4470 2686 4508 non
2724 4455 2986 4509 videamus
3009 4495 3024 4522 ,
3063 4464 3234 4509 tamen
3274 4455 3424 4511 vene-

1843 4526 2007 4578 rando
2035 4527 2259 4592 quotidie
2288 4541 2401 4578 eum
2431 4529 2741 4578 salutamus.

1919 4614 1936 4646 ι
1971 4593 2161 4660 Incipit
2182 4599 2491 4648 exorcismus
2513 4597 2632 4661 olei,
2659 4611 2756 4662 quo
2779 4593 3006 4664 uagandi
3034 4604 3151 4647 sunt
3177 4597 3424 4650 catechu-

1838 4667 1990 4718 meni.
2025 4667 2365 4718 Descendente
2391 4674 2559 4718 autent
2587 4665 2817 4734 ampulla
2841 4681 2957 4716 cum
2989 4666 3286 4732 chrismate,
3314 4677 3426 4720 δια-

1840 4747 1928 4788 tm
1978 4736 2084 4788 alia
2127 4751 2243 4786 cum
2283 4737 2394 4788 oleo
2442 4736 2912 4788 catechumenol'unt
2964 4736 3235 4801 ascendat,
3288 4739 3424 4790 sicut

1839 4810 2002 4875 prior,
2032 4821 2192 4874 usque
2234 4815 2352 4858 ante
2375 4807 2704 4875 episcopum;
2735 4817 2780 4856 et
2809 4805 2944 4858 halet
2971 4821 3023 4857 tn
3066 4807 3250 4874 ipsam,
3294 4809 3424 4860 sicut

1841 4892 1893 4927 tn
1919 4878 2172 4942 priorem;
2197 4885 2241 4928 et
2271 4877 2322 4927 in
2349 4876 2524 4945 primis
2555 4876 2711 4945 faciat
2739 4877 2783 4927 ei
2813 4875 3173 4938 exorcismunt,
3201 4876 3426 4945 etdbene-

1841 4947 1979 5016 dicat
2007 4961 2120 4999 eam
2147 4947 2295 5015 quasi
2326 4943 2496 5016 legens
2526 4943 2815 4998 lectionem.
2855 4945 3183 5016 Eam-cistam
3227 4943 3422 5010 Griece,

1848 5015 2028 5069 La:ine
2058 5017 2342 5086 cbnjuratio
2373 5015 2465 5068 seu
2493 5031 2655 5068 sermo
2685 5015 3047 5086 increpationis
3077 5023 3149 5066 est
3162 5017 3424 5086 adversus

1848 5087 2125 5152 diabolum,
2145 5082 2215 5138 'ut
2264 5086 2526 5148 discedat;
2571 5095 2633 5152 et,
2663 5085 2984 5136 concluditur
3027 5099 3118 5149 per
3148 5082 3424 5137 Dominum

1848 5167 2078 5209 nostrum
2105 5151 2284 5209 Jesum
2308 5155 2563 5209 Christum
2587 5151 2782 5206 Filium
2803 5163 2968 5215 tuum,
2993 5153 3080 5220 qui
3094 5162 3330 5206 venturus
3349 5169 3421 5207 est

1839 5228 2077 5297 judicare
2120 5228 2253 5277 rivos
2295 5235 2342 5278 et
2384 5233 2610 5297 mortuos
2644 5233 2690 5276 et
2730 5223 2977 5297 steculum
3007 5237 3097 5289 per
3137 5223 3322 5297 ignem.
3359 5223 3424 5276 In

1847 5292 1940 5349 illo
1971 5299 2079 5349 oleo
2109 5304 2372 5364 unguntur
2399 5293 2764 5357 catecltumeni,
2794 5300 2847 5342 ut
2867 5292 2911 5342 si
2942 5307 3056 5358 qua:
3080 5292 3301 5364 macula:
3329 5303 3428 5346 att-

1848 5369 2099 5419 ha’serunt
2124 5362 2325 5434 corpori
2360 5373 2446 5416 aut
2484 5364 2674 5434 menti,
2721 5370 2985 5434 postquam
3019 5362 3088 5413 ad
3107 5363 3421 5434 scrutinium

1847 5430 2470 5499 accesserunt,'recedant
2501 5433 2674 5504 [Adde
2707 5430 3018 5504 particulam
3049 5430 3150 5502 et],
3189 5432 3424 5502 deinceps

1846 5507 2215 5558 munimentum
2244 5505 2460 5556 habeant
2483 5501 2572 5572 per
2603 5502 2734 5553 hanc
2757 5501 3063 5572 unctionem,
3090 5501 3145 5553 ut
3172 5517 3274 5554 non
3303 5501 3420 5570 pos-

1845 5579 1908 5630 sit
1937 5574 2173 5627 d.abolus
2206 5570 2492 5643 repedare;
2517 5581 2569 5624 ut
2602 5572 2889 5643 hazct'erba
2916 5570 3177 5624 Orationis
3206 5575 3395 5626 demon

1844 5656 2008 5700 strant
2043 5640 2300 5697 dicendo:
2356 5644 2423 5698 Ut
2453 5644 2498 5696 si
2526 5656 2646 5711 qua:
2686 5641 2790 5694 illis
2821 5640 3220 5711 adversantium
3261 5643 3420 5710 spiri-

1848 5728 1994 5770 tuum
2027 5715 2338 5769 inhaeserint
2372 5710 2618 5778 maculae,
2660 5712 2724 5764 ad
2760 5720 2958 5763 tactum
2991 5710 3165 5766 sancti
3196 5713 3298 5765 olei
3326 5715 3426 5765 lm-

1837 5788 1929 5858 jus
1952 5800 2142 5842 omnes
2163 5786 2472 5845 abscedant.
2489 5781 2820 5838 Exorcismus
2845 5783 3073 5852 ejusdem
3099 5783 3198 5836 olei
3223 5783 3428 5837 :Exor-

3031 5879 3105 5940 11
