3988 6332
562 384 661 438 ως

1313 383 1374 434 ΙΝ
1417 381 1471 434 S.
1514 378 1834 434 GREGORII
1878 377 2132 432 LIBRUM
2175 377 2777 431 SACRAllliNTORUM
2821 374 3050 429 NOT/E.

3715 378 3824 432 336

564 495 910 563 Print-ipiam,
944 503 1067 546 tom.
1097 493 1158 545 Ill
1189 512 1199 542 :
1246 503 1265 526 τι
1297 494 1455 557 Quem
1485 492 1744 563 notarium
1771 505 2032 563 possumus
2059 491 2110 540 in
2167 504 2214 550 Α
2243 499 2326 540 tur
2355 489 2514 563 etiam
2559 488 2697 540 ecrei
2731 488 2990 563 paschalis
3033 490 3336 563 llcttedictio
3357 491 3496 563 ,sed
3517 507 3582 544 an
3607 493 3677 546 ab
3711 495 3826 561 ipsa

561 560 818 632 telligere,
889 560 1110 632 quodam
1173 565 1431 630 signorum
1498 561 1796 632 compendio
1851 560 2132 632 breviatum

567 628 831 704 Evangelii
879 628 1529 704 strict-umqumsermonem
1577 630 1819 704 exaravit;
1883 628 2029 704 Unde
2081 629 2132 680 in

563 699 766 755 Gloss’is
809 703 1122 755 Philoxeni:
1180 701 1880 772 Notarius,cupatoypu-pog,
1931 699 1978 750 id
2033 711 2132 758 est,

563 785 802 824 notarum
834 774 1081 836 scriptor,
1111 773 1198 838 qui
1229 786 1257 823 τι
1290 770 1536 838 Synesio,
1560 769 1840 840 repisrtLtil,
1865 772 2137 840 ταχυγρά·

562 862 670 913 φος,
701 843 757 913 id
789 851 889 902 est,
921 837 1171 913 velociter
1195 837 1446 913 scriben:
1468 879 1483 903 ,
1514 848 1566 913 et
1595 853 1622 889 a
1653 837 1975 913 Philostrato
1999 837 2134 913 ,lili.

563 908 672 989 ide
701 908 814 964 Vita
847 912 1110 979 Apollonii
1138 951 1153 975 ,
1213 925 1329 978 cap.
1386 908 1467 972 15,
1521 911 1590 968 εἰς
1637 910 1805 977 τάχος
1829 910 2031 979 γράφων
2058 909 2138 960 di-

563 991 720 1033 Clllll’.

632 1050 894 1101 Cmterum
927 1049 978 1102 in
1008 1048 1205 1102 Ordine
1247 1049 1516 1107 Romano,
1550 1049 1601 1100 in
1626 1045 1908 1099 Codicibus
1947 1044 2136 1097 them.

562 1130 613 1172 et
636 1116 801 1188 34!.
829 1118 1033 1172 Ratoldi
1061 1160 1074 1178 ,
1123 1129 1177 1172 et
1204 1118 1254 1172 in
1281 1117 1592 1187 quibusdam
1618 1117 1737 1188 aliis
1765 1116 2137 1188 Sacramenta-

565 1189 660 1240 riis
709 1186 793 1243 hic
842 1198 968 1242 ante
1017 1191 1267 1242 lecriones
1303 1186 1478 1241 exstat
1522 1186 1820 1239 benedimio
1861 1187 2000 1238 cerei
2050 1201 2140 1248 pa-

568 1258 787 1322 schalis,
816 1259 966 1324 Cujus
999 1259 1305 1327 prtelndium
1346 1268 1425 1311 est
1453 1275 1465 1310 :
1503 1256 1734 1308 Etrsultet
1757 1257 1872 1327 jam
1910 1254 2138 1327 angelica

569 1327 716 1379 turba
742 1324 1018 1392 calorum,
1045 1331 1183 1390 quod
1214 1329 1424 1394 quidem
1454 1333 1626 1379 exstat
1667 1327 1718 1377 in
1745 1324 1942 1377 Ordine
1971 1324 2139 1376 Μίδεω

577 1397 964 1459 Ambrosianus,
999 1399 1088 1450 sed
1122 1399 1319 1465 reliqua
1353 1397 1741 1450 Benedictionis
1773 1396 1988 1465 loirmula
2015 1394 2142 1465 u-ttl-

570 1477 680 1517 tum
748 1469 815 1518 ab
875 1462 1376 1532 u-ilatadiscrepat.
1419 1466 1471 1517 lu
1502 1465 1783 1517 Codicibus
1813 1462 2045 1516 Rodradi
2088 1474 2141 1516 et

575 1536 860 1590 R'hvmensi
891 1537 1113 1592 formula
1143 1535 1524 1589 liene-dicionis
1563 1536 1611 1586 in
1639 1533 1850 1586 duobus
1879 1548 1907 1584 a
1937 1533 2136 1601 vulgari

573 1607 779 1669 (infert,
815 1610 984 1672 primo
1031 1604 1147 1670 quia
1178 1605 1362 1657 tllllu-e
1390 1605 1518 1656 satis
1547 1618 1703 1671 apum
1738 1602 1921 1655 laudes
1953 1617 2135 1672 perse-

577 1679 756 1744 quitur
783 1671 835 1730 in
867 1677 1005 1728 hunc
1033 1677 1242 1727 modum
1269 1690 1283 1727 :
1331 1673 1354 1710 b
1404 1675 1534 1737 Apes
1564 1674 1757 1744 rimeris
1783 1689 1847 1740 qu
1867 1671 2142 1744 v__subjecta

577 1741 690 1799 sunt
711 1747 900 1798 homini
925 1746 1265 1797 animantibus
1288 1744 1542 1796 antecellit
1567 1741 1781 1811 (Virgil.
1809 1758 1858 1794 tv
1885 1741 2095 1810 Georg.)
2124 1758 2136 1792 ε

578 1833 692 1868 cum
723 1816 787 1867 sit
833 1817 1042 1896 minima
1079 1817 1304 1884 corporis
1357 1813 1598 1892 parvitate
1621 1848 1645 1901 ,ι
1681 1814 1904 1901 ingentes
1945 1813 2142 1901 plumas
2177 1841 2220 1901 Β

579 1895 798 1954 angusto
829 1895 988 1938 versat
1017 1885 1068 1936 in
1092 1881 1320 1950 pecore;
1355 1881 1538 1935 viribus
1559 1881 1848 1942 imbecillis,
1881 1881 1971 1932 sed
1996 1882 2143 1954 {ortis

579 1952 800 2027 ingenio.
843 1954 969 2027 Ila‘c
995 1955 1257 2021 explorata
1294 1962 1573 2018 temporum
1609 1953 1744 2027 vice,
1771 1952 2145 2027 cttnrcanitietn

583 2019 823 2091 pruinosa
869 2019 1075 2075 hiberna
1123 2033 1434 2091 posuerunt,
1479 2030 1524 2072 et
1561 2021 1775 2087 glaciale
1798 2022 1991 2091 senium
2012 2019 2149 2071 verni

585 2090 823 2162 tetnporis
853 2090 1432 2162 male:ata'_deterserint
1450 2129 1465 2152 ,
1484 2091 1652 2142 statim
1681 2090 1971 2162 prodeundi
1985 2091 2050 2162 ad
2073 2091 2148 2162 ln-

584 2159 750 2218 burem
789 2179 911 2216 cura
964 2160 1219 2222 succedit,
1254 2161 1588 2229 dispersteque
1621 2176 1707 2224 per
1741 2175 1890 2228 agros
1911 2199 1923 2221 ,
1954 2159 2148 2211 libratis

585 2237 850 2300 paululum
888 2233 1067 2299 pennis
1093 2271 1108 2291 ,
1138 2231 1364 2282 cruribus
1387 2232 1642 2295 suspensis
1671 2231 1890 2280 insidunt
1917 2269 1931 2300 ,
1967 2231 2149 2294 partint

585 2298 670 2357 ore
699 2307 859 2372 legere
893 2298 1187 2372 ﬂosculus,
1218 2302 1423 2372 partinr
1444 2308 1663 2372 onerata;
1712 2298 2006 2372 victualibus
2047 2313 2150 2372 sum

586 2375 652 2426 ad
678 2368 845 2426 castra
871 2381 1129 2432 remeant;
1153 2370 1318 2437 ibique
1357 2369 1472 2423 alite
1500 2368 1837 2421 inantimtbili
1865 2377 1970 2420 arte
2001 2368 2152 2437 cellu-

583 2450 660 2496 las
690 2445 851 2497 tenari
883 2444 1078 2505 glutino
1124 2435 1379 2492 instruunt
1406 2482 1420 2504 ,
1469 2440 1586 2509 alite
1623 2439 1862 2501 liquentia
1893 2435 2042 2509 mellu
2069 2439 2154 2489 sti.

587 2524 728 2579 print,
753 2515 1073 2565 alia'vertnnt
1087 2512 1237 2578 ﬂores
1257 2514 1306 2560 in
1329 2507 1642 2579 cei-amolita
1661 2516 1908 2579 orenatos
1930 2507 2148 2576 ﬁngunt,

583 2575 700 2637 alite
719 2575 948 2636 collectis
980 2597 1004 2632 e
1046 2575 1182 2647 [aliis
1213 2590 1386 2632 nectar
1411 2578 1694 2631 includunt.
1743 2575 1787 2630 0
1835 2592 1943 2629 vere
1986 2575 2149 2641 beata,

585 2666 630 2704 et
655 2655 885 2704 amabilis
914 2666 1033 2717 apes
1053 2690 1067 2712 ,
1099 2650 1246 2718 cujus
1277 2666 1367 2700 nec
1397 2663 1571 2700 sexum
1598 2648 1808 2700 masculi
1833 2647 2042 2710 violant,
2075 2649 2152 2714 fe-

585 2736 664 2774 tus
689 2739 787 2774 non
817 2732 1096 2789 quassant,
1130 2735 1218 2772 nec
1248 2720 1344 2784 ﬁlii
1373 2721 1635 2789 distrunnt
1664 2720 1979 2779 castitatem;
2025 2720 2156 2768 sicut

585 2803 761 2844 sancta
799 2788 1023 2860 cancepit
1054 2791 1192 2857 virgo
1223 2789 1429 2860 Maria“,
1462 2788 1599 2858 virgo
1630 2789 1842 2854 peperit,
1872 2790 2010 2856 virgo
2041 2799 2156 2853 per-

589 2864 788 2914 mansit.
821 2857 1019 2914 Dcinde
1050 2861 1326 2927 sequitur:
1379 2857 1424 2910 O
1457 2857 1569 2908 vere
1599 2861 1744 2927 beata
1781 2871 1901 2914 nox,
1929 2872 2041 2924 qua:
2071 2871 2154 2908 ea:-

591 2930 818 2998 tpoliavit
849 2926 1148 2998 zEgyptios,
1181 2941 1283 2982 etc.
1326 2927 1572 2981 Secundo
1613 2929 1663 2998 in
1694 2926 1798 2980 line
1828 2927 2155 2998 Benedictio-

591 2997 673 3053 nis
718 2997 1019 3053 nominatur
1063 3007 1265 3052 tantum
1318 3013 1488 3065 ptpa,
1534 2997 1673 3050 nulla
1725 2997 1996 3051 mentione
2023 2997 2156 3049 facta

585 3071 842 3138 episc0pi,
875 3068 1032 3132 regis,
1065 3068 1527 3138 autimpcratoris.

664 3133 829 3206 Hujus
875 3137 1264 3190 Benedictionis
1311 3138 1454 3189 cerei
1504 3134 1700 3188 intentio
1749 3134 1805 3206 lit
1851 3133 1900 3186 in
1929 3135 2155 3206 concilio

2239 569 2425 611 sancto
2470 559 2690 611 doctore
2730 562 2798 609 sit
2836 559 3160 624 camposita,
3200 575 3301 612 non
3329 561 3456 612 mihi
3485 559 3827 629 compertum

2238 637 2344 682 est.
2387 629 2648 680 Prmtert-a
2698 631 2988 679 nudantium
3036 638 3122 681 est
3165 631 3216 682 in
3260 629 3457 684 Codice
3501 630 3712 684 Ratoldi
3761 637 3829 686 ad

2239 697 2354 770 haec
2378 696 2560 757 verba,
2588 697 2780 770 incensi
2801 697 2977 770 hujus,
3012 713 3170 765 super
3199 701 3257 754 τὸ
3281 702 3436 770 hujus
3462 715 3676 755 crucem
3706 718 3834 756 esse

2237 766 2536 834 depictam;
2569 767 2815 819 similiter
2843 767 2906 818 ad
2939 766 3050 817 haec
3079 772 3261 832 verba,
3295 766 3356 820 ἐπ’
3375 769 3619 822 honorem
3649 774 3834 824 nomi-

2239 853 2316 911 nrs
2359 837 2436 911 tu_i_
2481 846 2835 911 coltserralns,
2867 851 3028 911 super
3057 839 3215 890 etiam
3244 841 3302 893 τὸ
3322 850 3672 904 consecratus,
3710 857 3836 911 qua:

2240 906 2294 958 in
2317 905 2504 976 codice
2531 905 2756 956 Rudradi
2788 906 3005 976 depicta
3027 918 3107 960 est
3132 923 3293 976 super
3315 911 3371 963 τὸ
3401 911 3640 963 nominis.

2314 974 2386 1028 De
2415 976 2655 1044 mysticis
2683 974 2823 1028 cerei
2867 975 3133 1042 paschalis
3187 974 3658 1044 signiﬁcationibus
3695 994 3837 1033 con-

2239 1045 2357 1097 sule
2401 1045 2678 1097 Alcuinum
2707 1084 2722 1108 ,
2755 1045 3100 1109 Amalarinm,
3137 1046 3577 1102 Bll’lhOlOlllﬂﬂlm
3607 1047 3836 1102 Gavan-

2241 1124 2375 1194 tum,
2407 1125 2462 1168 et
2483 1124 2734 1195 czeteros,
2758 1113 2856 1182 ‘qui
2899 1115 2966 1168 de
2996 1114 3186 1170 olliciis
3215 1131 3307 1170 seu
3337 1116 3529 1171 ritibus
3558 1120 3834 1174 ecclesia-

2239 1196 2390 1236 SlICIS
2415 1195 2762 1249 scripserunt.
2979 1199 2986 1208 ·

2315 1253 2700 1327 Sed_n9tlsunt_
2723 1253 3162 1327 omittendirittrs
3187 1255 3532 1327 benedicendi
3557 1258 3838 1327 paschalis

2241 1326 2390 1393 cerei
2412 1321 2568 1393 3&5
2616 1324 2703 1390 qui
2745 1332 2957 1377 exstant
3009 1325 3060 1377 in
3112 1325 3396 1381 Codicibus
3445 1321 3742 1382 libentensi
3782 1339 3838 1381 et

2243 1392 2504 1444 Ratoldt."
2536 1401 2589 1444 In
2623 1393 2713 1445 illo
2757 1393 2968 1461 quidem
3013 1395 3081 1447 ita
3115 1395 3376 1450 habetur:
3411 1397 3662 1452 Primitus
3694 1399 3834 1451 enim

2243 1473 2417 1514 octava
2461 1463 2589 1514 hora
2634 1463 2734 1516 diei
2783 1464 3030 1533 mediante
3075 1466 3358 1533 procedunt
3392 1469 3460 1520 ad
3488 1469 3762 1521 ecclesiam
3789 1477 3838 1520 et

2243 1533 2598 1606 ingrediuntur
2641 1534 2692 1584 in
2738 1532 3053 1606 sacrarium,
3077 1532 3136 1585 et
3167 1535 3382 1606 induunt
3408 1537 3460 1591 se
3488 1539 3826 1606 vestimentis,

2245 1601 2374 1652 sirut
2413 1618 2542 1676 mos
2570 1611 2681 1663 est;
2709 1612 2757 1655 et
2780 1603 2962 1676 incipit
3007 1604 3170 1676 clerus
3219 1605 3451 1659 litaniam
3472 1649 3486 1671 ,
3516 1617 3565 1660 et
3599 1601 3835 1676 procedit

2244 1673 2480 1724 sacerdos
2508 1670 2570 1724 de
2597 1673 2820 1724 sacrario
2836 1688 2948 1725 cum
2975 1672 3234 1727 ordinibus
3257 1680 3412 1729 sacris
3435 1693 3454 1729 :
3479 1670 3690 1730 veniunt
3718 1686 3840 1730 ante

2244 1741 3318 1816 (pltareutantinclinatocapite,usquedum
3335 1747 3507 1800 dicunt
3521 1749 3701 1816 Agnus
3720 1744 3833 1801 Dei.

2251 1809 2445 1863 Deinde
2463 1813 2662 1863 veniens
2683 1809 2918 1864 sacerdos
2942 1813 3002 1864 ab
3031 1809 3288 1876 Oratione,
3321 1818 3456 1868 vadit
3486 1809 3623 1869 retro
3645 1819 3834 1880 altare,

2247 1881 2495 1954 accipiens
2517 1882 2576 1934 de
2599 1882 2785 1932 lumine
2812 1881 2946 1946 quod
2972 1893 3111 1954 sexta
3140 1885 3269 1951 feria
3295 1885 3592 1938 absconsum
3607 1887 3735 1954 fuit,
3765 1887 3840 1953 fa-

2249 1952 2384 2003 ciens
2416 1966 2614 2003 crucem
2634 1966 2783 2019 super
2803 1966 2998 2003 cereum
3021 1962 3065 2004 et
3089 1953 3383 2007 illuminans
3397 1971 3531 2019 eum,
3548 1952 3838 2017 completur

2249 2020 2324 2072 his
2351 2020 2691 2094 Orationibus.
2735 2020 2788 2071 lu
2803 2022 2916 2094 Ahoc
2930 2036 3055 2074 vero
3067 2022 3144 2075 sic
3160 2040 3172 2074 :
3197 2022 3243 2074 11
3253 2039 3342 2075 ora
3355 2038 3496 2078 sexta
3511 2027 3836 2094 ingrediatur

2249 2091 2483 2159 pontifex
2525 2092 2575 2142 in
2621 2092 2903 2142 sacrarium
2949 2107 3063 2143 cum
3091 2094 3254 2146 levitis
3299 2103 3346 2146 et
3380 2091 3652 2161 ministris,
3677 2106 3728 2148 et
3757 2097 3836 2149 in-

2250 2161 2410 2212 duant
2440 2176 2492 2213 se
2519 2161 2678 2212 sacris
2705 2161 2942 2224 vestibus,
2965 2169 3010 2212 et
3034 2163 3268 2214 ordinent
3297 2179 3349 2217 se
3366 2165 3495 2216 sicut
3523 2165 3578 2217 in
3604 2167 3836 2218 crastina

2251 2231 2332 2281 die
2367 2229 2994 2304 Puschtecmttineturget
3015 2231 3196 2300 jabeat
3231 2235 3426 2304 acquiri
3455 2251 3641 2287 novum
3668 2235 3837 2304 ignem

2252 2315 2366 2351 cum
2392 2301 2621 2366 ampulla
2664 2315 2695 2350 a
2743 2301 2850 2352 sole
2887 2301 3231 2353 illuminatum
3251 2341 3266 2363 ,
3293 2301 3393 2356 sive
3419 2319 3450 2356 a
3482 2305 3629 2357 silice
3657 2301 3838 2358 eccas-

2250 2385 2383 2423 sum.
2445 2368 2641 2422 Deinde
2668 2368 2859 2441 faciant
2887 2385 3088 2441 crucem
3134 2371 3198 2424 de
3243 2373 3446 2426 incenso
3476 2376 3526 2426 in
3555 2389 3706 2426 cerea
3730 2415 3748 2441 ,
3789 2383 3836 2427 et

2250 2441 2500 2492 scribatur
2546 2454 2712 2491 annus
2745 2437 2983 2511 Domini,
3027 2449 3175 2508 atque
3203 2451 3242 2495 lt
3282 2452 3329 2496 et
3370 2454 3510 2509 a,_et
3557 2452 3686 2496 tunc
3715 2437 3835 2511 por-

2253 2517 2387 2563 tetur
2412 2526 2582 2562 cereus
2613 2517 2742 2580 ante
2759 2509 3047 2578 episcOpum
3076 2525 3188 2562 cum
3207 2516 3545 2580 processione,
3570 2531 3694 2566 cum
3717 2509 3837 2566 cun-

2253 2580 2563 2652 delabris,et
2591 2579 2879 2643 thuribulis,
2913 2589 3075 2632 tamen
3097 2579 3214 2652 sine
3239 2583 3445 2635 lumine.
3490 2583 3553 2635 Et
3574 2584 3650 2635 sic
3681 2585 3836 2652 stipo.

2255 2659 2334 2702 tus
2373 2651 2880 2722 incedutrepiscopus
2911 2653 2961 2700 in
3007 2649 3172 2722 medio
3217 2655 3390 2713 choro,
3436 2662 3482 2706 et
3520 2654 3586 2705 ibi
3609 2649 3840 2722 ponatur

2255 2735 2448 2772 cereus.
2484 2717 2794 2792 Ep'scopus
2808 2727 2977 2792 autem
3005 2718 3153 2792 ﬁnita
3197 2723 3424 2792 oratione
3470 2717 3640 2792 pergit
3669 2725 3738 2774 ad
3765 2727 3839 2774 al.

2256 2800 2379 2853 tare,
2410 2799 2454 2842 et
2475 2789 2543 2841 ibi
2571 2791 2696 2840 hora
2722 2789 2954 2840 sessionis
2995 2791 3183 2841 sedeat.
3238 2790 3359 2843 Non
3379 2789 3617 2845 ascendat
3663 2793 3734 2843 ad
3761 2809 3836 2844 se-

2257 2861 2372 2912 dem
2404 2875 2557 2926 usque
2580 2860 2646 2910 ad
2681 2868 2875 2922 tempus
2901 2900 2914 2921 ,
2945 2859 3079 2926 dum
3095 2859 3229 2912 dicat
3253 2876 3272 2913 :
3318 2860 3493 2914 Gloria
3522 2864 3572 2914 in
3603 2863 3837 2916 excelsis

2261 2931 2386 2983 Deo.
2433 2925 2564 2981 Inde
2585 2929 2733 2980 levita
2760 2927 3024 2998 postulans
3054 2925 3462 3001 Benedictionem
3493 2931 3558 2984 ab
3595 2933 3836 3001 episcopo

2259 3009 2336 3052 eat
2357 3001 2424 3051 ad
2451 3014 2682 3063 cereum,
2710 2996 2768 3049 et‘
2787 3007 3058 3051 consecret.
3110 2996 3370 3053 Processio
3396 3017 3511 3054 vero
3534 2996 3739 3054 dividet
3765 2996 3833 3063 se,

2260 3086 2377 3142 pars
2406 3070 2460 3122 in
2483 3070 2720 3142 dextera,
2749 3076 2810 3142 et_
2832 3084 2948 3132 pars
2980 3069 3030 3120 in
3056 3068 3286 3142 sinistra.
3329 3068 3539 3124 Interim
3564 3073 3838 3142 episcOpus

2261 3139 2479 3191 sedendo
2510 3138 2767 3208 benedicat
2795 3138 2962 3208 ignem
3004 3147 3050 3191 et
3093 3139 3380 3207 incensum,
3415 3152 3466 3193 ut
3491 3141 3716 3193 audiant
3743 3138 3838 3193 ctr-

589 3194 846 3278 Toletano
874 3223 944 3270 tv,
966 3221 1101 3278 cap.
1133 3208 1166 3278 8
1192 3225 1203 3258 :
1249 3206 1480 3278 Lucerna
1512 3217 1557 3257 et
1587 3221 1756 3278 cereus
1787 3203 2158 3278 inprtevigiliis
2186 3194 2228 3253 C
2261 3218 2584 3262 cumstantes.
2626 3194 2838 3260 Cereus"
2852 3223 2981 3278 vero,
3011 3223 3110 3261 non
3145 3194 3482 3276 illuminetnr,
3516 3227 3684 3278 usque
3721 3212 3837 3264 dum

590 3277 805 3332 Pascha:
833 3277 971 3336 apud
999 3277 1245 3346 quasdam
1289 3275 1539 3327 Et'clesias
1573 3290 1677 3346 nou
1704 3275 2078 3346 benedicuntur,
2113 3287 2160 3326 et

585 3365 675 3401 cur
704 3366 733 3400 a
761 3349 901 3400 nobis
943 3343 1304 3399 benedicltntnr
1332 3347 1612 3411 inquirunt.
1641 3343 1857 3406 Propter
1881 3345 2160 3410 gloriosum

586 3423 720 3470 enim
748 3419 903 3469 noctis
931 3418 1086 3485 ipsius
1134 3429 1505 3468 saeramentum
1545 3413 1830 3485 solentniter
1865 3418 1971 3465 hch
2011 3413 2158 3466 benec

586 3492 837 3546 dieimus,
884 3482 1139 3539 ut'sacrtc
1184 3485 1580 3537 liesurrectionis
1627 3482 1810 3534 Christi
1844 3485 2158 3551 mysterium,

585 3559 719 3624 quod
742 3567 964 3626 tempore
988 3557 1140 3625 hujus
1165 3565 1339 3626 votiva:
1358 3555 1518 3606 noctis
1537 3553 1756 3626 atlrenit,
1779 3555 1828 3604 in
1845 3549 2161 3626 Benedictio;

587 3644 649 3680 ne
676 3623 852 3680 sancti
879 3623 1108 3679 Liminis
1154 3625 1510 3693 suscipiamus.
1569 3623 1642 3693 lla
1688 3625 1740 3674 in
1771 3623 2002 3675 secunda
2034 3624 2158 3674 Edi-

591 3701 735 3750 tione
763 3697 1000 3760 Gal-site;
1040 3712 1159 3748 natn
1204 3697 1253 3748 in
1283 3691 1450 3763 prima
1481 3695 1536 3747 τὸ
1569 3691 1781 3745 Pascha:
1806 3694 2158 3763 desideratur,

588 3766 682 3821 sed
713 3781 894 3832 parum
927 3782 983 3819 re
1006 3777 1088 3819 crt
1109 3803 1126 3829 ,
1177 3762 1438 3832 siquidem
1471 3763 1741 3831 sequentia
1765 3762 1902 3832 satis
1929 3763 2162 3816 indicant

589 3831 845 3889 canonum
883 3850 1000 3889 esse
1032 3837 1100 3889 de
1130 3831 1269 3889 cerei
1301 3832 1573 3888 Paschalis
1600 3831 1974 3886 Bcnedictione
2003 3832 2158 3886 intel-

587 3906 875 3974 ligendum.

663 3978 812 4030 Hanc
840 3975 1220 4028 inStitutionem
1255 3973 1528 4037 Alt-uiuus,
1560 3973 1652 4026 lib.
1694 3973 1760 4025 de
1796 3969 1997 4025 Ofﬁciis
2022 3972 2158 4025 divi-

589 4051 692 4109 nis,
725 4060 840 4114 cap.
875 4045 942 4098 de
987 4044 1221 4098 Sabbato
1271 4052 1483 4114 sancto,
1527 4052 1581 4096 et
1611 4043 1934 4104 Atnalat'ius,
1969 4042 2061 4094 lib.
2095 4046 2162 4095 de

585 4117 740 4170 Ollic.
773 4112 905 4170 eccl.
935 4155 950 4176 ,
996 4129 1112 4182 cap.
1148 4115 1238 4178 l8,
1269 4128 1399 4181 pape
1431 4112 1641 4165 Zosimo
1669 4115 1924 4176 tribuunt,
1953 4115 2164 4179 quibus-

591 4188 713 4240 dam
765 4184 1173 4239 reclamantibus
1221 4185 1309 4252 qui
1366 4183 1506 4236 illam
1553 4182 1770 4236 Zosimo
1808 4183 2160 4249 antiquiorem

587 4271 707 4310 esse
736 4255 1099 4317 contendunt,
1134 4255 1275 4321 quod
1306 4259 1480 4306 exstet
1506 4252 1646 4322 apud
1671 4252 2042 4320 Prudentium,
2071 4252 2161 4319 qui

588 4338 710 4379 ante
736 4325 1006 4377 Zosimum
1051 4324 1228 4377 lloruit
1252 4362 1267 4388 ,
1323 4323 1550 4392 hymnus
1598 4325 1666 4377 de
1699 4335 1856 4376 ceree
1887 4324 2117 4388 paschali
2145 4338 2160 4386 ;

587 4400 684 4450 sed
734 4394 1039 4448 immerito:
1092 4409 1211 4445 nam
1261 4394 1350 4447 ille
1392 4394 1618 4460 hymnus
1670 4402 1885 4446 nonest
1915 4393 2163 4444 decereo

590 4464 861 4530 paschali,
912 4463 1004 4517 sed
1057 4463 1282 4532 hymnus
1329 4461 1660 4532 t'espertinus
1708 4471 1796 4532 est
1839 4461 1906 4513 de
1940 4462 2158 4532 lumine,

589 4534 730 4616 quod
760 4533 887 4612 olim
915 4531 1403 4616 vespetiequotidie
1435 4532 1500 4616 inp
1519 4531 1754 4616 Ecclesia
1777 4531 2006 4616 ⁸εςοιθηιηξ
2030 4547 2156 4616 quq-
2192 4559 2238 4616 υ

589 4597 709 4653 dam
761 4601 860 4654 ritu
911 4597 1319 4665 accendebatur,
1373 4611 1430 4652 ut
1475 4597 1593 4654 fuse
1633 4600 1918 4653 docuimus
1945 4602 2007 4669 ad
2040 4597 2066 4669 ς
2100 4600 2154 4665 2,

590 4683 708 4736 cap.
735 4671 802 4723 24
827 4710 843 4736 ,
874 4669 1182 4723 Concordiae
1227 4669 1550 4737 regularum.
1610 4670 1715 4722 Sed
1767 4668 2018 4737 quidquid
2049 4668 2155 4737 sit,

593 4741 726 4792 ritus
764 4754 892 4792 sane
932 4741 1178 4805 antiquus
1225 4751 1348 4803 est,
1398 4737 1659 4806 siquidem
1686 4741 1822 4805 apud
1857 4739 2156 4793 Ennodium

591 4809 926 4862 'l‘icintrnsem
958 4811 1284 4874 episcouum,
1318 4808 1408 4875 qui
1434 4807 1565 4860 obiit
1586 4823 1725 4861 anno
1752 4818 1864 4875 post
1897 4809 2158 4862 Christum

593 4890 772 4932 uatum
803 4877 900 4931 521
928 4917 942 4940 ,
985 4881 1101 4930 dua:
1129 4880 1267 4931 cerei
1298 4878 1564 4945 paschalis
1591 4888 1800 4930 exstant
1828 4879 2162 4932 Βιιηθάιαιίυο

589 4964 684 5002 nos
714 4949 941 5020 eleganti
989 4961 1118 5020 sane
1156 4952 1293 5016 stylo
1321 4949 1656 5020 conscriptae
1686 4964 1736 5000 tn
1769 4949 2035 5020 opusculis
2062 4950 2158 5002 tui-

589 5017 869 5074 scellanéis
913 5017 945 5070 9
990 5028 1044 5071 et
1090 5018 1177 5077 10.
1223 5018 1416 5085 quibus
1459 5026 1637 5071 tamen
1692 5032 1795 5071 non
1827 5019 2160 5084 praemittitur

587 5104 744 5156 supra
793 5099 1082 5144 memorata
1125 5086 1398 5148 Pra‘fatio,
1435 5099 1456 5126 ο
1489 5085 1724 5140 Exsultet
1763 5089 1878 5157 jant
1926 5090 2156 5156 angelica

587 5162 734 5214 turba
763 5161 1020 5213 caelorum.
1061 5157 1119 5212 In
1145 5158 1342 5212 Ordine
1375 5158 1544 5212 Missae
1583 5157 1947 5212 Ambrosiana:
1979 5159 2151 5213 habe-

598 5327 603 5332 .
659 5292 683 5318 ⁸
725 5281 780 5335 lu
814 5280 952 5334 Edit.
985 5294 1120 5338 nova
1146 5323 1159 5348 ,
1203 5289 1346 5333 tomo
1380 5277 1452 5341 ll,
1483 5279 1584 5333 col.
1614 5276 1720 5331 684
1740 5321 1754 5344 ,
1781 5277 2010 5344 explicat
2039 5292 2163 5331 sau-

589 5362 704 5407 ctus
737 5353 928 5404 Doctor
961 5350 1156 5404 Psalm.
1209 5365 1356 5414 κων,
1405 5359 1459 5402 et
1495 5349 1560 5402 ad
1585 5350 1730 5402 hunc
1752 5363 1961 5401 versum
1991 5367 2001 5398 :
2035 5349 2162 5402 Lm-

589 5438 690 5490 gua
719 5436 829 5473 mea
857 5425 1080 5473 coturnus
1108 5420 1305 5487 scribae,
1329 5429 1458 5484 etc.,
1490 5423 1600 5472 ait:
1651 5417 1770 5472 Mea
1798 5426 1962 5471 autem
1989 5419 2162 5488 lingua

586 5498 640 5544 in
668 5491 1044 5560 similitudinem
1070 5492 1246 5543 scriba:
1273 5491 1452 5544 velocis
1475 5529 1490 5556 ,
1521 5506 1668 5560 quem
1703 5490 1956 5542 notarium
1985 5505 2165 5554 possup

573 5574 701 5629 mus
730 5558 1031 5629 intelligere,
1062 5562 1300 5629 quodam,
1327 5571 1431 5614 etc.

664 5627 925 5697 byEadem
960 5627 1202 5697 leguntur
1226 5641 1334 5682 tum
1372 5630 1423 5683 in
1463 5630 1658 5684 nostris
1695 5627 1825 5683 Cod.
1859 5641 2012 5690 mss.,
2055 5637 2162 5681 ltnu

592 5699 644 5754 in
673 5696 975 5751 Misi-talibus
1016 5696 1246 5751 Gothico
1293 5709 1347 5750 et
1390 5698 1860 5752 Gallicanoeditis
1899 5712 1930 5750 a
1962 5697 2156 5752 Mabill.

590 5766 687 5824 lib.
718 5766 787 5820 de
817 5764 1014 5836 Liturg.
1047 5765 1234 5821 Gallic.

671 5848 692 5876 ο
734 5835 1182 5909 ιιρείιυινθαάειη
1235 5837 1347 5892 lere
1397 5835 1449 5892 in
1501 5835 1711 5895 Calensi
1756 5847 1810 5892 et
1856 5837 1908 5894 in
1957 5837 2162 5894 duobus

2264 3281 2542 3346 pervenerit
2590 3278 2833 3330 diaconus
2879 3277 3014 3344 Ignis
3043 3281 3304 3332 accendit.
3365 3277 3631 3334 Hactenus
3662 3278 3837 3335 Codex

2264 3345 2491 3402 Ratoldi.
2533 3348 2655 3402 Haec
2680 3357 2853 3399 autem
2887 3347 3044 3400 verba
3073 3364 3122 3400 in
3153 3345 3352 3404 Codice
3377 3349 3676 3403 [theme-nsi
3703 3366 3836 3402 cont-

2265 3420 2431 3484 pletur
2474 3419 2551 3470 his
2602 3418 2927 3470 Orationibus
2951 3457 2965 3480 ,
2998 3417 3367 3486 intelliguntur
3391 3419 3455 3473 de
3479 3419 3829 3474 Orationibus

2265 3490 2454 3559 quibus
2479 3486 3034 3559 supradictumritum
3056 3488 3337 3559 _tjoncludit
3364 3489 3675 3556 episcopus,
3706 3502 3834 3559 quas

2265 3554 2498 3625 Sequitur
2529 3559 2667 3612 cerei
2694 3556 3012 3624 Bctiedictio,
3050 3554 3301 3621 Exsultet,
3333 3567 3438 3613 etc.
3459 3597 3475 3622 ,
3505 3554 3628 3627 qua!
3663 3554 3833 3615 tamen

2266 3627 2459 3681 ibidem
2484 3642 2587 3680 non
2619 3635 2846 3696 exstant.
2887 3627 3028 3680 Ordo
3058 3630 3412 3696 processionis
3443 3632 3508 3681 ad
3545 3629 3721 3682 altare
3748 3629 3834 3696 qui

2268 3698 2352 3750 hic
2379 3698 2680 3766 prarcipitur
2709 3702 2762 3749 in
2790 3694 2984 3750 Codice
3024 3694 3259 3763 llatoltli,
3297 3707 3352 3750 ut
3393 3699 3443 3751 in
3473 3698 3713 3752 crastina
3744 3694 3834 3750 l’a-

2265 3769 2430 3832 schm,
2460 3767 2686 3820 habetur
2713 3782 2870 3835 supra
2914 3766 2980 3820 ad
3012 3766 3168 3820 linem
3203 3768 3318 3820 libri
3343 3766 3832 3823 Sacrameutorum.

2264 3839 2444 3891 Oratio
2472 3836 2622 3905 cujus
2653 3846 2734 3890 est
2759 3837 2845 3890 hic
2873 3840 3072 3889 mentio
3114 3845 3197 3890 est
3225 3837 3389 3904 prima
3425 3837 3599 3891 Missae
3630 3837 3833 3893 Oratio.

2264 3907 2544 3960 Processio
2567 3921 2684 3974 quae
2705 3907 2859 3976 debet
2880 3905 3040 3959 dividi
3067 3916 3149 3959 est
3173 3915 3343 3960 ccetus
3375 3910 3831 3976 presbyterorum,

2264 3977 2608 4030 diaconorum
2640 3987 2692 4028 et
2715 3975 3078 4028 ministrorum
3099 4015 3114 4039 ,
3142 3978 3231 4043 qui
3265 3976 3500 4029 cowitati
3533 3975 3662 4030 Sunt
3689 3992 3833 4031 eum-

2265 4049 2383 4100 dem
2413 4048 2718 4115 episcopum
2744 4059 2774 4099 e
2807 4047 3041 4099 sacrario
3069 4047 3134 4100 ad
3161 4049 3358 4110 altare,
3393 4047 3703 4113 debeatque
3731 4057 3835 4098 toto

2266 4118 2438 4170 Missa:
2484 4127 2720 4182 tempore
2752 4115 2822 4169 illi
2853 4117 3123 4169 assistere.
3157 4116 3248 4170 llis
3279 4116 3477 4184 verbis,
3511 4125 3564 4168 ut
3593 4115 3830 4180 audiant,

2265 4187 2473 4240 videtur
2502 4185 2851 4256 praeponenda
2883 4188 3134 4254 particula
3155 4186 3246 4238 ita.

2337 4257 2390 4310 ln
2416 4255 2614 4310 Ordine
2645 4255 2884 4310 Romano
2912 4265 3034 4309 sunt
3065 4257 3153 4309 alii
3185 4258 3315 4309 ritus
3345 4255 3432 4325 qni
3463 4256 3626 4310 etiam
3651 4257 3718 4310 ab
3741 4255 3832 4308 ho-

2266 4326 2470 4380 diernis
2499 4327 2842 4396 discrepant,
2877 4326 3016 4380 inter
3045 4340 3174 4394 quos
3203 4325 3296 4380 ille
3323 4336 3443 4390 est;
3475 4341 3598 4379 nam
3634 4337 3692 4379 ut
3729 4326 3832 4393 pri-

2268 4413 2411 4450 mum
2447 4396 2683 4464 pentifex
2714 4412 2744 4450 e
2772 4397 3008 4450 sacrario
3041 4396 3296 4464 processit
3327 4437 3341 4458 ,
3375 4398 3692 4450 accenditur
3719 4396 3831 4462 qui-

2265 4467 2383 4518 dam
2409 4481 2595 4521 cereus
2625 4467 2675 4520 in
2706 4467 2821 4520 loco
2848 4466 3068 4532 mundo,
3098 4474 3154 4520 et
3184 4464 3439 4532 pontifex,
3473 4466 3588 4520 sive
3618 4467 3832 4533 presby-

2267 4544 2346 4589 ter
2377 4536 2576 4590 faciens
2606 4551 2766 4602 super
2791 4553 2910 4590 eum
2937 4551 3174 4600 crucem,
3203 4535 3474 4588 benedicit
3493 4550 3618 4589 eum
3654 4534 3832 4587 humili

2267 4620 2416 4670 voce,
2450 4608 2634 4659 schola
2667 4608 2879 4660 interim
2911 4615 3158 4660 cantante
3179 4617 3380 4672 septem
3407 4606 3651 4659 Psalmos
3673 4605 3833 4673 ρωπί-

2267 4685 2466 4739 lentae,
2491 4677 2590 4729 hoc
2615 4677 2771 4730 modo
2793 4675 3082 4744 incipiens:
3118 4675 3372 4728 υυηιίιιιιε
3404 4676 3705 4738 vobiscum,
3728 4681 3826 4726 etc.

2266 4747 2511 4799 Oremus.
2546 4747 2686 4798 Deus
2717 4746 2893 4799 mundi
2925 4747 3169 4799 conditor
3192 4783 3206 4809 ,
3240 4754 3424 4798 auctor
3455 4744 3698 4805 luminis,
3731 4752 3828 4796 etc.

2265 4818 2395 4882 Qua:
2425 4815 2728 4870 Benedicuo
2755 4817 2911 4869 etiam
2944 4815 3170 4868 habetur
3200 4815 3251 4868 in
3282 4815 3447 4882 veteri
3479 4814 3616 4867 libro
3645 4812 3829 4867 Sacra-

2267 4881 2565 4938 menturum
2597 4900 2724 4950 ms.,
2755 4885 2906 4953 cujus
2931 4884 3058 4937 mihi
3088 4884 3294 4952 copiam
3331 4881 3460 4938 fecit
3510 4885 3590 4936 vir
3641 4883 3832 4953 doctis-

2265 4958 2432 5010 simus
2470 4961 2622 5009 .loan.
2671 4952 2936 5009 Auberttts
2981 4955 3273 5008 litterarum
3322 4953 3633 5008 Graecarum
3667 4952 3832 5017 regius

2267 5025 2526 5092 interpres
2552 5066 2566 5090 ,
2618 5036 2670 5079 et
2711 5025 2948 5078 Succedit
2976 5025 3177 5089 vulgari
3206 5025 3347 5078 cerei
3377 5025 3646 5092 paschalis
3677 5025 3833 5075 Bene-

2258 5097 2518 5158 dictioni,
2569 5107 2814 5164 tanquam
2856 5095 2996 5148 illius
3040 5097 3205 5148 altera
3265 5095 3595 5148 Benedictio.
3642 5093 3827 5164 Quam,

2259 5167 2380 5233 quia
2405 5161 2776 5232 prolixior'est
2804 5168 3018 5232 praelata
3061 5164 3437 5219 Benedictione
3477 5164 3697 5218 Ordinis
3735 5161 3830 5213 Ro-

2272 5285 2483 5340 Theod.
2526 5285 2596 5338 At
2643 5284 2693 5335 in
2744 5279 2949 5335 Gemet.
2995 5280 3251 5348 prolixior
3295 5288 3379 5332 est
3420 5279 3600 5333 abhis
3639 5276 3828 5341 verbis,

2270 5361 2402 5421 apis,
2429 5357 2538 5407 sive
2565 5397 2579 5420 ,
2611 5363 2665 5406 ut
2695 5353 2884 5420 legitur
2913 5356 2963 5405 in
2993 5365 3092 5403 ms.
3113 5391 3128 5415 ,
3158 5366 3275 5419 apes
3296 5359 3459 5403 mater
3485 5351 3679 5421 educit,
3714 5348 3814 5400 mul

2273 5420 2428 5492 taque
2476 5434 2781 5476 attexuntur
2823 5423 2874 5474 in
2904 5436 3061 5488 apum
3095 5420 3828 5492 laudemtlnrvet.ﬁSaCru_m.

2272 5487 2454 5548 Gallic.
2469 5534 2482 5555 ,
2501 5495 2567 5546 de
2585 5495 2734 5559 cujus
2755 5487 3067 5559 antiquitate
3083 5493 3301 5564 consule
3320 5489 3698 5564 Mabi:lo_:iu_m,
3722 5487 3827 5564 Mu:

2271 5567 2347 5617 sei
2379 5567 2543 5617 ltalici
2576 5557 2704 5615 tum.
2754 5564 2806 5625 ι,
2841 5557 2988 5629 parte
3018 5577 3075 5626 ll,
3106 5562 3337 5630 legitur:
3369 5557 3674 5630 [lettedictio
3698 5557 3828 5610 cerei

2272 5635 2442 5688 sancti
2467 5633 2742 5700 Augusdni
2765 5631 3020 5699 episcopi,
3052 5629 3210 5698 quam
3243 5644 3362 5683 cum
3386 5629 3830 5700 adhucrdiacon‘us

2270 5717 2412 5759 esset
2435 5745 2451 5769 ,
2501 5696 2694 5757 cecinit
2738 5696 2962 5756 dicensi
2997 5696 3229 5755 Ecsuttet
3251 5740 3270 5767 ,
3303 5708 3408 5756 etc.
3435 5737 3452 5767 ,
3483 5709 3539 5755 ut
3567 5699 3620 5753 in
3646 5696 3826 5760 Editis,

2271 5774 2535 5830 nonnullis
2564 5783 2740 5828 tamen
2767 5773 2976 5827 additis.
