3988 6306
177 362 260 415 ῖιόἷ
898 353 957 406 IN
996 353 1051 407 S.
1095 352 1420 407 GREGORII
1465 352 1722 408 LIBRUM
1764 351 2372 409 SACRAMENTORUM
2414 354 2640 412 NOTIE.

3302 370 3403 423 3'8

173 487 400 531 sternam
422 470 700 541 pertinere.
728 470 857 536 Quia
887 484 1014 537 ergo
1038 470 1237 535 parvuli
1270 469 1492 524 necdum
1518 472 1722 531 ratione
1751 473 1798 532 Α
1827 470 1995 541 divini
2016 471 2193 526 odoris
2218 481 2448 534 nectare,
2481 483 2533 527 et
2562 473 2781 538 spiritali
2816 476 3063 531 unctione
3087 479 3400 536 delibutum.

176 556 357 600 utentes
395 548 506 595 lucc
535 543 751 594 minime
775 554 965 606 capere
999 547 1235 606 possunt,
1279 549 1491 607 oportet
1512 549 1568 593 ut
1592 556 1714 595 cum

174 619 228 669 ad
272 612 637 678 intelligibilem
692 619 898 662 aetatem
934 610 1293 675 pervenerint,
1322 612 1631 676 doceantur,
1664 621 1719 665 et

177 688 278 738 lidei
305 684 673 741 Sacruinentis,
721 690 775 732 et
802 679 1148 749 confessionis
1174 693 1282 731 sua:
1320 682 1610 749 mysteriis,
1663 689 1717 733 ιιι

175 774 225 806 ca
253 766 299 807 et
320 755 573 805 veraciter
607 750 846 807 credant.
896 760 947 800 et
979 748 1211 814 diligenti
1236 763 1357 802 cura
1380 748 1713 804 custodiant.

176 823 548 877 tlonfessionein
590 834 737 871 suam
815 819 967 885 plane
1014 818 1272 877 diximus,
1314 820 1433 886 quia
1474 824 1718 886 quamvis

176 894 316 962 366
342 892 412 943 illi
434 890 655 942 necdum
686 888 827 954 loqui
854 888 1075 962 possint,
1123 888 1351 962 pro_illis
1382 897 1435 940 et
1462 891 1720 962 conliteu-

176 958 258 1015 ιῖιῖ
273 958 318 1015 ἐι
347 963 623 1028 loquuntur
648 974 734 1025 qui
765 972 856 1010 eos
884 958 949 1010 de
982 958 1189 1009 lavacro
1218 958 1373 1011 fontis
1400 960 1717 1025 suscipiunt:

176 1048 258 1086 nec
294 1029 589 1088 immerito;
636 1028 853 1095 dignum
900 1036 981 1080 est
1012 1036 1066 1080 ut
1095 1028 1179 1094 qui
1224 1027 1448 1080 aliorum
1494 1032 1720 1095 peccatis

175 1102 359 1155 obnoxii
403 1110 545 1161 sunt,
570 1099 791 1150 aliorum
822 1100 978 1167 etiam
1033 1097 1368 1151 confessione
1397 1114 1491 1166 per
1521 1110 1721 1167 myste-

175 1173 291 1226 rium
340 1171 666 1237 baptismatis
725 1166 1098 1220 remissionem
1150 1168 1485 1236 originalium
1544 1166 1715 1238 perci-

174 1243 299 1310 piant
319 1248 663 1310 peccatorum.

238 1329 255 1360 i
291 1309 411 1361 VIII.
445 1308 541 1374 Qui
575 1322 700 1360 vero
730 1305 866 1359 illius
888 1314 1009 1358 sunt
1042 1303 1153 1373 jam
1183 1305 1353 1359 artatis
1378 1316 1433 1360 ut
1464 1309 1719 1361 rationem

172 1381 471 1434 credulitatis
515 1394 626 1431 sua:
675 1378 893 1429 reddere
920 1389 1142 1443 possint,
1190 1376 1425 1443 diligenti
1477 1382 1722 1433 examine

173 1450 409 1503 scrutandi
438 1455 582 1509 sunt,
630 1455 801 1517 utrum
831 1448 1086 1499 veraciter
1107 1448 1346 1517 credant,
1372 1462 1465 1517 _an
1496 1448 1719 1517 alicujus

173 1520 387 1572 falsitatis
408 1520 456 1570 in
486 1532 566 1570 eis
596 1514 794 1587 macula
822 1517 1043 1577 celetur,
1077 1515 1299 1569 necdum
1332 1515 1477 1587 [ch.
1506 1514 1723 1587 lleifllt]

173 1601 249 1642 aut
287 1592 465 1640 timore
509 1596 601 1639 aut
656 1584 839 1638 favore
886 1595 1211 1639 terrenarum
1267 1584 1605 1651 potestatum,
1634 1584 1726 1641 aut

172 1661 491 1726 acquisitione
538 1662 884 1726 quarumdam
934 1670 1111 1708 rerum
1150 1656 1215 1726 ad
1266 1656 1595 1722 baptismatis
1634 1674 1723 1710 sa-

174 1725 472 1782 cramentum
518 1725 883 1793 ignorantibus
936 1725 1193 1778 minisrris
1237 1725 1487 1779 Ecclesiae
1540 1742 1725 1795 perve-

173 1798 319 1861 niunt,
371 1797 607 1849 tradatur
640 1807 877 1849 sanctum
903 1796 1139 1858 canibus,
1182 1804 1233 1848 ct
1258 1800 1554 1863 margarita:
1601 1801 1724 1849 mit-

175 1841 328 1919 tantui‘
355 1869 487 1929 inter
541 1880 752 1934 porcos,
804 1875 855 1917 et
884 1864 990 1932 lupi
1021 1841 1175 1919 ovilia
1226 1841 1721 1931 pelleovesliantur.
1757 1841 1802 1899 Β

172 1939 298 1991 llunc
344 1936 482 1990 enim
529 1949 734 1987 rnorem
796 1934 1030 1988 Ecclesia
1075 1950 1289 1989 sortiare
1336 1948 1637 2001 consuevu,
1672 1948 1729 1990 ut

175 2024 251 2074 per
289 2008 491 2074 aliquod
551 2006 759 2058 dierum
809 2005 1037 2073 spatium
1074 2003 1127 2058 lii
1179 2006 1266 2073 qui
1302 2005 1357 2058 in
1392 2009 1729 2061 solemnitate

173 2078 374 2143 paschali
421 2074 727 2143 baptizandi
771 2084 893 2128 sunt
920 2084 1244 2139 scrutentur,
1276 2084 1333 2127 ut
1358 2077 1625 2131 instructis
1676 2087 1730 2131 et

176 2152 337 2210 noctis,
360 2155 413 2201 et
449 2144 681 2212 simplici
709 2145 872 2198 corde
902 2145 965 2197 ad
990 2145 1145 2198 Iidem
1176 2160 1352 2197 veram
1397 2146 1729 2200 venientibus

176 2221 272 2269 vita:
320 2224 652 2269 sacramenta
696 2214 1105 2281 iuipertiantur;
1156 2216 1367 2283 quibus,
1398 2226 1457 2268 ut
1499 2219 1730 2284 aptiores

176 2289 481 2341 inveniantur
527 2285 861 2353 baptismatis
890 2296 1245 2347 sacramento,
1296 2295 1551 2339 eteorum
1599 2290 1731 2340 lides

181 2356 468 2424 probabilior
498 2358 596 2418 sit,
646 2355 887 2422 quaedam
914 2354 1044 2407 ﬁunt
1074 2357 1417 2425 corporaliter
1470 2373 1588 2425 qua:
1620 2357 1730 2425 spi-

176 2429 289 2481 ritali
309 2436 459 2496 gustu
486 2427 771 2494 degustata
812 2437 1093 2494 mysticum
1125 2424 1253 2494 quid
1283 2433 1340 2479 et
1376 2424 1618 2495 spiritale
1644 2424 1732 2480 sii-

206 2508 314 2549 tant.

177 2511 366 2619 pmimlii.
396 2565 713 2633 Tangnntur
758 2564 937 2632 itaque
962 2563 1029 2617 de
1049 2573 1206 2634 sputo
1250 2578 1426 2630 nares,
1470 2573 1729 2629 etaures,

179 2648 220 2691 et
242 2639 379 2699 dicis,
402 2635 609 2691 Ell‘eta:
638 2649 811 2699 nares,
843 2645 899 2687 ut
920 2634 1184 2704 Christum
1214 2636 1265 2688 in
1297 2638 1462 2690 odore
1493 2652 1731 2704 unguen-

180 2716 321 2760 torum
340 2714 653 2775 sequantur,
677 2712 732 2757 et
750 2705 930 2757 dicant
956 2721 968 2756 :
1001 2703 1145 2756 trahe
1174 2721 1276 2770 me,
1328 2719 1441 2773 post
1489 2719 1535 2758 te
1563 2703 1732 2758 curre-

180 2790 303 2839 mtts,‘
332 2788 381 2830 et
404 2792 524 2829 cuin
552 2777 811 2841 Apostolo
841 2778 1186 2842 proliteintur
1226 2776 1465 2829 dicentes
1497 2794 1508 2828 :
1543 2776 1732 2830 Christi

180 2851 311 2900 bonus
339 2848 459 2899 odor
486 2862 669 2899 sumus
717 2844 856 2907 Deo;
908 2855 961 2898 et
990 2847 1127 2897 illius
1169 2846 1405 2899 membra
1436 2846 1734 2901 efficiantur

179 2917 245 2971 cui
269 2917 449 2970 dicitur
475 2937 490 2971 :
526 2914 600 2968 Et
622 2917 750 2968 odor
778 2917 1183 2968 vestimentorum
1209 2924 1408 2968 tuorum
1438 2931 1590 2986 super
1625 2932 1734 2969 om-

182 3000 245 3038 nia
268 2996 510 3039 aromata.
535 2989 707 3051 Quem
735 2988 951 3038 odorem
982 2995 1106 3039 tunc
1147 2988 1283 3039 bene
1305 2986 1500 3040 habere
1542 2988 1735 3050 poterit

172 3055 301 3129 [μιν.
335 3058 626 3129 poterunt],
672 3056 809 3129 sicut
845 3056 1041 3129 Maria,
1066 3070 1183 3123 quae
1219 3056 1597 3122 interpretatur
1633 3058 1731 3109 do-

182 3127 320 3192 tnina,
348 3128 455 3180 sive
483 3128 816 3191 Iummatrix,
846 3128 1169 3179 alabastrum
1220 3129 1494 3194 unguenti,
1522 3129 1621 3179 lioc
1648 3138 1732 3181 est

1900 559 1919 589 ι
1954 540 2023 619 ιΧ.
2061 541 2208 595 Unde
2248 545 2404 619 etiam
2445 544 2523 595 liis
2569 544 2654 611 qui
2695 545 2988 619 baptizandi
3019 561 3162 619 sunt,
3221 566 3406 619 peetus

1822 609 1889 663 de
1914 614 2033 663 oleo
2058 622 2108 662 et
2136 612 2366 678 scapulae
2393 609 2697 681 tanguntur,
2733 609 2785 666 ut
2809 615 2951 671 illius
2981 618 3085 672 olei
3124 609 3291 673 sancti
3322 639 3399 672 vo-

1826 681 2021 733 delicet
2051 681 2280 749 Spiritus
2315 684 2562 735 unctione
2585 683 2717 737 liiiiti
2756 686 2820 738 de
2850 703 2953 752 quo
2976 689 3263 752 Apostolus
3286 693 3354 742 ait
3385 708 3400 744 :

1821 751 2159 823 sicutunctio
2187 754 2294 821 ejus
2316 754 2459 803 docet
2490 767 2581 805 nos
2608 759 2669 806 de
2698 751 2944 823 omnibus,
2991 751 3111 810 ante
3165 768 3218 811 et
3264 773 3406 812 retro

1836 820 2043 883 muniti,
2088 820 2136 872 id
2177 820 2258 875 est
2284 833 2467 874 contra
2520 827 2693 875 omnia
2737 820 2983 892 prospera
3016 829 3127 880 sive
3181 828 3404 883 adversa

1824 892 1929 942 sint
1961 892 2346 958 circumspecti,
2375 900 2429 944 et
2449 894 2744 945 cozlestium
2767 897 3069 948 animalium
3107 897 3402 952 imitatione

1823 968 1945 1032 ante
1986 969 2040 1012 et
2070 970 2211 1032 retro
2249 961 2390 1032 pleni
2422 960 2533 1032 sint
2557 964 2741 1026 oculis,
2795 966 2846 1016 id
2878 977 2956 1017 est
3004 982 3091 1032 pia.
3115 968 3324 1022 teiiium
3353 980 3406 1021 et

1824 1028 2437 1094 fuzuruinrespicientes,
2460 1031 2647 1084 salutis
2668 1046 2777 1084 Sine
2804 1028 3092 1087 custodi—ani
3125 1052 3225 1088 non
3250 1043 3408 1091 ainit—

1824 1106 1955 1150 tanl.
1982 1098 2237 1169 Tallg‘llllr
2258 1101 2335 1150 eis
2369 1111 2569 1165 pectus,
2603 1102 2760 1169 367
2808 1115 2856 1154 ut
2884 1119 3002 1155 cuin
3040 1106 3198 1157 David
3230 1108 3408 1160 dicere

1826 1170 2062 1235 possint:
2097 1166 2159 1245 [fit
2192 1169 2538 1219 misericordia
2552 1166 3102 1245 Διξλὶιῖῥιτιῖυεηὲαι-ἰιιε.
3153 1176 3405 1245 Tangun-

1827 1246 1911 1287 tur
1942 1238 2190 1302 scapulis.
2227 1245 2285 1289 ut
2313 1252 2432 1289 cum
2465 1241 2653 1291 eodem
2704 1243 2917 1295 dicant:
2964 1241 3028 1293 Et
3060 1238 3406 1299 misericordia

1824 1312 1933 1375 ejus
1956 1306 2285 1379 subsequatur
2311 1322 2407 1379 ine.
2436 1307 2488 1359 lil
2512 1318 2609 1371 est,
2640 1311 2926 1374 anteriora,
2959 1323 3013 1363 ut
3044 1313 3178 1365 bene
3211 1315 3404 1379 volint;

1828 1376 2143 1443 posteriora,
2206 1390 2269 1428 ne
2309 1377 2500 1428 frustra
2534 1379 2718 1430 velint.
2771 1380 2908 1431 Bene
2950 1393 3124 1432 autem
3166 1384 3302 1434 velle
3357 1376 3410 1437 et

1828 1447 2085 1513 perlicere
2132 1461 2160 1497 a
2204 1445 2312 1497 Deo
2341 1447 2493 1498 nobis
2523 1449 2695 1510 datur,
2739 1463 2766 1499 a
2812 1464 2918 1516 quo
2946 1460 3028 1502 est
3048 1466 3202 1503 omne
3225 1454 3405 1505 datum

1828 1518 2113 1586 optimum,
2146 1526 2199 1569 et
2228 1530 2387 1569 omne
2418 1517 2615 1569 donum
2669 1516 2987 1585 perfectum.
3045 1520 3110 1572 Et
3164 1525 3409 1586 quoniam

1828 1585 1879 1637 in
1906 1587 2080 1638 cordis
2110 1587 2321 1638 nomine
2350 1601 2491 1650 saepe
2519 1600 2668 1638 mens
2710 1588 3036 1654 designatur,
3065 1585 3199 1641 sicut
3229 1603 3311 1644 est
3347 1593 3411 1644 il-

1830 1655 1917 1708 lud
1941 1676 1951 1707 :
1977 1657 2028 1707 in
2061 1666 2163 1707 toto
2211 1655 2363 1707 corde
2386 1671 2495 1707 meo
2524 1658 2770 1722 exquisivi
2800 1666 2868 1725 te,
2900 1669 2952 1710 et
2983 1661 3030 1710 in
3058 1663 3159 1713 O‘ei
3195 1663 3409 1715 nomine

1831 1725 2138 1793 intelligitur
2170 1725 2348 1778 unctio
2369 1730 2537 1779 saneti
2567 1726 2820 1794 Spiritus,
2870 1726 2982 1779 sive
3008 1743 3167 1795 opera
3201 1731 3414 1787 luminis

1829 1804 1883 1847 el.
1914 1797 2315 1867 misericordiae,
2366 1797 2542 1849 cordis
2571 1797 2717 1849 locus
2749 1797 2996 1850 unctione
3021 1801 3269 1867 utrinque
3293 1817 3412 1853 niti-

1828 1869 1992 1925 nitur.
2028 1866 2077 1917 id
2106 1875 2189 1918 est
2216 1867 2473 1936 anterius
2499 1875 2551 1918 et
2574 1871 2855 1935 posterius,
2904 1878 2959 1921 ut
2992 1866 3226 1936 undique
3257 1886 3408 1925 meus

1828 1935 2112 2008 christiani
2144 1935 2552 2008 etpinguedine
2573 1938 2738 2008 sancti
2771 1938 3019 2006 Spiritus,
3069 1952 3121 1991 et
3144 1935 3405 2008 ’operibus

1830 2004 2044 2057 luminis
2074 2013 2127 2057 et
2152 2007 2530 2058 llliSCl‘ICOl‘diiB
2558 2004 2831 2061 exuberet.

1908 2093 1926 2125 ι
1972 2075 2060 2127 XI.
2087 2077 2288 2139 Quibus
2320 2076 2456 2127 bene
2478 2076 2752 2138 exuberat,
2784 2083 2825 2130 si
2854 2077 3275 2132 abrenuntfando
3302 2080 3417 2134 dia-

1832 2142 1973 2207 bolo,
1996 2158 2057 2218 et
2076 2145 2326 2211 operibus
2354 2147 2489 2211 ejus,
2522 2146 2935 2218 dominationem
2986 2149 3127 2201 illius
3157 2162 3410 2218 asperne-

1833 2223 1937 2280 tur,
1965 2227 2018 2268 et
2042 2216 2225 2281 jugum
2256 2218 2393 2282 quod
2423 2231 2481 2268 se
2533 2217 2804 2280 premebat
2842 2219 2983 2270 illius
3013 2220 3112 2272 olei
3163 2216 3413 2274 unctione

1832 2287 2068 2348 fati~cat;
2102 2296 2155 2338 et
2186 2285 2465 2352 impleatur
2487 2285 2611 2355 illud
2648 2289 3043 2353 propheticum:
3090 2288 3413 2355 Compnti'es-

1830 2364 1905 2405 cet
1946 2357 2128 2423 jugum
2158 2371 2188 2406 α
2236 2356 2305 2422 [ai
2321 2355 2368 2407 ie
2392 2356 2489 2407 olei
2515 2352 2666 2421 tlsai.
2695 2352 2771 2422 x)’.
2804 2358 3193 2411 Abrenuiitiare
3218 2352 3415 2412 etenim

1831 2427 1962 2494 peni
1998 2427 2130 2477 solet
2161 2440 2256 2491 pro
2278 2440 2342 2478 eo
2370 2426 2509 2492 quod
2558 2433 2639 2478 est
2690 2441 2963 2493 spernere,
3017 2426 3257 2494 rejicere,
3286 2443 3417 2482 cini-

1834 2493 2114 2561 tradicere,
2141 2495 2252 2547 sive
2280 2496 2419 2546 aliud
2449 2493 2697 2563 quidquid
2730 2496 2830 2548 boe
2853 2499 3014 2550 verbo
3045 2493 3094 2550 in
3121 2502 3220 2550 boc
3254 2514 3415 2551 scn~u

1835 2565 2060 2636 exprimi
2106 2572 2296 2631 potest.
2351 2565 2601 2628 Quamvis
2625 2567 2766 2618 enim
2797 2566 2939 2619 illius
2993 2568 3138 2621 verbi
3167 2569 3305 2636 quod
3335 2581 3423 2623 est

1835 2634 2007 2685 nuntio
2053 2650 2255 2687 ,sensiis
2285 2636 2334 2686 in
2359 2645 2601 2703 promptu
2624 2636 2688 2705 sit
2717 2650 2837 2689 cum
2875 2642 2990 2689 sine
3042 2634 3422 2705 praiposidone

1837 2705 2118 2771 profertur,
2143 2712 2197 2757 et
2218 2713 2431 2770 accepta
2458 2704 2831 2773 praepositione
2854 2704 3116 2758 interdum
3148 2704 3177 2757 ιι
3220 2722 3312 2760 sua
3346 2712 3418 2760 si-

1835 2774 2172 2841 gniticutimie
2200 2789 2304 2827 non
2335 2777 2489 2842 longe
2521 2778 2755 2838 recedat,
2803 2785 2858 2827 ut
2886 2784 2969 2828 est
3000 2777 3149 2839 illud,
3200 2781 3418 2830 narrabo

1835 2855 1881 2894 et
1898 2843 2229 2905 renuntiabo;
2250 2847 2514 2897 interdum
2534 2858 2660 2897 vero
2688 2847 2738 2897 in
2759 2845 2920 2897 alium
2937 2862 3151 2900 sensum
3170 2856 3424 2911 vertatur,

1837 2927 1889 2965 ut
1912 2923 1993 2967 est
2019 2915 2178 2967 illud:
2205 2914 2293 2968 Sic
2321 2929 2438 2981 ergo
2462 2916 2621 2965 omnis
2659 2930 2720 2967 ea:
2750 2917 2883 2966 vobis
2912 2918 2999 2983 qui
3040 2933 3141 2967 non
3171 2921 3425 2969 renuntiat

1837 2985 2068 3037 omnibus
2091 2999 2204 3052 quae
2224 2983 2444 3053 possidet
2468 2998 2567 3035 non
2591 2993 2753 3049 potest
2799 3000 2937 3035 incus
2964 3001 3069 3037 esse
3097 2986 3378 3053 discipulus
3405 3002 3423 3047 ;

1835 3054 2210 3107 abrenuntiare
2238 3065 2410 3107 tamen
2439 3068 2652 3119 semper
2681 3055 2730 3106 iu
2758 3069 2822 3107 ei
2853 3068 3010 3106 sensu
3039 3059 3159 3121 poni
3190 3070 3421 3107 consue-

1838 3122 1911 3175 vit
1939 3139 2093 3192 quem
2124 3123 2366 3191 superius
2412 3123 2665 3175 diximus.
2718 3125 3108 3176 Abrenuntiare
3140 3125 3335 3176 etenim
3362 3140 3423 3177 se

184 3206 319 3269 sacrm
344 3198 459 3269 Iidei
501 3202 812 3269 puritatem,
860 3204 1210 3269 et_ungueaiit
1238 3193 1383 3267 [ιιὲρ.
1428 3206 1485 3249 ιιι
1513 3198 1729 3269 ungantj
1760 3203 1806 3266 ο
1836 3195 2025 3269 fatetur
2045 3198 2273 3269 Silanae,
2304 3203 2357 3247 et
2387 3194 2632 3269 omnibus
2660 3195 2912 3262 operibus
2932 3193 3065 3261 ejus,
3095 3203 3150 3246 et
3178 3198 3423 3269 otiiiiibiis

182 3267 315 3333 pedes
336 3267 475 3332 Jesu,
495 3268 863 3335 apostolorum
891 3266 1134 3335 videlicet
1156 3266 1356 3320 monita
1378 3266 1729 3334 complentes,

186 3338 252 3391 vel
298 3334 703 3406 medicatorum
750 3334 1125 3405 quorumlibet,
1195 3352 1286 3406 per
1306 3350 1441 3405 quos
1490 3340 1738 3391 Ultristus

186 3410 441 3460 inanibulat
467 3424 483 3471 ;
514 3417 573 3461 et
597 3411 808 3472 domus,
836 3409 1062 3459 mundus
1092 3407 1357 3471 videlicet,
1380 3408 1493 3461 sive
1521 3408 1741 3461 univer-

185 3488 291 3529 suas
310 3489 497 3532 sanctae
531 3477 788 3531 Ecclesia:
839 3491 1022 3530 eorum
1065 3479 1200 3529 bona
1247 3490 1517 3545 opinione,
1581 3479 1737 3545 quasi

183 3549 379 3615 quodam
409 3550 550 3601 dulei
582 3556 637 3602 et
659 3548 802 3600 suavi
825 3549 1010 3612 odere,
1055 3548 1321 3615 repleatur
1347 3563 1362 3612 ;
1387 3557 1440 3601 et
1470 3547 1591 3616 quia
1628 3547 1741 3617 ple-

188 3632 381 3686 rumque
405 3621 591 3671 odoris
614 3617 845 3669 suavitas
872 3628 925 3670 et
947 3618 1155 3670 diversa
1197 3618 1538 3686 thymiamata
1565 3619 1738 3670 disso-

186 3684 381 3741 lutis’et
428 3686 758 3741 amatoribus
803 3688 1147 3751 conveniunt,
1182 3684 1269 3740 isti
1308 3702 1339 3741 e
1367 3691 1637 3741 contrario
1692 3699 1747 3741 et

187 3756 510 3821 continentes,
538 3772 594 3811 et
626 3759 817 3810 Uilfieli
856 3765 1120 3810 amatores
1148 3755 1347 3823 effecti,
1378 3759 1517 3811 illius
1537 3764 1738 3810 solum-

190 3831 326 3879 inodo
351 3831 685 3882 salutiferam
707 3841 917 3894 semper
938 3826 1324 3895 amplectantur
1344 3827 1582 3883 odorem.
1609 3828 1750 3880 'l'aii—

191 3909 360 3963 guntur
387 3908 441 3952 et
466 3913 652 3962 aures,
685 3906 740 3950 ut
767 3897 1043 3951 audientes
1071 3902 1229 3951 verba
1262 3897 1379 3961 Dei,
1411 3908 1465 3952 et
1493 3898 1749 3952 facientes

189 3981 260 4028 ea,
286 3971 475 4022 similes
497 3973 631 4031 sint,
659 3968 948 4021 secundum
980 3968 1344 4035 Lvaiigeliutn,
1373 3969 1480 4022 viro
1500 3971 1741 4037 sapienti,

188 4041 259 4102 qui
283 4040 545 4105 azdiﬁcavit
570 4044 776 4089 domum
812 4053 957 4090 suam
994 4053 1153 4107 supra
1184 4050 1411 4105 petram;
1454 4050 1508 4093 et
1531 4038 1751 4107 Spiritali

191 4107 344 4159 auditu
360 4123 575 4177 semper
600 4108 855 4176 spiritalia
876 4118 1199 4173 auscultem,
1221 4119 1277 4161 ut
1295 4125 1415 4163 cum
1443 4109 1605 4162 David
1622 4110 1758 4162 dice-

192 4185 239 4228 re
259 4182 444 4244 p0ssiut
465 4195 481 4232 :
500 4179 729 4231 Atiniam
748 4179 871 4246 quid
888 4177 1125 4245 loquatur
1140 4181 1193 4231 in
1218 4194 1295 4232 me
1316 4180 1564 4232 Dominus
1583 4179 1755 4243 Deus;

193 4249 235 4298 ci
267 4260 377 4301 cum
402 4251 530 4301 Isaia
556 4266 570 4299 :
596 4247 846 4301 Dominus
878 4247 1011 4301 Deus
1041 4251 1241 4315 aperuit
1272 4248 1395 4301 mihi
1432 4263 1642 4302 aurem:
1666 4264 1756 4318 ego

193 4329 338 4369 autem
367 4336 466 4372 non
502 4319 823 4385 contradico,
855 4329 1128 4371 retrorsum
1159 4336 1260 4372 non
1280 4319 1404 4383 abii,
1429 4328 1487 4373 ut
1513 4334 1630 4388 qua:
1649 4324 1758 4386 spl-

196 4389 393 4442 riialiter
428 4391 681 4443 dicuntur
710 4391 1007 4451 audientes,
1056 4391 1121 4442 ad
1167 4391 1486 4458 spiritaliqu
1537 4402 1758 4458 operum

197 4464 527 4513 emolumenta
544 4475 627 4527 per
641 4460 1018 4527 νειιιιιιιι.,ι;ιιιιι
1041 4460 1217 4527 itaque
1241 4461 1494 4515 Dominus
1514 4460 1567 4513 in
1586 4460 1759 4512 Evan-

1842 3267 2045 3332 ponipis
2066 3263 2199 3332 ejus.
2232 3268 2398 3330 Quam
2428 3265 2941 3316 abrenuntiationem
2987 3273 3130 3315 recte
3156 3264 3421 3317 confessio

1839 3344 2037 3388 sancta-.-
2078 3336 2353 3387 'Irinitatis
2379 3335 2635 3401 sequitur,
2684 3344 2739 3386 ιιι
2768 3335 2855 3387 ubi
2888 3333 3179 3386 abundavit
3228 3348 3427 3400 pecca-

1844 3413 1973 3467 tum,
2004 3405 2399 3473 superabundet
2440 3405 2630 3472 gratia,
2679 3411 2733 3457 et
2762 3405 2848 3457 ubi
2892 3406 3211 3470 eomputruit
3241 3403 3426 3471 juguin

1842 3472 2035 3528 diaboli
2064 3472 2246 3529 alacre
2275 3474 2541 3527 unctionis
2574 3473 2804 3541 Spiritus
2844 3477 3036 3537 sancti,
3075 3475 3321 3526 adveniat
3366 3476 3428 3525 il-

1846 3546 1944 3597 lius
1970 3549 2178 3612 juguni,
2208 3546 2295 3611 qui
2328 3544 2496 3597 d.sit:
2530 3543 2719 3595 Discite
2741 3560 2771 3594 a
2800 3560 2877 3597 me
2900 3544 3019 3613 quia
3062 3544 3194 3594 initis
3234 3557 3345 3594 sum
3384 3552 3432 3595 et

1845 3616 2053 3667 humilis
2074 3616 2246 3679 corde,
2293 3626 2341 3667 et
2378 3614 2637 3666 inreuietis
2666 3615 2886 3682 requiem
2912 3616 3180 3666 animabus
3218 3613 3433 3677 vestris;

1837 3688 2023 3757 jugum
2050 3687 2182 3737 enini
2204 3700 2367 3736 meum
2387 3701 2536 3757 suane
2561 3695 2656 3749 est,
2691 3694 2736 3737 et
2761 3702 2888 3737 onus
2916 3701 3078 3736 meum
3112 3686 3253 3757 leve.
3280 3684 3431 3757 Sata-

1848 3754 1943 3809 nas
1970 3756 2132 3816 enim,
2188 3764 2359 3822 quiet
2408 3756 2652 3809 diabolus
2702 3764 3056 3822 nuncupatur,
3108 3768 3136 3805 a
3189 3754 3434 3808 lidelibus

1849 3828 2273 3892 abrenuntiatur,
2300 3838 2356 3880 ut
2382 3824 2608 3879 Domino
2621 3826 2880 3879 Salvatori
2907 3826 3121 3878 liberius
3143 3823 3433 3888 serviatur,

1849 3902 1994 3965 quia,
2024 3898 2179 3966 juxta
2210 3897 2448 3965 ejusdem
2480 3896 2689 3949 Domini
2720 3911 2923 3961 vocem,
2955 3910 3099 3948 nemo
3124 3902 3285 3963 potest
3306 3898 3438 3947 duo»-

1853 3970 1943 4020 bits
1972 3968 2191 4020 dominis
2212 3970 2416 4020 servire.

1931 4055 1949 4087 i
1988 4037 2101 4090 XII.
2152 4037 2568 4091 Abrenuntistur
2610 4036 2771 4089 etiam
2813 4034 3067 4101 operibus
3113 4031 3251 4099 ejus,
3311 4035 3445 4102 quia.

1854 4122 2016 4175 opera
2047 4106 2184 4161 illius
2232 4105 2499 4159 contraria
2549 4116 2669 4159 sunt
2708 4107 2957 4172 operibus
3008 4103 3332 4168 Salvatoris;
3384 4117 3443 4159 et

1855 4174 1977 4246 quia
2009 4177 2097 4230 ille
2124 4177 2286 4229 armis
2309 4178 2441 4237 suis,
2485 4174 2535 4227 id
2559 4186 2639 4227 est
2666 4175 2828 4238 vitiis,
2857 4188 3026 4241 genus
3054 4176 3341 4246 humanum
3366 4175 3438 4246 si-

1858 4244 1910 4301 bi
1940 4249 2188 4316 subjeCit,
2222 4246 2473 4298 Dominus
2491 4246 2652 4316 armis
2674 4246 2804 4316 suis,
2836 4245 2887 4316 id
2911 4252 2993 4316 est
3019 4244 3320 4316 virtutibus,
3368 4244 3439 4295 il-

1861 4320 1965 4372 Iuni
1996 4312 2301 4371 debellavit.
2357 4315 2413 4367 lu
2448 4314 2587 4368 illius
2611 4314 2750 4366 enim
2777 4314 2982 4375 militia,
3017 4312 3067 4366 id
3098 4323 3179 4363 est
3210 4324 3445 4379 peccatis

1862 4390 2084 4450 nostris,
2115 4386 2340 4440 servitus
2373 4399 2688 4455 permanens
2724 4384 2868 4455 [ιτς.
2896 4381 3314 4455 permanentem]
3343 4398 3439 4437 ae-

1863 4467 2003 4526 cept
2031 4466 2253 4511 mortem
2275 4473 2289 4513 ;
2315 4451 2539 4509 iii'istius
2566 4451 2780 4519 militia,
2812 4451 2860 4507 id
2889 4451 2969 4508 est
2998 4451 3295 4519 virtutibus,
3349 4467 3438 4506 ac-

197 4527 313 4609 gelio
335 4531 484 4621 dicit:
514 4525 618 4621 Qui
645 4529 793 4611 habet
817 4525 1259 4621 auresaudliendi,
1284 4532 1486 4621 audiat,
1517 4529 1757 4621 etJdoan-
1786 4561 1836 4621 υ
1863 4525 2085 4610 cipimus
2127 4532 2591 4621 il‘lltllltratlleﬁltalll.
2648 4527 2864 4621 Septem
2908 4525 3445 4621 itaquirprlﬂeipal‘ia

199 4612 278 4651 nes
306 4604 352 4652 in
376 4599 698 4669 Apocalypsi
728 4614 851 4652 sua:
884 4599 984 4666 Qui
1010 4599 1157 4653 liabet
1187 4616 1339 4653 aures
1364 4601 1628 4666 audiendi,
1662 4616 1757 4652 au-

199 4670 288 4719 diat
313 4668 437 4739 quid
456 4670 712 4722 Dominus
736 4670 871 4722 dicat
904 4668 1169 4736 Ecclesiis,
1201 4672 1290 4725 liic
1329 4687 1435 4723 non
1463 4686 1620 4725 aures
1639 4685 1757 4724 car-

201 4742 356 4804 nales,
388 4742 479 4794 sed
502 4742 772 4808 spiritales
797 4751 1125 4808 quaeruntur,
1170 4753 1224 4796 et
1280 4757 1371 4809 per
1397 4742 1602 4794 aurium
1660 4758 1757 4792 iiu-

200 4822 305 4861 tuen
326 4811 592 4865 interioris
630 4811 864 4864 hominis
899 4812 1112 4864 auditus
1141 4812 1467 4879 designatur.
1526 4813 1578 4863 In
1601 4825 1755 4865 sacro

202 4881 376 4936 etenim
403 4882 616 4950 eloquio
633 4882 943 4950 plerumque
975 4896 1068 4950 per
1094 4890 1332 4937 membra
1362 4884 1603 4949 corporis
1639 4884 1756 4949 spi-

202 4951 349 5005 ritalis
375 4954 565 5005 anima:
590 4956 810 5007 virtutes
860 4956 1245 5021 intelliguntur.
1296 4954 1429 5019 Quia
1452 4966 1579 5019 ergo
1616 4953 1753 5005 divi-

204 5022 323 5091 nitas
355 5024 619 5076 bomiiiein
653 5036 932 5077 assumens
974 5025 1236 5091 quoddam
1279 5039 1340 5077 es
1386 5024 1755 5077 commistione

203 5090 400 5145 duarum
438 5094 850 5147 substantiarum
878 5109 929 5145 in
974 5090 1074 5146 una
1108 5094 1198 5147 Dei
1230 5094 1344 5147 Filii
1397 5107 1620 5160 persona
1646 5094 1762 5146 col-

223 5163 378 5233 yriuni
426 5164 573 5228 fecit,
612 5170 748 5217 unde
775 5179 941 5232 genus
969 5166 1281 5232 humanum,
1320 5168 1459 5233 quod
1504 5178 1704 5217 ciccum
1731 5179 1761 5216 a

208 5231 371 5301 prunis
422 5234 731 5301 parentibus
786 5231 967 5288 natum
1010 5247 1144 5301 erat,
1188 5231 1551 5297 illuiiiinaret,
1599 5236 1616 5254 ‘
1657 5249 1762 5286 non

210 5300 334 5370 [λιες.
365 5300 525 5374 nunc]
554 5319 583 5357 a
611 5316 769 5372 sputo
797 5318 951 5358 aures
977 5300 1280 5373 tanguntur,
1307 5316 1360 5357 et
1389 5320 1565 5369 nares,
1593 5315 1647 5358 ut
1672 5319 1767 5357 es-

209 5386 383 5439 spuens
407 5375 638 5442 linguam
659 5377 788 5428 inuti
815 5379 1075 5442 tetigerat,
1094 5387 1148 5431 et
1168 5386 1323 5441 sputo
1347 5376 1514 5428 lutum
1544 5381 1764 5439 Iecerat,

211 5454 257 5494 ct
279 5445 450 5497 oculos
478 5446 606 5498 eieci
629 5447 736 5498 nati
767 5460 1076 5513 aperuerat;
1121 5461 1261 5499 nunc
1292 5462 1384 5512 per
1406 5448 1761 5499 ministerium

211 5516 525 5567 sacerdotum
573 5524 628 5568 et
648 5518 881 5569 auditum
935 5520 1229 5585 spiritalem
1260 5520 1340 5570 liis
1385 5516 1477 5584 qui
1515 5518 1765 5584 baptizati

214 5592 329 5655 sunt
369 5586 579 5648 tribuat,
604 5595 657 5639 et
682 5594 825 5640 recte
864 5586 1138 5655 loquendi,
1192 5590 1241 5642 id
1270 5597 1352 5641 est
1381 5591 1538 5641 Iidem
1588 5600 1764 5640 veram

215 5654 480 5726 conﬁtendi
513 5658 809 5711 lacullatem
841 5654 1096 5726 praebeat,
1135 5668 1191 5713 et
1218 5672 1396 5723 nares,
1428 5658 1619 5726 quibus
1668 5659 1763 5710 bo-

219 5736 329 5799 num
352 5722 542 5799 Christi
570 5727 788 5799 odorem
815 5722 1049 5797 capiant,
1072 5722 1294 5797 aperiat.
1319 5722 1510 5783 Pectus
1530 5731 1671 5783 enim
1702 5730 1766 5782 il-

221 5791 307 5846 lius
335 5798 420 5865 qui
460 5797 747 5866 baptizatur
782 5791 1044 5857 refertum
1084 5791 1296 5870 semper
1315 5812 1437 5856 eSse
1480 5800 1659 5867 debet,
1714 5806 1769 5854 et

1868 4591 2012 4662 vitia,
2059 4597 2249 4667 quibus
2269 4598 2512 4657 diabolus
2540 4591 3023 4667 getius'liutnanuin
3056 4591 3292 4660 infestat,
3332 4609 3447 4667 non

1860 4665 2149 4739 incongrue
2197 4682 2359 4734 opera
2415 4670 2625 4739 Satanae
2678 4666 3200 4739 dici-repossumus,
3249 4665 3452 4730 quibus

1857 4736 2196 4809 opponuntur
2223 4747 2426 4806 septem
2475 4738 2798 4804 principales
2838 4736 3078 4809 virtutes,
3130 4749 3249 4801 quae
3280 4746 3449 4802 opera

1857 4808 1979 4866 sunt
2004 4814 2183 4879 procul
2205 4810 2366 4862 dubio
2391 4809 2663 4860 salutaria.
2710 4814 2817 4859 iVec
2851 4821 3028 4858 minus
3056 4808 3256 4857 interea
3288 4819 3439 4879 pom-

1860 4885 1940 4950 pis
1961 4877 2078 4949 ejus
2117 4879 2539 4951 abrenuntiatur,
2588 4887 2910 4951 quaeutiqiie
2932 4888 3093 4941 opera
3122 4883 3243 4951 sunt
3286 4877 3444 4951 Sata-

1857 4946 1961 5006 nae.
1986 4946 2088 5008 Sed
2113 4966 2177 5004 eo
2202 4951 2350 5018 quasi
2375 4947 2605 5001 discerni
2634 4948 2925 5018 videntura
2954 4946 3165 4998 caneris
3191 4946 3443 5010 operibus

1867 5023 2146 5091 eju5,q..1u
2172 5016 2233 5072 iu'
2253 5020 2368 5086 ejus
2388 5023 2655 5091 superbia,
2699 5031 2849 5091 cujus
2879 5016 2966 5068 ille
2993 5026 3195 5091 auctor,
3228 5022 3298 5091 et_
3325 5029 3444 5091 qua:

1866 5084 2221 5160 einn'u'ejecit,
2257 5084 2650 5158 quodammodo
2685 5087 3023 5160 designatur.
3054 5085 3266 5160 Douipie
3288 5084 3446 5151 igitur

1868 5178 1984 5231 ejus
2013 5152 2137 5215 sunt
2164 5152 2402 5223 ambitio,
2430 5155 2753 5231 arrogantia,
2776 5160 2927 5231 ‘vaiia
2949 5152 3143 5231 gluria,
3176 5162 3445 5231 et‘castera

1868 5226 2425 5301 li'ujiiscemoditqua:
2468 5229 2535 5281 de
2563 5228 2709 5301 I'oiite
2747 5226 3012 5301 superbiae
3055 5226 3343 5301 procedere
3368 5228 3446 5273 ili-

1871 5293 2220 5373 gnoscuntur.
2243 5293 2515 5373 VPDAIAIIIIalII
2538 5297 2678 5373 enim
2701 5293 3070 5373 _a_mbitioueni
3102 5293 3213 5370 sive
3234 5293 3447 5360 jactan-

1873 5365 1996 5427 tiam
2026 5384 2079 5426 et
2104 5375 2185 5424 liis
2209 5369 2404 5423 similia
2436 5366 2653 5435 intelligi
2682 5366 2879 5418 debere
2905 5365 3249 5435 propheticus
3269 5376 3455 5435 sermo

1874 5448 2227 5504 demonstrat,
2265 5455 2385 5492 cum
2416 5439 2576 5490 dicit:
2616 5435 2805 5503 nequi
2835 5434 3061 5502 apuleuti
3099 5435 3214 5484 estis
3237 5434 3290 5484 in
3317 5434 3448 5485 Sion

1867 5523 1914 5566 et
1935 5514 2264 5580 conﬁditisin
2292 5520 2456 5561 monte
2486 5510 2758 5569 Samariw,
2788 5509 3054 5580 optimates
3092 5505 3449 5580 capitalpopuf

1867 5572 2054 5653 lorum,
2091 5582 2427 5653 ingredientes
2474 5585 2755 5653 pompatice
2782 5578 2988 5627 domum
3020 5572 3233 5653 Israel..
3261 5574 3365 5652 Sed
3384 5577 3457 5653 et

1869 5643 2120 5708 Clemens
2149 5643 2875 5707 Prudentiusdisertissimus
2917 5658 3078 5713 atque
3121 5643 3450 5697 cliristian‘is.

1868 5726 2036 5778 sinitis
2084 5733 2240 5794 poeta
2267 5723 2318 5775 in
2344 5722 2441 5794 liae
2463 5718 2848 5794 significatione
2886 5730 3137 5788 pompam
3187 5716 3359 5783 posuit
3398 5727 3454 5769 ιιι

1872 5799 2007 5855 libro
2038 5790 2477 5869 Psycltomacliia,
2509 5791 2599 5847 ubi
2628 5790 2739 5844 ait:
