4042 6294
172 309 276 363 861

937 302 1001 357 IN
1038 300 1342 359 ORDlNEM
1381 302 1714 363 ROMANO)!
1754 302 2287 361 COMMENTANUS
2325 303 2659 363 PRA‘IVIUS.

3336 310 3438 367 €62

178 427 364 483 postea
397 430 543 479 vero,
574 413 821 467 nimirum
835 426 874 486 _a
901 421 1139 486 tempore
1168 414 1384 486 Honorii
1413 414 1472 478 ll,
1498 431 1749 471 numerus
1780 417 1833 477 Α
1858 428 1987 486 quas
2008 414 2136 469 solis
2172 415 2498 486 presbyteris
2538 417 2894 473 cardiuaLbus
2922 419 3195 476 celebrare
3217 421 3433 479 licebat.

178 486 360 559 [svnt]
380 486 456 559 ad
487 499 613 537 svnt
643 484 891 545 accrevit,
920 484 1004 535 cui
1030 483 1149 559 dine
1174 485 1289 537 alia:
1316 486 1529 559 demum
1561 487 1753 559 addita:

175 553 439 612 diaconiae
470 568 748 607 numerum
791 569 858 605 xx
901 554 1311 607 constituerunt.
1356 553 1411 609 In
1450 553 1552 609 isto
1580 557 1755 609 diaco-

178 641 371 681 nornm
402 632 709 692 augmento,
743 622 830 692 alii
861 622 1140 688 regionarii
1166 624 1499 688 dieebantur,
1533 640 1755 680 numero

174 689 496 758 duodecim}
522 694 608 745 alii
634 689 873 763 palatini,
902 707 1122 745 numero
1150 709 1264 757 sex,
1293 694 1604 763 regionariis
1628 710 1755 763 pra:-

177 766 330 819 fecti.
361 765 558 818 Omnes
585 761 856 815 diaconias
901 776 1124 814 numero
1166 761 1462 816 octodecim
1506 761 1754 825 compre-

178 836 365 890 hendit
391 834 638 895 Cencius,
672 846 789 899 pag.
818 830 942 888 175.
965 846 1097 897 quas
1117 844 1392 885 enumerat
1412 834 1597 888 Petrus
1620 835 1749 887 Mal-

176 906 303 980 lius,
332 905 439 980 itif}.
473 919 591 970 ρειεο
628 898 761 980 ίβθί
943 968 977 980 ,,
1125 968 1159 980 ..
1202 969 1230 980 ν.

249 968 623 1029 Subdiacnnos
647 972 697 1024 in
729 981 835 1026 tres
863 968 1077 1023 ordines
1109 968 1389 1038 distinguit
1422 981 1573 1025 vetus
1603 971 1756 1027 libel-

178 1044 309 1097 lnsa
335 1042 561 1096 Baronio
583 1040 845 1104 laudatus,
870 1041 933 1092 ad
951 1054 1146 1091 annum
1175 1040 1330 1101 1057.
1359 1042 1408 1092 in
1433 1041 1547 1095 hare
1565 1042 1753 1095 verba:

178 1113 499 1167 Subdiaconi
528 1120 642 1163 sunt
671 1127 839 1163 omnes
870 1124 1077 1161 numero
1098 1108 1274 1177 viginti
1294 1119 1340 1160 et
1371 1126 1537 1175 unus;
1568 1121 1755 1178 septem

175 1183 480 1253 regionarii,
510 1182 599 1249 qui
618 1181 859 1253 epistolas
884 1190 929 1253 et
949 1178 1196 1253 lectiones
1217 1187 1420 1231 cantant
1445 1181 1498 1231 in
1522 1182 1754 1253 stationi-

173 1248 302 1315 bu's;
333 1248 529 1315 septem?
549 1250 801 1317 palatini,
830 1249 916 1318 qui
943 1248 1076 1300 idem
1100 1263 1281 1301 munus
1310 1258 1554 1315 prwstant
1585 1252 1635 1302 in
1669 1267 1752 1303 ec-

173 1323 338 1375 clesia
361 1320 690 1374 Lateranensi
705 1337 722 1379 ;
737 1330 926 1385 septem
947 1318 1056 1381 alii,
1076 1318 1161 1386 qui
1186 1318 1426 1370 dicunlur
1446 1319 1619 1372 schola
1635 1336 1755 1373 can-

175 1403 349 1444 torum
368 1435 383 1459 ,
408 1392 493 1458 qui
521 1399 729 1442 cantant
758 1388 1115 1459 tantunimodo
1136 1388 1341 1459 quando
1370 1404 1599 1459 summus
1628 1407 1755 1458 pon-

174 1462 307 1530 tifex
330 1456 585 1514 celebrare
608 1460 886 1512 consuevit.
934 1457 1009 1530 Ex
1043 1456 1227 1530 primis
1256 1456 1640 1530 eratjoanncs
1668 1460 1753 1513 ille

171 1526 520 1584 sulidiaconus
550 1532 728 1599 prima:
751 1526 996 1599 regionis,
1021 1527 1109 1594 qui
1139 1541 1169 1581 e
1198 1526 1337 1580 collo
1367 1526 1573 1582 Silverii
1606 1544 1754 1597 papa:

176 1602 399 1668 pallium
444 1597 727 1653 abstulisse
764 1597 1092 1668 perhibetur,
1127 1603 1183 1648 et
1215 1606 1428 1668 exutum
1463 1607 1609 1651 veste
1639 1615 1754 1652 mu-

179 1664 383 1723 iiastica
432 1669 697 1733 induisse,
742 1664 882 1736 quod
922 1665 1103 1720 Sixtus
1143 1664 1482 1721 subdiaconus
1531 1669 1752 1738 regionis

173 1747 338 1792 sexta:
368 1740 514 1792 clero
544 1739 827 1791 nuntiavit.

252 1810 499 1877 Denique
526 1816 675 1862 erant
696 1806 855 1861 etiam
886 1802 1121 1926 acolgtbi
1161 1806 1445 1875 regionarii
1475 1842 1490 1870 ,
1522 1817 1674 1862 erant
1702 1819 1758 1863 et

252 1879 453 1926 nlarrs-
505 1879 572 1926 de
598 1877 792 1926 auibus
824 1878 967 1926 ulnra
1040 1876 1192 1926 icturi
1224 1890 1437 1926 sumus.
1472 1890 1590 1926 eum
1624 1894 1755 1926 non-

176 1878 454 1946 titularcs,
505 1879 572 1932 de
598 1877 792 1945 quibus
824 1878 967 1946 plura
999 1876 1192 1946 dicturi
1224 1890 1437 1937 sumus,
1472 1890 1590 1930 eum
1624 1894 1755 1931 non-

180 1944 328 2003 nulla
360 1949 777 2017 pra-miserimus
811 1944 877 1999 de
903 1944 1245 2017 distinctione
1277 1946 1550 2017 regionum
1582 1950 1756 2001 eccle-

179 2014 517 2073 siasticarutn
537 2054 550 2079 ,
577 2031 799 2086 quarum
827 2015 1008 2072 notitia
1050 2014 1115 2067 ad
1145 2015 1284 2068 hunc
1308 2016 1481 2070 locum
1510 2032 1757 2073 necessa-

176 2090 255 2142 ria
288 2095 394 2141 est.

250 2158 537 2224 Esplorata
560 2166 640 2210 est
664 2156 823 2212 Urbis
852 2157 1041 2210 dvisio
1071 2157 1121 2211 in
1152 2164 1354 2221 septem
1382 2157 1626 2224 regiones
1654 2174 1748 2213 ec-

176 2228 530 2293 clesiasucas,
555 2242 672 2280 cum
702 2243 764 2280 ex
794 2224 1013 2293 Augusti
1036 2227 1254 2281 decreto
1279 2225 1329 2278 in
1351 2228 1747 2294 quatuordecim

175 2297 365 2351 fuisset
398 2298 714 2361 distributa;
754 2297 854 2366 sed
876 2298 1029 2366 longe
1052 2296 1335 2366 pobscurior
1363 2309 1439 2348 ρει
1461 2336 1475 2358 ,
1517 2314 1634 2366 quae
1666 2308 1747 2352 ta-

179 2382 304 2421 men
338 2368 495 2435 longe
535 2367 792 2433 posterior
837 2364 933 2420 fuit
952 2363 986 2431 ,⁷
1014 2364 1202 2421 divisio
1231 2363 1318 2435 illa
1346 2363 1707 2421 ecclesiastica
1732 2404 1748 2435 ,

189 2447 373 2504 utpote
397 2433 555 2490 modo
581 2437 841 2497 obsoleta,
875 2452 1032 2503 quam
1066 2435 1257 2499 civilis,
1290 2433 1541 2490 hactenus
1572 2433 1749 2491 retené

187 2519 257 2559 ta.
291 2506 541 2561 Omnium
572 2508 772 2574 optime
802 2506 1062 2560 Nardinus
1085 2506 1325 2576 sitnmac
1355 2506 1548 2559 limites
1571 2506 1749 2576 cujus-

178 2593 280 2645 que
318 2578 549 2643 regions
589 2577 968 2631 ecclesiastica:
1004 2574 1295 2645 assignavit
1335 2590 1396 2628 ex
1428 2574 1746 2644 Anastasio,

179 2642 268 2705 ἀιιί
302 2642 535 2699 indolem
564 2647 884 2701 Aventinum
918 2645 971 2699 in
1013 2642 1182 2714 prima
1205 2684 1219 2708 ,
1264 2642 1314 2697 in
1344 2645 1574 2698 secunda
1604 2642 1743 2701 viam

178 2715 578 2777 Mamertinum,
620 2716 894 2769 basilicam
928 2716 1096 2769 sancti
1130 2714 1396 2768 Laurentii
1431 2729 1590 2782 super
1625 2731 1745 2771 san-

179 2795 322 2838 rtuin
346 2786 677 2839 Clementem
708 2786 760 2839 in
792 2786 978 2848 tertia,
1009 2795 1062 2839 et
1092 2782 1264 2852 Caput
1294 2782 1449 2837 Taui
1480 2785 1531 2837 in
1562 2787 1745 2854 quinta

179 2856 427 2925 collocat.
482 2856 627 2909 Alias
656 2855 898 2925 designat
939 2854 1078 2925 idem
1112 2862 1297 2925 auctor
1325 2869 1388 2907 ex
1419 2854 1745 2923 conjectura.

182 2924 274 2978 llis
302 2927 437 2980 adde
467 2926 519 2977 in
551 2920 973 2994 regione'quarta
1012 2923 1217 2977 titulum
1253 2920 1482 2994 Vestina:
1503 2920 1532 2986 ,⁷
1562 2940 1623 2978 ex
1658 2941 1749 2980 ve-

183 2995 279 3048 teri
313 2990 660 3061 inscriptione
688 2990 1022 3063 quie'lcgitur
1054 2994 1105 3047 in
1132 2994 1315 3047 Roma:
1349 2990 1710 3049 subterranea:
1731 3034 1750 3061 ,

183 3076 329 3117 tonio
364 3064 435 3126 ll,
464 3080 556 3118 seu
584 3065 674 3118 lib.
702 3062 775 3128 tv,
825 3064 1051 3132 cap.25,
1083 3064 1169 3117 ubi
1204 3062 1445 3116 laudatur
1475 3063 1750 3117 Abundan-

181 3133 285 3187 tius
320 3135 580 3203 acolythus
602 3152 708 3203 τίς.
737 3143 931 3203 quaita'
955 3143 1011 3203 tt.
1048 3132 1288 3195 Vestiam,
1314 3133 1400 3203 qui
1427 3132 1605 3186 titulus
1628 3151 1751 3187 sano

181 3214 390 3257 etorum
422 3198 1007 3270 (teriasii'et'l’rotasii,
1032 3218 1125 3258 seu
1164 3198 1543 3257 sancti'Vitalis
1569 3219 1749 3272 pos:ea

178 3283 264 3326 est
284 3275 600 3339 appellatus.

252 3344 331 3396 Ad
356 3343 494 3396 hunc
514 3343 689 3413 locum
714 3342 906 3395 Paulus
931 3342 1195 3413 Aringlius
1217 3342 1465 3395 observat
1483 3343 1752 3413 aculytho.

179 3428 302 3467 rum
334 3414 427 3466 tria
454 3427 648 3481 genera
681 3412 860 3465 [totum
897 3413 1021 3465 olim
1072 3410 1233 3481 fuisse
1266 3428 1280 3463 :
1322 3410 1621 3478 palatinos,
1660 3417 1747 3481 qui

183 3492 315 3547 pont
341 3483 407 3537 lic
455 3478 689 3535 maximo
721 3484 769 3533 in
795 3482 1084 3549 upOslolico
1111 3478 1305 3550 palatio
1326 3495 1386 3534 ae
1405 3478 1747 3537 Lateranensi

178 3552 396 3605 basilica
431 3556 513 3605 ins
546 3550 819 3616 rviebant;
852 3552 1215 3613 stationarios,
1244 3564 1465 3620 quorum
1496 3552 1547 3605 id
1582 3558 1747 3620 potis-

176 3623 377 3674 simum
400 3636 590 3674 munus
612 3630 766 3685 erat,
806 3620 977 3675 eidem
1032 3620 1264 3685 pontifici
1306 3619 1357 3673 in
1408 3619 1649 3675 ecclesiis
1694 3624 1745 3676 in

176 3692 373 3758 quibus
410 3696 667 3744 stat'oues
716 3692 782 3744 de
830 3705 977 3744 more
1028 3690 1349 3745 haberentur
1391 3690 1745 3747 ministerium

178 3761 470 3832 exhibere;
494 3760 820 3832 regionarios
841 3761 1074 3832 demum,
1093 3759 1428 3832 quidiaconis
1444 3759 1578 3832 [snt]
1605 3761 1657 3815 in
1685 3763 1747 3815 ti-

180 3830 439 3883 tularibus
487 3828 796 3884 eorumdem
850 3828 1158 3897 regionibus
1195 3828 1263 3882 ad
1311 3828 1465 3883 sacra
1505 3828 1745 3886 obeunda

178 3900 362 3953 inuriia
393 3901 580 3954 sedulo
611 3898 1008 3961 ministrabant,
1038 3914 1102 3952 ex
1134 3914 1357 3966 quorum
1383 3915 1606 3954 numero
1630 3901 1747 3955 fuc-

181 3969 253 4023 rit
300 3970 664 4023 Abundantius
693 3984 812 4023 mox
860 3969 1123 4023 laudatus.
1152 3964 1357 4022 'Verum
1394 3967 1499 4022 duo
1543 3980 1747 4025 tantum

179 4039 551 4109 acolytborum
580 4053 774 4109 genera
807 4037 990 4103 primis
1017 4038 1119 4109 illis
1149 4040 1475 4109 temporibus
1506 4037 1671 4093 fuisse
1691 4058 1753 4095 es

179 4106 381 4163 Ordine
408 4106 645 4162 Romano
666 4108 834 4176 primo
855 4118 907 4161 et
935 4106 1092 4161 tertio
1122 4108 1404 4163 manifeste
1427 4110 1755 4178 intelligitur,

178 4178 518 4247 regiOnarios
550 4178 755 4232 scilicet
783 4192 845 4233 ac
876 4179 1140 4241 titulares,
1171 4192 1394 4245 quorum
1422 4179 1494 4231 illi
1518 4178 1758 4234 dlaconis

181 4250 500 4317 regionariis
526 4259 579 4302 et
611 4247 869 4315 pontiﬁci,
898 4247 949 4300 bi
983 4247 1305 4316 presbyteris
1328 4247 1626 4302 titularibus
1648 4265 1759 4304 ser-

177 4319 421 4372 viebant.
470 4318 691 4371 Palatini
724 4327 873 4371 erant
913 4317 1334 4381 Lateranenses,
1367 4318 1658 4372 stationarii
1692 4334 1756 4373 ex

182 4387 500 4454 legionariis
529 4384 805 4455 assumpti.
824 4389 883 4439 Oi
898 4385 967 4441 du
991 4386 1261 4439 Romanus
1281 4386 1346 4441 ab
1370 4386 1629 4454 llittorpio
1649 4392 1760 4442 tu!-

179 4466 338 4524 gntus
366 4455 699 4520 parochianos
721 4456 930 4509 clericos
956 4465 1132 4517 vocat,
1164 4471 1281 4524 tag.
1315 4455 1402 4509 51.
1436 4457 1753 4526 ldemagens

180 4530 252 4580 de
279 4526 612 4581 ordinatione
642 4526 973 4591 eorumdetn,
1011 4541 1127 4594 pag.
1162 4526 1249 4590 89,
1277 4526 1512 4594 singulos
1533 4528 1600 4578 ad
1627 4528 1752 4581 titu-

180 4599 289 4650 tum
340 4596 502 4649 fuisse
548 4596 818 4649 ordinatos
867 4606 1049 4659 aperte
1082 4596 1353 4659 declarat;
1401 4594 1647 4663 idemque
1688 4599 1755 4652 de

176 4665 557 4731 subdiacimis,
590 4665 830 4719 diaconis
854 4673 907 4718 ct
935 4664 1296 4732 presbyteris,
1330 4680 1447 4733 pag.
1482 4665 1573 4719 9t.
1618 4666 1752 4721 Grc-

178 4735 365 4803 gorius
394 4736 650 4803 Magnus,
680 4735 947 4788 referente
977 4733 1179 4787 Joanne
1206 4734 1440 4788 Diacouo
1464 4775 1477 4798 ,
1512 4735 1563 4788 iti
1589 4736 1680 4789 lib.
1714 4752 1752 4789 tt

189 4802 319 4856 \itze
342 4802 625 4871 ejus,’cap.
647 4806 668 4857 1
689 4807 736 4867 l,
759 4802 963 4857 remotis
984 4820 1015 4855 a
1034 4805 1263 4856 cubiculo
1288 4820 1380 4856 suo
1403 4805 1749 4869 swcularibus,

180 4874 393 4926 clericos
421 4883 465 4927 et
493 4875 766 4942 monachos
794 4872 889 4926 sibi
915 4873 1231 4926 consiliarios
1263 4874 1637 4942 familiaresque
1665 4875 1751 4927 de-

181 4943 325 5012 legit,
351 4958 465 4995 cum
481 4943 661 5012 quibus
676 4940 973 5011 Gregorius,
991 4944 1079 4995 diu
1098 4940 1343 5010 noctuque
1360 4940 1609 5006 versatus,
1624 4945 1749 4997 nihil

180 5013 482 5065 monaslica!
504 5013 822 5081 perfectionis
850 5012 899 5064 in
927 5012 1152 5080 palatio,
1185 5012 1312 5065 nihil
1335 5014 1643 5081 pontiﬁcalis
1672 5015 1751 5067 in-

177 5081 457 5135 stitutionis
485 5083 537 5133 in
568 5083 776 5133 ecclesia
804 5082 1092 5151 dereliquit.

252 5154 380 5204 l‘ost
409 5151 587 5205 titulos
613 5162 665 5205 et
696 5151 970 5205 diacouias
999 5166 1083 5203 res
1111 5151 1275 5220 exigit
1312 5163 1370 5205 ut
1397 5154 1463 5208 de
1500 5154 1751 5207 oratoriis

176 5222 424 5286 quantam
449 5221 532 5273 hic
559 5221 926 5274 observemus.
965 5219 1035 5290 Ea
1065 5219 1290 5288 duplicis
1319 5223 1531 5290 generis
1556 5233 1708 5277 erant
1733 5240 1749 5277 :

178 5290 735 5359 iiiizedamcardinali,
761 5290 859 5342 alia
881 5289 1005 5341 nulli
1037 5289 1345 5359 presbytero
1368 5292 1597 5345 addicta.
1624 5291 1752 5345 Gre-

177 5359 365 5427 gorius
406 5358 623 5427 Magnus
653 5357 705 5412 in
738 5360 977 5427 epistolis
1007 5360 1139 5422 suis,
1174 5357 1259 5412 ubi
1288 5361 1354 5415 de
1382 5363 1629 5415 oratoriis
1657 5364 1752 5415 dc-

176 5426 424 5483 dicaudis
448 5426 587 5498 agit,
623 5432 855 5495 quinque
894 5428 1226 5483 conditiones
1260 5431 1453 5496 passim
1485 5432 1747 5499 requirit:

180 5514 377 5567 nempe
410 5508 468 5551 ut
496 5500 695 5551 nullum
726 5513 918 5565 corpus
946 5512 1009 5550 eo
1041 5499 1089 5549 in
1120 5498 1238 5551 loco
1268 5499 1336 5552 sit
1361 5498 1662 5563 humatum;
1698 5512 1751 5553 ut

176 5570 278 5622 dos
311 5568 582 5621 sufficiens
611 5568 942 5635 assignetur;
979 5575 1033 5618 nt
1064 5569 1261 5620 nullum
1294 5570 1363 5622 ibi
1394 5580 1752 5623 constituatur

176 5638 582 5705 baptisterium;
631 5642 807 5690 nullus
838 5640 994 5690 etiam
1042 5640 1319 5706 presbyter
1341 5639 1659 5704 t'atdinalis,
1690 5655 1751 5693 ac

179 5709 405 5777 proinde
434 5708 590 5762 nulla:
626 5707 818 5762 ibidctu
866 5707 1038 5762 Missa:
1073 5708 1293 5776 publtcgc
1328 5709 1750 5772 celebrarentur,

1863 483 2012 537 Adeo
2053 494 2108 555 ut
2149 484 2194 538 si
2233 483 2445 552 quando
2477 501 2627 539 sacra
2671 489 2723 543 in
2764 490 3024 555 ejusmodi
3065 494 3311 546 oratoriis
3344 497 3434 547 lic-

1862 561 2011 615 rent,
2039 553 2109 629 ali
2128 555 2383 629 episcopo
2416 556 2693 629 presbyter
2712 553 2931 613 deberet
2965 560 3268 628 impetrari,
3302 582 3429 629 qna-

1858 629 2005 675 tenus
2036 623 2163 675 nihil
2188 624 2292 676 alia
2321 623 2351 677 a
2371 623 2590 702 quolibet
2617 630 2879 702 sacerdote
2902 628 3005 702 alio
3032 623 3280 685 ullatenus
3306 623 3437 702 prte-

1857 704 2158 769 sunieieiur,
2199 696 2515 769 quieoutnja
2558 696 2893 769 legunturin
2940 700 3033 753 lib.
3071 716 3138 763 tt,
3172 696 3329 769 epist.
3367 707 3431 763 9,

1859 760 1973 836 ind.
2007 760 2254 836 l0,_et_iu
2284 762 2440 836 aliis.»
2462 760 2650 819 Verum
2682 768 2921 836 qua‘d-tm
2952 760 3181 823 oratoria
3208 760 3359 826 erant
3386 760 3435 824 in

1857 831 2052 909 quibus
2082 831 2274 909 licebat
2305 834 2674 909 presbyterum
2700 831 2909 892 habere
2938 841 3260 893 cardinal-nu
3285 886 3300 909 ,
3332 859 3433 895 non

1862 902 2245 980 qniparoehus
2276 913 2443 981 esset,
2471 905 2563 981 sed
2597 908 2756 981 veluti
2788 908 3113 981 cap‘ellanus.
3148 902 3314 981 linjns
3345 928 3437 979 ge-

1862 970 2004 1043 neris
2031 980 2146 1043 erat
2170 975 2463 1043 matorium
2492 973 2642 1037 illud,
2672 978 2812 1043 quod
2847 970 2983 1032 idem
3021 970 3255 1043 pontile}
3299 970 3431 1035 Pas-

1860 1038 1974 1117 sivo
2003 1040 2537 1117 episcoponFirmauo
2572 1038 2820 1102 dedicare
2860 1038 3116 1114 permittit
3151 1051 3200 1103 in
3235 1050 3325 1104 lib.
3365 1067 3394 1104 ι
3418 1094 3433 1117 ,

1858 1108 2081 1184 epistola
2115 1108 2182 1163 1‘2
2207 1108 2617 1184 {Presbyterum
2659 1108 2874 1184 quoque
2896 1126 2944 1168 te
2985 1118 3093 1171 illic
3128 1108 3434 1174 constituere

1858 1176 2088 1257 volutans
2110 1176 2446 1257 cardinaletn,
2479 1191 2529 1231 ut
2554 1176 2752 1257 quoiies
2773 1176 3026 1253 praefatus
3058 1190 3292 1242 conditor
3320 1192 3433 1257 ﬁeri

1859 1245 2184 1325 sibiudlissas
2208 1249 2456 1325 ιγιοιιιςενξς3
2488 1245 2581 1301 υεϊ
2604 1245 2835 1316 fideliuin
2865 1245 3142 1325 concursus
3181 1245 3434 1325 exegerit,

1860 1314 1992 1367 nihil
2011 1316 2076 1367 sit
2104 1317 2240 1384 quod
2269 1318 2337 1369 ad
2370 1314 2646 1372 Missurum
2680 1338 2828 1375 sacra
2862 1324 3145 1378 exhibenda
3188 1314 3437 1380 sole'mnia

1858 1386 2021 1436 valeat
2052 1386 2317 1453 impedire.

1932 1453 2204 1530 Ujusmodi
2232 1454 2368 1510 titnli
2393 1457 2629 1530 minores
2655 1459 2757 1514 dici
2788 1472 3030 1529 possunt,
3062 1463 3149 1517 alii
3180 1464 3433 1530 majores,

1864 1524 2055 1591 quibus
2085 1525 2289 1579 scilicet
2326 1527 2622 1581 animarum
2652 1524 3027 1585 cura'annexa
3072 1543 3207 1588 erat.
3262 1524 3314 1587 in
3359 1524 3437 1588 bis

1857 1592 2620 1671 presbytecunus,aliquando
2644 1600 2841 1671 plures,
2858 1616 2976 1671 cum
3000 1603 3116 1656 aliis
3142 1604 3425 1666 ministris;

1856 1662 1910 1715 in
1942 1662 2045 1743 illis
2070 1662 2793 1743 unicusincardiuatus'erat,
2816 1670 3051 1743 [inquo
3068 1675 3284 1728 nomine
3298 1662 3433 1727 Gre-

1793 1735 1837 1793 B
1864 1734 2047 1811 gorius
2076 1735 2238 1787 utitur
2267 1734 2319 1811 in
2347 1737 2439 1792 lib.
2475 1753 2522 1801 ι,
2556 1737 2781 1811 episiola
2812 1734 3312 1811 8|.‘Iina~tasinm,
3345 1748 3432 1811 qui

1865 1804 1915 1881 in
1944 1803 2185 1857 ordinem
2212 1805 2470 1881 redactus
2500 1803 2639 1861 est‘a
2674 1806 2851 1881 Leone
2880 1826 3011 1878 papa
3044 1810 3107 1865 IV
3146 1813 3200 1866 in
3231 1803 3437 1881 synodo

1862 1868 2131 1944 Bouiania,
2174 1873 2243 1925 ob
2265 1877 2503 1929 relictam
2534 1878 2838 1944 parochiam
2867 1868 3015 1933 suam
3043 1922 3057 1944 ,
3101 1881 3150 1934 id
3180 1868 3434 1936 est'urbis

1861 1942 2078 2020 Boium,
2104 1943 2474 2020 presbyterum
2503 1942 2723 2020 cardinis
2754 1952 2916 2003 nostri
2941 1942 3165 2019 appellat
3202 1953 3436 2018 pontifex

1861 2012 1914 2065 in
1947 2012 2319 2085 ipsisnsynodi
2340 2018 2474 2071 actis
2500 2019 2567 2071 ab
2599 2016 2872 2073 llolstenio
2902 2012 3145 2085 vulgatis.
3182 2012 3272 2075 Sic
3302 2023 3435 2075 Gie-

1859 2080 2279 2156 goriusiilagnus
2309 2083 2522 2139 Petrum
2558 2088 2861 2156 acolytbmn
2889 2080 3128 2144 ecclesia:
3158 2091 3430 2156 Romamn,

1859 2168 2015 2221 quem
2047 2152 2333 2226 Sabiniano
2365 2157 2592 2209 diacono
2632 2152 2694 2209 in
2730 2157 2993 2226 Iegatiooe
3034 2161 3234 2214 socium
3273 2152 3435 2214 dede;

1858 2220 1958 2298 rai,
1995 2233 2173 2298 po_ste_a
2203 2220 2478 2298 fugitivum
2504 2220 2880 2281 communione
2911 2230 3104 2298 privat,
3134 2248 3199 2285 ex
3223 2232 3314 2285 lib.
3338 2248 3429 2294 vn,

1855 2290 2011 2360 epist.
2044 2294 2098 2357 7,
2135 2291 2243 2346 ind.
2266 2290 2331 2348 ’1.

1931 2361 2023 2414 llic
2069 2371 2367 2430 Opportune
2396 2365 2669 2440 agendth
2697 2377 2839 2423 esset
2870 2368 2937 2422 de
2971 2370 3211 2425 ccclesii.
3243 2370 3430 2440 U.bis,

1857 2446 2146 2501 carumque
2170 2448 2417 2499 numero,
2446 2450 2576 2502 quias
2608 2435 2669 2488 ad
2717 2448 2982 2492 trecentas
3023 2450 3075 2494 et
3105 2466 3110 2477 ν
3137 2457 3284 2496 eccm
3331 2435 3430 2494 nn;

1858 2501 2333 2578 merat_gencius,
2382 2501 2537 2572 quem
2585 2505 2671 2578 hic
2720 2510 2961 2578 consulat
3022 2510 3110 2578 qui
3164 2511 3337 2574 volet,
3401 2528 3430 2564 a

1857 2572 2145 2647 pagr‘lDO.
2190 2571 2301 2647 Nec
2338 2571 2847 2647 printermittendum
2899 2577 2949 2631 id
2983 2571 3119 2647 quod
3162 2596 3224 2635 ea
3272 2571 3336 2633 de
3378 2596 3435 2634 te

1856 2636 2041 2695 scribit
2089 2641 2286 2695 saeculo
2318 2636 2598 2699 undecimo
2637 2647 2903 2701 Arnoldns
2931 2636 3215 2704 υκόοηιίιο
3246 2664 3431 2703 mona-

1857 2710 1992 2788 chus
2023 2710 2448 2788 llatispOtieitsis,
2484 2715 2570 2769 ubi
2601 2715 2669 2788 de
2690 2720 2832 2770 cultu
2862 2717 3153 2786 religionis,
3183 2722 3270 2788 qui
3305 2730 3429 2773 tunc

1859 2781 1912 2857 in
1946 2780 2085 2857 Urbe
2113 2783 2342 2857 vigeret,
2374 2798 2538 2857 agens
2553 2802 2575 2857 Δε
2609 2786 2658 2838 in
2689 2795 2883 2840 tantum
2915 2780 3066 2841 crEvit
3088 2831 3101 2851 ,
3134 2780 3332 2857 inquit,
3380 2791 3430 2842 in

1858 2850 2028 2903 divino
2049 2850 2210 2914 cultu,
2236 2862 2299 2928 ut
2312 2869 2404 2928 pro
2416 2850 2588 2908 ruinis
2609 2872 2864 2928 murorum
2886 2867 2932 2910 et
2956 2850 3175 2911 veterum
3196 2850 3435 2928 fanorum

1856 2932 2068 2989 surgant
2102 2924 2329 2989 quotidie
2372 2922 2639 2977 innumera
2679 2925 2897 2993 wdiﬁcia
2933 2922 3255 2981 ecclesiarum
3280 2966 3294 2991 ,
3332 2933 3436 2981 sive

1859 2996 2312 3065 monasteriorum,
2346 3008 2372 3045 e
2397 3010 2611 3065 quorum
2644 2995 2930 3048 incredibili
2962 3014 3169 3051 numero
3190 3043 3205 3065 ,
3246 3011 3296 3050 ut
3340 3015 3434 3050 au-

1856 3060 1957 3130 divi
1988 3078 2019 3111 a
2045 3060 2265 3128 quodam
2285 3060 2431 3124 sene,
2459 3064 2545 3130 qui
2573 3080 2626 3116 se
2647 3065 2775 3116 dixit
2804 3066 3052 3119 nutritum
3083 3070 3133 3119 in
3163 3060 3339 3120 eadem
3365 3070 3436 3120 ci-

1857 3129 2033 3206 vitite,
2067 3131 2243 3199 vigini
2266 3129 2588 3206 possidentur
2616 3136 3143 3206 asanctimonialibus
3169 3177 3183 3200 ,
3206 3138 3433 3206 quadra-

1858 3200 1997 3272 ginta
2025 3217 2057 3252 a
2074 3198 2363 3272 monachis,
2378 3204 2599 3272 exceptis
2626 3202 2688 3257 iis
2713 3221 2825 3271 qua:
2845 3217 2990 3258 cura
3019 3198 3266 3259 ciritatent
3287 3218 3430 3272 sunt,

1857 3268 1909 3344 ct_
1938 3268 1989 3321 in
2018 3268 2147 3344 aliis
2178 3270 2411 3344 ccclesiis
2438 3270 2539 3324 sive
2577 3268 2786 3341 capellis
2809 3316 2824 3341 ,
2872 3290 2987 3344 qua:
3012 3274 3063 3329 in
3092 3278 3266 3329 eadem
3311 3268 3431 3329 urbe

1858 3340 2142 3412 abundant2
2178 3338 2370 3393 Verum
2396 3356 2499 3393 non
2526 3351 2603 3412 tot
2624 3338 2858 3397 virorum
2884 3338 3233 3408 'ntonasteria,
3260 3363 3429 3412 neque

1858 3416 1935 3484 t_ot.
1956 3409 2575 3484 canonicprum‘collegia
2599 3422 2721 3466 tunc
2743 3412 2905 3467 fuisse
2932 3414 3183 3484 colligere
3218 3409 3423 3469 lectos

1856 3476 2039 3551 Ccncii
2081 3487 2134 3551 et.
2165 3478 2306 3551 Petri
2338 3476 2948 3551 Malliivienumeratione
2971 3524 2984 3549 ,
3023 3476 3110 3551 qui
3154 3500 3257 3539 non
3289 3489 3425 3538 ultra

1857 3548 2040 3621 viginti
2064 3548 2195 3602 duas
2227 3548 2459 3603 virorum
2491 3548 2732 3605 abbatias
2755 3548 3053 3606 numerant.
3081 3555 3286 3610 chulo
3311 3556 3425 3621 ipso

1853 3618 2136 3671 undecimo
2161 3621 2540 3673 canonicornm
2573 3635 2745 3677 cintus
2775 3632 2891 3675 erat
2919 3623 2971 3676 in
3005 3625 3231 3677 ecclesia
3266 3618 3425 3678 Late-

1852 3687 2086 3741 raneusi.
2122 3686 2268 3742 Unde
2296 3687 2482 3744 l’etrus
2514 3691 2750 3745 Damiani
2779 3690 2932 3746 Petro
2960 3693 3313 3747 Lateranensis
3340 3710 3430 3745 ca-

1851 3756 2049 3810 nonica:
2069 3758 2208 3809 archi
2215 3760 2506 3828 presbytero
2529 3762 2787 3826 scribens,
2813 3778 2933 3816 eum
2966 3766 3128 3816 sancti
3153 3773 3427 3817 conventus

1850 3836 2093 3902 r_ectorem_
2115 3838 2286 3902 vocat,
2312 3829 2453 3902 quod
2475 3831 2686 3902 quidem
2709 3832 2778 3886 de
2802 3833 3075 3887 canonicis
3091 3834 3423 3902 regularibus

1855 3894 2035 3951 fersan
2084 3894 2509 3967 intell‘geiiduml
2538 3901 2680 3954 Idem
2726 3912 2911 3956 auctor
2955 3902 3081 3957 alibi
3121 3894 3420 3957 canonicam

1850 3976 2039 4019 sancti:
2067 3963 2285 4019 Caecilia}
2312 3967 2514 4023 laudat.

1934 4034 2048 4110 Etsi
2072 4049 2199 4110 vero
2230 4036 2380 4110 apud
2396 4036 2715 4110 Lateranum
2746 4052 2899 4095 erant
2920 4056 2984 4095 eo
3010 4052 3246 4110 tempore
3269 4056 3426 4097 cano-

1864 4107 1968 4159 nici
2014 4104 2319 4174 regulares,
2368 4107 2420 4159 bi
2466 4116 2641 4162 tamen
2673 4110 2815 4163 illius
2840 4112 3082 4166 ecclesia:
3114 4104 3294 4164 titulos
3322 4126 3426 4163 non

1863 4177 1935 4229 ita
1962 4175 2328 4241 occupabant,
2379 4184 2438 4229 ut
2472 4177 2562 4230 alii
2583 4179 2792 4242 clerici,
2836 4177 2944 4233 imo
2983 4192 3037 4233 et
3083 4179 3328 4234 monachi
3357 4179 3424 4231 ab

1863 4244 2135 4319 ejusmodi
2151 4242 2313 4319 titulis
2337 4246 2767 4319 excludereniur:
2790 4248 2995 4319 Quippe
3020 4248 3292 4304 Oderisius
3315 4263 3430 4319 mo-

1864 4312 2066 4369 nachus
2097 4313 2317 4369 Casinas
2345 4330 2372 4368 a
2404 4312 2622 4369 Nicolao
2663 4316 2702 4370 ll
2746 4312 3029 4373 factus'est
3057 4320 3311 4372 diaconus
3339 4316 3427 4371 c'c-

1865 4384 2042 4455 clesia:
2071 4384 2443 4455 Laterainansis
2468 4426 2483 4449 ,
2528 4394 2663 4440 teste
2692 4385 2871 4441 Leone
2899 4388 3192 4443 Marsicano
3216 4427 3231 4452 ,
3271 4397 3429 4455 atque

1866 4452 2166 4508 Alexander
2207 4450 2247 4506 ιι
2280 4450 2539 4523 Todinum
2592 4455 2772 4510 itidem
2811 4459 3109 4513 Casinatem
3140 4498 3154 4523 ,
3205 4450 3429 4511 Romam

1865 4525 2202 4586 accersitum,
2234 4523 2286 4596 in
2316 4522 2646 4578 Lateranensi
2672 4527 2984 4596 patriarchio
3014 4522 3216 4582 levitam
3236 4526 3428 4580 coasti-

1863 4596 2001 4667 tuit,
2040 4609 2103 4647 ex
2135 4594 2341 4667 eodem
2385 4604 2625 4667 auctore.
2656 4594 2774 4651 Alia
2798 4598 3038 4667 exempla
3062 4596 3252 4651 afferre
3285 4596 3428 4659 licet,

1862 4664 1957 4718 sed
1989 4664 2101 4716 haec
2134 4662 2340 4729 longius
2371 4677 2467 4716 nos
2500 4664 2700 4719 ferunt.

1933 4736 2429 4805 Anteqnanrtamen
2463 4735 2682 4788 ulterius
2715 4735 3113 4805 progrediamur
3138 4777 3153 4801 ,
3196 4735 3348 4805 juvat
3376 4734 3429 4805 iu

1862 4813 2167 4857 transcursu
2196 4802 2265 4855 ob
2293 4804 2477 4856 oculos
2511 4802 2728 4871 ponere'
2752 4802 2972 4859 fortnam
3006 4802 3242 4860 veterum
3276 4804 3431 4858 Urbis

1862 4872 1968 4947 basi
1994 4872 2078 4947 ica
2107 4888 2215 4924 um.
2258 4872 2542 4947 “ermque
2566 4872 2793 4947 orienti,
2821 4877 2955 4947 [xxi]
2984 4879 3225 4947 quaedam
3273 4874 3427 4947 Occi-

1858 4943 2004 4995 deoti
2031 4944 2270 4995 obversa:
2300 4952 2471 4995 erant.
2501 4942 2658 4996 Navis
2689 4942 2954 4998 coluitan
2974 4946 3122 5009 fulta,
3159 4954 3248 4997 aut
3279 4942 3429 4995 tabu-

1856 5013 1962 5065 lato
2010 5012 2148 5078 picto
2172 5050 2186 5075 ,
2220 5021 2308 5063 attt
2336 5009 2448 5079 ipsa
2493 5015 2612 5065 tecti
2646 5013 2845 5068 fabrica
2882 5018 3199 5068 terminata:
3236 5014 3287 5065 in
3322 5028 3423 5080 qua

1857 5082 1957 5153 viri
1989 5081 2071 5153 ad
2086 5082 2360 5153 Austrum,
2391 5082 2640 5153 "mlieres
2670 5085 2734 5136 ad
2765 5084 3191 5153 Septentrionem
3226 5085 3427 5134 reSide-

1856 5148 2004 5203 hant.
2039 5151 2373 5218 Sequebatur
2395 5152 2577 5203 schola
2608 5148 2907 5217 cantorum,
2941 5171 2989 5206 ut
3013 5154 3091 5207 bis
3112 5153 3305 5204 chorus
3334 5168 3428 5217 ap-

1858 5221 2080 5288 pellatus
2104 5259 2119 5284 ,
2166 5219 2317 5287 cujus
2345 5219 2637 5286 peribolum
2670 5237 2763 5275 seu
2794 5236 3017 5289 smptum
3063 5238 3129 5276 ex
3162 5236 3426 5273 marmore

1854 5289 2170 5352 Constabat,
2220 5289 2286 5341 ad
2330 5290 2560 5342 hominis
2610 5289 2778 5345 ferme
2824 5288 3178 5345 altitudinem.
3212 5288 3425 5342 Ambou

1860 5360 1973 5412 sive
2003 5359 2279 5413 lector-ium
2323 5374 2483 5411 unum
2525 5369 2615 5413 aut
2660 5364 2885 5415 alterum
2914 5363 3217 5427 adjunctum
3267 5368 3429 5427 erat,

1855 5441 2080 5497 quatuor
2105 5437 2197 5481 aut
2234 5429 2468 5496 quinque
2512 5429 2633 5483 hinc
2664 5428 2788 5485 inde
2832 5424 3031 5499 gradus
3059 5429 3295 5496 duplices
3326 5424 3426 5478 ha-

1859 5500 1988 5571 hens
2021 5512 2115 5565 pro
2146 5513 2368 5571 ascensu
2399 5508 2453 5551 et
2482 5499 2764 5554 descensu.
2797 5502 2870 5556 Ex
2904 5520 3006 5571 quo
3039 5502 3241 5565 videas,
3268 5501 3426 5565 longe

1857 5570 2123 5632 disiiarem
2159 5567 2316 5625 fuisse
2345 5569 2567 5621 fortunam
2600 5572 2883 5626 umbonum
2916 5567 2943 5624 z.
2970 5574 3138 5626 forma
3172 5573 3425 5623 odcorinu

1860 5648 2184 5699 nostrorum,
2217 5653 2443 5705 quorum
2486 5638 2620 5693 situs
2662 5643 2820 5694 etiam
2851 5641 3095 5696 diversus
3116 5684 3128 5703 ,
3164 5656 3283 5693 cum
3313 5655 3428 5690 ant-

1862 5711 2025 5763 bones
2054 5708 2129 5764 illi
2160 5708 2441 5778 plut-intuiti
2474 5709 2538 5764 ad
2569 5711 2999 5780 Septentrionem
3035 5708 3191 5782 positi
3223 5719 3421 5766 essent.
