4042 6298
167 349 273 401 Βίίῗί

959 347 1017 399 IN
1060 345 1358 399 ORLINEM
1401 346 1736 400 ιιυλιΑΝιξλι
1778 345 2314 403 COMMENTARIUS
2354 348 2691 411 PILEVIUS.

3312 357 3411 406 86’3

164 476 403 525 mutuor
437 459 879 515 monasteriorum
912 458 1085 512 divina
1120 458 1291 511 olllcia
1345 459 1739 529 persolvebant.
1774 462 1819 518 Α
1850 457 1928 529 fes
1955 457 1999 529 i_s
2043 466 2095 510 et
2144 457 2430 512 Dominicis
2469 459 2655 512 diebus
2698 459 2958 529 Vesperas
3003 459 3053 512 in
3098 462 3208 514 suis
3246 465 3411 515 titulis

171 534 303 584 Ilmc
334 538 486 583 erant
515 529 832 583 monasteria
874 532 1038 582 sancti
1068 528 1297 589 Martini.
1326 542 1385 579 ac
1420 528 1588 580 sancti
1622 528 1741 582 Stc-

171 601 340 665 phani
374 600 598 652 minoris
626 613 652 649 a
696 597 883 651 dextro
914 598 1146 651 basilicae
1180 598 1374 661 latere;
1421 599 1588 650 sancti
1618 598 1743 651 Ste-

172 672 341 734 phani
375 668 611 735 majoris,
654 676 811 730 atque
851 678 1152 720 sanctorum
1182 666 1405 719 Joannis
1444 676 1495 720 et
1538 667 1684 719 Pauli
1714 682 1740 717 a

170 739 419 792 sinistro.
464 736 835 789 Monasterium
887 736 1055 788 sancti
1085 735 1340 802 Stephani
1385 736 1599 803 majoris
1640 736 1744 788 alio

171 808 393 861 nomine
434 805 763 875 Catofarfara
801 820 893 875 seu
924 804 1186 873 Catagalla
1213 805 1423 871 patricia
1451 806 1742 875 dicebatur,

168 879 349 932 sancti
378 873 632 943 Stephani
666 873 884 927 minoris
912 874 1253 926 Catabarbara
1284 875 1515 939 patricia.
1552 874 1625 926 De
1650 876 1740 926 tri-

173 947 277 999 bus
306 962 367 999 cx
397 947 477 999 his
502 945 839 998 monasteriis
870 944 1154 1011 Gregorius
1176 944 1362 996 tertius
1399 944 1741 996 constitutum

167 1016 412 1068 edidisse
444 1024 771 1068 memoratur
800 1012 937 1081 apud
974 1013 1239 1079 vulgatum
1269 1013 1630 1076 Auastasium,
1657 1028 1701 1081 qi
1732 1014 1745 1066 i

160 1100 340 1136 unum
374 1099 436 1137 ex
478 1085 601 1144 illis,
632 1097 820 1149 nempe
847 1091 1148 1134 sanctorum
1180 1082 1400 1133 Joannis
1429 1090 1481 1133 et
1519 1082 1687 1145 Pauli,
1715 1098 1744 1136 a

175 1154 359 1207 Leone
394 1155 580 1221 Magno
609 1153 881 1206 conditum
924 1152 1087 1203 fuisse
1114 1160 1352 1203 testatur.

252 1217 670 1276 Basilica'saucti
706 1222 876 1282 Pauli,
908 1236 1023 1287 qua:
1055 1221 1203 1273 tertia
1232 1217 1595 1285 latriarchalis
1641 1228 1741 1283 est,

174 1303 420 1357 tempore
448 1292 688 1359 Gregorii
734 1291 903 1355 Magni
937 1304 1027 1355 per
1074 1291 1389 1359 pra‘positos
1420 1296 1740 1359 regelatur;

173 1362 323 1426 qm-d
354 1371 497 1429 patet
543 1356 605 1414 ἐκ
654 1360 745 1415 hb.
790 1374 846 1425 x,
877 1362 1033 1427 epist.
1062 1356 1114 1418 9,
1158 1356 1270 1429 sed,
1299 1374 1326 1409 a
1360 1356 1616 1425 Gregorio
1655 1374 1742 1411 se-

174 1428 365 1483 cundo
396 1430 671 1483 monachis
722 1442 994 1489 concessa,
1046 1439 1132 1479 aut
1167 1428 1339 1496 potius
1376 1435 1611 1496 restituta
1641 1436 1740 1479 est.

180 1501 286 1552 llic
313 1500 453 1553 enim
488 1499 792 1552 monasteria
820 1514 932 1566 quin
959 1513 1101 1550 secus
1131 1492 1389 1548 busilicam
1422 1492 1591 1565 [xxix]
1633 1513 1743 1547 san-

174 1573 246 1622 cti
281 1569 434 1621 Pauli
468 1576 608 1621 erant
643 1569 708 1620 ad
737 1567 1060 1619 solitudinem
1088 1566 1328 1629 deducta,
1359 1566 1631 1627 innoraiit,
1665 1574 1744 1616 at-

176 1656 274 1703 que
305 1639 548 1691 ordinatis
571 1637 724 1690 servis
750 1635 843 1688 Dei
872 1636 1131 1688 monachis
1161 1636 1602 1705 congregationem
1635 1644 1745 1705 post

178 1712 389 1772 longum
421 1718 615 1776 tempus
639 1705 917 1776 constituit,
944 1716 996 1756 ut
1038 1705 1235 1776 ibidem
1262 1705 1341 1755 die
1369 1704 1683 1776 noctuque!)
1716 1718 1744 1754 ο

178 1780 444 1829 τσάιιιτρηι
477 1772 672 1829 laudes.
709 1775 847 1827 ldcm
880 1775 1171 1843 praestitum
1192 1775 1258 1826 ab
1288 1773 1473 1826 eodem
1499 1772 1745 1838 pontifice

180 1847 236 1898 in
270 1847 486 1898 basilica
516 1856 708 1898 sanctm
735 1843 908 1896 Mariae
939 1845 1001 1895 ad
1032 1844 1296 1909 Praesepe,
1332 1843 1418 1894 ubi
1457 1857 1521 1895 ex
1552 1858 1741 1910 geron-

180 1918 415 1969 tncom’o
438 1914 811 1968 monasterium
844 1914 1097 1977 instituit;
1124 1914 1260 1966 idem
1291 1912 1357 1964 ab
1386 1912 1502 1965 aliis
1534 1911 1743 1977 pontiﬁ-

178 1986 333 2038 cibus
377 1985 672 2037 institutum
723 1984 772 2035 in
818 1982 1034 2034 basilica
1082 1982 1249 2035 sancti
1292 1982 1559 2035 Laurentii
1592 1992 1738 2034 extra

178 2071 385 2107 muros.
418 2056 597 2107 Exstat
642 2052 691 2104 in
748 2052 917 2103 tabula
952 2066 1245 2105 marmorea
1297 2052 1347 2103 in
1379 2051 1590 2103 basilica
1628 2066 1747 2102 san-

176 2134 281 2175 eta:
340 2124 513 2177 Mariae
559 2122 622 2175 ad
674 2120 916 2187 Prmsepe
957 2130 1106 2173 vetus
1156 2119 1449 2186 inscriptio,
1506 2128 1745 2187 tempore

179 2193 425 2260 Gregorii
456 2191 517 2245 IV
564 2189 810 2244 marmori
836 2190 1015 2260 incisa,
1049 2189 1360 2260 compendio
1380 2189 1741 2260 referrens‘do-

179 2256 455 2315 nationem
488 2260 658 2314 eidem
690 2260 921 2313 basilica:
952 2258 1143 2313 factam
1172 2256 1202 2311 a
1249 2258 1421 2312 Flavia
1452 2258 1555 2310 tilia
1598 2256 1745 2311 Xan-

180 2332 379 2399 thippi,
408 2330 671 2399 quondam
699 2329 862 2397 Egisti
894 2328 1181 2399 iuiperialis
1207 2342 1234 2379 a
1268 2328 1510 2399 secretis,
1542 2329 1590 2380 iu
1622 2341 1744 2395 gra-

179 2397 317 2453 tiam
342 2397 812 2453 mansionariorum
841 2399 925 2465 qui
959 2398 1010 2450 in
1034 2397 1217 2449 eadem
1249 2398 1469 2451 ecclesia
1500 2410 1621 2448 lllllC
1654 2399 1747 2449 de-

177 2468 674 2537 gel-ant.§ubscril
698 2476 809 2537 unt_
838 2470 972 2521 inter
996 2467 1131 2537 alios
1179 2467 1475 2537 Theodorus
1511 2467 1748 2519 adorator

177 2535 380 2590 numeri
409 2536 453 2591 Τ
457 2538 732 2597 Iteodosice.
769 2535 1037 2602 Gregorius
1072 2536 1250 2601 Optius
1281 2536 1477 2587 numeri
1509 2537 1743 2598 militum,

180 2606 510 2673 Epiphanius
548 2608 770 2673 aurifex,
821 2604 1117 2658 Theodorus
1165 2606 1428 2673 acolythus
1474 2607 1535 2660 S.
1570 2606 1630 2658 ll.
1677 2604 1742 2657 Ε.

181 2677 421 2743 Tempus
453 2676 603 2729 factm
642 2674 939 2728 donationis
969 2689 997 2727 a
1030 2674 1327 2728 breviitore
1361 2674 1613 2727 omissum
1642 2684 1742 2728 est.

181 2744 241 2797 In
272 2745 353 2799 his
376 2745 847 2809 subscriptittnilius
878 2760 1114 2797 numerus
1146 2759 1240 2811 pro
1270 2744 1477 2811 legione
1498 2746 1743 2806 sumitur,

176 2822 345 2883 atque
373 2816 506 2867 adeo
532 2815 786 2866 Adorator
815 2814 945 2866 forte
980 2814 1118 2866 idem
1144 2814 1243 2883 erit
1280 2828 1341 2883 ac
1373 2813 1611 2865 tribunus
1635 2813 1747 2883 sive

175 2880 395 2947 comes,
416 2899 535 2952 qua:
562 2882 867 2952 conjectura
895 2892 974 2952 est
999 2881 1261 2935 illustriss.
1286 2880 1543 2952 (:iampini
1568 2892 1621 2934 et
1649 2882 1747 2935 Fa—

183 2952 373 3017 bretti,
405 2951 712 3021 quibuscum
743 2951 1294 3021 hancinscriptionem
1322 2951 1559 3004 eruditus
1587 2960 1743 3019 atque

176 3020 431 3088 Optimus
464 3021 617 3074 Pater
645 3020 982 3081 Thomasius,
1018 3023 1320 3087 priusquam
1370 3036 1483 3072 cam
1532 3021 1595 3072 ad
1648 3035 1745 3073 nos

178 3091 585 3155 transmitteret,
622 3091 1053 3148 communicavit.
1096 3092 1273 3156 Itaque
1301 3090 1443 3142 illam
1475 3090 1741 3143 basilicam

182 3160 519 3242 Liberiunam
558 3160 892 3242 tuansionarii
930 3159 1340 3242 curaba.iitl;_sed
1368 3158 1521 3242 vicini
1548 3174 1742 3242 iuoua-
1773 3181 1816 3242 ο

179 3230 295 3290 chi,
323 3241 380 3281 ut
413 3231 463 3282 in
503 3230 711 3283 czeteris
743 3230 858 3281 aliis
888 3228 1327 3295 patriarchahbus
1365 3228 1630 3294 ccclesiis,
1663 3229 1744 3281 di-

182 3301 340 3351 vinas
370 3299 548 3353 laudes
576 3308 731 3350 noctu
763 3307 816 3351 et
856 3299 1079 3351 interdiu
1112 3298 1501 3364 persolvebant.

258 3367 410 3433 Quod
456 3369 640 3421 attinet
688 3370 751 3419 ad
801 3367 1007 3429 Missas,
1059 3367 1127 3419 i;s
1173 3368 1504 3421 celebrandis
1550 3366 1743 3421 ibidem

181 3436 580 3502 adhibebantur
609 3437 658 3488 in
692 3437 1030 3490 Laleranensi
1052 3436 1260 3502 quidem
1300 3436 1509 3489 basilca
1541 3445 1742 3504 septem

178 3506 424 3573 episcopi
455 3506 768 3573 suifraganei
808 3504 1028 3559 Romani
1060 3505 1347 3573 pontificis;
1392 3507 1441 3558 in
1473 3506 1593 3557 aliis
1621 3521 1744 3558 vero

184 3575 485 3643 presbyteri
518 3576 914 3628 hebdomadarii
943 3591 1003 3627 ex
1037 3576 1199 3628 titulus
1225 3576 1395 3629 asciti.
1442 3577 1590 3627 llunc
1632 3591 1743 3627 mo-

183 3660 303 3698 rem
326 3659 443 3698 e-se
463 3643 733 3712 antiquum
760 3645 1090 3696 manifestum
1117 3652 1198 3697 est
1215 3658 1277 3697 ex
1304 3645 1462 3711 gestis
1486 3644 1740 3712 Stephani

182 3730 342 3782 papa:
380 3714 467 3778 IV,
495 3714 581 3781 qui
611 3714 788 3765 statuit
820 3724 871 3765 ut
914 3714 1049 3765 omni
1076 3714 1156 3766 die
1188 3712 1452 3765 Dominico
1488 3731 1518 3766 a
1555 3723 1744 3780 septem

177 3784 437 3852 e'pterpis
463 3783 803 3835 cardinalibus
838 3782 1274 3852 hebdomaduriis,
1322 3783 1406 3849 qui
1444 3782 1497 3833 in
1532 3784 1743 3836 ecclesia

178 3851 471 3905 Saluatoris
506 3854 762 3903 obserrant
798 3851 1072 3903 Missurum
1118 3852 1379 3914 solemnia,
1406 3866 1558 3916 super
1583 3851 1744 3904 altare

178 3924 318 3973 beati
348 3921 482 3973 Petri
507 3923 850 3984 celebraretur,
876 3930 920 3972 et
944 3921 1118 3973 Gloria
1148 3920 1198 3973 in
1228 3921 1451 3973 excelsis
1481 3921 1587 3971 Deo
1608 3923 1743 3972 dice-

178 4003 349 4043 retur.
380 3991 495 4043 Jam
529 4006 652 4057 ergo
685 3998 807 4043 tunc
833 4004 957 4043 usus
987 3991 1298 4052 invaluerat,
1341 3998 1397 4041 ut
1432 3998 1631 4056 septem
1664 3989 1739 4043 illi

177 4078 253 4126 ep
276 4061 423 4126 scopi
453 4059 763 4124 cardinales,
798 4075 888 4113 sua
919 4060 1035 4127 quis
1057 4074 1136 4123 ,ue
1169 4060 1520 4121 ltcbdomada,
1554 4060 1602 4110 in
1636 4058 1731 4110 La-

179 4130 459 4182 teranensi
482 4130 706 4182 ecclesia
746 4132 909 4182 sacris
930 4137 1293 4196 Oper-urentur.
1326 4129 1467 4181 ilanc
1496 4127 1564 4180 ob
1610 4144 1741 4193 pra:-

181 4199 479 4267 rogativam
510 4198 695 4250 Petrus
735 4198 966 4251 Damiani
1010 4199 1235 4251 maxime
1277 4213 1341 4250 ex
1368 4198 1483 4249 ollit
1530 4197 1741 4253 Latera—

180 4266 410 4321 neitsem
441 4268 737 4331 ecclesiam,
780 4283 895 4334 qua:
921 4269 1047 4321 sicut
1084 4268 1364 4319 Saluatoris
1403 4278 1472 4317 est
1502 4266 1741 4334 insignita

177 4338 451 4396 vocabulo,
476 4338 560 4404 qui
591 4338 826 4388 nimirum
853 4338 1070 4389 omnium
1099 4346 1248 4404 caput
1272 4345 1340 4389 est
1361 4336 1650 4399 electorum,
1674 4338 1745 4389 ita

179 4418 354 4458 mater
374 4417 419 4458 et
453 4411 659 4474 quidam
687 4421 817 4470 apex
843 4416 888 4458 et
923 4415 1088 4459 vertex
1113 4413 1183 4458 est
1212 4407 1433 4457 omnium
1464 4421 1549 4471 per
1576 4407 1743 4457 orbem

179 4478 534 4528 ecclesiarum.
581 4475 703 4527 Hice
732 4486 915 4544 septem
952 4476 1234 4527 cardinales
1278 4474 1422 4526 habet
1460 4478 1741 4543 episcopos,

179 4548 372 4613 quibus
399 4546 541 4609 solis,
572 4555 680 4611 post
719 4547 1075 4614 apostolicum,
1115 4553 1494 4597 sacrosanctum
1520 4544 1650 4614 illud
1676 4546 1743 4597 al-

1847 525 2189 601 celebrabant
2218 530 2509 601 presbyteri
2545 531 2778 601 titulares
2806 525 2933 582 cum
2960 531 3220 601 acolythis
3245 536 3412 601 regin—

1849 612 1996 655 num,
2024 606 2078 648 ιιι
2108 599 2158 649 in
2190 598 2372 650 cadem
2404 599 2694 664 appendire
2726 601 2934 665 legitur,
2981 600 3045 650 de
3084 598 3410 654 hebdomada

1849 665 2120 733 pas-aliali,
2171 681 2291 735 pag.
2330 668 2419 721 58.
2472 668 2598 720 Item
2644 669 2854 721 Missam
2909 670 3171 735 publicam
3225 671 3411 724 iisdem

1847 736 2033 788 diebus
2063 750 2181 787 cum
2215 752 2308 790 sua
2340 738 2488 802 plebe
2517 737 2858 794 celebrabant
2898 738 3052 790 iidem
3088 754 3178 804 pre
3212 742 3410 808 byteri;

1848 819 1946 875 nec
2010 816 2284 873 propterea
2335 820 2468 873 opus
2520 816 2634 859 erat
2684 808 2994 859 clericorum
3048 809 3271 875 collegio
3324 822 3413 863 aut

1848 874 2027 925 schola
2056 884 2351 935 cantorum,
2380 876 2472 929 sed
2504 876 2708 928 diaconi
2734 890 2795 928 ac
2832 875 3140 931 subdiacoiii
3174 874 3414 933 minime—

1850 944 1981 994 rium
2003 944 2318 1016 sufﬁciebat,
2346 948 2430 1012 qui
2462 956 2651 1011 pra'ter
2674 946 2949 1010 epistolam
2980 950 3406 1016 etevangelium,

1852 1026 2044 1064 Cretera
2090 1013 2242 1065 facile
2281 1015 2498 1079 explere
2539 1024 2803 1081 poterant,
2851 1017 3060 1069 ondssis
3093 1013 3228 1072 forte
3262 1022 3414 1072 Anti-

1851 1080 2025 1147 phona
2077 1082 2141 1154 ad
2184 1082 2480 1146 lntroitutn,
2533 1083 2833 1147 Ulfertorio,
2894 1092 2947 1137 et
2988 1087 3295 1154 Autipliona
3344 1089 3412 1140 ad

1848 1163 2296 1203 communionem.

1918 1216 2192 1282 Quodnam
2246 1220 2401 1272 fuerit
2447 1226 2571 1272 ante
2619 1220 2870 1272 smculum
2921 1236 3117 1274 nonum
3163 1223 3415 1280 Romanae

1849 1285 2100 1340 Ecclesia:
2127 1287 2355 1340 cilicium
2391 1303 2473 1339 110(
2494 1298 2702 1340 turnum
2751 1305 2811 1341 ac
2851 1288 3116 1353 diurnum,
3165 1307 3228 1345 ex
3259 1298 3416 1345 Ama-

1851 1354 1967 1408 larii
1997 1356 2383 1423 Antiphouirio
2430 1357 2756 1424 intelligitur.
2806 1357 3092 1410 Numerum
3130 1362 3411 1416 lectionum

1849 1426 1900 1478 in
1944 1426 2136 1498 vigiliis
2191 1426 2421 1492 assignat
2464 1427 2596 1477 l;ber
2626 1426 2869 1498 ADiurnus
2916 1426 2967 1478 in
3005 1430 3251 1483 cautione
3296 1432 3413 1498 epi-

1849 1496 2013 1561 scopi.
2049 1495 2119 1546 Ea
2144 1503 2317 1547 autem
2348 1506 2462 1548 erat
2501 1511 2593 1562 per
2624 1496 2671 1545 id
2704 1503 2909 1559 tempus
2938 1498 3295 1552 ltomannrum
3328 1495 3414 1553 re-

1850 1566 1997 1629 ligio,
2026 1572 2083 1616 ut
2110 1564 2381 1631 siquando
2404 1571 2612 1631 tempus
2644 1563 2937 1630 vigiliarum
2962 1579 3028 1617 ex
3058 1566 3255 1618 incuria
3283 1568 3416 1622 fuis-

1851 1641 1931 1703 iet
1959 1635 2217 1703 elapsum,
2248 1632 2445 1685 omisso
2488 1643 2577 1703 aut
2608 1632 2868 1703 breviatoﬁ
2888 1635 3180 1688 nocturnali
3210 1637 3411 1703 officio,

1851 1702 2056 1755 Laudes
2098 1702 2163 1755 ad
2208 1717 2451 1755 auroram
2486 1702 2797 1769 inciperent.
2831 1702 3097 1756 Habemus
3125 1704 3221 1758 hac
3250 1707 3318 1761 de
3357 1702 3416 1763 re

1853 1781 2039 1844 testem
2062 1771 2399 1844 luculentum
2439 1771 2787 1844 Amalarium,
2820 1771 2870 1823 iu
2898 1773 3267 1840 Antiphonarii
3291 1791 3411 1844 cap.

1851 1841 1906 1904 ιι,
1940 1841 2024 1893 ubi
2057 1843 2193 1895 hanc
2222 1843 2659 1894 eousuetuduem
2700 1857 2850 1909 magn
2877 1859 3015 1911 qierc
3057 1844 3249 1897 laudat.
3290 1841 3414 1911 Ipsa

1849 1911 1980 1961 enim
2010 1911 2241 1963 llomaua
2268 1911 2499 1963 Ecclesia
2531 1921 2878 1979 qualecunque
2908 1910 3084 1964 ordine
3107 1913 3183 1965 υιι
3204 1910 3413 1970 numero

1850 1979 2119 2031 lectionum
2152 1980 2246 2031 vid.
2264 1981 2326 2031 rit
2350 1990 2613 2043 matulam,
2651 1980 2698 2032 id
2722 1990 2801 2032 est
2829 1994 3097 2041 auroram,
3124 1988 3410 2049 procedere,

1849 2057 1902 2099 ut
1929 2051 2139 2120 audiui,
2162 2050 2368 2100 dimittit
2401 2051 2695 2101 uocturnale
2723 2050 2972 2115 ofﬁcium,
3020 2060 3063 2101 et
3094 2053 3266 2120 incipit
3310 2071 3416 2105 ma-

1850 2120 2080 2171 tutmalc.
2118 2118 2467 2170 Periculosum
2496 2130 2566 2170 est
2593 2121 2722 2171 enim
2746 2120 3031 2186 transgredi
3052 2118 3292 2174 terminos
3320 2123 3416 2175 Pa-

1851 2196 2004 2250 trum,
2061 2198 2165 2241 etc.
2218 2188 2413 2240 Eadem
2462 2188 2714 2255 religione
2768 2188 2957 2241 duc.us
3000 2198 3215 2242 sanctus
3261 2191 3353 2245 l’at
3390 2208 3417 2245 r

1854 2256 2171 2310 Beuedlcms
2198 2258 2374 2309 statui;
2414 2258 2463 2309 iu
2496 2257 2689 2323 regula:
2720 2273 2829 2310 sua:
2862 2271 2977 2325 cap.
3015 2259 3101 2323 il,
3135 2268 3187 2309 ut
3214 2261 3256 2312 si
3283 2264 3416 2314 forte

1851 2327 2141 2394 aliquando
2173 2326 2361 2379 fratres
2385 2326 2582 2379 tardius
2626 2328 2972 2388 surrexerint,
3007 2328 3144 2395 quod
3185 2333 3416 2384 maxime

1850 2398 2144 2448 cavendum
2177 2395 2272 2454 ait,
2304 2396 2503 2462 aliquid
2552 2396 2618 2449 de
2646 2396 2959 2449 lectionibus
3007 2408 3093 2448 aut
3134 2413 3410 2465 responso-

1852 2466 1943 2536 riis
1973 2465 2301 2527 detrahatur,
2326 2474 2381 2517 ut
2409 2466 2615 2536 scilicet
2643 2465 2878 2536 Matutmi
2912 2480 3004 2518 seu
3048 2466 3269 2527 Laudes,
3296 2485 3413 2536 qua:

1850 2533 2067 2609 ineunte
2092 2534 2571 2609 auroracaueudm
2597 2544 2738 2597 sunt,
2763 2534 2942 2609 debito
2977 2544 3213 2609 tmpore
3242 2533 3413 2609 [xxvii]

1851 2604 2237 2673 compleantur.
2269 2603 2566 2671 Optandum
2599 2613 2745 2657 esset
2785 2613 2842 2657 ut
2870 2604 2981 2657 hazc
3010 2606 3193 2671 religio
3229 2603 3414 2673 postlil

1852 2675 2014 2725 minio
2039 2676 2409 2727 restitueretur
2440 2675 2489 2725 in
2520 2674 2680 2726 Italia:
2712 2673 2976 2739 plerisque
3007 2674 3285 2738 Ecclesiis,
3330 2679 3414 2731 nbi

1854 2751 2125 2795 nocturna:
2143 2744 2356 2811 vigilia),
2387 2744 2593 2796 lucente
2607 2744 2779 2795 adhuc
2795 2743 2906 2795 sole
2928 2744 3029 2796 dici
3047 2747 3413 2813 praecedentis,

1851 2825 1955 2864 non
1993 2822 2095 2865 tam
2137 2823 2399 2866 canuntur
2426 2826 2582 2880 quam
2617 2815 2925 2866 recitantur.

1918 2881 2068 2945 Quod
2096 2881 2331 2934 diximus
2356 2882 2420 2934 de
2452 2897 2596 2934 more
2621 2882 2798 2944 Urbis,
2832 2894 2884 2934 ut
2909 2883 3138 2951 episcopi
3170 2884 3417 2939 cardina-

1848 2950 1926 3023 les
1948 2952 2328 3023 etpresbyteri
2362 2951 2631 3023 titulorum
2672 2950 3212 3023 certishebdmu’adis
3239 2955 3301 3005 ad
3331 2971 3419 3023 pa-

1852 3021 2180 3073 triareltiales
2213 3021 2467 3073 ecclesias
2508 3022 2750 3073 venirent
2794 3022 2858 3072 ad
2893 3035 3040 3073 sacra
3074 3021 3415 3086 celebranda,

1851 3104 1955 3141 non
1984 3090 2154 3141 caruit
2180 3093 2335 3142 etiam
2365 3092 2610 3157 exemplo
2652 3092 2702 3141 iu
2738 3090 2988 3142 Ecl:le~iis
3020 3090 3189 3144 Gallic
3225 3093 3326 3147 nis.
3366 3094 3420 3147 Id

1849 3161 1989 3211 enim
2022 3162 2071 3210 in
2108 3158 2425 3212 Virduuensi
2458 3173 2551 3211 usu
2578 3160 2717 3211 venit
2744 3161 2938 3211 sacculo
2972 3159 3219 3227 sepiiuio,
3249 3163 3322 3215 uti
3353 3178 3418 3216 ex

1850 3228 1997 3281 Pauli
2020 3230 2253 3296 episcopi
2281 3232 2424 3281 Aetis
2446 3230 2724 3293 discimus,
2747 3231 2833 3296 qui
2863 3244 2937 3280 0r.
2963 3230 3127 3281 inavit
3156 3242 3214 3281 ut
3241 3231 3421 3285 foren-

1850 3311 1935 3350 ses
1965 3298 2255 3366 presbyteri
2288 3314 2379 3363 per
2403 3308 2578 3350 certas
2600 3301 2743 3352 vices
2761 3299 2825 3349 ad
2855 3300 3212 3352 catlicdra'eui
3240 3304 3418 3354 eccle-

1847 3368 1980 3421 siam
2004 3369 2336 3431 accederent,
2362 3368 2536 3421 ol‘ticia
2568 3367 2747 3420 divina
2779 3368 3122 3431 persoluturi.
3156 3370 3258 3422 Sed
3284 3387 3416 3434 pia:-

1847 3436 2046 3489 clarum
2092 3449 2169 3489 est
2200 3438 2249 3489 iu
2284 3438 2465 3503 primis
2513 3439 2810 3503 exemplum
2848 3438 3096 3489 Eccleaa:
3147 3442 3224 3490 Au
3255 3440 3414 3493 issin-

1847 3506 2110 3578 doreusis,
2148 3509 2196 3559 in
2226 3522 2324 3574 qua
2350 3524 2410 3559 ex
2443 3506 2774 3578 institutione
2798 3506 2991 3560 'l‘etrici
3032 3508 3297 3573 antistitis,
3327 3511 3414 3578 qui

1846 3574 2062 3629 ineunte
2089 3586 2277 3630 octavo
2308 3576 2503 3629 sacculo
2526 3577 2743 3639 derisit,
2777 3578 3017 3637 abbates,
3045 3579 3228 3646 archip
3259 3574 3416 3646 esb'y-

1853 3647 1973 3708 teri,
2000 3647 2105 3697 imo
2134 3662 2182 3699 et
2217 3658 2448 3698 rectores
2476 3647 2819 3698 coelestaruiu
2863 3646 3136 3712 ruralium,
3170 3664 3263 3715 per
3293 3665 3417 3703 suas

1849 3718 2045 3781 quique
2071 3716 2211 3767 vices
2257 3716 2480 3766 divinum
2508 3717 2850 3786 persolvebant
2891 3717 3141 3783 ofﬁcium,
3182 3733 3242 3769 ea
3276 3720 3413 3786 lege,

1852 3792 1907 3855 ut
1937 3799 2000 3835 ex
2047 3786 2298 3836 dominico
2327 3787 2534 3837 cellario
2566 3785 2628 3836 ab
2673 3786 2898 3837 ecclesiw
2935 3801 3193 3838 oeconomo
3228 3805 3251 3837 s
3278 3785 3419 3855 ipen-

1850 3853 1991 3903 dium
2019 3855 2279 3919 sufﬁciens
2317 3855 2620 3921 acciperent.
2655 3855 2774 3906 ilice
2811 3858 2918 3920 ipsa
2952 3857 3112 3908 verba
3147 3853 3319 3910 refero
3349 3872 3413 3911 ex

1850 3925 1997 3993 Actis
2049 3922 2287 3989 ejusdem
2346 3923 2598 3993 Ecclesiae
2652 3927 3058 3990 cpisciporum,
3115 3926 3167 3977 in
3224 3928 3415 3993 quibus

1849 3990 1993 4043 Actis
2022 4006 2123 4058 qua
2173 3992 2365 4059 quique
2416 3992 2741 4057 singulorum
2781 3990 3421 4049 mensiumbebdomada

1849 4062 2120 4114 deservrre
2142 4064 2359 4113 debeant
2393 4061 2591 4112 diserte
2617 4061 2791 4126 explic
2810 4074 2928 4114 ιιιιτ.
2957 4064 3084 4126 Qua:
3114 4079 3208 4129 pro
3230 4079 3414 4118 utensc

1850 4131 2146 4195 Septembri
2180 4133 2367 4181 desunt
2396 4133 2530 4195 apud
2558 4129 2846 4193 Labheum,
2879 4131 3168 4196 supplenda
3196 4148 3311 4184 sunt
3343 4149 3411 4186 ex

1847 4200 2027 4252 Smculi
2060 4200 2228 4266 quarti
2264 4200 2589 4251 Beucdictiui
2630 4208 2764 4267 part.
2796 4214 2853 4263 II,
2890 4215 3006 4266 pag.
3034 4198 3159 4254 575.
3191 4204 3409 4257 Sutules

1846 4271 2067 4321 aliarum
2104 4271 2453 4321 hec-testarum
2498 4269 2631 4321 ritus
2666 4268 2979 4322 omittimus.

1851 4377 1911 4433 V.
1948 4380 2021 4432 De
2050 4380 2272 4433 collectis
2311 4390 2363 4451 et
2383 4381 2706 4447 stationibus,
2742 4384 2899 4451 dque
2926 4382 3113 4434 litaniis
3148 4382 3414 4438 Romanis.

1920 4469 2177 4524 Stationis
2208 4486 2307 4543 vox
2355 4472 2597 4541 ambigua
2626 4473 2912 4541 aliquando
2959 4488 3051 4541 pro
3088 4473 3289 4543 jejunio
3318 4490 3413 4528 vo-

1850 4541 2102 4605 luntario,
2128 4540 2448 4610 quandoque
2491 4540 2587 4608 pro
2626 4540 2764 4596 statu
2803 4540 3015 4598 orantia
3040 4564 3068 4595 u
3089 4540 3411 4609 usurpatur.

183 4611 303 4665 tare
333 4616 446 4665 (ἐι-ιιι
484 4611 824 4681 αεεεάενοι,ἀσ
851 4614 1005 4667 divini
1032 4615 1197 4667 cultus
1224 4614 1459 4682 mysteria
1476 4613 1745 4666 celebrare.
1782 4624 1827 4680 ι)
1856 4611 1909 4664 In
1943 4620 2169 4679 utroque
2211 4611 2508 4679 significatu
2538 4614 2766 4667 occurrit
2805 4614 2999 4679 passim
3031 4616 3167 4679 apud
3200 4615 3409 4667 Tertul-

185 4684 200 4735 Ι
237 4697 265 4733 a
307 4682 511 4754 Petrus,
545 4682 595 4735 in
650 4684 718 4736 lib
770 4699 824 4746 ιι,
860 4681 1018 4754 [xxx]
1069 4681 1291 4749 epistola
1318 4684 1518 4754 Lque:
1561 4684 1747 4754 sanctis

184 4753 442 4821 episcopis
470 4751 823 4805 Luteranensis
862 4751 1082 4805 Ecclesia:
1125 4753 1465 4805 cardinalibus
1497 4751 1748 4818 inscripta

182 4834 295 4876 ρει.
332 4822 369 4873 it
414 4822 645 4889 episcopi
674 4833 821 4875 erant
852 4821 1131 4884 Ostiensis,
1180 4823 1502 4882 Purtuensis,
1545 4833 1755 4875 sancta-

188 4906 314 4943 rum
347 4890 460 4943 Rult
504 4905 549 4943 te
572 4888 624 4944 et
652 4892 930 4953 Secumtm,
963 4893 1093 4944 alias
1121 4893 1275 4944 Silva:
1300 4888 1571 4955 Candide,
1598 4892 1753 4945 Sabi-

186 4960 397 5023 Ιδθηὲίὸν
440 4961 812 5022 l’rieuestiuus,
843 4960 1192 5026 Tusculanus,
1244 4971 1295 5014 et
1337 4962 1593 5014 Albanus.
1626 4960 1754 5025 Qui-

188 5044 315 5081 nam
350 5030 642 5098 presbyteri
691 5044 755 5083 cx
792 5032 953 5082 titulis
995 5032 1205 5082 urbanis
1243 5030 1606 5083 ministrarent
1633 5030 1750 5083 aliis

191 5098 634 5163 patriarchalibus
678 5099 938 5160 ecclesiis,
969 5100 1123 5152 docet
1166 5100 1428 5166 ap,endix
1468 5112 1646 5153 nostra
1683 5099 1749 5152 ad

188 5168 447 5237 Urdinem
477 5170 772 5221 Rullianum
806 5166 889 5232 Η,
933 5168 1063 5237 infra
1102 5184 1217 5237 pag.
1253 5172 1370 5223 itit).

268 5236 529 5290 [’imtcrea
560 5238 719 5291 certis
758 5237 941 5290 diebus
970 5236 1118 5291 festis
1148 5239 1320 5291 clerus
1343 5240 1610 5291 Romanus
1634 5252 1751 5291 con-

192 5305 444 5359 veniebat
472 5321 590 5359 cum
616 5308 859 5375 pontifice
886 5308 935 5359 in
969 5308 1085 5359 illas
1134 5306 1395 5373 basilicas,
1432 5307 1519 5360 ubi
1565 5306 1749 5359 statio-

193 5389 293 5427 nes
325 5376 535 5428 indietze
581 5386 753 5442 erant,
798 5376 971 5442 ibique
1014 5391 1161 5430 sacra
1199 5376 1475 5441 faciebant,
1508 5379 1615 5428 imo
1654 5377 1750 5429 ali-

193 5445 410 5510 quando
447 5446 649 5512 vigilias
695 5454 976 5498 nocturnas
1006 5462 1098 5513 pro
1149 5446 1399 5497 festorum
1444 5444 1748 5500 celebritate

196 5513 444 5573 agi-bant.
492 5516 625 5578 Quin
673 5515 830 5568 etiam
864 5517 914 5567 in
958 5515 1226 5584 perrigilio
1272 5514 1482 5566 l'ascha:
1511 5516 1749 5569 ecclesiae

196 5586 520 5636 suburbanm
560 5584 611 5636 in
646 5584 748 5636 illis
794 5583 1140 5636 conventibus
1179 5599 1235 5636 se
1278 5583 1534 5635 sistebant
1564 5585 1749 5651 :cujus

198 5654 276 5721 rei
307 5664 619 5719 argumento
649 5662 727 5706 est
747 5654 1005 5721 appendix
1041 5662 1218 5704 nostra
1248 5654 1310 5703 ad
1344 5654 1568 5718 primum
1599 5654 1747 5706 libel-

199 5720 311 5773 lum
345 5724 411 5775 de
454 5723 647 5777 Ordine
679 5720 936 5787 Ruinam,
982 5738 1098 5792 pag.
1147 5721 1215 5776 5i
1252 5732 1302 5775 et
1342 5723 1425 5775 53.
1456 5724 1509 5775 lu
1540 5728 1747 5777 CatilCPiS

1854 4682 2049 4734 ltauum
2078 4682 2314 4747 aliosque
2340 4693 2603 4735 auctores.
2637 4683 2746 4736 lluc
2776 4687 2891 4737 loco
2922 4684 3081 4736 sumit
3122 4702 3144 4736 r
3173 4701 3266 4751 pro
3287 4698 3416 4736 cou-

1850 4765 2006 4804 cusu
2036 4751 2210 4817 pepuli
2239 4752 2303 4803 ad
2330 4752 2501 4804 locum
2528 4752 2800 4817 indictum,
2831 4753 2881 4805 id
2905 4763 2985 4807 8st
3014 4754 3079 4804 ad
3112 4754 3417 4817 ecclesiam,

1851 4822 1901 4873 in
1931 4836 2032 4887 qua
2065 4819 2341 4874 l’rocessio
2368 4821 2682 4875 clericorum
2714 4823 2959 4876 consistit
3010 4825 3165 4876 statis
3206 4824 3415 4885 diebus,

1851 4891 1915 4943 ad
1945 4900 2112 4944 statas
2143 4890 2643 4962 piecesfaciendas.
2677 4894 2938 4962 Antiquos
2974 4895 3170 4962 quippe
3200 4892 3249 4945 iu
3280 4893 3420 4945 Urbe

1853 4964 1984 5012 ritus
2010 4970 2091 5013 est
2121 4967 2179 5013 ut
2219 4960 2377 5013 certis
2405 4961 2594 5014 diebus
2640 4962 2816 5013 clerus
2864 4960 3133 5015 Romanus
3169 4966 3218 5013 iu
3260 4978 3417 5015 uuam

1857 5029 2085 5095 aliquam
2132 5030 2413 5083 ecclesiam
2467 5032 2748 5083 cenveniat
2790 5030 3193 5098 supplicationis
3232 5045 3413 5094 causa,

1856 5099 1941 5151 ubi
1970 5114 2119 5153 saera
2145 5099 2295 5161 fiunt,
2317 5099 2526 5166 aliaque
2550 5100 2724 5152 divina
2747 5099 2943 5155 officia.

1925 5170 2062 5221 Cleri
2102 5168 2323 5221 tioiuaui
2361 5170 2635 5222 Processit)
2678 5171 2728 5223 in
2778 5171 2895 5222 illas
2923 5170 3178 5222 srationes
3221 5170 3417 5238 dup‘ex

1853 5248 1951 5302 est,
1987 5238 2240 5290 solemnis
2271 5247 2357 5289 aut
2389 5238 2619 5303 privata.
2654 5240 2773 5291 Iltec
2798 5238 2854 5290 fit
2894 5253 3014 5291 cum
3058 5242 3419 5306 unusquisque

1855 5306 2095 5374 privatim
2130 5309 2178 5358 in
2204 5309 2374 5360 locum
2400 5309 2649 5360 tnd.ctum
2680 5323 2739 5361 se
2770 5307 2985 5374 recipit;
3016 5308 3269 5361 solemnis
3291 5324 3420 5362 vero

1851 5390 1969 5429 eum
2001 5378 2223 5428 solemni
2252 5391 2419 5436 more,
2448 5378 2779 5430 decantamlo
2804 5378 3011 5430 litanias
3037 5379 3272 5446 aliasque
3298 5395 3417 5441 pre-

1854 5459 1963 5511 ces,
2002 5447 2233 5513 pontifex
2280 5446 2476 5512 aliique
2505 5462 2692 5499 omnes
2723 5462 2787 5499 co
2814 5462 2934 5499 sese
2961 5448 3239 5513 recipiunt.
3288 5450 3417 5500 Piu-

1853 5518 2121 5568 cessioues
2153 5515 2418 5568 solemnes
2460 5517 2708 5580 princedit
2738 5517 2992 5581 Collecta,
3044 5517 3095 5570 id
3123 5527 3204 5570 est
3252 5520 3415 5570 eoad-

1854 5586 2042 5655 uiiaiio
2076 5586 2388 5637 clericorum
2429 5586 2480 5637 in
2523 5602 2622 5638 una
2653 5588 2900 5651 ecclesia,
2948 5597 3005 5639 ut
3043 5602 3105 5639 ex
3139 5603 3219 5651 ca,
3262 5589 3413 5655 quasi

1854 5654 2045 5723 [sxxii]
2076 5656 2281 5723 agmine
2308 5657 2470 5725 iacto,
2502 5656 2551 5708 in
2576 5656 2746 5709 locum
2786 5657 3030 5725 stationis
3064 5654 3410 5724 proccdatur;

1851 5725 1928 5779 sic
1954 5725 2113 5789 δίο-ιι,
2141 5726 2278 5792 (ιιιυιι
2305 5724 2354 5777 iu
2388 5740 2451 5777 co
2479 5729 2594 5780 loco
2621 5727 2795 5783 clerus
2824 5724 2941 5781 cuin
2967 5728 3158 5796 populo
3192 5726 3411 5793 colliga.
