4042 6334
656 466 760 518 883

1373 455 1710 514 API’ENDIX
1752 455 1843 510 AD
1881 454 1936 508 S.
1981 451 2307 507 GREGOIUI
2350 452 2560 508 MAG?”
2603 452 2970 512 LlTURGlCA
3014 457 3262 514 OPERA.

3809 456 3896 509 Sili

652 577 772 631 coni
814 588 911 628 ore
941 568 1327 624 Eucharistiam
1360 567 1710 635 accipiebant,
1745 582 1809 620 ex
1834 565 2014 638 lihelln
2043 574 2218 638 sexta.
2253 563 2297 622 A
2325 573 2504 638 sentes
2535 566 2786 632 aderant,
2819 585 2883 622 ac
2919 571 3140 638 proinde
3181 573 3232 625 in
3263 572 3376 628 suis
3409 571 3577 626 titulis
3609 569 3798 623 Missas
3821 583 3898 624 ce-

657 653 722 699 At
772 645 824 697 in
876 642 1062 709 quinto
1113 639 1468 709 subdiaconus
1522 638 1742 690 calicem
1799 637 2001 709 praebet
2045 636 2219 709 primo

655 707 970 783 presbytero
981 781 990 783 _
1002 707 1436 783 communicanti,
1459 708 1545 777 qui
1569 717 1616 760 et
1648 709 1836 760 tribuat
1874 708 2213 774 subsequenti,

649 793 700 837 ct
723 783 799 836 sic
816 779 895 833 'de
927 780 1044 833 aliis
1070 779 1390 832 successive.

720 851 803 906 l6.
841 851 969 904 Post
1021 850 1135 902 baac
1189 848 1628 910 archidiaconus,
1687 855 1898 909 recepto
1947 845 2014 898 de
2059 861 2218 899 manu

651 920 885 989 episcopi
936 919 1123 981 calice,
1158 919 1420 989 reliquum
1471 919 1742 983 sanguinis
1777 915 2114 989 ‘rel'mdebat
2167 916 2218 969 in

651 986 906 1060 siyphum
939 988 1191 1060 acnlythi,
1211 1002 1368 1058 Supra
1388 989 1549 1060 cujus
1570 986 1932 1060 meminimus,
1963 996 2056 1060 aut
2077 997 2222 1039 certe

650 1058 970 1113 in’calicem
1029 1059 1326 1125 majorem,
1385 1059 1438 1111 in
1505 1073 1611 1123 quo
1669 1058 1868 1123 pariter
1923 1059 2100 1108 vinum
2151 1071 2217 1110 ex

648 1130 920 1183 oblatione
944 1138 1251 1182 contentum
1282 1136 1442 1182 esset.
1492 1129 1615 1182 ΙΙπο
1665 1127 1894 1180 secnnda
1942 1125 2143 1181 rebusin
2171 1127 2220 1180 in

649 1201 859 1254 duobus
891 1199 1078 1264 primis
1110 1199 1298 1251 libellis
1329 1197 1528 1252 diserte
1577 1198 1911 1264 exprimitur,
1943 1195 2035 1251 sed
2070 1199 2224 1249 unica

651 1275 703 1323 in
738 1269 913 1329 tertio.
943 1270 1096 1336 cujus
1142 1268 1253 1322 haac
1283 1268 1440 1322 verba
1495 1268 1722 1321 notanda
1777 1278 1941 1320 sunt:
1975 1267 2080 1321 Sed
2117 1268 2227 1335 ipse

651 1340 878 1409 pontifex
911 1338 1331 1409 conﬁrmatnrob
1365 1339 1725 1390 archidiacono
1759 1337 1819 1409 in
1846 1338 2003 1390 calice
2026 1347 2224 1409 sancto,

653 1407 716 1464 de
735 1407 838 1480 quo
866 1425 1045 1472 parum
1069 1408 1293 1480 refundit
1323 1409 1715 1460 archidiaConus
1747 1408 1802 1480 in
1828 1409 2076 1480 majorem
2103 1407 2229 1459 cali-

652 1476 779 1544 rem,
810 1480 912 1532 sive
937 1480 990 1530 in
1019 1479 1282 1548 scyphum,
1317 1494 1461 1540 quem
1486 1487 1613 1531 tenet
1644 1476 1917 1545 acolythus
1955 1488 2010 1548 ut
2053 1493 2114 1529 et
2142 1493 2229 1530 eo-

653 1552 768 1602 dem
785 1546 1417 1613 sacrorase'conﬁrmetur
1445 1550 1681 1616 populus,
1715 1549 1833 1614 quia
1865 1546 1996 1616 [_th|
2031 1549 2224 1607 vinum,

653 1623 804 1673 etiam
839 1635 942 1672 non
983 1628 1351 1681 consecratum,
1391 1619 1480 1671 sed
1527 1617 1778 1683 sanguine
1840 1619 2042 1669 Homini
2094 1633 2229 1668 com-

654 1692 880 1751 mistum,
904 1690 1252 1756 sanctiﬁcatur
1273 1705 1360 1756 per
1382 1704 1576 1740 omnem
1598 1688 1822 1740 modum.
1858 1689 1930 1740 lix
1965 1689 2063 1740 hac
2093 1691 2132 1738 ’e
2172 1703 2231 1738 n-

655 1761 930 1826 sequentia
958 1755 1100 1828 (qua:
1133 1759 1184 1812 in
1212 1759 1330 1811 aliis
1354 1757 1545 1828 libellis
1575 1770 1679 1828 non
1724 1757 1973 1828 habetur,
1997 1755 2229 1828 fortasse

654 1849 680 1877 a
711 1825 937 1894 posteris
964 1825 1199 1895 intrusa)
1240 1827 1556 1888 intelliaitur
1583 1827 1793 1889 saltem,
1826 1827 1876 1879 in
1926 1827 2015 1878 illo
2042 1825 2227 1891 majori

655 1901 842 1986 calice,
885 1899 997 1952 sive
1020 1900 1100 1986 rin
1145 1897 1348 1966 scypho
1402 1906 1706 1951 contentum
1735 1895 1927 1986 fuisse
1955 1897 2131 1975 viuum
2163 1908 2225 1947 ex
2265 1929 2306 1986 Β

657 1970 927 2021 oblatione
958 1965 1217 2032 refusum,
1248 1965 1538 2037 antequam
1562 1967 1778 2031 Sanguis
1805 1965 2000 2018 Christi
2030 1965 2081 2016 in
2105 1979 2226 2037 cuin

658 2039 1050 2094 refunderetur.
1082 2037 1188 2091 Cur
1229 2036 1409 2091 autem
1457 2037 1684 2102 populus
1713 2051 1814 2088 non
1846 2050 1909 2088 ex
1949 2050 2102 2098 puro,
2137 2036 2230 2087 sed

658 2125 719 2160 ex
779 2111 937 2160 misto
980 2123 1098 2160 cum
1143 2107 1266 2159 vino
1322 2107 1579 2176 sanguine
1651 2105 2234 2176 fueriticoulirmatus,

663 2188 846 2237 postea
895 2192 958 2230 cx
973 2178 1283 2246 pendemus.
1315 2178 1404 2232 Sic
1433 2175 1722 2230 evacnatus
1753 2175 1889 2228 ealix
1923 2189 2078 2246 sacer
2130 2184 2239 2227 tra-

661 2248 887 2300 debatur
935 2250 1160 2314 primum
1194 2248 1542 2310 subdiacono,
1578 2249 1664 2314 qui
1700 2261 1819 2297 mox
1867 2245 2128 2297 calamum
2155 2260 2238 2295 ar-

661 2317 976 2371 cliidiacoun
1036 2318 1304 2370 tribuebat
1353 2319 1417 2370 ad
1470 2314 1898 2369 cm‘itirmandnm
1950 2315 2235 2381 populum;

661 2397 771 2439 tum
795 2387 1159 2457 acolytho,qui
1193 2387 1438 2440 eumdem
1469 2387 1690 2439 calicem
1719 2389 1771 2437 in
1796 2395 2114 2450 paratartnm
2143 2400 2236 2438 seu

662 2457 714 2510 in
760 2457 969 2510 thecam
1004 2473 1151 2510 suam
1185 2459 1524 2509 recondebat.

736 2527 823 2579 17.
867 2527 994 2580 Post
1035 2527 1170 2579 hanc
1215 2527 1500 2580 secundum
1557 2526 1875 2578 relusioncm
1925 2522 2161 2590 pr'ntil'ex
2210 2538 2242 2578 e

665 2596 793 2650 Sede
819 2597 1175 2650 descendebat
1209 2597 1257 2648 in
1302 2597 1624 2648 senatorium
1652 2634 1667 2658 ,
1715 2595 1800 2648 ubi
1835 2606 2104 2664 magnales
2133 2596 2243 2647 Ett—

661 2666 909 2720 charistia
932 2666 1231 2730 reﬁciebat;
1275 2676 1326 2719 et
1360 2667 1410 2719 in
1435 2666 1712 2719 adversam
1746 2675 1974 2730 partem,
2008 2667 2094 2717 ubi
2130 2679 2242 2717 ma-

667 2747 834 2789 tramc
861 2737 1218 2790 conisistcbmt
1248 2777 1262 2796 ,
1295 2736 1494 2788 eisdem
1521 2737 1952 2788 communionem
1989 2734 2241 2804 pra-bitu-

667 2821 778 2870 rus,
804 2807 1163 2873 subsequente
1191 2805 1570 2858 archidiacouo
1607 2820 1729 2858 cum
1767 2804 2243 2875 scypbopra‘dicto

664 2877 728 2926 ad
759 2887 1013 2944 utrosque
1055 2875 1472 2933 conliemandos.
1523 2875 1712 2928 Primis
1761 2873 2090 2941 temporibus
2141 2875 2244 2944 liu-

667 2943 939 2999 charistia
967 2948 1126 2998 etiam
1166 2946 1311 2997 laicis
1352 2945 1684 2998 tribuebatur
1720 2945 1771 2997 in
1805 2959 2014 3007 manus,
2047 2959 2145 3011 qua
2175 2943 2244 2995 de

668 3030 727 3066 re
760 3016 909 3068 testis
939 3025 1018 3067 est
1069 3015 1120 3067 in
1168 3014 1355 3082 primis
1395 3015 1755 3080 Angit-tinus,
1809 3024 1915 3066 tum
1966 3017 2016 3066 in
2078 3014 2166 3066 lib.
2210 3029 2243 3066 ιι

639 3095 851 3138 contra
899 3086 1176 3150 epistolam
1232 3084 1567 3138 l’armeniani
1617 3098 1736 3144 cap.
1787 3085 1844 3147 7,
1891 3094 2000 3136 tum
2049 3083 2101 3136 in
2150 3083 2242 3136 lib.

670 3155 796 3208 item
825 3171 872 3206 ιιι
924 3155 1180 3210 adversus
1230 3154 1434 3207 litteras
1465 3152 1598 3206 Petil
1622 3154 1882 3221 ani,cap.
1911 3153 2002 3207 25.
2049 3153 2242 3207 Verum

670 3226 807 3286 apud
835 3224 1100 3278 Romanos
1119 3223 1228 3292 jam
1260 3235 1383 3276 ante
1405 3222 1646 3293 Gregorii
1677 3223 1846 3293 Magni
1879 3222 2242 3293 pontiﬁcatum

671 3297 721 3346 in
748 3309 810 3347 os
842 3296 1228 3348 immittebaIur
1248 3308 1276 3345 a
1305 3292 1600 3357 sacerdote,
1627 3304 1681 3344 nt
1711 3292 1894 3359 probat
1920 3292 2012 3345 lib.
2043 3306 2103 3346 ιιι
2130 3293 2250 3346 Dia-

675 3364 913 3432 lngornm
943 3408 955 3428 ,
1009 3379 1126 3430 cap.
1152 3363 1209 3424 5,
1258 3363 1342 3415 ubi
1398 3361 1655 3430 Agapitns
1700 3377 1830 3430 papa
1861 3362 2068 3416 cuidam
2104 3374 2252 3416 muto

669 3446 716 3487 et
747 3436 937 3486 claudo
960 3450 1146 3501 corpus
1179 3433 1488 3485 dominicum
1520 3435 1571 3484 in
1608 3448 1663 3484 os
1690 3434 1889 3485 misisse
1922 3432 2248 3496 perhibetur.

743 3505 830 3558 Γ).
874 3507 1089 3558 luteum
1129 3503 1364 3569 episcopi
1397 3510 1451 3556 et
1479 3501 1777 3570 presbyteri
1803 3541 1817 3564 ,
1847 3516 2116 3556 annuente
2147 3503 2253 3570 pri-

673 3574 896 3627 micerio
919 3615 933 3631 ,
965 3573 1216 3640 pupulum
1270 3571 1392 3625 hinc
1422 3581 1472 3624 et
1514 3571 1634 3624 inde
1664 3587 1832 3625 sacrm
1862 3572 2253 3626 communionis

677 3645 987 3763 nqrticipem
1033 3642 1314 3706 faciebant,
1341 3642 1581 3695 diacoois
1609 3656 1678 3696 ex
1709 3641 1911 3710 scypho
1934 3646 2253 3695 continuan-

677 3722 708 3762 ΙΙ
738 3728 836 3763 IIIS.

753 3783 836 3835 ιω.
873 3783 1135 3837 lteversus
1167 3781 1403 3848 pontifex
1437 3780 1499 3835 ad
1524 3780 1706 3835 sedem
1733 3781 1987 3834 communi
2008 3781 2133 3834 'abat
2165 3797 2256 3835 re-

675 3851 931 3918 qionarios
953 3869 1043 3922 per
1071 3854 1302 3905 ordinem
1329 3890 1345 3915 ,
1387 3861 1434 3902 et
1479 3867 1562 3902 eos
1588 3855 1676 3922 qni
1702 3853 1753 3903 in
1801 3851 1893 3917 ﬁlo
1916 3860 2177 3918 steterant,
2209 3861 2255 3903 et

675 3925 726 3972 in
759 3923 932 3975 diebus
954 3921 1103 3989 festis
1133 3923 1197 3974 de
1237 3924 1412 3975 schola
1453 3921 1743 3972 duodecim.
1799 3922 2102 3987 lic-gionurii
2135 3930 2257 3974 sunt

676 3991 906 4054 diaconi,
940 3993 1250 4046 subduacoai
1277 4002 1330 4046 ct
1369 3989 1601 4058 acolythi
1631 4030 1645 4050 .
1669 3991 1755 4056 qui
1779 3992 1974 4043 cwteris
2005 3992 2178 4043 diebus
2203 3991 2256 4044 in

677 4064 1006 4132 presbyterio,
1032 4062 1117 4113 ubi
1145 4069 1402 4132 poterant,
1429 4060 1886 4132 communicabant.

745 4130 834 4184 ‘20.
881 4131 1006 4184 Post
1037 4130 1208 4185 omnes
1238 4133 1328 4184 hos
1358 4130 1628 4183 rtdetmfes
1654 4131 2057 4196 nomenculator,
2089 4139 2134 4182 et
2161 4148 2259 4183 srr-

676 4201 912 4254 cellarius
932 4242 948 4266 ,
993 4211 1040 4255 et
1079 4201 1351 4271 acolythus
1373 4244 1386 4264 ,
1438 4200 1524 4271 qui
1550 4208 1785 4266 patenum
1813 4197 2008 4271 tenebat
2035 4240 2047 4257 ,
2098 4211 2146 4252 et
2176 4201 2261 4271 qui

677 4274 1047 4340 monutcrgiunt
1087 4266 1322 4336 tenebat,
1366 4280 1410 4322 et
1439 4266 1526 4336 qui
1562 4285 1754 4340 aquam
1799 4266 1980 4340 dabat,
2006 4270 2072 4321 ad
2094 4270 2260 4322 sedem

679 4339 1115 4394 camntunirabant
1141 4382 1155 4407 ,
1199 4352 1245 4395 et
1285 4351 1397 4411 pou
1429 4339 1716 4409 pontificem
1762 4339 2153 4392 archidiaconus
2176 4356 2261 4392 eos

678 4411 1029 4475 conﬁrmabat.
1905 4471 1908 4474 .

751 4479 840 4533 21.
885 4481 978 4535 His
1003 4480 1249 4534 omnibus
1295 4479 1509 4534 demum
1561 4478 1883 4533 succedebat
1913 4478 2127 4543 Psalmi,
2174 4476 2262 4546 qui

685 4552 957 4615 prtemissa
1010 4549 1309 4616 Antiphone
1360 4550 1425 4602 ad
1472 4551 1901 4602 communionem
1954 4552 2260 4609 cauebatur.

2327 633 2639 707 lehrabant,
2669 649 2725 690 ut
2756 638 2895 704 plebi
2920 633 3038 693 sine
3065 643 3295 696 facerent
3326 642 3476 695 satis.
3509 640 3651 707 Quin
3679 640 3836 693 etiam
3862 645 3897 694 si

2322 705 2706 778 conﬂuentium
2754 708 2989 763 ﬁdelium
3041 711 3324 764 multitudo
3379 705 3661 778 exigeret,
3713 709 3766 761 in
3813 725 3897 760 mn

2327 775 2623 844 eademque
2672 779 2903 832 ecclesia
2953 781 3271 834 sacriﬁcium
3306 775 3620 834 iterabitur.
3667 780 3742 834 lla
3772 780 3898 831 enim

2323 849 2576 914 pra'cepit
2617 848 2722 900 Leo
2767 849 3005 911 Magnus,
3057 851 3108 902 in
3153 850 3432 911 epistola?
3474 852 3538 902 ad
3603 852 3902 904 Ilioscorntn

2323 915 2632 980 episcopum
2681 917 3103 972 Alexandrinum
3134 938 3147 972 :
3183 919 3249 972 Ut
3277 929 3445 973 autem
3477 918 3531 972 in
3571 919 3810 973 omnibus
3830 922 3905 970 ob-

2323 987 2579 1057 seruantia
2610 997 2784 1040 nostra
2809 992 3099 1055 concordet,
3123 990 3253 1042 illud
3275 1006 3472 1057 quoque
3495 993 3728 1043 volumus
3752 999 3907 1040 custo-

2325 1055 2461 1120 diri,
2516 1066 2581 1128 ut
2619 1073 2731 1128 cunt
2773 1060 3050 1111 salemnior
3106 1055 3350 1128 festivitas
3390 1055 3698 1112 con‘entunt
3742 1063 3908 1126 populi

2327 1127 2690 1196 numerosioris
2718 1127 2983 1194 indixerit,
3016 1138 3062 1180 et
3091 1127 3159 1182 ad
3183 1147 3295 1182 eam
3323 1139 3465 1182 tanta
3489 1131 3722 1196 [idalium
3752 1131 3908 1180 multi-

2328 1195 2452 1246 tudo
2475 1198 2759 1249 convenerit
2789 1214 2939 1266 quam
2981 1199 3203 1260 recipere
3230 1199 3441 1252 basilica
3482 1195 3638 1252 simul
3678 1215 3782 1251 una
3822 1215 3908 1250 non

2328 1267 2522 1330 possit,
2568 1267 2811 1334 sacriﬁcii
2854 1267 3044 1320 oblatio
3083 1269 3431 1321 indubitanter
3457 1271 3690 1329 iteretur,
3746 1284 3805 1320 ne
3832 1269 3902 1319 his

2331 1343 2528 1388 tantum
2560 1336 2798 1389 admissis
2842 1339 2910 1389 ad
2940 1337 3072 1391 hanc
3115 1340 3429 1392 devotionem
3457 1340 3544 1405 qui
3574 1339 3729 1404 primi
3763 1339 3910 1390 adt-e-

2333 1405 2516 1470 nerint,
2545 1407 2813 1458 videantur
2841 1406 2895 1458 hi
2933 1409 3020 1476 qui
3051 1408 3377 1475 postmodum
3427 1409 3775 1474 conﬂuxerint
3822 1424 3911 1460 non

2331 1477 2518 1547 recepti
2538 1517 2551 1534 ,
2579 1491 2695 1547 cum
2725 1477 2929 1545 plenum
2958 1479 3160 1546 pietatis
3203 1489 3354 1547 atque
3385 1480 3600 1532 rationis
3628 1479 3694 1532 sit
3719 1488 3771 1529 ut
3793 1495 3911 1544 quo~

2332 1545 2427 1616 ties
2452 1545 2720 1616 basilicam
2747 1587 2760 1604 .
2797 1547 2850 1599 in
2888 1545 2991 1616 qua
3027 1549 3214 1613 agitur,
3269 1545 3540 1616 prazsentia
3584 1563 3731 1601 nocte
3765 1548 3909 1614 plebis

2332 1615 2631 1682 impleverit.
2657 1617 2802 1669 toties
2843 1615 3155 1684 sacrificium
3180 1615 3490 1686 subsequens
3518 1618 3794 1684 offeratur,
3821 1632 3912 1670 etc.

2336 1687 2416 1737 An
2448 1699 2576 1756 vero
2621 1687 2735 1738 lucc
2765 1686 3011 1740 sacriﬁcii
3059 1689 3270 1741 iteratio
3299 1704 3391 1754 per
3418 1705 3581 1741 unum
3611 1696 3706 1740 aut
3748 1687 3914 1756 plures

2337 1755 2647 1826 sacerdotes
2700 1758 2882 1826 tieret,
2935 1773 3040 1809 non
3085 1759 3214 1811 satis
3259 1758 3444 1825 liquet.
3484 1755 3798 1826 Quanquam
3833 1772 3914 1823 per

2337 1824 2424 1895 illa
2457 1835 2691 1886 tempora
2736 1825 2877 1880 idem
2910 1829 3161 1880 sacerdos
3192 1824 3475 1895 aliquando
3507 1824 3791 1882 Missurum
3834 1842 3911 1879 so-

2339 1894 2531 1964 lemnia
2563 1895 2862 1964 geminabat
2891 1936 2907 1960 ,
2957 1911 3063 1964 quo
3093 1897 3147 1951 in
3194 1894 3416 1952 numero
3455 1908 3571 1952 erat
3599 1905 3818 1950 sanctus
3843 1896 3916 1947 ille

2341 1963 2634 2036 Severinus
2658 2005 2672 2025 ,
2707 1963 2775 2036 de
2822 1963 3267 2036 qno‘Gregorins
3315 1967 3651 2022 Turonensis
3680 1966 3912 2031 antistes,

2341 2034 2408 2086 de
2441 2031 2618 2086 Gloria
2647 2035 3029 2100 confessorum,
3063 2031 3182 2103 cap.
3214 2037 3305 2090 50.
3366 2039 3414 2091 ls
3445 2040 3585 2091 enim
3621 2036 3915 2097 Severinus,

2342 2116 2438 2176 seu
2471 2106 2552 2170 (ut
2583 2105 2632 2176 in
2667 2106 3033 2176 vetustissimo
3058 2105 3255 2160 Codice
3283 2109 3498 2176 legitur)
3530 2109 3784 2167 Severus,
3807 2120 3914 2156 cum

2340 2171 2474 2225 duas
2503 2174 2760 2227 ecclesias
2790 2175 3108 2228 aediﬁcasset
3134 2219 3148 2242 ,
3181 2177 3268 2232 ubi
3301 2171 3409 2232 dies
3443 2171 3749 2230 Dominicus
3776 2176 3916 2226 adre-

2341 2251 2484 2313 nerat
2506 2285 2518 2305 ,
2570 2243 2828 2296 celebratis
2862 2243 3033 2297 Missis
3064 2262 3166 2298 uno
3213 2249 3345 2310 loco,
3379 2248 3445 2299 ad
3483 2248 3645 2299 alium
3680 2246 3915 2313 pergebat.

2343 2312 2448 2366 Sed
2480 2316 2698 2366 vetitum
2739 2315 2833 2367 luit
2881 2317 2930 2366 in
2962 2316 3188 2368 concilio
3219 2316 3675 2371 Autissiodureusi
3706 2312 3776 2367 ne
3799 2330 3916 2366 unus

2343 2383 2598 2437 sacerdos
2647 2384 2699 2436 in
2753 2401 2856 2438 uno
2897 2385 3192 2456 eodemque
3234 2387 3384 2441 altari
3429 2388 3608 2455 plures
3637 2386 3826 2440 Missas
3845 2384 3916 2436 di-

2343 2463 2513 2507 ceret.

2345 2563 2483 2638 ιιτιι]
2527 2564 2612 2621 IX.
2661 2568 2898 2634 Quando,
2927 2579 2976 2624 et
3004 2569 3260 2641 quantng
3289 2569 3494 2641 desierit
3524 2567 3820 2621 communio
3843 2566 3917 2618 sub

2631 2649 2842 2708 utraque
2861 2639 3028 2708 specie
3054 2643 3107 2694 in
3136 2639 3367 2695 Ecclesia
3394 2639 3650 2693 Romana.

2414 2731 2547 2784 Cum
2607 2729 2861 2784 laicorum
2918 2731 3223 2785 communio
3271 2731 3323 2785 in
3389 2730 3632 2785 Eccle~ia
3699 2727 3916 2780 nontam

2350 2800 2757 2868 haudquaquam
2804 2818 2868 2854 ex
2901 2817 3034 2869 puro
3060 2802 3316 2867 sanguine
3345 2802 3528 2862 fieret,
3567 2816 3674 2852 non
3710 2798 3782 2851 ita
3806 2796 3920 2849 (lifti-

2349 2870 2466 2924 cilis
2494 2870 2590 2923 fuit
2621 2872 2875 2924 transitus
2903 2871 2967 2924 ad
3000 2873 3348 2925 recentiorem
3380 2887 3609 2930 morem,
3647 2881 3709 2921 ut
3734 2869 3844 2920 laici
3869 2871 3919 2916 :ul

2349 2941 2507 2993 unius
2537 2951 2738 2993 tantum
2771 2941 2966 3001 ευθειῑυὶ
2999 2939 3452 3008 participationem
3501 2940 3916 3008 admitterentur,

2348 3009 2463 3064 iam
2498 3025 2613 3064 mos
2639 3011 2738 3064 iste
2768 3005 3013 3079 receptus
3048 3021 3162 3064 erat
3187 3005 3390 3065 stcculo
3416 3010 3574 3063 tertio
3601 3011 3837 3063 decimo.
3879 3005 3918 3079 IAJ

2348 3083 2491 3133 enim
2525 3081 2756 3148 probant
2786 3076 2992 3134 illorum
3037 3091 3334 3149 temporum
3366 3081 3663 3147 scriptores
3683 3120 3700 3141 ,
3733 3093 3797 3149 et
3828 3076 3921 3149 qui-

2351 3149 2449 3203 bus
2476 3146 2780 3205 Alexander
2807 3152 3041 3204 Alensfs.
3075 3146 3391 3212 Dicendum,
3426 3146 3618 3217 inquit,
3656 3148 3799 3215 quod
3826 3146 3922 3213 quia

2353 3218 2584 3273 Christus
2617 3221 2812 3290 integre
2841 3222 3060 3290 sumitur
3089 3221 3182 3274 sub
3216 3231 3428 3289 utraque
3451 3221 3618 3288 specie
3641 3258 3659 3278 .
3685 3219 3807 3270 bene
3833 3219 3924 3267 licet

2351 3304 2551 3361 sumere
2595 3289 2779 3358 corpus
2819 3289 3006 3344 Christi
3042 3291 3146 3361 subi
3171 3293 3335 3358 specie
3369 3293 3520 3361 panis
3551 3298 3794 3361 tantum,
3820 3290 3924 3361 sicut

2354 3361 2461 3428 fere
2487 3359 2670 3422 ubique
2699 3362 2754 3427 ﬁt
2803 3377 2835 3412 a
2864 3361 3006 3414 laicis
3035 3362 3086 3414 in
3120 3357 3379 3415 Ecclesia.
3414 3359 3574 3425 Atqui
3602 3357 3923 3428 eotumuniof

2357 3425 2479 3483 nent
2534 3431 2632 3482 sub
2680 3425 2904 3499 utraque
2949 3433 3128 3499 specie
3178 3433 3412 3498 viguisse
3453 3435 3518 3482 ad
3572 3430 3731 3482 initia
3771 3425 3923 3499 surculi

2354 3500 2652 3570 tluodceimi
2682 3494 2891 3554 constat
2919 3494 2994 3555 ei
3031 3501 3098 3554 iis
3134 3494 3381 3570 qui'tune
3409 3499 3680 3570 ﬂorebant
3717 3494 3926 3570 auctori-

2357 3569 2453 3622 bus
2479 3607 2494 3630 ,
2545 3572 2797 3624 Anselmo
2840 3565 3208 3625 Cantuariensi
3254 3572 3522 3631 antistite,
3558 3565 3928 3622 Gaillehnode

2355 3637 2662 3707 Campellis,
2697 3641 2917 3705 l‘lugone
2945 3640 3204 3694 canonico
3233 3643 3401 3696 sancti
3436 3639 3695 3703 Victoris,
3728 3647 3785 3691 et
3811 3636 3925 3707 aliis.

2355 3709 2621 3762 Guillelmi
2651 3706 3034 3764 testimonium
3060 3752 3076 3776 ,
3123 3721 3274 3766 antea
3328 3711 3586 3765 ineditum
3613 3749 3632 3774 ,
3672 3707 3862 3777 protuli
3889 3706 3925 3754 in

2358 3779 2665 3845 prazl‘atione
2692 3781 2860 3848 prima
2887 3784 2950 3832 ad
2986 3781 3238 3834 sazculum
3272 3781 3482 3835 tertium
3518 3777 3926 3832 Benedictinum.

2361 3864 2508 3920 utrm.
2536 3849 2605 3902 75
2631 3890 2646 3913 ,
2676 3865 2740 3904 ex
2792 3866 2899 3920 quo
2942 3865 3060 3920 quzc
3096 3851 3160 3903 ad
3201 3866 3310 3905 rem
3344 3859 3580 3905 nostram
3613 3849 3929 3920 faciuntbuc

2357 3917 2623 3974 adducere
2650 3917 2822 3987 juvat;
2863 3917 3012 3986 Quod
3035 3930 3250 3988 utraque
3268 3923 3459 3989 species
3479 3937 3570 3989 per
3593 3935 3650 3972 se
3680 3917 3926 3989 accipitur.

2358 4003 2418 4040 eo
2461 3989 2551 4055 ﬁt,
2601 3998 2654 4042 ut
2685 3991 2928 4043 memoria
2971 3987 3201 4059 corporis
3225 4030 3240 4052 .
3271 3987 3403 4058 quid
3432 3987 3487 4043 in
3511 4005 3670 4042 cruce
3693 3987 3932 4059 visibilich

2359 4060 2623 4132 pependit,
2649 4062 2968 4132 etmemoria
2988 4063 3272 4132 sanguinis,
3298 4062 3384 4128 qui
3407 4075 3521 4112 cum
3546 4076 3687 4122 aqua
3715 4058 3931 4132 dei—[5.1816

2361 4125 2548 4202 ﬂuxit,
2579 4130 2774 4202 arctius
2818 4139 3068 4196 teneatur,
3084 4125 3152 4183 ἐι
3178 4125 3322 4201 quasi
3361 4140 3725 4202 prtem-utetur.
3768 4125 3932 4202 Tenuit

2360 4200 2620 4251 sciendum
2639 4201 2776 4268 quod
2793 4202 2881 4270 qui
2904 4195 3118 4253 alteram
3137 4195 3565 4270 speciem'accipit
3583 4242 3596 4262 ,
3625 4209 3799 4251 totum
3820 4195 3934 4247 Clui-

2363 4280 2494 4320 stnm
2517 4270 2724 4335 accipit.
2774 4269 2838 4322 Et
2867 4269 3002 4323 intra
3032 4287 3046 4323 :
3075 4271 3226 4333 Quod
3259 4288 3379 4341 ergo
3427 4271 3654 4334 dicitur,
3691 4278 3934 4341 νηξᾳηιίιηε

2364 4343 2580 4404 speciem
2607 4349 2838 4408 oportere
2867 4341 3051 4407 accipi,
3075 4341 3280 4394 hatresis
3309 4337 3461 4409 plane
3483 4353 3589 4392 est.
3609 4378 3622 4391 .
3650 4376 3667 4390 .
3693 4377 3708 4391 .
3759 4337 3821 4390 Et
3845 4337 3934 4386 ideo

2365 4409 2480 4460 licet
2503 4411 2555 4481 in
2578 4410 2822 4462 alterutra
2846 4412 3008 4479 specie
3035 4419 3168 4464 totus
3190 4421 3442 4472 suntotur,
3468 4421 3638 4463 tatnen
3675 4424 3776 4481 pr_o
3805 4419 3934 4481 causa

2366 4479 2614 4551 prazdicta
2647 4477 3035 4551 sacramentum
3077 4482 3348 4551 utriusque
3399 4483 3583 4550 specei
3627 4481 3700 4532 ab
3730 4477 3933 4529 Ecclesia

2368 4549 2751 4617 immutabiliter
2776 4551 3042 4603 retinetur.
3073 4550 3194 4604 l-lzcc
3224 4549 3571 4617 scriptasnnt
3599 4555 3733 4602 ante
3763 4557 3933 4598 annum

686 4622 918 4672 clausula
969 4637 1062 4687 per
1118 4620 1311 4673 Versus
1355 4617 1536 4672 Gloria
1581 4617 1727 4670 Patri
1759 4629 1811 4671 et
1842 4620 1986 4671 Sient
2011 4629 2136 4684 erat,
2169 4635 2263 4671 an-
2299 4625 2342 4682 Ι)
2372 4616 2527 4680 1120,
2560 4633 2665 4687 quo
2713 4622 2935 4686 proinde
2981 4630 3220 4688 tempore
3263 4616 3570 4674 communio
3599 4621 3705 4672 sub
3736 4626 3934 4688 utraque

685 4700 880 4744 nuente
908 4690 1235 4744 subdiacono
1264 4689 1561 4757 regionario
1588 4703 1681 4755 per
1719 4689 1924 4756 signum
1958 4691 2132 4742 crucis
2163 4689 2260 4741 ini-

687 4774 928 4826 pressum
984 4759 1140 4811 fronti
1191 4773 1320 4811 sine.
1358 4758 1643 4828 Sciendum
1693 4768 1899 4822 autem,
1946 4757 2057 4828 [ωε]
2094 4759 2260 4823 inquit

672 4830 996 4896 .Micrologns
1047 4833 1095 4881 in
1142 4844 1260 4894 cap.
1314 4827 1398 4892 18,
1438 4829 1667 4896 camdent
1695 4828 2043 4894 Antiphonant
2071 4845 2265 4894 semper

680 4895 925 4952 eumdem
958 4899 1218 4951 l’salmum
1264 4914 1377 4950 cum
1423 4895 1646 4950 htroitu
1677 4898 1885 4962 habere,
1915 4899 1958 4950 si
1986 4915 2082 4951 non
2118 4899 2262 4952 habet

685 4970 974 5036 praprium,
1005 4984 1068 5022 ea:
1096 4984 1194 5036 quo
1225 4977 1429 5031 sumpta
1462 4969 1713 5020 videatur.

758 5038 1027 5093 Hactenus
1073 5039 1464 5092 connnnnionis
1509 5038 1777 5106 generalis
1821 5037 2062 5089 ordinem
2094 5053 2156 5090 ac
2183 5053 2265 5088 se-

687 5110 820 5164 riem
847 5151 861 5173 ,
913 5108 1086 5178 qualis
1134 5116 1260 5161 ante
1296 5107 1548 5178 stt-culum
1579 5123 1774 5178 noimm
1807 5107 1857 5159 in
1894 5108 2126 5160 Ecclesia
2162 5108 2264 5162 llo-

687 5194 839 5233 tuana
889 5177 1221 5242 servabatur,
1273 5177 1638 5241 exhibuimus;
1686 5177 1739 5229 in
1785 5191 1890 5244 quo
1917 5178 2127 5243 qnidem
2160 5188 2262 5232 r.tu

684 5251 726 5303 si
757 5265 858 5316 qua
887 5260 1163 5304 remanent.
1192 5247 1440 5310 obscura,
1476 5248 1526 5300 id
1561 5257 1857 5313 temporum
1891 5246 1942 5298 lo
1981 5262 2012 5314 g
2040 5249 2262 5316 nquituti

683 5331 738 5372 ‹-ι
768 5320 959 5373 rituum
992 5317 1321 5372 desuetudini
1355 5317 1694 5370 tribuendum
1722 5330 1821 5370 est.

756 5391 969 5454 Qua-rat
991 5389 1112 5442 inde
1141 5387 1332 5454 aliquis
1363 5401 1428 5439 an
1461 5399 1593 5448 tum,
1620 5401 1740 5439 cum
1767 5387 2000 5454 ponti'cx
2036 5388 2263 5443 solemni

689 5461 785 5511 huc
810 5459 909 5512 ritu
930 5460 1098 5512 sacris
1119 5465 1447 5525 operaretur,
1473 5458 1654 5522 sicque
1684 5467 1786 5508 tam
1817 5456 2082 5523 episcopis
2103 5473 2258 5526 quam

691 5530 1011 5597 presbyteris
1049 5541 1477 5597 communionem
1510 5527 1845 5597 impertiret,
1879 5527 1922 5578 Μ
1947 5542 2051 5580 sate
2083 5531 2263 5596 plures

690 5613 796 5650 uno
821 5595 909 5651 die
958 5597 1138 5650 ltoune
1169 5595 1609 5650 celebrarentur?
1648 5597 1840 5650 deinde
1881 5611 1946 5649 an
1978 5599 2262 5664 ali-plaudo

689 5671 847 5719 etiam
879 5666 1055 5732 plures
1086 5669 1137 5719 in
1166 5680 1264 5718 una
1294 5666 1586 5734 eademque
1616 5666 1874 5719 ecl-lesia?

754 5735 955 5805 'Facilis
983 5736 1047 5805 ad
1082 5752 1113 5788 u
1142 5751 1363 5801 rmuque
1405 5737 1703 5802 responsio.
1749 5735 2049 5805 Presbyteri
2079 5737 2266 5790 titulo-

691 5821 810 5858 ιιιιιι
855 5804 938 5854 vel
989 5804 1182 5869 singuli
1231 5806 1280 5856 in
1323 5806 1579 5874 Singulis,
1631 5807 1706 5857 \el
1752 5804 1930 5870 plures
1961 5806 2010 5857 in
2041 5805 2267 5874 singulis

691 5890 814 5930 nutu
846 5882 1045 5938 essent,
1083 5890 1186 5928 non
1216 5887 1401 5930 clunes
1420 5871 1484 5927 in
1507 5871 1609 5928 illis
1637 5874 1918 5944 pontiticiis
1944 5877 2108 5930 sacris
2130 5871 2267 5947 pra:-

2370 4687 2548 4754 specie
2581 4685 2654 4740 ab
2695 4685 2923 4742 Ecclesia
2964 4685 3344 4743 immutabiliter
3396 4691 3757 4743 retinebatur.
3818 4685 3933 4736 Idem

2368 4758 2648 4811 conlirmat
2680 4759 2730 4811 in
2761 4760 2971 4828 Speculi
3007 4761 3108 4812 Ere
3129 4763 3255 4814 esia-
3286 4777 3407 4828 cap.
3459 4762 3488 4812 7
3543 4760 3700 4827 llngo
3735 4754 3936 4828 Victoris

2371 4841 2471 4880 nos
2499 4872 2511 4892 ,
2561 4830 2650 4896 qui
2677 4823 2837 4902 vitam
2868 4831 3113 4899 produxit
3141 4831 3205 4882 ad
3245 4823 3441 4902 annum
3478 4823 3652 4902 “42;
3687 4827 3854 4902 llujus
3875 4823 3933 4902 rei

2369 4907 2740 4965 argumentum
2803 4897 3059 4954 habemus
3100 4903 3150 4953 in
3185 4903 3346 4954 veteri
3399 4899 3689 4953 Chartario
3731 4897 3934 4965 abbati!

2373 4963 2649 5020 Ali-ieusis
2670 4969 2808 5031 apud
2839 4972 3102 5030 Pictones,
3137 4971 3221 5024 ubi
3256 4973 3477 5037 legimus
3500 4969 3802 5036 quemdam
3831 4963 3936 5037 Wil-

2373 5038 2586 5110 l_elt_umn
2617 5038 2682 5090 de
2720 5037 2914 5110 Barges
2957 5041 3025 5093 de
3076 5035 3608 5110 ira-diis‘nonnullis
3647 5035 3936 5092 iuvestiisse

2369 5106 2677 5161 Raineritm
2707 5106 2953 5164 abbatem
2989 5111 3299 5164 Absiensem
3325 5127 3439 5164 cum
3461 5109 3650 5172 calice,
3675 5123 3786 5178 quo
3824 5121 3937 5178 coet-

2368 5178 2657 5251 munionem
2679 5191 2965 5251 acceperat,
2997 5190 3050 5251 et
3076 5182 3289 5248 quidem
3314 5180 3526 5236 circiter
3555 5176 3765 5233 annum
3803 5176 3933 5251 “59.?-

2447 5249 2539 5300 \'ix
2572 5249 2729 5300 annis
2777 5253 2960 5304 decem
3011 5250 3285 5310 llngonem
3341 5252 3678 5304 Victorinum
3727 5249 3933 5301 excessit

2371 5319 2636 5392 lloli‘ertus
2666 5319 2863 5392 lfnllus.
2900 5321 2960 5374 S.
2991 5320 3067 5392 R.
3091 5321 3153 5374 E.
3200 5322 3476 5392 presbyter
3505 5320 3826 5392 cardina'ﬁs,
3853 5328 3936 5381 qua

2367 5389 2634 5442 scribente
2677 5387 2788 5456 jam
2839 5391 3139 5444 contrarius
3188 5387 3312 5444 usus
3360 5387 3650 5456 irrit-valere
3697 5394 3933 5454 coeperat-

2369 5460 2557 5512 Exsmt
2610 5459 2709 5511 hac
2755 5459 2822 5512 de
2873 5476 2930 5514 re
2980 5461 3127 5514 locus
3156 5461 3298 5527 apud
3323 5478 3442 5515 eum
3469 5464 3522 5516 in
3551 5461 3932 5527 Sententiarum

2369 5540 2518 5598 parte
2548 5544 2657 5602 vtn,
2691 5545 2808 5602 cap.
2842 5528 2894 5582 ὅ.
2939 5529 3120 5583 Primo
3149 5525 3357 5602 corpus,
3385 5527 3700 5602 post_[t.stt]
3749 5525 3936 5602 sanguis

2367 5593 2396 5651 Et
2425 5599 2731 5670 presbyteris
2738 5593 2825 5670 est
2845 5603 3140 5654 sumendus.
3171 5593 3432 5655 Institutio
3483 5593 3934 5670 Christi-mutandi

2369 5685 2469 5741 non
2491 5677 2658 5722 est....
2712 5668 2900 5724 Verum
2946 5672 3164 5741 qualiter
3211 5688 3243 5723 a
3286 5673 3430 5725 lnicis
3460 5669 3798 5724 Eucharistia
3829 5668 3935 5741 sui!

2369 5739 2603 5804 deberet,
2645 5757 2848 5807 sponsu;
2874 5738 2978 5794 sua:
3005 5743 3250 5812 commisit
3269 5743 3508 5812 judicio;
3548 5743 3702 5808 cujus
3750 5738 3933 5812 consitis

2370 5822 2414 5863 et
2444 5826 2539 5862 usu
2590 5813 2804 5879 pulchre
2847 5813 2904 5878 ﬁt
2944 5823 2996 5864 ut
3040 5828 3160 5865 caro
3196 5810 3381 5866 Christi
3411 5812 3558 5864 (uicis
3587 5810 3932 5863 distribuatur.

2376 5880 2633 5935 Nimirum
2656 5882 2938 5951 periculose
2963 5886 3107 5956 [ἱεῖσι
3137 5893 3188 5937 ut
3214 5885 3420 5955 sanguis
3449 5885 3538 5937 sub
3564 5881 3776 5954 liquida
3797 5892 3933 5948 spent
