4042 6322
558 381 661 442 8-97

1226 374 1566 430 APPENDIX
1609 373 1697 428 AD
1734 372 1791 428 S.
1832 371 2158 428 GREGOBII
2198 372 2406 430 MAGNI
2449 374 2809 430 LITURGICA
2852 376 3098 433 OPERA.

3696 380 3801 435 £83

557 495 712 549 nensi
760 493 876 547 dari
914 491 1255 565 prmcipiiur,
1310 504 1414 543 non
1455 487 1959 565 minorndifflcultas.
2001 487 2130 541 Nam
2163 494 2207 549 Α
2239 492 2427 544 festum
2458 490 2696 559 ejusde
2729 494 3046 565 sanctissimi
3080 497 3392 548 sacrameud
3440 494 3666 550 instituit
3698 500 3805 565 pri-

569 567 881 619 fertitentum
913 562 1047 613 istud
1094 561 1234 611 aliud
1275 574 1391 611 esse
1431 574 1457 608 a
1498 558 1744 624 pra-dicta
1786 558 2125 626 eleemosyna

564 633 845 699 colligitur,
892 644 995 683 non
1026 630 1223 699 solum
1257 642 1320 681 ert
1367 628 1511 680 vocis
1537 667 1550 686 .
1598 628 1694 699 sed
1739 628 1894 679 etiam
1912 642 1993 699 _ex
2028 629 2126 682 luci

567 695 861 753 discriminc
884 740 897 763 ,
948 698 1141 766 quippe
1180 698 1519 766 eleernosyna
1545 697 1881 766 adisanctum
1912 695 2125 751 Petrum

565 773 613 823 in
648 769 922 833 Vaticano,
966 769 1280 820 fermentum
1312 766 1363 818 in
1395 765 1587 833 palatio
1616 765 1959 819 Lateranensi
2000 781 2126 819 eru-

563 838 798 906 galratur.
841 836 993 902 Quod
1039 837 1082 889 si
1131 837 1449 906 fermentum
1480 835 1581 889 hoc
1624 838 2035 906 interpretemur
2062 836 2128 889 de

565 903 913 970 lrlucltaristia,
963 920 1082 973 qum
1124 907 1266 958 omni
1304 904 1578 958 Dominico
1607 904 1694 957 die
1725 919 1819 970 per
1848 903 2033 958 titulos
2062 920 2125 959 ex

559 984 875 1029 consecrata
907 975 1171 1042 pontificis
1202 975 1529 1038 mittebatur,
1574 989 1669 1027 cur
1700 975 1873 1037 potius
1896 974 2128 1026 Sabban

563 1056 685 1099 ante
729 1045 938 1099 Palmas
981 1061 1137 1112 quam
1183 1044 1282 1097 alia
1333 1045 1417 1098 die
1449 1044 1584 1097 facta
1626 1043 1740 1111 ejus
1782 1043 2018 1095 mentio?
2046 1046 2127 1097 Au

566 1113 709 1180 quod
757 1115 1079 1184 presbyteris
1111 1114 1409 1167 titularilrus
1455 1115 1696 1184 sequenti
1742 1112 2015 1184 Dominico
2040 1127 2125 1166 oc-

561 1185 769 1252 cupatis
790 1225 803 1243 .
838 1181 942 1237 non
987 1184 1098 1249 ipsa
1147 1184 1417 1237 Dominica
1461 1181 1528 1234 de
1562 1197 1709 1235 more
1731 1221 1745 1244 ,
1773 1183 1866 1234 sed
1898 1182 2129 1237 Sabban

566 1251 900 1321 priccedente
932 1253 1066 1305 facta
1099 1252 1343 1307 fermenti
1375 1266 1466 1304 seu
1502 1252 1844 1321 Euclrarisrim
1870 1251 2129 1305 distribu-

569 1324 677 1389 tio;
713 1325 936 1391 ideoque
964 1322 1035 1376 οι)
1065 1323 1223 1376 ritum
1265 1320 1739 1377 extraordinarium
1772 1322 1983 1391 notata?
2026 1321 2128 1374 Fa-

573 1402 686 1447 teor
719 1393 830 1444 lucc
856 1390 1003 1445 'tnilri
1048 1407 1151 1445 non
1202 1393 1335 1445 bene
1361 1400 1629 1458 comperta
1652 1404 1770 1443 esse
1794 1430 1808 1452 ,
1834 1390 1925 1443 sed
1956 1400 2126 1444 tamen

563 1477 625 1515 ea
659 1470 864 1524 notare,
893 1470 946 1515 et
973 1461 1199 1514 aliorum
1220 1461 1449 1513 examini
1482 1460 1788 1523 pern'ittere
1829 1459 1998 1513 visum
2030 1472 2128 1514 esu

634 1532 713 1585 Ad
767 1538 1158 1599 eteemo~ynam
1206 1530 1444 1598 ejusdem
1489 1529 1875 1599 Sablratiquod
1920 1530 2128 1593 attinet,

571 1601 791 1654 Romani
822 1598 1086 1670 pontificis
1116 1600 1366 1670 exeiriplo
1395 1599 1554 1653 etiam
1579 1598 1697 1651 alia:
1725 1598 1979 1670 Ecclesiae
2010 1613 2135 1670 pau-

564 1671 777 1736 peribus
821 1667 980 1738 pedes
1024 1672 1139 1738 ipso
1185 1668 1271 1722 die
1302 1669 1475 1722 lavare
1512 1678 1934 1738 consueverant:
1968 1667 2019 1721 in
2052 1668 2133 1722 his

568 1736 834 1806 provincia
858 1736 1296 1808 Rotlromagensis
1316 1778 1330 1803 ,
1375 1746 1510 1792 teste
1538 1738 1740 1808 Joanne
1759 1736 2131 1808 _Abrincatensi

568 1804 853 1878 episcopo,
900 1809 1049 1878 cujus
1097 1804 1209 1861 hac
1244 1811 1404 1861 verba
1438 1818 1578 1860 sunt.
1637 1805 1705 1859 In
1749 1804 1972 1859 Sabbato
1999 1809 2135 1873 quod

570 1877 775 1937 Palmas
802 1879 1039 1949 pracedit
1067 1878 1462 1949 episcopumaut
1480 1879 1725 1949 majorem
1748 1878 1971 1949 ecclesiis
1987 1878 2135 1943 pedes

573 1945 855 2017 pauperum
899 1951 1067 2001 larare
1101 1948 1461 2000 ecclesiasticus
1509 1945 1648 2017 Ordo
1674 1945 1903 2017 prtecipit
1923 1985 1938 2012 ,
1962 1957 2010 1999 et
2033 1948 2137 2014 fra-

564 2014 698 2087 trum
729 2017 1222 2087 unumqucrnque,si
1249 2024 1444 2087 potest,
1473 2016 1623 2068 unius
1647 2014 1911 2087 pauperis,
1936 2024 1998 2087 et_
2017 2017 2136 2087 qui-

564 2086 686 2139 deIn
718 2087 786 2140 ob
833 2084 1132 2155 exemplum
1163 2086 1338 2155 Maria:
1362 2128 1377 2148 ,
1407 2101 1525 2154 qua:
1557 2086 1720 2152 pedes
1752 2084 1959 2155 Domini
1988 2085 2137 2139 lavit.

572 2155 682 2209 Nec
710 2157 924 2208 dubium
949 2152 1073 2221 quin
1099 2152 1262 2225 [ωινι]
1296 2152 1764 2224 ἰρείςρειυρρνίὺυδ
1788 2152 1972 2208 itidem
1996 2157 2137 2210 elee-

565 2239 781 2294 rnosyna
815 2226 1150 2280 tribueretur.

640 2293 694 2348 ln
728 2294 1000 2348 Dominica
1053 2294 1346 2348 l‘almarum
1398 2294 1600 2348 solebat
1645 2293 1840 2349 deferri
1881 2294 2138 2350 feretrum

570 2380 690 2417 cum
721 2373 865 2418 textu
899 2365 1302 2433 Erangeliorum
1323 2405 1337 2424 .
1372 2375 1423 2416 ut
1450 2363 1621 2433 honor
1650 2366 1740 2431 qui
1771 2380 1838 2419 eo
1867 2364 2138 2419 dre'Clrri-

567 2442 652 2486 sto
686 2434 908 2487 Domino
948 2432 1246 2495 exhibetur,
1290 2434 1403 2489 vice
1431 2432 1577 2501 ejus,
1605 2445 1944 2489 sacrosancto
1971 2434 2140 2487 Evan—

567 2503 1144 2570 gelioimpenderetur.
1194 2505 1304 2569 Qua
1344 2504 1411 2556 de
1458 2518 1514 2556 re
1560 2504 2060 2558 sielrabetCencius
2088 2505 2138 2555 in

566 2576 739 2639 capite
768 2571 800 2624 9
827 2590 839 2624 :
872 2573 970 2626 Die
996 2571 1266 2626 Dominico
1298 2570 1603 2625 Palmarum
1638 2584 1954 2639 prwparutur
1981 2573 2141 2639 quod-

565 2642 684 2694 tlam
709 2644 1038 2711 portatorium
1067 2642 1431 2705 honestissime,
1454 2643 1505 2693 in
1528 2657 1637 2711 quo
1650 2643 1997 2697 intromittitur
2024 2660 2142 2695 stm-

567 2720 700 2764 cturn
732 2711 1061 2783 Erangelium
1082 2748 1100 2776 ,
1126 2713 1259 2775 quod
1284 2710 1582 2783 intelligitur
1603 2710 1868 2776 Christus;
1894 2724 1942 2764 et
1963 2714 2143 2764 statui-

568 2791 651 2832 tur
676 2783 726 2833 in
757 2782 963 2835 ecclesia
990 2791 1104 2835 ante
1124 2798 1266 2834 aram
1285 2821 1300 2844 ,
1342 2782 1475 2833 unde
1502 2782 1666 2834 clerus
1697 2795 2020 2847 processurus
2045 2792 2138 2834 est.

643 2850 783 2905 ldern
813 2852 940 2904 olim
972 2852 1055 2904 tiel
1077 2864 1130 2902 at
1161 2853 1211 2904 in
1243 2852 1360 2904 aliis
1406 2852 1565 2904 etiarn
1598 2850 1849 2904 Ecclesiis
1876 2861 1929 2905 et
1954 2866 2139 2903 mona-

570 2921 747 2974 steriis
770 2937 782 2985 ;
809 2924 887 2976 sic
914 2921 1056 2974 enim
1076 2921 1267 2988 legitur
1289 2924 1339 2973 in
1365 2920 1542 2974 libello
1564 2934 1666 2973 ms.
1690 2920 2139 2973 Consuetudinurn

572 2990 868 3043 Germania:
925 2992 1408 3044 monasteriorum:
1444 2989 1600 3042 Mane
1638 2991 1691 3040 in
1749 2988 1945 3042 Palmis
1975 3001 2139 3041 custo-

574 3060 661 3111 des
686 3071 969 3128 praeparent
996 3058 1264 3127 d.ligenter
1292 3060 1552 3129 quoddam
1583 3062 1915 3126 portatorium
1946 3061 1996 3111 in
2036 3075 2139 3111 mo-

571 3130 690 3181 dum
717 3130 909 3198 feretri,
939 3131 992 3181 in
1022 3145 1120 3197 quo
1147 3139 1459 3198 reponantur
1489 3143 1659 3198 parra:
1683 3143 1876 3197 capsae,
1909 3144 1932 3179 s
1955 3144 2008 3179 re
2035 3139 2142 3182 tex-

569 3212 674 3250 tum
751 3198 1169 3267 Evangeliorum.

568 3267 881 3336 plrylnctcria
900 3265 1003 3321 sive
1022 3268 1168 3321 buxa:
1192 3266 1547 3336 reliquiarum.
1589 3265 1783 3317 Ferant
1811 3280 1981 3319 autem
2011 3269 2139 3319 illud

567 3338 780 3390 latenter
819 3349 937 3391 ante
980 3340 1161 3390 Irarum
1204 3338 1421 3405 primam
1471 3337 1538 3389 ad
1563 3338 1855 3399 etclesiam,
1884 3343 1950 3388 ad
1974 3339 2139 3389 locum

567 3422 666 3472 quo
688 3408 961 3476 procedere
986 3409 1183 3469 delent,
1206 3416 1252 3459 et
1283 3421 1456 3459 cruces
1474 3443 1488 3469 ,
1518 3415 1563 3457 et
1588 3405 1890 3476 candelabra
1909 3444 1923 3466 ,
1952 3419 1994 3457 et
2036 3408 2142 3459 (Iru-

568 3475 791 3531 ribulum
816 3520 831 3544 ,
882 3487 928 3530 et
958 3492 1139 3546 aquant
1169 3478 1479 3528 benedicmm
1499 3516 1513 3537 ,
1559 3485 1603 3527 et
1630 3484 1817 3546 textum
1851 3475 2135 3544 Erangrlii,

568 3556 615 3599 et
634 3546 797 3610 albus,
818 3542 1257 3616 ‘ﬂores,'palmas,
1287 3556 1332 3599 et
1358 3546 1530 3599 omnia
1559 3560 1671 3613 qua:
1701 3542 2024 3598 Processiuni
2062 3548 2140 3600 illi

567 3618 889 3670 carrreniuut.
1284 3666 1287 3669 .

645 3683 701 3736 In
733 3685 1044 3750 quibusdam
1091 3686 1220 3739 loris
1252 3684 1369 3739 loco
1408 3683 1678 3752 Evangelii
1710 3685 2062 3752 reponebatur
2087 3685 2137 3739 in

574 3753 772 3807 feretro
802 3770 952 3807 iac-ra
986 3754 1346 3819 Eucharistia;
1390 3756 1541 3822 isque
1567 3769 1692 3807 usus
1722 3756 1774 3806 in
1801 3754 2141 3809 Normanuim

574 3826 909 3877 monasteriis
958 3824 1081 3893 olim
1131 3826 1403 3878 obtinebat
1449 3832 1609 3879 etiam
1662 3833 1787 3877 ante
1835 3825 2137 3893 Beiengarii

575 3895 841 3946 lra-resim.
889 3892 1117 3962 llujusce
1150 3894 1284 3947 ritus
1312 3893 1552 3948 ordinem
1583 3893 1837 3946 describit
1878 3892 1930 3946 in
1960 3895 2141 3948 Statu-

572 3962 640 4015 tis
661 3962 771 4014 suis
803 3963 1128 4017 Laul‘raucus
1148 4002 1160 4024 ,
1196 3966 1494 4031 llereugarii
1524 3963 1880 4015 adversarius.
1924 3963 2143 4018 Cantore

569 4031 841 4096 incipiente
861 4033 1204 4100 Antiplionam
1227 4034 1509 4086 Occurrunt
1531 4032 1705 4088 turba’.
1727 4043 1902 4086 excutit
1932 4036 2033 4086 duo
2060 4051 2141 4088 sa-

567 4103 793 4173 cerdttes
818 4103 946 4173 albis
971 4102 1137 4154 induti
1158 4142 1170 4162 .
1193 4103 1281 4170 qui
1302 4112 1501 4173 portent
1521 4106 1777 4173 feretrum,
1804 4103 1939 4171 quod
1960 4118 2142 4172 parum

568 4181 686 4224 ante
723 4171 854 4223 diem
882 4171 943 4224 ab
973 4173 1159 4225 eisdem
1184 4171 1528 4225 sacerdotibus
1558 4172 1680 4224 illuc
1702 4173 1843 4225 debet
1869 4171 1974 4225 esse
1996 4174 2140 4225 dela-

574 4250 700 4311 tum,
736 4242 787 4293 in
815 4257 916 4310 quo
943 4253 990 4294 et
1027 4258 1209 4311 corpus
1249 4241 1434 4294 Christi
1464 4242 1606 4293 debet
1648 4256 1752 4295 esse
1787 4244 2099 4295 reconditum
2123 4257 2142 4295 :

570 4310 638 4361 ad
664 4311 799 4377 quod
820 4314 1061 4382 feretrum
1088 4310 1377 4378 prtecedant
1397 4311 1568 4364 statim
1596 4312 1683 4378 qui
1711 4311 1892 4364 vexilla
1916 4326 1997 4382 p_or
2012 4322 2139 4375 tant,

569 4387 631 4449 et
647 4380 855 4445 crucns‘,
906 4392 952 4432 et
977 4391 1159 4434 cwtera
1181 4396 1293 4449 qua:
1312 4381 1542 4446 superius
1568 4382 1704 4433 dicta
1726 4391 1862 4433 sunt.
1909 4380 1975 4433 Et
1998 4393 2142 4433 stan-

574 4447 708 4501 tibus
727 4450 790 4502 iis
818 4452 905 4512 qui
927 4451 1167 4519 feretrum
1193 4447 1389 4518 portant
1412 4490 1428 4510 ,
1460 4449 1664 4503 stabunt
1689 4460 1736 4502 et
1760 4451 1859 4516 ipsi
1892 4467 1921 4502 a
1962 4453 2140 4503 dextra

525 4529 539 4539 '
572 4528 618 4570 et
636 4535 674 4610 β
706 4520 909 4610 sinistra
937 4521 1069 4610 sicut
1106 4529 1367 4610 venerunt:
1400 4520 1462 4600 Et
1486 4520 1620 4610 infra
1648 4520 1897 4610 :‘T‘altter
1923 4520 2002 4572 Itis
2029 4537 2140 4610 per-
2174 4554 2218 4610 D

572 4588 721 4652 actis,
774 4590 950 4642 abbate
993 4591 1069 4641 vel
1106 4598 1309 4639 cantare
1350 4588 1618 4657 incipiente
1654 4590 1999 4658 Antiphonam
2028 4592 2143 4644 Aw

578 4660 687 4712 lies
716 4669 918 4720 uoster,
961 4667 1214 4710 transeant
1259 4668 1526 4727 port.tores
1568 4659 1739 4727 [eretri
1785 4675 1874 4728 per
1920 4660 2140 4711 medium

574 4728 827 4790 stationis,
850 4728 1243 4797 prwcedentibus
1272 4728 1350 4780 Itis
1384 4729 1469 4795 qui
1499 4729 1680 4782 rexrlla
1708 4740 1906 4793 portant
1928 4771 1941 4793 ,
1973 4740 2018 4779 et
2044 4745 2140 4780 «αι-

574 4798 695 4849 teris
714 4802 946 4865 superius
991 4798 1138 4849 dictis
1182 4797 1545 4866 portitoribus,
1590 4807 1783 4850 serrato
1810 4804 1871 4848 ab
1913 4798 2140 4849 omnibus

570 4865 751 4919 ordine
778 4883 828 4917 tu
861 4866 1115 4919 redeundo
1142 4865 1288 4934 quem
1322 4868 1601 4919 [rubuerunt
1637 4869 1689 4917 irt
1720 4869 1904 4918 eundo.
1948 4868 2141 4931 Quibus

571 4936 944 4988 transeuntibus
966 4974 981 4998 ,
1013 4938 1212 5005 ﬂectant
1237 4952 1400 5005 genua
1430 4978 1442 5000 ,
1494 4952 1593 4987 non
1619 4935 1769 4987 simul
1801 4952 1973 4987 omnes
1999 4978 2012 4995 ,
2053 4938 2141 4988 sed

566 5006 761 5072 singuli
784 5004 901 5058 hinc
923 5015 968 5058 et
991 5008 1125 5069 inde,
1157 5004 1282 5057 sicut
1311 5005 1545 5073 feretrum
1569 5006 1798 5057 transibit
1823 5015 1938 5057 ante
1962 5022 2064 5057 eos.

644 5076 897 5131 Eumdeiu
941 5075 1099 5128 ritum
1145 5075 1452 5126 describunt
1492 5076 1624 5127 liber
1672 5074 1867 5126 lisuum
1912 5075 2141 5128 ficeren-

574 5144 709 5200 sirrm
740 5155 1040 5199 nostrorum
1077 5156 1128 5197 et
1156 5142 1580 5197 Consuetudines
1611 5144 1911 5196 Inonasrcrii
1938 5144 2138 5213 Lyreu-

570 5221 642 5267 sis
688 5214 926 5282 ejusdem
955 5213 1275 5281 provincias,
1319 5215 1370 5265 in
1402 5215 1592 5279 quibus
1630 5227 1789 5265 vara:
1831 5213 1895 5267 ad
1926 5227 2135 5267 sacrum

570 5284 822 5340 feretrum
871 5282 1267 5351 gerruﬂexiones
1314 5283 1759 5350 priest-cibantur,
1799 5297 1917 5350 qua:
1954 5298 2137 5335 sacru-

570 5364 769 5408 sancta:
818 5355 1165 5408 Ευιτιηιτίειίω
1196 5351 1591 5423 venerationem
1640 5352 1919 5406 manifeste
1949 5351 2134 5423 [mit]

572 5424 817 5492 probant.
859 5423 961 5479 Sed
996 5425 1111 5477 haec
1141 5422 1393 5492 prolixius
1417 5424 1617 5476 referre
1638 5438 1740 5474 non
1765 5423 1932 5490 juvat,
1960 5422 2131 5489 quau;

569 5490 638 5541 do
665 5494 715 5547 in
746 5508 907 5561 opere
934 5493 1001 5547 de
1029 5490 1239 5545 [litibus
1270 5494 1607 5555 monasticis,
1651 5506 1949 5561 quasurrus
1979 5506 2009 5544 e
2034 5505 2132 5543 no-

569 5564 697 5616 stris
740 5560 1085 5617 Eadnrundus
1132 5563 1403 5615 Martenne
1441 5562 1541 5614 sub
1597 5563 1742 5627 pnto
1790 5560 1968 5623 habet,
2022 5562 2136 5614 ba-c

568 5635 745 5686 omtria
773 5631 1138 5685 tractabuntur
1166 5629 1484 5685 accuratius.
1519 5631 1687 5685 Unum
1716 5630 1801 5681 hic
1841 5632 1998 5692 addo,
2028 5630 2131 5683 sci-

568 5698 693 5753 licet
719 5702 853 5753 liauc
882 5699 1202 5752 sanctissimi
1231 5702 1549 5753 sacramenti
1590 5700 1884 5752 solemnem
1914 5700 2136 5753 delatio-

570 5782 694 5825 1.8m
718 5769 871 5838 longe
899 5768 1234 5835 praecessisse
1265 5769 1649 5824 institutionem
1692 5766 1888 5822 Urbani
1922 5768 2008 5836 IV,
2042 5768 2132 5838 qui

664 5884 693 5923 (κ

2239 575 2384 623 Inus,
2412 571 2465 614 et
2489 576 2717 613 annuam
2753 562 2989 626 ejusdem
3021 564 3335 616 sacramenti
3369 565 3419 617 in
3449 567 3637 619 eodem
3668 562 3805 621 testo

2236 633 2610 704 gestationem.
2653 631 2819 704 Porro
2848 632 3009 704 idem,
3039 647 3194 700 quem
3226 648 3288 687 ex
3316 632 3615 687 Lanfranco
3643 650 3803 704 supra

2230 700 2613 767 descripsimus
2638 741 2653 765 ,
2683 701 2814 753 ritus
2845 702 3133 765 hactenus,
3174 712 3229 755 ut
3253 703 3441 763 audio,
3474 700 3724 758 servatur
3753 706 3805 758 in

2233 768 2466 821 Ecclesia
2495 767 2939 841 Rollromageusi,
2972 772 3120 841 cujus
3145 773 3463 841 principuuni
3488 772 3717 826 Studium
3753 775 3805 828 in

2229 837 2595 910 expugnanda»
2632 839 2937 910 Bererrgarii
2985 837 3172 894 lucrost
3222 851 3473 895 nascente
3513 858 3576 895 ca
3601 856 3721 910 qua
3753 846 3804 897 iu

2233 917 2376 978 tumo
2397 908 2635 978 secundo
2665 908 3039 978 Analectorum
3072 910 3346 963 retulimus
3376 908 3651 965 manifeste
3680 928 3805 978 pro-

2231 976 2377 1028 bant.
2420 977 2569 1030 llunc
2594 977 3038 1051 Bothomagensis
3063 979 3312 1051 Ecclesiae
3344 980 3501 1051 ritum
3524 976 3804 1051 antiquum

2232 1060 2351 1099 esse
2376 1056 2516 1111 patet
2542 1062 2606 1100 ex
2638 1048 2783 1103 Actis
2815 1047 3109 1115 subjunctis
3138 1049 3275 1102 libro
3312 1051 3378 1102 de
3408 1050 3609 1104 Ollicris
3632 1047 3807 1105 eccle-

2234 1115 2465 1186 siasticis
2483 1115 2712 1186 Joannis
2756 1116 3170 1184 AbrinCatensis,
3203 1120 3254 1171 iIr
3285 1134 3390 1186 quo
3433 1129 3608 1174 taurea
3660 1122 3803 1175 nulla

2230 1182 2490 1252 ejusmodi
2514 1186 2643 1238 ritus
2671 1186 2869 1238 mentio
2893 1195 2995 1239 est.

2230 1301 2323 1355 XI.
2356 1302 2663 1377 Singulares
2689 1304 2817 1356 ritus
2858 1304 3120 1377 in_triduo
3146 1314 3262 1358 ante
3287 1306 3474 1377 p_asclia
3494 1347 3509 1370 ,
3541 1304 3589 1359 et
3642 1309 3808 1377 primo

2445 1372 2643 1439 quidem
2671 1379 2720 1424 in
2751 1389 2889 1425 curua
2909 1371 3112 1427 Domini
3139 1386 3183 1428 et
3211 1377 3262 1427 in
3288 1371 3593 1429 'Paraxcroe.

2305 1459 2358 1511 ιιι
2394 1458 2480 1511 die
2507 1459 2687 1513 Coena:
2723 1461 2931 1535 Domini
2964 1464 3282 1535 pmnitentes
3305 1505 3321 1529 ,
3351 1467 3438 1531 qui
3463 1467 3592 1519 feria
3620 1477 3805 1535 quarta

2234 1526 2484 1582 Cinerirm
2527 1531 2866 1591 pra-cedente
2912 1526 2983 1582 re}
3003 1532 3103 1586 lusi
3150 1526 3388 1597 fuerant,
3438 1526 3651 1588 absolvi
3691 1553 3809 1591 mos

2235 1598 2642 1672 erat;_rh_risma
2670 1614 2860 1672 novum
2904 1602 3239 1672 consecrari,
3263 1618 3455 1656 novum
3481 1607 3604 1658 item
3625 1604 3803 1672 ignem

2238 1666 2502 1739 benedici,
2527 1676 2684 1739 atque
2709 1669 3097 1739 Euelraristiam
3129 1671 3179 1723 itr
3202 1672 3494 1725 crastinum
3521 1666 3803 1739 reservari;

2234 1736 2482 1805 et,(quod
2511 1738 2761 1815 alr'annis
2787 1739 2900 1815 fere
2935 1741 3332 1815 quadringentis
3372 1742 3666 1796 institutum
3696 1736 3805 1815 est)

2242 1822 2519 1878 processus
2571 1807 2653 1876 (ut
2699 1812 2908 1875 \ocant)
2963 1809 3239 1878 generales
3280 1826 3374 1864 seu
3423 1807 3808 1866 excommuni;

2238 1876 2475 1928 catiniies
2507 1878 2833 1948 pronuntiari
2864 1876 3142 1948 adversus
3172 1881 3421 1948 quosdam
3452 1883 3800 1948 criminosos,

2239 1950 2326 2013 qui
2361 1960 2640 2013 processus
2666 1947 2824 2001 etiam
2860 1947 2909 2000 iii
2954 1947 3277 2004 AscensiOne
3306 1950 3509 2003 Domini
3539 1964 3593 2005 et
3634 1956 3687 2006 in
3714 1953 3807 2005 de-

2240 2016 2503 2067 dicatione
2531 2015 2763 2069 basilica:
2790 2018 3149 2083 apostolorum
3181 2019 3294 2073 ﬁeri
3323 2020 3584 2074 solebant.
3618 2020 3694 2075 De
3724 2023 3808 2075 liis

2240 2085 2487 2155 omnibus
2515 2085 2628 2155 fuse
2648 2089 2820 2155 agitur
2842 2087 2892 2139 iu
2921 2088 3146 2140 decursu
3167 2090 3497 2155 sequentium
3525 2091 3806 2152 librorum,

2241 2154 2305 2205 de
2330 2153 2518 2220 quibus
2548 2153 2632 2208 lIic
2660 2154 2900 2220 qutedam
2931 2153 3263 2212 observanda
3288 2166 3430 2211 sunt.

2314 2224 2366 2274 lu
2393 2223 2573 2295 prunis
2602 2222 2939 2278 referendum
2969 2225 3175 2279 videtur
3203 2228 3250 2279 id
3273 2233 3411 2295 quod
3446 2244 3510 2281 ex
3564 2231 3805 2282 vetustis-

2241 2292 2378 2364 simo
2430 2292 3118 2364 libros“Sacramentoruni
3176 2292 3388 2364 Egber-ti
3457 2299 3808 2353 Etioracetnis

2242 2361 2504 2433 episcopi,
2537 2361 2923 2433 inAEbroicensi
2967 2364 3192 2418 e«c|e~ia
3223 2361 3531 2433 asservare,
3563 2369 3628 2421 de
3677 2369 3806 2421 ferio

2241 2431 2424 2503 quinta
2473 2432 2524 2483 in
2573 2431 2736 2503 Cinna
2792 2433 2998 2486 Domini
3050 2433 3256 2503 legitur.
3311 2434 3376 2489 In
3422 2431 3574 2490 Cana
3607 2437 3812 2491 Domini

2245 2501 2370 2573 liora
2390 2508 2535 2573 sexta
2556 2501 2838 2573 celebratur
2863 2504 2913 2554 Μ
2922 2501 3118 2573 ἰκδαᾼηάή
3132 2503 3417 2560 Lateranis.
3443 2508 3530 2560 Sic
3560 2508 3810 2573 incipiens

2247 2568 2487 2643 [fumifer
2541 2570 2662 2643 dicit
2714 2571 2854 2624 Oren
2879 2588 2959 2625 us.
3015 2571 3156 2625 Tunc
3206 2586 3465 2643 ponuntur
3515 2576 3574 2629 in
3643 2568 3807 2629 altare

2246 2639 2436 2693 Sancta
2461 2682 2475 2705 ,
2506 2646 2555 2691 et
2583 2641 2744 2692 altare
2793 2651 2865 2693 est
2903 2652 3099 2694 carum.
3155 2639 3399 2698 Omnibus
3446 2646 3542 2697 rite
3570 2647 3621 2698 in
3651 2653 3810 2697 altare

2244 2708 2565 2783 compositis,
2591 2709 2759 2783 oblata
2786 2723 2834 2762 et
2863 2712 3135 2783 libamenta
3158 2752 3173 2774 ,
3218 2729 3479 2783 paucaque
3523 2732 3615 2783 p.r
3652 2718 3810 2767 cccle~

2244 2779 2371 2830 riam
2416 2778 2686 2830 luminaria
2737 2796 2979 2844 accensa,
3026 2778 3229 2834 diaconi
3273 2778 3564 2835 dalmatiris
3615 2785 3808 2846 vestiti,

2243 2854 2490 2920 cerastata
2511 2861 2561 2920 Ix
2585 2856 2701 2903 ante
2727 2848 2890 2920 altare
2915 2851 3098 2920 posita,
3122 2862 3284 2904 stante
3305 2862 3423 2905 ante
3447 2854 3611 2906 altare
3641 2855 3810 2920 ponti—

2245 2917 2340 2982 fice
2363 2926 2453 2990 .-ει
2483 2916 2673 2990 clepata
2700 2919 2893 2990 dicente
2916 2916 3036 2972 roce
3060 2918 3467 2990 Sursumicorda
3492 2960 3509 2985 ,
3542 2916 3810 2990 respondet

2245 2986 2493 3059 populus,
2527 2984 2795 3059 Habemus
2825 2989 2889 3041 ad
2934 2988 3230 3059 Danuuium.
3261 2989 3325 3043 Et
3355 2984 3634 3059 pontifex,
3666 2993 3813 3058 ﬁnito

2250 3055 2382 3130 Yere
2427 3055 2678 3130 dignum,
2709 3057 2831 3109 dicit
2868 3061 3030 3130 omnis
3061 3057 3264 3130 [LXVIII]
3295 3055 3457 3113 clerus
3502 3055 3557 3112 et
3592 3055 3811 3128 populus

2246 3125 2492 3197 _Sanctus.
2507 3125 2596 3197 Sic
2616 3125 2770 3176 intrat
2791 3129 2842 3180 in
2862 3125 3464 3197 Missarn‘usque'Venice,
3482 3125 3810 3197 qtttesumus,

1251 3193 1499 3265 Desuper"
1542 3193 1753 3265 quoque
1782 3215 1895 3264 app;
1914 3200 2139 3249 nduutur
2167 3199 2211 3259 C
2247 3193 2742 3265 Durnine,7lar,irtor
2767 3198 3034 3249 admittas.
3074 3193 3216 3250 Tum:
3244 3193 3510 3251 diaconus
3531 3201 3813 3252 rardirmlis

2242 3279 2445 3337 sumens
2467 3264 2630 3337 oleum
2653 3281 2743 3337 pro
2770 3265 2987 3333 inﬁrmis
3003 3306 3017 3327 ,
3041 3277 3199 3336 portet
3224 3284 3378 3335 usque
3399 3270 3465 3320 ad
3487 3269 3774 3337 pontiﬁcem
3794 3285 3813 3323 :

2243 3344 2294 3407 at
2308 3334 2391 3385 ille
2408 3333 2676 3407 paululum
2694 3334 2944 3407 diverteris
2959 3352 3010 3387 se
3026 3333 3086 3388 ab
3100 3338 3279 3407 altare,
3294 3333 3430 3390 stans
3446 3333 3496 3391 in
3513 3354 3605 3390 suo
3623 3340 3809 3407 gradu.

2241 3404 2452 3469 signans
2468 3404 2631 3474 oleum
2645 3404 2697 3455 in
2717 3421 2869 3456 nranu
2884 3406 3108 3469 diaconi,
3122 3419 3168 3458 et
3185 3405 3473 3459 Orationem
3489 3424 3601 3474 sup.
3618 3404 3649 3458 ἆ
3663 3410 3812 3459 tacite

2242 3473 2431 3525 dicens.
2454 3472 2694 3543 Oratione
2712 3474 2889 3541 ﬁnita;
2914 3485 3132 3539 ponatur
3156 3477 3321 3529 oleant
3351 3493 3505 3543 super
3525 3472 3810 3528 columnam

2242 3543 2539 3609 quamdam.
2564 3541 2819 3613 Sacerdos
2845 3543 3052 3597 Missam
3081 3546 3260 3613 ordine
3284 3563 3374 3599 sue
3402 3541 3657 3613 celebrat,
3686 3549 3810 3599 dicit

2244 3612 2344 3665 l’er
2374 3627 2529 3680 quem
2562 3611 2675 3665 haec
2696 3617 2871 3666 oinuia
2890 3657 2903 3679 ,
2931 3623 3033 3668 etc.
3068 3612 3191 3668 Post
3226 3616 3524 3667 Orationem
3572 3611 3813 3668 Domini-

2243 3697 2352 3753 cam
2372 3724 2386 3746 ,
2411 3682 2639 3751 pontilea.
2669 3685 2817 3736 tacite
2846 3686 3013 3753 signat
3040 3686 3245 3737 calicem
3272 3701 3387 3738 cum
3412 3686 3583 3738 oblata
3622 3688 3811 3737 sancti-

2243 3751 2430 3817 βίαια,
2461 3753 2657 3803 nemine
2686 3751 3039 3817 respondente.
3075 3754 3289 3807 Diaconi
3312 3756 3605 3820 coeperiunt
3636 3771 3809 3807 sacra-

2243 3831 2437 3873 menta.
2465 3821 2605 3873 Tunc
2653 3822 3039 3876 archidiaconus
3082 3828 3355 3877 ascendens
3391 3839 3504 3875 cum
3548 3825 3809 3886 chrisma,

2242 3890 2526 3960 ampullam
2553 3907 2763 3943 auream
2803 3908 2847 3960 cr
2870 3908 2917 3945 m
2948 3894 3106 3957 pallio
3135 3893 3250 3945 albo
3287 3895 3340 3946 in
3367 3910 3518 3945 manu
3541 3910 3637 3945 sua
3666 3894 3813 3959 o/fert

2242 3957 2631 4013 benedicendum
2654 3957 2901 4029 pontiﬁci.
2930 3962 3104 4015 Finita
3130 3964 3369 4016 Oratione
3392 3957 3810 4027 consecrationis,

2242 4029 2305 4081 ab
2327 4032 2573 4102 acolgtltis
2602 4038 2668 4081 ad
2699 4030 3026 4084 salutandum
3047 4038 3356 4102 proferatur,
3384 4042 3430 4084 et
3459 4037 3508 4084 in
3533 4034 3807 4086 secretario

2243 4109 2478 4167 ponatur.
2524 4098 2938 4152 Communicante
2978 4098 3112 4154 clero
3141 4098 3396 4166 'omnique
3432 4102 3655 4169 populo,
3689 4103 3812 4155 dicit

2244 4169 2474 4237 pontifex
2501 4169 2731 4240 omnibus
2772 4171 3259 4225 communicantibus
3289 4175 3506 4237 Accepit
3530 4170 3690 4225 Je-us
3720 4187 3813 4240 pa-

2245 4253 2388 4292 nem.
2410 4241 2657 4310 Oremus.
2684 4238 2819 4291 Data
2838 4241 3068 4308 gratione
3088 4243 3354 4306 respondet
3382 4242 3543 4294 outnis
3588 4238 3814 4310 populus

2245 4313 2433 4380 Arnen.
2467 4307 2603 4380 lluc_
2629 4322 2792 4376 usque
2832 4307 3255 4380 Codeleigbert'i
3296 4307 3690 4375 Eboracensis,
3724 4310 3813 4378 qui

2244 4377 2418 4429 medio
2447 4377 2643 4430 sa-culo
2667 4388 2852 4432 octavo
2882 4378 3078 4433 floruit.

2316 4448 2370 4500 lu
2400 4447 2501 4517 hoc
2542 4446 2836 4517 fragmento
2862 4449 3104 4516 quu’dam
3128 4448 3370 4517 ampliori
3402 4449 3515 4503 luce
3544 4448 3807 4517 indigent.

2251 4516 2314 4569 Et
2352 4516 2523 4584 primo
2551 4516 2763 4584 quidem
2810 4527 2934 4572 ante
2978 4518 3189 4572 Missam
3222 4516 3501 4585 ponuntur
3549 4521 3603 4570 in
3645 4516 3815 4570 altare

2245 4587 2473 4645 Sancta,
2501 4600 2606 4652 quo
2653 4589 2867 4640 nomine
2895 4588 3277 4641 Enclraristiam
3303 4627 3319 4650 ,
3349 4604 3411 4641 ex
3469 4590 3811 4654 praecedente

2245 4655 2506 4709 sacrificio
2532 4667 2884 4717 reservatam,
2917 4658 3206 4724 significari
3228 4659 3501 4721 existimo,
3533 4674 3582 4708 Ut
3616 4673 3813 4723 nempe

2246 4725 2296 4777 in
2342 4726 2557 4777 calicem
2600 4739 2701 4777 uua
2731 4741 2849 4777 cum
2895 4728 3188 4795 fragmento
3220 4728 3564 4780 Eucliaristie
3620 4742 3813 4781 recens

2243 4809 2420 4846 censet
2438 4806 2567 4846 rata:
2588 4796 3024 4848 corniiiisceretur
3051 4797 3274 4849 sulemni
3304 4798 3403 4849 ritu
3422 4836 3436 4859 ,
3467 4812 3625 4861 quem
3652 4810 3813 4858 sale-

2248 4865 2359 4916 rius
2396 4863 2793 4931 explicavimus.
2848 4866 2978 4916 l\aur
3023 4868 3236 4933 sanguis
3283 4866 3372 4918 ille
3420 4865 3809 4929 rniraeulosus,

2247 4934 2298 4984 in
2327 4946 2563 5002 ctncavo
2610 4933 2782 4997 lapide
2820 4944 3153 4994 asset-vatus.
3185 4935 3271 5002 qui
3305 4937 3403 4987 hoc
3431 4935 3518 4986 die
3562 4936 3614 4986 in
3646 4934 3813 4988 Cmua

2249 5000 2455 5053 Domini
2483 5016 2642 5068 super
2665 5002 2831 5055 altare
2856 5005 3171 5056 atterebatur
3191 5000 3215 5067 ,⁷
3242 5014 3298 5057 ιιι
3326 5021 3444 5056 mox
3476 5003 3781 5057 videbimus

2243 5088 2346 5124 non
2379 5078 2540 5123 tanta:
2571 5071 2777 5141 videtur
2798 5073 3143 5141 antiquitatis.

2310 5143 2554 5194 Secundo
2585 5140 2957 5195 Latii-areius
3004 5145 3241 5196 et-clesiaa
3290 5144 3453 5195 altare
3495 5151 3564 5193 est
3598 5158 3815 5206 cautim;

2242 5217 2382 5263 rude
2435 5212 2668 5276 pontifex
2689 5251 2703 5273 ,
2736 5221 2936 5263 remota
2985 5227 3168 5264 mensa
3192 5253 3206 5274 ,
3235 5228 3352 5274 qua:
3395 5212 3598 5264 aditum
3626 5216 3691 5263 ait
3729 5215 3811 5264 iit-

2241 5284 2434 5333 teriura
2467 5281 2780 5332 occludebat
2802 5320 2816 5341 ,
2852 5282 2984 5333 intra
3013 5282 3180 5348 ipsum
3211 5284 3380 5334 altare
3402 5284 3501 5331 hac
3530 5282 3619 5334 die
3641 5282 3813 5333 sacris

2236 5350 2575 5416 Operabator.
2619 5350 2763 5401 Ordo
2788 5350 3055 5403 llotnauus
3084 5365 3145 5405 ev
3171 5351 3364 5404 Codice
3389 5350 3434 5402 Μ
3470 5349 3665 5402 theano
3725 5351 3812 5403 hic

2231 5422 2406 5473 editus
2435 5419 2622 5470 ordine
2656 5417 2752 5480 lt),
2789 5435 2902 5472 rem
2925 5431 3140 5486 exponit
3170 5421 3220 5473 in
3244 5421 3381 5473 ltuuc
3413 5419 3627 5472 modum
3656 5438 3667 5470 :
3708 5419 3810 5471 Le-

2229 5499 2376 5541 vatur
2405 5504 2576 5541 mensa
2606 5489 2670 5539 de
2697 5491 2876 5547 altari,
2913 5490 3080 5554 palliis
3109 5492 3322 5556 desuper
3360 5490 3678 5553 complicatis
3697 5530 3713 5550 ,
3767 5497 3812 5538 rt

2230 5574 2344 5612 cum
2371 5567 2648 5612 reverentta
2677 5568 2723 5608 et
2751 5559 2886 5617 oinni
2929 5560 3189 5612 devotione
3210 5560 3273 5610 ab
3300 5559 3489 5612 eisdem
3518 5568 3811 5626 reportatur

2232 5630 2299 5680 ad
2326 5629 2573 5698 capellam
2612 5629 2773 5698 sancti
2818 5627 3080 5681 Pancratii
3098 5629 3250 5697 juxta
3280 5628 3557 5680 claustrum
3588 5630 3811 5679 canoni.

2233 5696 2444 5761 corum,
2468 5697 2585 5764 quia
2620 5696 2690 5750 ibi
2719 5705 2790 5749 est
2814 5699 2951 5748 locus
2988 5696 3379 5751 conSerratiouis
3403 5714 3421 5759 ,'
3448 5705 3492 5748 et
3525 5712 3641 5748 cum
3668 5711 3813 5749 omni

2233 5767 2427 5821 cautela
2476 5782 2630 5833 usque
2678 5768 2728 5819 in
2770 5768 2901 5821 diem
2944 5767 3153 5823 Satbuti
3204 5768 3547 5821 custodiatur.
3604 5764 3811 5820 Deinde
