4042 6302
285 361 392 416 ιῐξεθ

1036 363 1097 419 IN
1136 364 1437 421 ORDINE.“
1480 362 1815 418 ROMANO.“
1854 359 2397 417 COMMENTARIUS
2442 360 2780 416 NUEVIL'S.

3420 371 3526 424 890

283 476 517 545 pontifex
544 476 670 527 reuit
708 475 775 526 ad
802 477 960 529 altare
978 519 992 541 ,
1025 478 1273 546 accipiens
1300 476 1578 544 ampullam
1607 478 1847 539 vitream,
1881 480 1927 537 Α
1954 473 2173 547 c00perit
2191 471 2382 526 Sancta
2400 478 2463 547 de
2479 476 2691 528 sindone
2708 491 2861 543 super
2875 488 3054 531 attare.
3076 476 3261 533 Postea
3277 483 3531 547 pteabgler

281 561 399 613 qua
439 546 573 596 int'us
599 560 653 598 se
682 546 903 597 continet
933 548 1188 610 quoddam
1228 547 1487 600 tusculum
1524 562 1734 599 aureum
1758 587 1773 609 ,
1802 557 1849 600 et

283 619 339 667 in
368 614 574 666 vasculo
602 623 672 666 est
703 614 836 679 lapis
867 616 1114 679 pretiosus
1141 633 1389 669 concavus
1410 658 1423 678 ,
1456 628 1503 669 et
1533 618 1585 668 in
1616 618 1706 669 illa
1735 633 1854 669 con-

280 684 501 755 cavitute
529 684 716 755 lapidis
745 693 825 739 est
843 686 1050 751 sanguis
1081 684 1268 737 Christi
1294 686 1563 755 diligenter
1593 687 1818 739 inclusus
1836 726 1851 749 ,

282 755 373 819 qui
401 754 587 805 dicitur
615 754 910 806 miruculose
940 756 1004 804 de.
1030 755 1242 821 qaadent
1281 754 1498 823 imagine
1528 756 1715 808 Christi
1745 773 1856 821 per-

283 840 434 876 cussa
462 823 766 893 proﬂuxisse
790 861 803 882 ,
828 823 914 889 qui
955 826 1242 875 annitaliter
1289 827 1571 877 extrahitur
1590 865 1605 884 ,
1634 836 1680 877 et
1709 842 1851 893 repo-

286 895 424 945 nirur
473 891 539 944 ibi
590 894 641 942 in
673 896 982 964 concavita-e
1031 892 1217 964 lapidis
1270 909 1402 946 arcu:
1430 893 1596 964 [Lm]
1626 911 1638 955 ;
1663 903 1707 945 et
1738 891 1855 947 tunc

284 965 480 1015 levatur
509 978 540 1012 a
578 961 814 1029 pontiﬁce
833 1000 848 1021 ,
880 970 924 1012 et
955 963 1232 1013 ostenditur
1256 1002 1268 1019 ,
1298 974 1351 1014 ut
1387 961 1439 1015 to
1459 980 1489 1015 a
1520 964 1664 1015 turba
1694 966 1855 1015 valeat

284 1048 404 1083 cum
434 1031 609 1083 timore
637 1041 684 1083 et
714 1033 850 1081 omni
896 1031 1157 1083 devotione
1200 1033 1387 1083 videre.
1425 1031 1605 1085 Postea
1638 1035 1856 1085 traditur

284 1102 625 1153 custodienda
653 1102 820 1170 priori
846 1111 891 1152 et
920 1100 1116 1151 canonii
1134 1100 1175 1152 is
1200 1104 1423 1169 ejusdem
1447 1102 1669 1155 ecclesite
1699 1118 1856 1170 usque

282 1172 337 1223 in
368 1172 499 1223 diem
524 1168 754 1224 Sabbuti.
782 1168 923 1221 Tunc
947 1170 1176 1237 pontifex
1188 1168 1257 1221 ad
1278 1172 1673 1237 sacrificandum
1696 1168 1855 1223 intrat

283 1242 426 1293 solus
446 1241 586 1307 infra
612 1255 814 1304 arcam,
841 1248 893 1290 ut
921 1239 1234 1307 signiﬁcetur
1263 1243 1399 1306 quod
1425 1241 1479 1292 in
1502 1242 1651 1292 veteri
1677 1239 1856 1292 Testa-

282 1320 453 1362 mento
483 1311 727 1373 scriptum
752 1319 824 1361 est
849 1351 864 1374 ,
896 1310 1013 1372 quia
1041 1311 1179 1361 solus
1208 1311 1439 1377 pontifex
1466 1311 1685 1363 intrabat
1712 1311 1854 1363 solus

283 1381 338 1433 in
369 1396 502 1431 anno
524 1380 574 1431 in
599 1378 790 1432 Sancta
815 1387 1103 1430 sanctorum
1128 1420 1142 1441 ,
1177 1390 1279 1432 etc.
1338 1380 1589 1433 Eamdctn
1634 1379 1853 1446 hujusce

284 1448 410 1502 fat-ti
443 1448 700 1503 rationem
731 1448 877 1501 all‘ert
925 1447 1259 1501 Innocentius
1295 1449 1481 1502 tertius
1512 1450 1563 1500 in
1592 1449 1851 1505 Sermone

281 1519 352 1572 de
383 1518 542 1573 Cinna
568 1518 789 1580 Domini,
820 1518 904 1572 cui
925 1517 1129 1571 accedit
1155 1517 1467 1573 Guilleliniis
1494 1518 1771 1573 Dnrandus
1801 1522 1851 1573 in

282 1589 380 1641 lih.
411 1604 493 1648 νι.
524 1602 642 1652 cap.
674 1587 762 1639 7.3.

359 1657 515 1710 Fui-ta
561 1658 858 1709 ιίηἱειησιιίς
901 1656 1314 1717 Bened'ctione,
1347 1656 1613 1725 pontifex,
1656 1657 1852 1715 ablutis

285 1728 562 1793 inanibus,
593 1728 955 1779 reviertebiitur
981 1728 1046 1779 ad
1074 1729 1261 1788 altare,
1286 1729 1369 1779 tibi
1401 1727 1851 1793 communicabat,

284 1807 340 1849 et
370 1805 486 1858 post
506 1812 625 1848 eum
649 1798 811 1849 omnis
838 1798 1050 1860 papulas
1074 1797 1251 1849 ordine
1271 1813 1381 1859 suo,
1404 1814 1520 1863 ipue
1544 1797 1705 1851 verba
1727 1809 1850 1852 sunt

285 1864 443 1930 primi
473 1865 684 1920 Ordinis
714 1866 970 1936 Ijmuani;
995 1876 1042 1919 et
1068 1866 1359 1919 servabatur
1390 1868 1452 1919 de
1478 1866 1669 1921 Sancta
1693 1884 1850 1936 usque

283 1936 339 1988 in
370 1936 665 1990 crastinum.
704 1934 783 1987 Ea
810 1951 924 1989 vero
967 1937 1049 1989 die
1082 1937 1207 1988 liora
1233 1953 1365 1989 nona
1412 1937 1663 2005 faciebant
1686 1934 1851 1991 excuti

282 2006 453 2071 ignem
478 2007 540 2058 de
564 2006 733 2073 lapide
759 2007 809 2057 in
838 2006 948 2059 loco
991 2006 1116 2073 foris
1156 2007 1417 2058 basilicam
1437 2048 1451 2066 ,
1484 2007 1557 2059 ita
1603 2015 1657 2059 ut
1687 2018 1852 2071 posset

282 2076 502 2129 candela
531 2075 769 2135 accendi,
800 2090 863 2128 ex
910 2091 1009 2142 qua
1042 2076 1217 2128 lumen
1251 2078 1543 2128 servabatur
1594 2091 1753 2143 usque
1798 2079 1851 2131 in

283 2144 566 2216 Sabbaturn
617 2155 842 2216 sanctum
900 2148 967 2216 ait
1028 2145 1419 2216 illuminandutn
1473 2160 1711 2216 cereum,
1764 2149 1853 2216 qui

282 2215 572 2287 eodenrdie
611 2213 979 2287 benedicendus
1019 2222 1154 2287 erat.
1193 2213 1349 2287 Modo
1396 2215 1507 2287 lia-c
1554 2215 1675 2269 novi
1718 2213 1853 2287 ignis

286 2282 594 2338 Benedictio
619 2284 669 2336 in
698 2283 986 2338 Sabbatum
1018 2284 1188 2352 ipsum
1217 2284 1520 2338 remittitur.

360 2354 416 2407 lii
446 2355 659 2424 vulgato
687 2351 888 2424 Ordine
918 2351 1157 2407 Itoniaiio
1201 2355 1560 2424 priescriliitnr
1591 2364 1644 2406 ut
1667 2396 1681 2421 ,
1714 2354 1849 2409 facta

285 2421 595 2478 chrismatis
619 2422 994 2477 Benedictione
1013 2462 1029 2483 ,
1062 2421 1293 2491 pontifex
1335 2424 1517 2476 redeat
1549 2426 1615 2476 ad
1645 2425 1809 2479 altare
1834 2465 1849 2488 ,

281 2504 333 2545 et
359 2493 562 2547 diaconi
590 2491 962 2561 disrooperiaut
997 2492 1225 2554 Sancta;
1254 2493 1375 2546 dein
1403 2493 1631 2561 pontifex
1659 2494 1851 2548 dividat

282 2562 484 2616 oblatas
504 2562 573 2615 ad
600 2562 972 2631 frangendum,
1004 2572 1050 2615 et
1080 2563 1411 2615 communicet
1438 2564 1599 2616 omnis
1632 2564 1851 2631 populus

281 2632 467 2685 ordine
485 2648 606 2695 suo;
630 2642 676 2685 et
702 2640 866 2685 suniat
894 2634 956 2685 de
998 2633 1121 2702 ipsis
1150 2633 1345 2686 oblatas
1372 2634 1593 2702 integras
1638 2632 1707 2686 ad
1745 2650 1851 2687 ser-

283 2703 505 2755 vandum
534 2719 689 2771 usque
717 2717 863 2755 mane
908 2703 1006 2754 diei
1035 2701 1371 2771 Parasceues,
1404 2706 1467 2756 de
1484 2701 1670 2768 quibus
1712 2719 1847 2756 coin—

285 2773 539 2824 niunicent
565 2770 750 2842 absque
774 2772 1022 2841 sanguine
1041 2770 1263 2842 Domini.
1290 2770 1515 2841 Sanguis
1543 2789 1659 2825 vero
1675 2773 1850 2826 eadem

282 2842 371 2892 die
412 2843 607 2907 penitus
648 2853 995 2895 consumatur.
1046 2844 1116 2895 tta
1148 2841 1308 2911 etiam
1342 2842 1532 2911 lt‘gitut‘
1575 2842 1625 2895 io
1656 2843 1850 2898 Codice

288 2911 680 2966 \‘indoeioensi.
704 2912 767 2965 Et
800 2919 917 2978 post
948 2926 1140 2977 pauca:
1175 2909 1376 2964 Fractis
1400 2909 1589 2964 autem
1629 2913 1810 2965 oblatis
1833 2956 1845 2975 ,

283 2982 652 3049 ionimunicent
680 2982 840 3045 primo
864 2983 1168 3049 presbyteri,
1195 2992 1365 3049 postea
1386 2983 1587 3035 diaconi
1615 2993 1660 3035 et
1684 2986 1850 3035 cteteri

282 3066 477 3103 omnes.
511 3048 576 3103 Et
598 3052 669 3104 ita
696 3052 989 3114 perficiatur
1012 3048 1178 3104 Missa
1198 3048 1416 3117 pleniter
1442 3053 1618 3105 ordine
1646 3068 1757 3104 suo.
1794 3053 1847 3107 Io

283 3120 487 3173 Ordine
512 3120 783 3174 Malia-ano
813 3136 931 3172 mox
966 3122 1176 3172 laudato
1202 3122 1348 3174 solus
1372 3121 1609 3175 Pontifex
1642 3122 1739 3175 liae
1765 3123 1849 3177 die

284 3190 681 3244 communicare
700 3191 910 3254 dicitur,
928 3189 1014 3242 ubi
1034 3190 1172 3258 apud
1199 3189 1511 3243 Lateranum
1534 3206 1682 3243 sacra
1704 3191 1847 3246 facit.

361 3260 473 3311 Non
505 3261 986 3327 przrtermitti'ndus
1012 3260 1111 3311 hoc
1137 3260 1252 3312 loco
1273 3258 1450 3312 Codex
1473 3260 1815 3315 Corlieiensis
1836 3303 1850 3322 ,

287 3329 343 3380 iu
398 3344 502 3396 quo
555 3330 780 3384 habetur
828 3332 972 3381 Ordo
1024 3331 1289 3382 ltoniiinus
1348 3345 1443 3397 pio
1499 3333 1673 3384 triduo
1727 3340 1853 3385 ante

289 3398 491 3452 Pascha
516 3437 531 3459 .
561 3401 682 3453 ritui
712 3400 1006 3452 monastico
1046 3408 1169 3452 ante
1196 3414 1363 3452 annos
1404 3401 1736 3468 octingentos
1762 3415 1854 3454 ac-

287 3470 673 3523 commodatus.
705 3472 831 3535 Qua:
863 3468 1003 3521 enim
1050 3468 1102 3521 in
1142 3484 1209 3522 eo
1241 3471 1483 3537 leguntur
1522 3473 1589 3523 de
1616 3484 1853 3524 commu-

288 3540 449 3608 itione
479 3539 528 3592 iu
559 3541 719 3596 Cinna
754 3539 957 3591 Domini
1003 3540 1244 3592 ridentur
1273 3542 1643 3595 observatione
1671 3540 1848 3608 digna.

287 3605 543 3662 Sacerdos
573 3625 686 3662 vero
730 3624 845 3661 cum
874 3609 1075 3677 fregerit
1105 3609 1296 3662 Sancta
1322 3651 1336 3666 ,
1366 3613 1525 3663 mittat
1557 3627 1706 3665 unum
1730 3605 1855 3676 par-

288 3689 388 3731 tem
418 3681 467 3729 in
491 3682 730 3745 calicem,
758 3688 805 3731 et
832 3694 894 3731 ea:
915 3682 1020 3730 alia
1063 3680 1414 3732 communicet.
1447 3678 1613 3733 Porro
1653 3688 1855 3733 tertiam

289 3752 343 3799 in
364 3750 524 3801 altare
543 3751 765 3802 dimittat
780 3791 797 3817 ,
841 3759 887 3802 et
915 3749 1243 3813 confirmetur
1266 3766 1296 3800 a
1324 3750 1540 3801 diacono
1562 3752 1623 3802 de
1662 3751 1817 3802 calice
1836 3791 1851 3814 ,

288 3827 337 3872 et
368 3819 459 3871 illo
486 3822 834 3872 tantummodo
861 3820 961 3872 die.
990 3818 1267 3885 Postquam
1297 3820 1670 3886 conﬁrmaverit
1692 3834 1857 3873 sacer-

288 3890 479 3949 dotem,
511 3901 663 3955 ponat
685 3889 893 3942 calicem
916 3905 1067 3958 super
1095 3892 1275 3949 altare,
1297 3899 1344 3940 et
1365 3889 1579 3954 accipiat
1606 3890 1856 3945 diaconus

288 3968 523 4023 patenum
558 3962 825 4031 majorem,
873 3959 1138 4027 mittatque
1177 3959 1226 4031 in
1258 3959 1408 4031 ea‘de
1440 3958 1629 4031 Sancta
1661 3960 1856 4031 oblatas

285 4032 590 4095 integras,it
622 4025 772 4095 ponat
795 4030 946 4098 jux'a
976 4025 1409 4097 calicem[t.itit]in
1436 4029 1637 4080 sinistro
1667 4028 1855 4093 latere;

283 4107 341 4153 et
368 4100 470 4149 duo
496 4098 788 4152 subdiaconi
816 4099 1050 4159 veniant,
1092 4114 1221 4149 unus
1242 4113 1355 4148 cum
1405 4106 1620 4163 patenti,
1648 4109 1694 4149 et
1723 4098 1856 4153 alius

284 4184 403 4225 cum
425 4170 581 4221 calice
602 4208 616 4233 ,
644 4169 869 4234 utrisque
890 4168 1096 4232 vacuis;
1125 4178 1169 4219 et
1200 4168 1344 4219 tollat
1374 4168 1617 4220 diaconus
1643 4167 1706 4219 de
1746 4185 1853 4220 ina-

286 4245 402 4311 jore
433 4250 617 4304 patrna
658 4255 721 4311 ea:
772 4240 984 4311 oblatis,
1033 4248 1277 4311 quantum
1321 4238 1552 4311 sufﬁcere
1588 4237 1744 4311 possit
1790 4239 1857 4291 ad

291 4305 769 4361 communicandum
812 4309 1086 4377 pupulum;
1130 4305 1264 4359 etde
1307 4309 1463 4377 calice
1507 4307 1769 4370 similiter;
1807 4316 1855 4360 et

288 4378 457 4429 mittat
490 4380 539 4431 in
562 4390 793 4446 patenum
819 4387 865 4429 et
895 4377 1134 4439 calicem,
1156 4391 1268 4443 qua
1296 4376 1593 4429 subdiuooni
1618 4387 1782 4446 tenent
1804 4378 1856 4430 in

290 4448 544 4501 manibus.
562 4444 628 4501 Et
657 4448 826 4501 statim
856 4446 985 4501 illud
1013 4486 1026 4507 ,
1056 4447 1193 4512 quod
1223 4454 1443 4498 remanet
1472 4461 1622 4508 super
1659 4444 1851 4509 altare,

292 4520 606 4589 coopertetur
651 4534 684 4589 α
723 4517 915 4589 duobus
970 4516 1265 4589 diaconibus
1288 4557 1302 4575 ,
1345 4525 1619 4589 utrumque
1646 4517 1859 4589 sindone
1892 4531 1936 4589 ι)

289 4588 504 4641 munda.
537 4588 599 4640 Et
629 4588 691 4640 de
718 4588 810 4643 illa
839 4587 943 4639 alia
973 4590 1117 4650 iuxta
1141 4587 1304 4638 altare
1331 4586 1523 4655 faciant
1553 4586 1859 4653 confrartio-

289 4673 408 4712 rtem
427 4698 441 4721 ,
472 4667 516 4709 et
549 4661 754 4710 redeant
784 4657 849 4708 ad
876 4656 1123 4709 sacerdoti
1138 4672 1184 4707 in
1205 4696 1218 4718 ,
1250 4666 1304 4707 ut
1349 4655 1717 4707 communirent
1760 4655 1859 4723 ipsi

292 4738 342 4779 et
387 4742 429 4778 ri
444 4725 570 4793 liqui
601 4744 689 4790 per
718 4726 967 4779 ordinent.
1013 4724 1079 4777 Et
1101 4729 1222 4777 data
1250 4728 1477 4777 oratione
1502 4734 1612 4789 post
1634 4740 1857 4777 commu—

291 4799 530 4857 itionem,
565 4799 810 4849 diaconus
858 4811 958 4849 non
998 4795 1134 4847 dii-at
1180 4794 1255 4847 lte
1283 4795 1434 4847 Missa
1466 4804 1583 4857 est;
1619 4796 1706 4848 sed
1744 4795 1858 4862 ipsa

294 4869 545 4920 Oratione
588 4868 833 4933 ﬁniantur
873 4866 1124 4918 universa.
1181 4863 1306 4927 Ipsa
1352 4880 1465 4916 vero
1495 4864 1697 4926 oblata,
1747 4879 1861 4928 qua:

292 4953 448 4991 super
474 4937 642 4989 altare
662 4958 674 4988 ε
691 4947 896 5003 οιορενια
918 4943 1258 4987 remanserant
1278 4974 1292 4998 ,
1324 4943 1584 4986 sert'entur
1603 4934 1653 4984 in
1679 4934 1859 4987 crasti-

292 5020 420 5057 nam
460 5008 613 5075 juxta
666 5006 1092 5075 consuetudinem.
1146 5004 1258 5075 lluc
1309 5018 1483 5075 usque
1519 5003 1695 5075 Codex
1723 5004 1857 5055 Cor-

293 5073 559 5135 l-eienSis.
592 5091 735 5128 nutu.
771 5076 909 5140 665,
939 5074 1006 5125 de
1033 5087 1137 5139 quo
1166 5074 1354 5125 iterum
1409 5074 1562 5124 intra.
1595 5073 1649 5126 la
1693 5087 1853 5140 supe-

292 5146 524 5199 rioritius
550 5145 727 5199 verbis
747 5184 760 5205 ,
791 5143 1131 5210 Confirmetur
1150 5160 1181 5195 a
1208 5144 1422 5194 diacono
1459 5144 1523 5194 de
1572 5142 1763 5207 calice,
1811 5148 1859 5193 et

290 5213 388 5267 illo
418 5216 771 5268 tantummodo
802 5215 914 5276 die,
961 5212 1200 5281 qiiredam
1238 5212 1530 5265 obscuritas
1588 5212 1675 5264 inc
1706 5220 1760 5272 t,
1791 5227 1857 5264 ex

292 5284 416 5337 aliis
446 5285 597 5339 libris
627 5286 933 5338 illustranda
956 5324 969 5344 ,
1004 5285 1056 5335 in
1083 5281 1271 5343 quibus
1304 5283 1665 5347 prtescriptuiu
1690 5290 1774 5334 est
1805 5290 1861 5333 ut

292 5354 541 5409 Pontifex
561 5370 683 5410 cuni
714 5359 885 5409 tistuta
914 5369 1005 5406 seu
1032 5352 1243 5404 calamo
1270 5351 1576 5417 sanguinem
1622 5365 1652 5403 e
1696 5350 1861 5405 calice

293 5434 476 5491 sugat,
518 5435 709 5491 praeter
752 5440 907 5493 quam
941 5428 990 5475 in
1027 5419 1614 5493 Cmiiiiubominitquo
1630 5427 1863 5493 ~tantum

295 5488 388 5547 die
411 5509 474 5547 ex
500 5488 617 5561 ipso
636 5488 801 5547 calice
823 5495 1131 5561 sanguinein
1154 5490 1279 5542 olim
1305 5488 1599 5561 baut-iebat.
1629 5489 1866 5561 Denique

296 5564 352 5615 in
388 5557 551 5617 veteri
584 5563 777 5618 Missali
826 5557 1168 5617 illustrissimi
1214 5557 1447 5626 episcopi
1491 5558 1764 5623 Rivensis,
1797 5558 1865 5611 ab

295 5633 456 5686 annis
477 5634 643 5687 ferme
663 5634 926 5689 si-xcvntis
947 5632 1112 5697 script
1134 5652 1168 5692 ε,
1189 5630 1404 5683 toudem
1430 5630 1537 5683 fere
1560 5643 1677 5698 quae
1703 5629 1755 5698 in
1777 5643 1868 5681 or-

296 5704 425 5757 dine
441 5702 681 5756 liomano
702 5703 859 5757 verba
884 5703 1184 5757 releruutur
1209 5703 1260 5753 in
1288 5698 1427 5752 hunc
1453 5697 1664 5754 modum
1684 5714 1699 5749 :
1718 5697 1862 5749 Tunc

294 5772 636 5827 communicet
660 5777 798 5827 solus
838 5777 1093 5841 presbyfer
1117 5786 1204 5825 seu
1229 5771 1528 5840 episcopus;
1555 5779 1602 5822 et
1624 5769 1868 5821 diaconus

1954 544 2085 615 lavet
2108 558 2305 604 manus,
2327 552 2371 597 et
2394 544 2640 615 diaconus
2654 548 2803 597 vadat
2826 546 2893 597 ad
2911 548 3094 611 altare,
3119 558 3163 602 et
3186 544 3530 615 discooperiat

1955 613 2176 670 Sancta;
2202 624 2248 663 et
2270 614 2526 681 presbyter
2548 617 2710 674 veniat
2733 624 2847 667 ante
2867 617 3057 681 altare,
3078 626 3123 669 et
3147 618 3336 671 dividat
3359 613 3529 673 oblata

1953 682 2021 752 ad
2050 682 2421 757 frangendum,
2450 692 2496 734 et
2536 686 2870 757 communicet
2896 688 3060 738 ontnis
3086 690 3305 757 populus
3348 689 3543 741 ordine

1954 748 2048 802 suo
2068 790 2083 811 ,
2110 748 2212 802 etc.
2248 748 2311 801 Et
2334 766 2515 826 corpus
2544 752 2819 826 Doiniuiin
2850 748 3124 808 crastinum
3148 748 3529 826 diligentissime

1955 829 2232 891 reservetur
2252 859 2267 881 ,
2299 831 2345 871 et
2367 821 2488 872 dum
2515 826 2696 875 cliorus
2733 822 2980 891 Vesperas
3005 826 3185 879 dixerit
3209 868 3221 885 ,
3242 821 3335 879 'ubi
3366 844 3527 880 rescr-

1956 890 2063 941 vari
2084 890 2245 947 debet,
2270 900 2563 942 venerunter
2589 890 2876 957 deportatur
2898 912 2927 945 a
2952 896 3212 948 sarerdotc
3233 906 3277 948 et
3309 898 3524 950 diacono

1955 975 2066 1010 cum
2091 959 2299 1034 reliquis
2323 961 2587 1034 ministris,
2610 961 2879 1016 linteamen
2903 966 3289 1019 mundissimum
3311 966 3529 1034 desuper

1955 1028 2275 1100 tenentibus;
2300 1037 2344 1080 et
2375 1028 2469 1100 lioc
2495 1030 2603 1100 sine
2645 1034 2917 1100 sanguine,
2947 1043 2992 1085 et
3022 1037 3273 1088 tlturibulo
3298 1046 3343 1088 et
3374 1028 3528 1088 titini-

1957 1096 2163 1171 naribus
2202 1097 2595 1165 pra'cedintibus
2616 1140 2630 1160 ,
2661 1096 2914 1167 usquequo
2952 1114 3227 1171 reponatur
3268 1106 3352 1157 ubi
3380 1123 3528 1169 repo-

1957 1164 2182 1217 nendum
2204 1164 2309 1229 est,
2342 1175 2387 1217 ct
2412 1183 2667 1233 nunquam
2697 1164 2805 1221 sine
2828 1164 3040 1223 lumine
3085 1185 3361 1226 remaneat.
3412 1164 3525 1229 lluc

1960 1248 2131 1309 usque
2149 1247 2297 1309 vetus
2317 1234 2544 1299 Missale,
2564 1238 2702 1309 quod
2729 1239 2823 1309 luit
2843 1241 2904 1289 ad
2924 1256 3072 1293 usuin
3091 1242 3325 1309 ejusdem
3344 1243 3527 1296 Eccle-

1956 1300 2050 1356 sia:
2074 1302 2334 1361 ltivetisis,
2350 1318 2467 1366 qua:
2496 1323 2542 1365 pi
2557 1306 2714 1358 oiiide
2735 1308 2929 1361 Ordine
2946 1300 3183 1360 llomzii'io
3202 1322 3325 1362 tunc
3344 1314 3527 1364 uteba-

1960 1382 2075 1432 tur;
2102 1372 2280 1437 paucis
2302 1372 2494 1424 addtlis
2516 1389 2610 1436 pro
2626 1377 2877 1439 temporis
2898 1389 2949 1430 et
2965 1379 3062 1429 loci
3085 1384 3517 1435 circumstantiis.

2028 1440 2177 1505 Quod
2200 1440 2384 1492 attinet
2406 1444 2468 1491 ait
2496 1446 2813 1507 pteuiteutes
2832 1485 2847 1505 ,
2870 1446 2920 1498 lii
2949 1456 3072 1499 ante
3098 1448 3306 1500 Missam
3346 1451 3525 1502 Eccle-

1959 1508 2053 1584 sia:
2073 1511 2548 1584 reconciliab_iiiitiir
2568 1527 2581 1574 ;
2602 1522 2784 1584 contra
2807 1529 3230 1584 veroprocesStis
3245 1520 3525 1584 generales

1955 1578 2211 1632 adversus
2246 1578 2564 1634 criininnsos
2595 1582 2726 1634 liuiit
2753 1591 2871 1649 post
2900 1578 3111 1637 Missam
3153 1578 3276 1638 ante
3301 1589 3523 1640 manda-

1959 1657 2069 1722 tum
2112 1663 2205 1701 seu
2236 1649 2557 1722 ablutionem
2605 1650 2822 1719 pedum.
2860 1653 2931 1705 De
2958 1652 3221 1722 ejusmodi
3254 1656 3517 1721 pcetiiten-

1958 1718 2091 1792 tium
2122 1720 2553 1792 reconciliatione
2583 1723 2689 1792 agit
2718 1718 3075 1790 Hieronymus
3104 1725 3152 1776 iu
3184 1718 3407 1792 epistula
3455 1725 3523 1779 sd

1956 1788 2225 1840 Oceanum
2248 1828 2260 1848 ,
2292 1789 2359 1841 de
2380 1858 2383 1859 ν
2406 1790 2551 1859 obitu
2585 1788 2845 1853 Fabiolic,
2875 1788 2991 1859 utne
3039 1788 3251 1846 sai-cuni
3305 1794 3481 1847 induta
3509 1835 3525 1859 ,

1955 1866 2008 1909 ut
2035 1871 2253 1930 errorem
2299 1857 2492 1930 publica
2535 1863 2775 1930 fateretur
2797 1902 2809 1919 ,
2841 1857 2949 1913 tota
2991 1863 3113 1915 urbe
3136 1872 3391 1930 spectante
3420 1857 3526 1916 Ro?

1953 1943 2129 2002 manu,
2162 1924 2329 1996 [Lm]
2374 1937 2493 2002 ante
2535 1924 2669 2002 diem
2698 1928 2916 1983 Pascha:
2942 1931 2995 1983 in
3026 1932 3133 1984 basi
3159 1924 3236 1984 ica
3268 1936 3527 2002 quondam

1953 1995 2217 2071 Laterani,
2246 1995 2334 2071 qui
2364 1995 2653 2071 Ctvsariuno
2684 2008 2947 2053 truncatus
2973 2011 3044 2053 est
3074 2002 3248 2071 gladio
3267 1995 3289 2064 ,’
3314 2012 3448 2054 stetit
3470 2004 3522 2055 in

1951 2067 2130 2140 ordine
2159 2066 2530 2140 ptenitentiuin,
2561 2068 2796 2140 episcOpo
2814 2107 2830 2133 ,
2864 2066 3166 2139 presbyteris
3195 2082 3238 2123 et
3266 2073 3402 2125 omni
3431 2089 3524 2140 po-

1953 2137 2074 2200 pulo
2100 2135 2595 2204 collucrymantibas.
2652 2135 2911 2192 Eumdem
2943 2135 3099 2192 ritum
3133 2140 3245 2193 fuse
3272 2135 3522 2195 describit

1954 2204 2283 2277 Sozomeo_u_s
2310 2244 2326 2268 ,
2372 2206 2446 2277 in
2472 2207 2566 2258 lib.
2597 2221 2701 2270 VII,
2754 2222 2872 2274 cap.
2909 2208 3004 2271 lb‘,
3032 2225 3189 2277 quem
3240 2214 3520 2264 consulere

1954 2290 2057 2327 non
2092 2273 2309 2342 pigebit.
2360 2275 2664 2329 Solemuem
2694 2273 2916 2329 formato
2947 2273 3260 2333 absolvendi
3308 2280 3406 2333 hac
3433 2281 3522 2333 die

1958 2347 2274 2411 pwnitentes
2301 2343 2463 2398 habes
2492 2347 2541 2397 in
2574 2346 2784 2413 vulgato
2806 2346 3003 2401 Ordine
3030 2347 3288 2402 Romano.

2024 2417 2294 2484 (Steterunt
2313 2427 2381 2467 ne
2410 2413 2622 2471 basilica
2671 2417 2838 2469 sancti
2868 2416 3005 2470 l’etri
3033 2432 3225 2484 expers
3251 2428 3392 2473 esset
3423 2418 3525 2472 lio-

1954 2498 2098 2558 ltttl'ts
2155 2485 2206 2537 in
2259 2481 2429 2558 Cinna
2485 2484 2732 2558 Domini,
2796 2484 3030 2558 Joannes
3090 2481 3207 2558 xix
3263 2489 3520 2558 singulari

1952 2552 2241 2625 diplomate
2260 2554 2536 2625 constituit
2558 2563 2613 2607 ut
2636 2555 2799 2625 Silvae
2821 2554 3070 2609 Candida:
3092 2552 3376 2625 episcopus
3406 2559 3519 2624 ipsa

1953 2623 2038 2675 die
2063 2622 2294 2674 chrisma
2328 2623 2378 2675 in
2410 2623 2595 2676 eadem
2640 2624 2860 2695 basilica
2909 2622 3290 2689 consecraret,
3313 2622 3521 2695 aliaque

1955 2702 2231 2759 praestaret
2254 2708 2370 2759 quin
2395 2694 2444 2744 iii
2474 2693 2755 2761 pontiﬁciis
2774 2694 2967 2749 litteris
2989 2710 3085 2749 suo
3109 2696 3226 2750 loro
3249 2697 3334 2750 hic
3360 2693 3524 2751 eden-

1952 2762 2034 2816 dis
2062 2778 2180 2828 expi
2197 2764 2339 2815 inuiti
2349 2769 2450 2814 tur.

2025 2829 2181 2903 Feria
2198 2901 2203 2903 Α
2230 2842 2377 2883 sexta
2405 2870 2420 2894 ,
2451 2847 2566 2900 quin
2612 2831 2806 2886 dicitur
2855 2834 3202 2899 Parasceves,
3231 2835 3520 2903 prmmissis

1953 2901 2293 2970 Orationibus
2319 2903 2491 2955 solitis
2513 2942 2527 2964 ,
2556 2918 2653 2970 pro
2700 2905 2918 2967 singulis
2950 2906 3203 2959 Ecclesiae
3235 2901 3518 2958 ordinibus

1952 2981 2110 3039 atque
2134 2969 2433 3023 hominibus
2462 2969 2973 3039 iuiii'ersisppiaruoi
2997 2976 3304 3028 Orationem
3334 2978 3520 3026 memi-

1953 3045 2032 3095 nit
2059 3040 2331 3094 Ctelestini
2361 3054 2505 3107 pupa:
2536 3041 2687 3107 primi
2719 3045 2958 3106 epistolae
2996 3044 3263 3110 subjectos
3291 3044 3519 3105 libellus,

1954 3113 2235 3162 Cononem
2263 3120 2605 3163 iiuctnr.t:iies
2628 3114 3018 3175 praeteritorum
3049 3115 3192 3167 sedis
3216 3112 3522 3179 apostolicae

1875 3174 1924 3239 C
1958 3179 2328 3246 episcoporum
2358 3180 2424 3231 de
2452 3174 2699 3246 gratiu’et
2725 3181 2892 3234 libero
2912 3181 3132 3235 arbitrio
3160 3174 3341 3235 contra
3375 3185 3526 3235 I'ela-

1958 3265 2176 3317 ginnas,
2213 3265 2324 3313 cap.
2364 3248 2452 3314 8),
2490 3254 2625 3301 laeta
2664 3251 2835 3302 etucis
2864 3252 3205 3312 adoratiotie,
3249 3252 3527 3321 presbyteri

1957 3321 2060 3370 duo
2096 3323 2322 3387 priores,
2357 3333 2479 3371 mox
2515 3336 2563 3371 Ill
2594 3334 2801 3371 Ci‘llCctll
2850 3321 3240 3384 salutaveruut,
3269 3322 3527 3373 intrabant

1956 3391 2006 3440 in
2046 3392 2354 3461 sacrarium,
2388 3391 2460 3440 vel
2486 3390 2569 3440 ubi
2595 3391 2865 3457 repositum
2888 3392 3055 3456 fuerat
3086 3407 3269 3461 corpus
3300 3390 3525 3454 Domini,

1954 3460 2091 3527 quod
2126 3460 2287 3525 pridie
2312 3469 2617 3510 remanserat
2638 3498 2653 3521 ,
2686 3470 2924 3524 ponentes
2964 3477 3077 3511 eum
3105 3463 3155 3512 in
3185 3472 3448 3527 patenum;
3480 3472 3525 3512 ct

1954 3528 2292 3581 subdiaconus
2339 3531 2530 3580 tenebat
2578 3540 2693 3580 ante
2734 3544 2818 3583 eos
2858 3530 3067 3583 culizcm
3113 3546 3228 3583 cum
3256 3546 3368 3583 vino
3419 3547 3521 3582 non

1955 3610 2276 3660 consecrato,
2303 3612 2345 3650 et
2388 3601 2515 3648 alter
2540 3599 2877 3651 subdiaconus
2908 3609 3146 3669 p..ttnam
3175 3616 3287 3651 cum
3317 3615 3530 3662 corpore

1959 3669 2164 3721 Homini
2186 3709 2199 3731 ,
2232 3671 2414 3736 quibus
2441 3669 2751 3731 tenentibus,
2781 3671 3058 3733 accipiebat
3107 3687 3234 3724 unus
3272 3672 3449 3737 presby
3475 3686 3528 3721 er

1954 3739 2093 3808 prior
2137 3748 2401 3807 patenum,
2432 3748 2477 3808 et
2522 3744 2651 3791 alter
2692 3740 2930 3803 culicem;
2958 3750 3004 3792 et
3049 3738 3336 3808 deferebant
3375 3756 3529 3808 super

1954 3806 2118 3859 altare
2140 3806 2413 3860 nudatum.
2442 3806 2511 3861 ιι..
2544 3820 2794 3876 scriptum
2826 3812 3015 3876 legitur
3045 3806 3299 3876 iii‘priiiin
3327 3806 3527 3862 Ordine

1961 3879 2198 3928 ltoiniiiio
2228 3886 2281 3929 ct
2304 3876 2356 3928 in
2389 3878 2503 3945 ejus
2529 3880 2841 3943 appeiidice.
2874 3879 3035 3933 Paulo
3066 3881 3219 3933 aliter
3249 3881 3407 3932 habet
3435 3894 3527 3933 vc-

1958 3947 2305 3999 tustissiuiuiii
2336 3948 2841 4008 Sacraiiicutariuiii,
2876 3947 3176 4001 Gelloneusi
3202 3951 3525 4000 iuonnsterio

1957 4032 1985 4073 Ἄ
2043 4015 2235 4069 Carolo
2281 4014 2468 4082 Magno
2516 4031 2850 4069 concessum.
2882 4016 3017 4068 Istus
3048 4018 3314 4070 Orationes
3369 4035 3527 4081 sapia

1955 4088 2170 4151 scriptas
2196 4085 2420 4152 erlttas
2440 4122 2455 4148 ,
2488 4084 2841 4153 ingrediuntur
2865 4086 3067 4137 diaconi
3098 4087 3150 4138 in
3177 4088 3403 4137 sacrario
3428 4128 3442 4150 ,
3474 4098 3524 4138 et

1956 4155 2235 4227 procedunt
2259 4170 2373 4227 cum
2404 4170 2614 4221 corpore
2638 4164 2682 4205 et
2707 4157 2954 4227 sanguine
2984 4156 3185 4227 Doinini
3204 4154 3384 4227 ,rquod
3411 4165 3528 4208 ante

1959 4223 2043 4277 die
2068 4226 2329 4286 remansit,
2352 4233 2398 4275 et
2430 4233 2619 4288 ponunt
2641 4223 3011 4291 superultare.
3042 4223 3105 4276 lit
3136 4226 3263 4277 venit
3291 4226 3531 4277 sacerdos

1959 4306 2073 4347 ante
2100 4298 2284 4356 altare,
2306 4293 2528 4345 adorans
2550 4309 2749 4345 crucem
2772 4292 3119 4357 Domini,etc.
3138 4294 3230 4347 llic
3253 4309 3357 4346 non
3380 4308 3525 4359 pres-

1959 4366 2149 4434 byteri,
2171 4367 2262 4417 Sed
2283 4364 2490 4416 diaconi
2511 4364 2755 4434 delerunt
2774 4377 2805 4416 e
2822 4365 3055 4434 sacrario
3077 4379 3269 4430 corpus
3291 4363 3521 4427 Domitii,

1958 4430 2095 4504 quod
2123 4449 2307 4499 corpus
2349 4442 2395 4485 et
2440 4434 2651 4501 sanguis
2684 4430 2887 4504 Domini
2926 4433 3254 4504 appellatur,
3285 4434 3402 4504 etsi,
3431 4438 3532 4486 sub

1965 4500 2113 4557 {inira
2141 4503 2317 4571 specie
2342 4500 2687 4571 reservatum.
2715 4500 2909 4555 Eadem
2939 4504 3096 4555 verba
3122 4502 3279 4555 habet
3302 4504 3366 4554 ad
3392 4500 3547 4571 hunc.

1964 4575 2104 4628 diem
2132 4570 2609 4626 Siiciaiuentarium
2655 4570 3015 4625 Gclasianuiii.
3049 4573 3180 4625 lluic
3227 4571 3533 4625 testimonio

1964 4644 2284 4711 sull'ragatur
2307 4641 2630 4711 Augustinus
2648 4639 2919 4711 _P_tlll‘l(‘ill$
2944 4642 2994 4694 in
3021 4656 3119 4694 suo
3140 4641 3530 4706 Ctercniouiali,

1964 4719 2098 4781 quod
2120 4708 2235 4764 ante
2254 4711 2283 4762 ,Ι
2293 4708 2507 4764 ounnem
2527 4708 2664 4781 ΧΙ
2673 4708 2963 4781 l'diaconus
2986 4711 3213 4777 portabat
3230 4719 3352 4781 ante
3373 4710 3533 4781 altare

1965 4776 2358 4847 sacramentum,
2377 4782 2510 4847 quod
2532 4780 2600 4835 eti
2616 4797 2680 4832 an
2695 4776 3198 4833 communisrubrica
3218 4779 3387 4831 liabet.
3410 4776 3533 4832 Post

1967 4856 2058 4907 illa
2085 4867 2335 4919 tempora,
2369 4851 2555 4919 inquit,
2582 4852 2809 4919 pontifex
2832 4851 2958 4903 illud
2987 4860 3231 4917 reportat,
3261 4859 3306 4902 et
3334 4849 3531 4901 melius.

1972 4926 2037 4977 Et
2059 4918 2270 4990 quidem
2321 4918 2459 4973 nunc
2490 4918 2755 4988 pontifex,
2807 4919 3016 4972 etiamsi
3048 4935 3158 4986 ipse
3191 4922 3404 4990 divinaA
3429 4933 3533 4971 non

1965 4984 2231 5056 celebret,
2264 4984 2654 5044 snnctissimum
2702 4984 3092 5041 sacramentum
3123 4988 3262 5040 solet
3289 4991 3339 5040 iii
3366 4984 3531 5040 Cinna

1966 5063 2173 5119 Domini
2219 5072 2424 5127 gestare
2452 5060 2503 5113 iit
2547 5060 2840 5126 capellam,
2870 5057 2956 5109 tibi
2984 5066 3068 5111 est
3114 5058 3529 5127 reservandum;

1965 5147 2124 5199 atque
2150 5124 2270 5183 inde
2294 5128 2483 5199 [LXXII]
2518 5146 2566 5181 in
2594 5124 2761 5181 altare
2788 5128 2872 5181 die
2896 5128 3137 5199 sequenti
3164 5124 3388 5199 referre.

2037 5193 2092 5255 in
2119 5193 2366 5267 praedii—ta
2388 5193 2675 5263 appendici-
2701 5213 2849 5263 pr.iiii
2879 5193 3047 5249 nostri
3070 5195 3284 5249 Ordinis
3308 5193 3531 5248 Romani

1965 5266 2355 5336 Coti-cipientcr
2383 5271 2498 5319 lucc
2528 5268 2802 5333 leguntur:
2836 5266 3071 5336 salutata
3098 5280 3276 5325 cruce,
3309 5274 3355 5319 et
3384 5279 3528 5332 repo-

1966 5346 2064 5396 sita
2091 5344 2139 5391 in
2156 5335 2279 5389 loco
2302 5354 2391 5389 suo
2409 5373 2424 5399 ,
2449 5337 2703 5388 descendit
2731 5335 2955 5403 pontifex
2981 5346 3097 5385 ante
3116 5337 3312 5397 altare,
3343 5344 3389 5387 et
3413 5335 3532 5387 dicit

1967 5411 2210 5469 Oremus,
2240 5407 2540 5472 Praeceptis,
2567 5418 2661 5457 etc.
2685 5443 2699 5468 ,
2728 5420 2843 5455 cum
2874 5408 3025 5456 Pater
3056 5414 3256 5456 noster.
3293 5405 3541 5470 Sequitur

1969 5482 2157 5536 Libera
2184 5496 2299 5540 nos,
2331 5490 2655 5544 quiesunios,
2684 5472 3069 5544 Oouiiue.Cum
3098 5475 3313 5544 dixerint
3340 5478 3529 5544 Amen,

1967 5558 2125 5606 suntet
2157 5550 2217 5599 de
2258 5540 2478 5609 Sancta,
2506 5558 2552 5597 et
2596 5552 2740 5609 ponet
2767 5544 2820 5595 in
2858 5543 3046 5607 calice,
3078 5543 3203 5595 nihil
3247 5543 3435 5595 dicens.
3472 5540 3531 5594 Et

1967 5621 2335 5675 communicant
2383 5630 2553 5667 omnes
2608 5628 2721 5665 cant
2776 5614 2996 5665 silentio.
3057 5610 3121 5664 Et
3179 5616 3379 5681 expleta
3420 5617 3534 5667 sunt

1970 5694 2222 5745 universa.
2258 5688 2454 5740 Eadem
2501 5682 2714 5736 totidem
2747 5686 2923 5735 verbs
2955 5693 3239 5736 occurrunt
3268 5684 3318 5735 in
3364 5687 3531 5748 pinno

1971 5763 2168 5818 Ordine
2190 5761 2457 5819 ltomauo.
2485 5753 2537 5808 in
2560 5768 2664 5824 quo
2687 5755 2800 5808 haec
2830 5754 3131 5809 adduntur:
3165 5753 3229 5807 lit
3251 5753 3369 5806 dicit
3394 5767 3527 5815 putt-

3558 802 3569 866 ἰ
