4042 6322
546 337 653 400 9οἶ

1217 339 1558 395 AN‘ENDIX
1599 340 1686 391 AD
1727 342 1784 392 S.
1827 336 2152 391 GilEGUlLll
2192 332 2405 388 MAGNI
2448 331 2810 387 Ll'l‘UliGlCA
2853 331 3107 385 OPERA.

3680 335 3787 388 9M

548 470 834 516 crationem
864 466 920 509 ut
947 456 1132 520 dogma
1162 462 1422 517 receptam
1448 452 1609 505 fuisse
1636 467 1649 514 ;
1672 449 1730 501 2‘
1753 448 2103 520 aflirmau'em
2138 454 2182 509 Α
2213 447 2399 520 relurt
2427 446 2617 497 Verum
2662 444 2761 520 etsi
2805 444 2990 520 intima
3023 443 3170 520 fieret
3204 442 3307 495 viui
3338 442 3532 497 debilis
3558 461 3587 499 a
3621 462 3790 514 gene-

548 542 748 593 partetn
779 530 843 579 ah
869 518 1097 578 Ecclesia
1130 521 1360 575 liomana
1387 535 1714 593 nequaquam
1748 518 1907 593 fuisse
1939 519 2103 593 tradi-

551 588 654 653 lam
687 606 776 650 aut
807 600 1182 661 propugnatam
1205 631 1219 651 ,
1252 603 1421 655 neque
1450 590 1499 661 iu
1528 589 1719 661 libellis
1749 589 1970 661 itmnaoi
2003 588 2103 639 0r-

548 670 686 721 dinis
733 656 878 719 certo
902 656 1170 713 ‘as'sertam
1197 676 1209 721 ;
1241 661 1345 711 imo
1385 658 1544 709 verba
1588 657 1724 719 hinc,
1755 656 2104 724 sanctiﬁcatur

548 739 679 790 enim
711 736 825 785 cinn
847 749 874 780 lt
910 746 1008 781 non
1050 740 1422 787 Consecratmn,
1467 738 1608 791 ctc.,
1652 740 1770 793 quae
1801 727 2104 778 auctorbus

550 802 862 858 al'llrmautis
903 796 1168 863 Opinionis
1218 798 1613 848 fundamentum
1657 794 2026 857 prirhuerunt,
2075 809 2101 844 a

548 872 775 940 quodam
803 870 975 940 glossa
1003 882 1097 918 ore
1122 866 1297 940 videri
1341 866 1571 940 inserta;
1616 864 1672 916 5⁸
1702 880 1803 917 non
1845 863 2107 940 immerito

552 934 823 994 Beletbuui
867 937 1044 989 dicere
1084 935 1434 987 afﬁrmantem
1473 936 1611 987 illam
1654 934 1967 986 sententiam
2012 948 2107 999 pu-

548 1024 708 1077 gnare
735 1015 917 1059 centra
947 1020 1006 1057 ca
1036 1020 1149 1074 qua:
1176 1005 1346 1077 sancti,
1370 1003 1546 1077 Patres
1593 1003 1909 1056 tradiderunt
1934 1040 1947 1062 ,
1980 1016 2110 1065 quo-

552 1075 662 1131 rum
697 1078 808 1128 Ini-c
834 1089 1057 1126 concors
1099 1085 1151 1127 et
1194 1075 1455 1127 unanimis
1491 1082 1750 1126 sentent'a
1781 1079 1891 1132 est,
1927 1085 2103 1123 veram

550 1149 825 1210 utriusque
891 1142 1086 1207 speciei
1143 1143 1593 1196 consecrationem
1658 1140 1865 1210 nonnisi
1927 1139 2103 1192 verbis

551 1208 751 1268 Christi
775 1213 981 1265 Domini
1010 1226 1038 1263 a
1067 1212 1342 1264 sacerdote
1372 1212 1584 1278 prolatis
1612 1208 1791 1277 perlici
1816 1222 1970 1276 posse
2001 1224 2015 1262 :
2041 1221 2103 1261 ac

554 1287 762 1336 laudem
788 1282 966 1350 jacere
994 1280 1296 1349 llierouynti
1322 1277 1689 1345 argumentum
1717 1280 1851 1330 adre
1881 1292 1972 1350 sus
1994 1277 2105 1330 dii-

551 1369 737 1415 conos,
769 1349 856 1418 qui
885 1365 943 1403 se
971 1350 1263 1403 elferebaut
1289 1364 1448 1416 supra
1489 1351 1847 1418 presbyteros,
1878 1349 1945 1397 ad
1982 1364 2108 1414 quu-

553 1439 663 1474 rnm
696 1436 861 1485 preces
893 1419 1079 1472 Christi
1106 1433 1286 1487 corpus
1314 1420 1617 1487 sanguisque
1654 1417 1941 1487 con/icitur,
1973 1418 2105 1487 sies

556 1500 800 1543 cinnactu
844 1489 965 1557 (qui
1017 1485 1253 1541 diacouis
1293 1485 1638 1557 etini'n,into
1676 1496 1729 1539 et
1769 1486 1914 1557 laicis
1952 1485 2109 1557 tribui

559 1578 605 1627 pi
630 1570 792 1619 terat,
825 1554 880 1613 et
896 1554 965 1612 ire
995 1573 1115 1611 vera
1147 1556 1473 1627 tribui-batur
1512 1556 1572 1627 iu_
1602 1555 1973 1627 communione
2017 1554 2111 1606 do-

557 1624 817 1694 inestica)
850 1642 1003 1681 verus
1031 1624 1247 1693 sanguis
1274 1624 1575 1694 consecrari
1619 1631 1840 1691 poterat.
1888 1624 1958 1694 lix
1999 1626 2115 1694 qui:

556 1699 654 1752 bus
685 1690 930 1750 omnibus
959 1690 1157 1750 corruit
1200 1690 1641 1746 lieterodoxorulu
1683 1692 1981 1761 argutatio,
2025 1690 2111 1757 qui

556 1782 621 1820 cx
650 1766 1019 1819 commisti-ine
1050 1762 1313 1828 particula-
1341 1778 1458 1815 cum
1488 1764 1611 1815 vino
1640 1762 1774 1813 haud
1804 1770 2116 1814 consecrato

2212 514 2401 568 rosiori
2433 513 2727 581 peuetratio
2748 521 2801 566 et
2821 512 3129 575 insinuatio,
3158 528 3261 565 ltuit
3285 521 3426 567 esset
3457 512 3789 569 tamen—veta

2210 583 2519 653 substantia:
2548 583 2848 653 conversio.
2890 582 3047 653 Aliud
3080 583 3277 650 quippe
3322 592 3416 653 est
3438 583 3624 653 intime
3655 600 3783 653 per-

2213 652 2443 715 misceri,
2474 651 2613 704 aliud
2672 651 3022 705 substantiam
3081 650 3440 703 transmutari.
3466 651 3557 706 Sic
3593 650 3790 709 omnes

2213 723 2323 774 fere
2345 721 2588 774 catholici
2619 730 2864 792 auctores
2893 719 3202 792 existimant
3229 718 3396 792 [χειν]
3419 760 3434 784 ,
3460 722 3669 776 etiamsi
3693 740 3787 790 pa-

2214 806 2329 842 rum
2375 804 2527 855 aqua:
2573 791 2623 842 in
2670 789 2890 842 calicem
2942 787 3285 853 iufundatui,
3330 787 3489 857 atque
3536 787 3789 859 saporem

2213 861 2446 925 aliasque
2490 860 2769 924 qualitates
2811 873 2945 925 aqua
2976 858 3217 922 amittat,
3271 872 3552 912 remanere
3603 858 3785 915 tamen

2215 942 2368 995 aqua:
2398 929 2771 990 substantiam,
2804 943 2901 981 nec
2920 942 3038 980 eam
3061 942 3179 979 curn
3212 927 3334 979 vino
3359 926 3410 979 in
3436 928 3631 995 Christi
3655 946 3788 983 san-

2216 998 2425 1061 guinem
2452 999 2786 1050 commutari.
2814 996 2965 1062 Quod
2995 998 3156 1051 etiam
3189 997 3256 1050 de
3286 1011 3444 1063 parva
3470 994 3576 1050 viui
3608 1016 3786 1065 quan-

2218 1068 2365 1118 litate
2405 1066 2455 1117 iu
2504 1065 2755 1132 majorem
2790 1066 2959 1118 infusa
2990 1065 3271 1120 dcendum
3296 1076 3375 1118 est
3403 1106 3417 1127 ,
3468 1067 3679 1122 etiamsi
3709 1084 3785 1121 ex

2216 1144 2368 1200 gtlstll
2399 1136 2624 1201 aliisque
2652 1136 2897 1189 sensibus
2925 1139 3071 1187 nulla
3103 1136 3266 1203 possit
3291 1134 3403 1188 fieri
3432 1136 3587 1190 unius
3617 1139 3687 1192 ab
3705 1141 3785 1191 al-

2216 1214 2332 1256 tero
2356 1204 2625 1258 discretio.

2287 1274 2500 1336 Qiiaerat
2539 1273 2729 1339 aliquis
2772 1287 2868 1327 cur
2904 1287 3009 1325 non
3031 1288 3093 1324 ex
3127 1287 3257 1339 puro
3299 1273 3557 1341 sanguine
3603 1276 3791 1330 calicis

2216 1341 2522 1412 communio
2553 1343 2747 1408 populo
2776 1344 3135 1412 tribueretur?
3161 1342 3272 1395 Non
3303 1357 3402 1394 una
3430 1382 3447 1405 ,
3477 1344 3569 1396 sed
3598 1346 3786 1412 plures

2217 1410 2375 1474 hujus
2391 1412 2523 1481 facti
2556 1411 2803 1463 rationes.
2842 1410 3013 1481 l‘rinia
3038 1421 3119 1481 est
3145 1422 3200 1463 ut
3224 1411 3395 1478 aliqua
3430 1410 3781 1481 pari-uati“.

2218 1478 2483 1533 sacerdoti
2504 1480 2820 1551 exterisque
2852 1479 3108 1551 ministris
3134 1483 3321 1551 sacris,
3356 1486 3547 1545 quibus
3568 1478 3790 1551 sanguis

2218 1549 2807 1619 puruscoucedebatur,
2842 1563 2950 1615 prie
2973 1547 3119 1602 laicis
3143 1549 3480 1619 tribueretur,
3502 1566 3622 1619 quae
3648 1547 3788 1605 ratio

2222 1617 2553 1685 potiSsinlum
2583 1619 2723 1670 valet
2752 1618 2802 1670 in
2827 1619 2927 1671 ritu
2952 1619 3203 1672 Ecclesia:
3247 1617 3788 1677 Romanam—Secunda

2219 1686 2355 1761 ratio
2378 1698 2481 1750 est,
2511 1688 2649 1755 quod
2673 1688 2886 1741 diflicile
2906 1697 3049 1740 esset
3069 1698 3313 1761 accurate
3337 1695 3541 1761 tantum
3559 1692 3787 1761 sangui-

2226 1756 2306 1822 nis
2336 1771 2654 1811 consecrare
2678 1796 2695 1821 ,
2734 1765 2985 1823 quantum
3016 1757 3473 1810 communicandis
3501 1759 3653 1813 laicis
3672 1756 3790 1812 iul-

557 1835 981 1889 (ιιιιηιιιιιιιίοηυιη
1030 1825 1127 1885 sub
1175 1833 1338 1885 altera
1388 1832 1565 1899 specie
1616 1830 1847 1897 suppleri
1900 1841 2117 1883 centen-

2231 1829 2389 1899 licere
2421 1834 2733 1899 porerat,_ut
2761 1827 3236 1899 nesuperaretvel
3268 1828 3477 1899 deesset
3513 1834 3789 1895 sanguinis

559 1907 710 1957 dunt.
761 1906 926 1969 Quam
976 1902 1439 1970 praesumptionem
1493 1900 1880 1970 illustrissimus
1920 1899 2121 1952 Meldo-

566 1991 679 2026 rutu
697 1969 1188 2040 episcupusscrlpto
1210 1970 1463 2040 singulari
1490 1970 1664 2040 libello
1686 1969 1856 2021 valide
1868 1970 2118 2040 explosit,

561 2052 615 2095 i-t
649 2037 766 2109 post
787 2037 905 2093 cum
939 2039 1649 2109 Ludovicusr'l‘homas~intts
1691 2037 1915 2090 Uratorii
1946 2041 2125 2109 erudi-

563 2107 658 2166 tus
682 2112 952 2180 presbyter
984 2110 1034 2162 in
1066 2108 1299 2161 secundo
1327 2118 1471 2160 tumo
1495 2109 1558 2160 de
1583 2108 1797 2161 Unilate
1841 2107 2116 2161 Ecclesiw.

665 2221 800 2274 XIV.
846 2222 918 2273 De
944 2220 1347 2285 sanctiﬁcatione
1371 2221 1542 2272 colicis
1572 2235 1634 2272 ea:
1662 2219 2010 2273 commistione

1052 2292 1315 2360 sanguinis
1342 2291 1640 2344 callsccrati.

630 2378 877 2431 Confecta
906 2382 1163 2448 superiori
1196 2378 1561 2433 coutioversia
1584 2417 1598 2441 ,
1627 2392 2024 2447 supervacanea
2053 2379 2130 2431 vi.

561 2450 715 2502 detur
766 2450 877 2501 lucc
920 2464 1074 2518 quam
1124 2450 1281 2501 modo
1332 2450 1701 2515 proposuimus
1747 2450 2015 2516 quaestio:
2059 2464 2125 2501 an

565 2520 767 2571 Si‘iiHCl
789 2519 963 2571 vinum
987 2520 1168 2572 calles
1192 2519 1570 2582 ministerialis,
1602 2532 1757 2585 quem
1791 2519 1853 2570 ad
1886 2533 2129 2571 commu-

563 2588 774 2640 laionem
822 2588 1076 2641 laicoruln
1125 2591 1173 2641 itt
1224 2588 1376 2641 Missa
1422 2589 1686 2654 poulilicia
1732 2590 1926 2655 porrigi
1969 2598 2120 2639 antea

560 2658 955 2710 nhserravunus
975 2702 989 2723 ,
1024 2674 1087 2711 ix
1120 2660 1288 2710 infusa
1322 2659 1645 2711 rthl'OSilllCll
1675 2657 1869 2709 Christi
1900 2656 2127 2725 sangui-

563 2740 644 2778 nis
674 2728 911 2795 portione
943 2742 1066 2780 vere
1093 2744 1154 2780 ac
1194 2732 1403 2796 proprie
1443 2736 1809 2796 consecretur.
1854 2727 2044 2778 Verum
2081 2727 2126 2778 si

561 2794 683 2865 quis
724 2810 848 2865 rem
910 2797 1123 2864 propius
1173 2794 1516 2862 consideret,
1578 2794 1819 2851 nonnihil
1868 2796 2130 2850 dissimile

562 2864 739 2935 [scut]
765 2867 814 2918 in
840 2865 937 2918 hac
958 2869 1249 2932 qua-stione
1279 2867 1514 2920 residere
1542 2866 1693 2919 facile
1722 2868 2127 2919 auimadvertet.

561 2937 768 3002 Quippe
797 2935 951 3003 longe
982 2936 1188 2989 facilius
1217 2936 1422 2989 infusus
1455 2937 1623 3003 l:qnur
1666 2936 1717 2987 in
1760 2936 1918 2988 alium
1964 2935 2132 3002 liquo-

566 3020 675 3055 iem
706 3018 824 3056 :CSc
856 3006 1116 3066 insinuat,
1149 3015 1203 3057 et
1230 3020 1416 3057 omnes
1447 3003 1673 3072 subjecti
1704 3006 1919 3072 liquoris
1949 3012 2127 3072 partes

568 3073 836 3140 pervadit,
870 3088 1026 3142 quam
1060 3075 1207 3141 panis
1239 3075 1490 3141 particula
1521 3075 1751 3126 craSsior
1793 3084 1845 3125 et
1887 3074 2125 3139 densior,

560 3156 683 3207 quae
729 3155 884 3193 unnut
937 3152 1136 3195 tantum
1187 3153 1389 3209 partem
1439 3143 1556 3211 ejus
1599 3146 1650 3195 in
1691 3157 1845 3209 quam
1892 3143 2126 3196 immissa

561 3212 719 3264 fuerit
748 3211 965 3279 liquOris
994 3213 1222 3278 attingit.

640 3279 1053 3351 Hiaiosanguinis
1073 3288 1127 3334 et
1155 3281 1256 3334 vini
1281 3279 1552 3351 permistio
1578 3280 1733 3335 aliter
1762 3280 1917 3334 fiebat
1945 3280 1996 3334 in
2026 3280 2127 3333 Ec-

561 3349 729 3419 clcsia
749 3348 1014 3414 Romana,
1037 3361 1196 3419 atque
1224 3348 1380 3404 aliter
1412 3355 1462 3405 in
1486 3353 1602 3405 aliis
1646 3352 1911 3404 nonnullis
1952 3356 2125 3404 eccle-

561 3418 679 3472 siis.
714 3418 846 3471 Nam
880 3422 932 3473 in
967 3418 1202 3473 Ecclesia
1232 3420 1464 3475 Romana
1495 3423 1712 3489 sanguis
1739 3435 1771 3474 e
1798 3420 1962 3489 calice
1997 3434 2125 3473 con-

563 3496 774 3559 sccrato
796 3490 1237 3559 refundebaturin
1263 3490 1916 3559 calicemjninisterialem,
1944 3488 1997 3541 in
2018 3505 2125 3558 quo

564 3556 744 3610 viuum
789 3560 1025 3629 erat;iin
1073 3558 1386 3629 quibusdam
1418 3556 1543 3614 vero
1592 3559 1883 3623 Ecclesiis,
1909 3556 2124 3612 cum’ad

566 3627 1065 3698 communicandum
1086 3627 1332 3697 pupulum
1365 3630 1631 3698 sanguinis
1657 3630 1950 3683 consecrati
1974 3631 2126 3694 capia

566 3710 673 3749 non
704 3697 1024 3763 sufficiebat,
1057 3710 1257 3751 lan:um
1290 3701 1396 3751 vini
1425 3697 1483 3752 in
1503 3700 1719 3753 calicem
1749 3699 2127 3752 refundebiitur

561 3779 681 3817 cum
711 3767 933 3837 reliquo
979 3769 1232 3837 sanguine
1260 3768 1708 3822 commiscendum
1735 3807 1751 3832 ,
1781 3776 2033 3835 quantum
2062 3769 2129 3821 ad

569 3835 993 3907 supplementum
1024 3835 1413 3890 eoiiunnnionis
1435 3839 1563 3890 satis
1585 3847 1720 3891 erat.
1752 3837 1947 3907 l’rioris
1967 3853 2128 3907 gene-

572 3903 646 3955 ris
672 3906 1093 3959 couitnisliunelu
1121 3909 1372 3960 exhibent
1394 3915 1500 3961 tres
1533 3908 1683 3971 primi
1717 3905 1882 3961 libelli
1912 3903 2126 3961 ordinis

568 3971 823 4045 ltomani;
859 3978 1202 4041 posteriorem
1244 3976 1377 4030 liber
1413 3976 1635 4030 ltitualis
1664 3977 1832 4030 sancti
1862 3977 2119 4045 Benigni,

570 4042 706 4095 Usus
736 4043 1121 4099 Lislercicnscs
1143 4084 1158 4110 ,
1189 4049 1420 4111 itemque
1458 4047 1739 4109 \ictoriui,
1770 4055 1824 4099 et
1847 4042 2120 4099 (ὶὸηδῐιιιι-

560 4120 735 4164 ttoncs
763 4116 1063 4181 Anglicanas
1106 4130 1135 4168 a
1171 4113 1452 4168 Guillelmu
1479 4118 1544 4168 de
1577 4116 1863 4168 Liudwode
1903 4122 2117 4181 relatie,

558 4195 784 4247 quorum
827 4187 1061 4237 omnium
1110 4185 1410 4238 testimonia
1455 4186 1727 4239 attulimus
1771 4188 1821 4237 ili
1856 4187 2117 4253 superiori

556 4265 585 4302 ιι
604 4264 725 4318 ινιιε
750 4262 954 4306 octavo.

637 4323 689 4371 l'i
710 4325 1013 4375 rsercrabat
1042 4323 1171 4377 alter
1218 4324 1303 4377 hic
1327 4326 1460 4377 ritus
1495 4324 1543 4376 in
1570 4324 1836 4377 nomiullis
1868 4323 2120 4378 Ecclesiis

559 4390 659 4461 sub
707 4396 861 4444 linem
905 4395 1086 4446 saeculi
1121 4395 1256 4447 tertii
1305 4395 1529 4461 decimi,
1575 4401 1800 4447 testante
1841 4392 2121 4448 Guilleluo

561 4456 807 4539 Durulido
827 4464 877 4539 in
908 4461 1196 4516 Itationalis
1223 4478 1342 4529 cap.
1368 4462 1456 4526 42,
1478 4456 1623 4516 num.
1654 4465 1713 4539 l._
1736 4463 1801 4515 lii
1820 4466 2121 4539 quibusdam

558 4534 701 4603 locis,
736 4534 941 4603 inquit,
990 4545 1100 4598 post
1145 4538 1478 4599 suniptioneni
1515 4534 1738 4602 corporis
1778 4534 2120 4603 et'sanguinis

554 4596 767 4661 Christi,
790 4596 997 4673 aliquid
1021 4604 1083 4653 de
1106 4618 1214 4670 ipso
1243 4596 1488 4669 sanguine
1514 4596 1795 4656 reservatur
1835 4606 1885 4656 in
1926 4596 2081 4658 culice
2104 4650 2116 4673 ,

556 4677 603 4718 et
632 4669 1090 4742 superinfuudatur
1110 4688 1276 4723 vinum
1304 4690 1505 4742 parum,
1539 4685 1589 4725 ut
1616 4676 1710 4741 ipsi
1746 4669 2125 4726 conlniunii'an;

557 4747 628 4789 tes
657 4738 772 4789 inde
793 4752 1013 4811 anniaut.
1041 4739 1163 4793 Non
1182 4738 1315 4794 enini
1340 4753 1462 4794 esset
1484 4738 1662 4795 decens
1690 4752 1888 4794 tangunt
1916 4746 2123 4811 sangui-

557 4821 682 4881 nein
701 4810 969 4874 conﬁcere,
999 4826 1087 4861 nec
1110 4812 1247 4864 calix
1271 4813 1780 4881 capuxiitrenirctur.

631 4877 771 4949 Idem
795 4894 977 4931 auctor
1023 4883 1073 4931 ill
1114 4877 1560 4948 consequentibus
1593 4895 1743 4949 negat
1776 4881 1881 4934 riui
1929 4895 2122 4935 conse-

554 4947 846 5019 crationem
868 4963 991 5001 vere
1017 4953 1153 5003 effici
1181 4966 1245 5003 ex
1280 4947 1539 5019 ejusmodi
1563 4947 1830 5003 contactu.
1854 4953 1994 5016 Quas
2021 4954 2124 5006 huc

554 5014 708 5069 affert
734 5019 987 5081 rationes,
1016 5022 1224 5085 utrique
1244 5014 1441 5087 speciei
1467 5034 1778 5071 communes
1798 5014 1919 5072 sunt
1944 5036 1959 5083 ;
1992 5037 2122 5088 qua-

556 5097 677 5157 runt
700 5089 961 5153 praecipua
992 5098 1074 5141 est
1103 5092 1240 5157 quod
1276 5104 1542 5157 nunquam
1568 5091 1658 5141 fiat
1688 5102 1811 5140 vera
1834 5093 2118 5142 conversio

558 5154 711 5218 panis
736 5165 830 5227 aut
853 5161 957 5207 vini
987 5154 1419 5223 iuliucharistta,
1443 5157 1542 5210 nisi
1577 5174 1672 5227 per
1699 5159 1955 5210 solemnia
1985 5174 2115 5212 con-

556 5226 869 5295 srcratiuuis
898 5228 1075 5289 verba,
1110 5242 1227 5295 quae
1256 5230 1500 5281 Christus
1529 5226 1773 5281 instituit.
1807 5228 1912 5282 Sed
1942 5238 2115 5282 tamen

555 5294 836 5357 peculiaris
864 5308 945 5348 est
991 5294 1274 5351 dil'licultas
1313 5298 1380 5351 de
1409 5303 1532 5350 vino
1551 5308 1604 5353 et
1634 5300 1890 5366 sanguine
1932 5313 2118 5351 conse-

552 5369 725 5436 crato,
752 5379 869 5430 qua:
892 5368 1099 5419 facilius
1127 5368 1178 5419 iit
1209 5380 1328 5420 sese
1351 5368 1573 5421 invice.u
1604 5369 1843 5421 converti
1875 5378 2112 5436 possunt.

556 5428 685 5482 Nam
714 5428 781 5485 ini
807 5449 1114 5502 sanguinem
1142 5438 1345 5490 infundi
1377 5446 1544 5505 potest
1570 5439 1751 5491 viuum
1780 5438 1831 5490 in
1859 5428 1921 5493 ea
1952 5454 2119 5505 quau-

557 5508 705 5554 tttate
728 5515 780 5576 et
811 5514 1080 5576 qualitate,
1116 5519 1192 5571 ut,
1224 5510 1269 5559 si
1300 5508 1476 5559 vinum
1510 5508 1787 5575 utrobique
1815 5523 2000 5576 purum
2031 5520 2117 5559 es-

554 5578 636 5622 set
662 5612 676 5635 ,
710 5574 935 5644 alterum
963 5575 1030 5628 ab
1055 5578 1222 5631 altero
1249 5576 1456 5644 penitus
1474 5574 1884 5642 absorberetur;
1917 5587 2036 5643 puta
2070 5579 2115 5631 si

556 5640 873 5716 parunrviui
903 5641 1093 5716 debilis
1122 5644 1172 5696 iu
1209 5640 1458 5713 maguum
1491 5646 1709 5700 talicein
1741 5649 1846 5699 viui
1870 5640 2115 5715 igenero-

558 5708 759 5762 sissitui
788 5709 1178 5777 infunderctur,
1211 5708 1392 5782 quidni
1420 5716 1469 5769 ill
1495 5716 1617 5769 illud
1643 5718 1810 5784 ipsum
1842 5708 2116 5772 εῶιγκηδ-

2228 1898 2377 1962 copia
2406 1895 2895 1965 communicaturis.
2919 1895 3067 1965 Unde
3090 1895 3261 1948 minor
3286 1897 3556 1964 quantitas
3574 1906 3789 1965 sangui-

2228 1968 2309 2017 nis
2341 1967 2391 2017 iu
2419 1965 2731 2032 quibusdam
2777 1964 3029 2018 Ei'clesiis
3067 1969 3517 2028 consecrabatur,
3572 1980 3629 2019 ut
3666 1964 3788 2021 cuni

2228 2034 2457 2087 deficere
2481 2036 2752 2101 cmpissrt,
2784 2035 2906 2086 vino
2931 2035 3275 2101 superaddite
3297 2037 3479 2102 augeri
3504 2038 3789 2101 potuisset.

2230 2103 2410 2156 Tertia
2444 2119 2566 2156 mox
2591 2104 2745 2156 dicta:
2774 2103 2961 2157 rationi
2995 2103 3228 2170 proxima
3258 2114 3360 2169 est,
3391 2106 3529 2172 quod
3558 2110 3647 2159 ubi
3681 2125 3790 2158 uiii-

2230 2186 2330 2242 una
2378 2175 2552 2241 populi
2589 2172 2882 2241 frequentia
2909 2182 3027 2227 erat
3050 2212 3065 2236 ,
3107 2173 3191 2225 vis
3238 2184 3409 2224 lautus
3434 2176 3575 2226 calix
3607 2179 3788 2229 haberi

2235 2253 2413 2305 posset
2441 2244 2527 2309 qui
2556 2242 2907 2293 sufficit-utrm
2937 2242 3259 2294 multitudini
3286 2245 3630 2309 quantitatem
3666 2261 3789 2298 sau—

2233 2316 2405 2383 guinis
2427 2320 2698 2363 continere
2730 2320 2924 2383 posset,
2947 2324 3111 2383 quam
3144 2312 3398 2383 rationem
3433 2314 3605 2366 attulit
3629 2329 3788 2383 supra

2229 2380 2543 2433 tiuillelntus
2586 2381 2883 2433 Durandus.
2923 2382 3120 2446 Quarta
3165 2381 3393 2445 denique
3435 2384 3572 2435 ratio
3601 2380 3791 2437 adduci

2231 2458 2402 2517 potest
2427 2450 2614 2502 saltem
2636 2464 2730 2514 pio
2760 2451 2862 2503 ritu
2880 2452 3141 2513 Romano,
3163 2463 3213 2502 ut
3240 2450 3471 2516 periculo
3490 2451 3647 2505 effusi
3671 2469 3793 2506 san-

2229 2520 2404 2591 guinis
2445 2519 2635 2573 minori
2681 2519 3015 2591 incommodo
3044 2527 3434 2591 occurreretur.
3466 2522 3603 2574 Nam
3636 2525 3793 2591 longe

2229 2589 2401 2642 minus
2448 2590 2836 2642 incommodum
2878 2598 2994 2641 erat
3034 2590 3077 2641 si
3126 2590 3248 2656 quid
3284 2589 3502 2656 liquoris
3551 2608 3615 2645 ex
3667 2589 3791 2646 vnio

2228 2656 2507 2711 cmumisto
2547 2664 2681 2710 inter
2707 2659 3201 2728 communicandum
3242 2657 3467 2713 stillaret
3513 2676 3546 2715 e
3592 2662 3789 2728 calice,

2229 2744 2383 2796 quam
2406 2729 2451 2781 si
2476 2741 2639 2795 purus
2669 2728 2885 2794 sanguis
2913 2729 3109 2781 ell’u'sus
3139 2727 3345 2781 fuisset.

2302 2796 2524 2861 Propter
2569 2798 2809 2851 eamdem
2861 2810 3074 2851 causam
3124 2797 3175 2849 iti
3224 2796 3417 2850 nonnul
3441 2796 3486 2849 is
3536 2798 3795 2854 Lcelesiis

2233 2864 2565 2937 Eucharistia
2596 2866 2811 2920 intincta
2842 2866 3229 2937 porrigebatur,
3256 2869 3320 2919 ad
3351 2867 3622 2921 vitandum
3649 2872 3795 2923 scili-

2230 2945 2315 2988 cet
2352 2935 2624 2990 ell'usionis
2665 2935 3280 3004 periculum.'Eveniebat
3316 2938 3449 2988 enim
3480 2941 3791 3005 frequenter.

2232 3017 2287 3057 ut
2316 3007 2546 3073 loquitur
2576 3005 2822 3058 Ernulfus
2861 3005 3125 3059 Rolfeusis
3150 3008 3429 3073 episcopus
3454 3045 3471 3070 ,
3516 3018 3570 3060 ut
3595 3008 3792 3064 barbati

2230 3085 2275 3126 cl
2302 3074 2529 3145 prolixos
2556 3073 2793 3127 habentes
2818 3091 3026 3145 granos,
3057 3075 3108 3128 id
3129 3085 3211 3128 est
3234 3081 3367 3142 pilos
3393 3090 3607 3141 sparsos
3624 3118 3638 3139 ,
3667 3083 3792 3129 dum

2229 3144 2469 3213 poculum
2494 3145 2625 3196 inter
2652 3144 2831 3212 epulas
2858 3145 3141 3209 sumebant,
3169 3146 3306 3212 prius
3336 3146 3531 3215 liquore
3560 3148 3693 3215 pilos
3715 3151 3791 3199 iu~

2230 3215 2434 3280 ﬁcerent
2455 3252 2471 3277 ,
2513 3230 2666 3283 quam
2695 3216 2770 3266 ori
2800 3216 3038 3281 lquorem
3076 3216 3418 3281 infunderent.
3450 3213 3711 3268 Prailereo
3750 3234 3796 3270 ss

2229 3288 2468 3335 imberbes
2513 3295 2559 3335 et
2605 3284 2713 3336 sine
2741 3285 2947 3353 granis,
2992 3294 3078 3336 aut
3108 3283 3344 3336 mulieres
3384 3287 3452 3336 ad
3495 3290 3796 3339 sumendam

2228 3354 2633 3404 communionem
2663 3364 2885 3405 sanctam
2928 3356 3282 3419 convenirent,
3332 3356 3443 3422 quis
3471 3359 3794 3409 sacerdotum

2229 3432 2421 3489 poterat
2450 3431 2551 3473 tam
2585 3427 2787 3488 provide
2816 3425 3119 3488 ministrare,
3147 3434 3250 3475 tam
3278 3434 3421 3476 caute
3448 3426 3659 3477 calicem
3690 3430 3796 3478 lio-

2230 3492 2351 3543 niiui
2379 3492 2677 3544 distribuere
2695 3530 2711 3556 ,
2756 3503 2811 3544 ut
2840 3494 3011 3545 ntultis
3037 3509 3153 3544 eum
3178 3494 3475 3562 singulatim
3504 3497 3746 3548 divideret
3770 3498 3797 3546 2'

2229 3561 2455 3612 dividens
2484 3562 2558 3612 sic
2584 3578 2635 3632 in
2668 3578 2759 3613 ora
2791 3577 2961 3615 eorum
2992 3563 3245 3629 laudaret,
3280 3573 3332 3615 ut
3362 3564 3639 3632 infundens
3666 3566 3797 3619 nihil

2227 3632 2506 3697 e/fnnileret
2529 3633 2554 3682 ?
2582 3631 2652 3684 ita
2683 3642 2869 3684 auctor
2891 3633 2979 3686 ille
3006 3638 3072 3685 ad
3114 3634 3440 3697 probandum
3472 3636 3553 3687 sui
3580 3638 3795 3700 εειέιιΙι,

2227 3703 2280 3753 iu
2301 3716 2393 3771 est
2411 3701 2695 3764 undecimi,
2728 3711 2922 3765 ritum;
2951 3717 3068 3769 qua:
3096 3705 3316 3771 epistula
3342 3705 3567 3756 refertur
3588 3704 3643 3756 in
3671 3708 3792 3771 Spi-

2226 3770 2399 3840 cilegii
2452 3780 2597 3823 tonio
2645 3772 2897 3840 secundo.
2941 3772 3021 3824 Ub
3066 3774 3308 3824 eamdem
3360 3772 3535 3840 itaque
3579 3770 3793 3827 causam

2222 3839 2471 3892 fortassis
2496 3840 2730 3893 Ecclesia
2756 3839 2986 3892 Romana
3012 3840 3241 3893 instituit
3271 3851 3324 3893 ut
3356 3839 3459 3893 non
3491 3857 3653 3909 purus
3673 3859 3797 3896 san-

2224 3910 2341 3976 guis
2370 3923 2401 3963 e
2427 3909 2591 3962 calice
2624 3914 2817 3976 populo
2844 3909 2987 3979 [xci]
3021 3913 3429 3963 distribueretur
3450 3951 3465 3975 ,
3493 3916 3588 3964 sed
3607 3915 3794 3980 uiajoii

2222 3981 2332 4032 vini
2361 3982 2640 4047 quantitati
2674 3982 2984 4045 permistus;
3018 3990 3126 4033 tum
3153 3990 3207 4033 ut
3245 3994 3310 4033 ex
3352 3995 3453 4032 una
3485 3991 3632 4046 parte
3659 3984 3793 4037 etfu-

2219 4049 2386 4101 sionis
2419 4052 2706 4110 periculum
2738 4052 3084 4113 minueretur,
3115 4058 3224 4101 tum
3253 4056 3308 4101 ut
3335 4063 3401 4102 ex
3429 4051 3598 4102 altera
3630 4067 3711 4115 ιο,
3735 4068 3796 4102 u-

2220 4117 2303 4171 lus
2332 4119 2468 4172 sacri
2492 4120 2673 4170 calicis
2688 4116 3061 4172 communione
3082 4133 3186 4171 nou
3215 4120 3435 4171 omnino
3463 4134 3791 4186 privaretur.

2402 4226 2513 4282 XV.
2549 4228 2626 4281 De
2651 4227 2910 4281 nonnullis
2939 4228 3117 4281 ritibus
3148 4228 3361 4282 Sabbati
3388 4220 3578 4283 sancti.

2294 4322 2372 4373 Ad
2402 4320 2690 4374 Sabbatutn
2703 4326 2941 4372 sanctum
2962 4320 3221 4383 pertinent
3249 4319 3506 4372 lectiones
3528 4334 3593 4372 cx
3614 4320 3797 4388 Scrip-

2227 4400 2342 4443 tura
2358 4389 2634 4443 duodecim
2664 4428 2680 4454 ,
2714 4401 2822 4439 tum
2847 4388 3032 4441 Graece
3056 4427 3070 4450 ,
3106 4400 3214 4439 luiu
3241 4388 3447 4452 Latine,
3480 4390 3531 4440 in
3557 4389 3795 4443 Ecclesia

2226 4459 2463 4513 Romana
2486 4460 2611 4512 olim
2640 4458 2854 4512 recitari
2884 4460 3076 4521 solitae;
3100 4458 3295 4511 deinde
3318 4457 3627 4511 Benedictio
3658 4458 3793 4511 Fou-

2230 4532 2297 4583 tis
2321 4572 2336 4597 ,
2396 4538 2452 4582 et
2474 4529 2766 4595 ba,tisulus
2795 4542 2978 4580 eorum
3018 4527 3107 4593 qui
3142 4543 3234 4594 per
3264 4530 3409 4580 varia
3450 4530 3702 4581 scrutinia
3742 4532 3793 4581 in

2150 4590 2202 4651 Ι)
2226 4590 2638 4666 Quadragcsuua
2669 4597 2805 4649 facta
2859 4598 2926 4649 ad
2956 4590 3055 4648 hoc
3082 4590 3473 4651 sacramentum
3503 4612 3661 4666 comp
3698 4604 3792 4651 rati

2227 4673 2452 4723 fuerant.

2298 4742 2419 4791 l’oSt
2448 4737 2745 4792 celebratos
2768 4735 2939 4789 inedia
2971 4745 3126 4789 nocte
3157 4736 3462 4802 Matutinus,
3489 4736 3617 4788 liora
3643 4736 3795 4789 tertia

2230 4809 2531 4873 baptizandi
2565 4809 2617 4857 in
2641 4806 2923 4859 ecclesiam
2955 4806 3368 4859 Lateranensein
3402 4808 3794 4871 procedi-bant;

2229 4880 2406 4945 ibique
2432 4879 2643 4930 stabant
2660 4877 2908 4937 ordinati,
2934 4875 3149 4927 masculi
3171 4876 3381 4943 quidem
3407 4877 3473 4926 ad
3496 4878 3793 4936 dexteram,

2230 4951 2439 5000 lemma:
2469 4960 2648 4997 auteln
2680 4946 2743 4995 ad
2774 4948 3067 4997 sinistram.
3100 4945 3232 4995 'I'utu
3255 4950 3506 4997 sacerdos
3537 4948 3799 4997 lroutbus

2228 5018 2552 5081 singulorum
2582 5025 2795 5066 crucem
2827 5015 3170 5079 imprimens,
3206 5018 3339 5065 ritus
3371 5028 3795 5067 exorcisuioruui

2222 5096 2277 5139 ct
2302 5085 2824 5138 abreuuiitiatiuuuiu
2852 5084 3120 5148 explebat.

2294 5155 2434 5209 Hora
2488 5168 2628 5206 noua
2679 5154 2912 5222 pontifex
2960 5169 3082 5206 cum
3133 5151 3542 5215 sacerdotibus,
3573 5152 3799 5220 aliisque

2223 5227 2486 5278 ministris
2518 5240 2549 5277 e
2578 5223 2817 5276 sacrario
2842 5222 3042 5290 absque
3070 5232 3229 5273 cantu
3260 5226 3504 5288 prodibat
3529 5238 3652 5274 cum
3687 5238 3797 5274 ves—

2226 5295 2364 5347 tibus
2393 5296 2562 5345 sacris
2589 5331 2605 5357 ,
2640 5296 2973 5360 praecedente
3005 5305 3111 5343 uno
3138 5302 3227 5341 aut
3253 5292 3426 5344 altetu
3454 5306 3650 5353 cereo.
3705 5294 3791 5358 qui

2225 5364 2278 5416 in
2306 5364 2633 5418 candelabro
2676 5371 2801 5414 ante
2829 5362 2994 5414 altare
3023 5362 3379 5414 statin-batur.
3413 5360 3616 5415 Deinde
3655 5360 3795 5413 facta

2223 5435 2368 5487 cerei
2400 5435 2663 5501 paschalis
2682 5430 3081 5501 Benedic‘ione,
3101 5431 3289 5493 lector,
3315 5432 3556 5498 deposita
3579 5434 3795 5497 planeta

2220 5499 2502 5558 umbonem
2553 5499 2920 5555 conscendens
2946 5540 2963 5565 ,
2998 5501 3276 5555 lectionem
3305 5517 3368 5554 ex
3403 5502 3540 5554 libro
3570 5501 3798 5554 Genesis

2220 5574 2405 5628 Gncce
2438 5573 2843 5641 pronuntiabat;
2876 5586 2995 5623 mox
3028 5577 3164 5623 alter
3196 5571 3413 5636 Latine,
3472 5580 3533 5641 et
3554 5568 3634 5623 sic
3662 5570 3796 5621 alias

2219 5646 2307 5697 alii
2337 5639 2748 5709 consequentur.
2779 5641 2872 5693 llis
2901 5641 3182 5704 abswlutis,
3232 5645 3473 5694 l'salmus
3503 5639 3648 5693 Sicut
3689 5656 3785 5691 cer-

2222 5731 2310 5767 rus
2335 5713 2520 5768 Graece
2549 5711 2955 5779 decanlabalur,
2980 5712 3220 5779 aliusque
3250 5709 3489 5765 l‘salmus
3514 5710 3727 5765 Latine.
