4042 6298
227 326 338 378 909

981 319 1043 373 ΙΝ
1083 319 1388 374 (ΠΠΗΝΕΜ
1433 319 1766 376 ιιυιιικυιι
1813 321 2350 378 COMMENTARICS
2394 322 2729 378 PRAEVIUS.

3383 329 3487 384 οιυ

229 437 390 488 datus
420 432 741 487 continetur.
773 430 870 504 Sic_
891 441 1066 504 autem
1100 432 1254 504 liabet
1287 430 1462 504 Codex
1499 435 1548 486 in
1572 433 1806 504 Stridula
1837 438 1885 492 Α
1912 451 2033 501 pore
2063 435 2393 502 pra'cedeutis
2434 437 2595 490 noctis
2634 436 2780 488 initia
2814 453 2911 488 non
2950 435 3205 500 recedunt,
3239 452 3388 504 quam
3425 445 3490 489 ed

232 517 444 570 sancto,
478 511 596 571 post
623 503 737 555 bare
763 501 920 556 verba
945 503 1155 555 Ordinis
1181 503 1401 555 Romani
1427 517 1444 554 :
1470 505 1600 556 Ante
1629 501 1804 556 Evan-

232 577 423 641 gelium
474 588 574 626 non
611 580 818 641 portant
875 572 1151 625 luminaria
1203 574 1256 625 in
1311 574 1426 640 ipsa
1481 583 1654 636 nocte,
1718 575 1807 626 sed

233 647 524 702 incusum;
567 658 668 714 non
709 651 914 714 cantant
957 641 1326 714 Olfertorium,
1351 658 1440 714 nec
1478 645 1660 714 Agnus
1692 643 1804 706 Dei,

232 732 328 768 nec
363 713 818 775 Communionem;
856 713 934 764 sic
957 753 972 770 .
1033 713 1282 782 inquam,
1355 713 1514 766 liabet
1577 714 1754 767 Codex
1791 731 1805 767 :

235 784 305 839 Et
345 781 1144 855 interregavitnus_nihilominus
1183 785 1424 835 damnum
1461 785 1806 855 apostolicum

232 851 557 914 Adrianum',
599 851 879 905 secundum
918 853 1162 905 mandata
1194 864 1359 905 vestra
1379 896 1394 919 ,
1426 854 1469 905 si
1498 855 1548 906 in
1578 855 1809 922 paschali

238 925 475 992 Sabbato
515 925 694 976 debent
735 923 875 992 ﬂecti
913 938 1111 992 genua,
1151 923 1271 975 dum
1310 922 1546 976 lectiones
1588 925 1809 976 recitan—

237 1008 345 1050 tur.
390 991 451 1046 Et
493 995 599 1059 ipse
636 991 1047 1062 respondit/ioc
1104 992 1278 1045 debere
1328 993 1632 1045 annimodis
1670 995 1803 1060 fieri.

230 1065 334 1118 Cui
381 1079 496 1116 cum
555 1061 836 1116 diceremus
874 1078 894 1114 :
936 1061 999 1114 Et
1062 1062 1317 1130 quomodo
1380 1064 1667 1116 sacerdotes
1732 1064 1809 1115 vel

236 1135 458 1188 ministri
511 1150 598 1187 seu
650 1133 816 1185 clerus
855 1147 971 1184 cum
1007 1132 1149 1184 stolis
1213 1144 1261 1184 et
1321 1133 1536 1198 planetis
1599 1144 1810 1198 possunt

235 1208 290 1258 in
335 1215 522 1257 terram
563 1203 821 1270 poster-ni?
847 1201 935 1254 ille
972 1203 1160 1266 adjecit
1190 1217 1291 1254 non
1319 1201 1498 1254 debere
1521 1205 1808 1255 sacerdotes

231 1278 315 1328 vel
355 1275 614 1327 ministros
651 1289 736 1325 seu
777 1273 966 1324 clerum
1005 1272 1146 1324 stv-lis
1187 1273 1327 1340 prius
1364 1274 1680 1340 planetisque
1703 1290 1811 1324 vcs-

236 1347 356 1413 tiri,
399 1343 493 1396 nisi
534 1354 654 1396 tunc
692 1343 928 1405 demum,
969 1358 1085 1394 cum
1108 1342 1305 1413 _lnmen
1358 1357 1537 1413 novum
1579 1343 1811 1394 introdu-

233 1411 371 1468 citur
411 1425 462 1467 ut
501 1429 674 1467 cereus
715 1413 1064 1466 benrdicatur.
1102 1411 1425 1464 Percunctati
1464 1429 1640 1465 sumus
1693 1429 1808 1464 rur-

236 1503 351 1538 sum
387 1502 487 1554 qua
525 1486 651 1536 hora
690 1484 745 1554 in
782 1483 988 1535 sabbato
1029 1481 1364 1554 Pentecosten
1411 1483 1708 1554 conveniens
1747 1485 1811 1535 sit

229 1559 303 1608 ad
345 1551 619 1608 lectionum
656 1552 880 1621 ofﬁcium
909 1553 1122 1622 ingredi.
1155 1551 1254 1617 Qui
1279 1552 1420 1606 nobis
1448 1553 1578 1606 dixit
1627 1551 1752 1606 hora
1779 1555 1812 1608 6

237 1627 334 1678 hoc
372 1627 485 1692 ﬁeri
524 1633 770 1693 oportere.
838 1624 953 1678 lluc
1003 1637 1169 1691 u~que
1213 1622 1389 1677 Codex
1447 1623 1809 1678 Corbeiensis.

235 1696 339 1748 Ubi
373 1711 492 1749 cum
522 1695 810 1764 requiritur
853 1708 917 1745 an
949 1694 1094 1746 ﬂecti
1145 1707 1336 1764 genua
1363 1693 1628 1764 debeant,
1685 1695 1809 1747 dum

238 1766 496 1821 lectiones
526 1762 820 1819 recitantur
848 1765 898 1817 in
931 1762 1166 1818 Sabbato
1196 1762 1432 1830 paschali
1458 1803 1472 1827 ,
1507 1766 1556 1817 id
1609 1765 1806 1819 intelli-

235 1837 467 1900 gendum
499 1836 752 1895 arbitror.
788 1851 893 1888 non
929 1837 994 1888 de
1044 1835 1172 1902 ipsis
1199 1832 1551 1899 Ιθριῑοηὶιιυε,
1606 1834 1700 1888 sed
1749 1836 1815 1889 de

233 1905 581 1959 Orationibus
611 1921 728 1972 quae
761 1905 1086 1957 lectionibus
1118 1904 1370 1957 interseri
1422 1906 1626 1970 solent,
1681 1919 1818 1973 pra:-

237 1979 488 2030 termissa
518 1975 724 2029 diaconi
770 1974 1166 2037 admonitione,
1202 1984 1258 2028 ut
1302 1989 1469 2043 genua
1514 1976 1816 2028 ﬂectantur.

239 2047 351 2101 Sed
384 2047 448 2100 de
477 2047 556 2099 bis
584 2050 734 2100 satis.

255 2207 258 2210 .
295 2161 438 2217 XVI.
481 2160 554 2214 De
591 2159 996 2213 ordinationibus
1032 2160 1190 2212 sacris
1235 2158 1474 2212 Ecclesite
1517 2160 1780 2215 llomance.

315 2255 429 2309 Etsi
481 2255 653 2309 nullas
695 2255 746 2308 in
778 2252 953 2322 vigilia
988 2253 1202 2308 Pascha:
1245 2253 1611 2310 ordinationes
1652 2273 1682 2310 a
1715 2259 1820 2313 llo-

241 2327 416 2380 manis
471 2325 848 2393 pontiﬁcibus,
894 2323 1007 2396 qui
1043 2323 1292 2392 baptismi
1348 2326 1538 2379 ritibus
1595 2327 1819 2396 aliisque

241 2396 558 2450 ministeriis
601 2404 726 2449 tunc
770 2395 1011 2457 occupati
1059 2403 1248 2457 erant,
1290 2396 1584 2464 antiquitus
1637 2399 1808 2454 factas

238 2469 482 2535 legamus
504 2508 518 2529 ,
551 2481 728 2520 rerum
770 2475 944 2536 tamen
975 2465 1356 2534 cons-quentia
1387 2467 1547 2534 exigit
1603 2478 1659 2520 ιιι
1693 2483 1814 2536 post

249 2532 570 2605 baptismum
621 2542 675 2589 et
722 2532 1182 2589 conﬁrmationem
1241 2532 1498 2604 quandam
1533 2539 1598 2591 de
1653 2532 1820 2594 sacris

245 2606 699 2670 ordinationibus,
737 2616 890 2672 prout
917 2607 966 2657 in
1000 2605 1237 2660 Romana
1273 2607 1510 2660 Ecclesia
1543 2609 1667 2660 olim
1703 2612 1816 2664 tieri

253 2678 533 2741 solebant,
568 2679 666 2730 hoc
696 2677 813 2729 loco
859 2675 1228 2732 observemus.
1266 2679 1406 2730 Duos
1465 2685 1668 2731 tantum
1721 2681 1818 2736 bac

239 2747 319 2802 de
361 2763 420 2801 re
465 2747 676 2818 libellos
715 2746 1200 2818 cdiinus,qconteuti
1245 2748 1382 2801 alios
1414 2747 1685 2818 indicate,
1729 2753 1818 2818 qui

249 2829 363 2870 tum
396 2818 532 2886 apud
554 2817 812 2870 Morinum
837 2815 888 2869 in
914 2816 1049 2870 libro
1074 2817 1139 2870 de
1166 2818 1335 2887 sacris
1357 2815 1814 2887 Ordinationibtie,

252 2897 362 2941 tum
395 2889 532 2956 apud
561 2887 868 2959 litt-nardum
899 2897 1140 2941 nostrum
1171 2886 1306 2959 [cm]
1339 2888 1390 2959 in
1439 2888 1574 2942 libro
1622 2886 1815 2944 Sacra;

247 2968 550 3011 mentorum
597 2957 793 3027 vulgati
824 2965 1068 3024 exstant,
1104 2957 1306 3028 prieter
1326 2958 1528 3012 editum
1560 2959 1815 3015 Ordinem

251 3029 570 3081 Romanum.

318 3097 485 3151 Primi
506 3097 792 3167 apostolici,
818 3097 986 3165 inquit
1014 3097 1312 3152 Amalarius
1341 3100 1392 3169 in
1418 3100 1507 3152 ιι».
1534 3115 1591 3163 ιι,
1617 3115 1734 3169 etp.
1764 3104 1813 3162 l.

1913 505 2045 556 diem
2093 504 2516 570 Resurrcctionis,
2573 508 2700 558 sicut
2749 507 2901 558 etiam
2949 506 2998 559 in
3037 507 3234 559 Pascha
3283 505 3492 562 Domini

1912 575 2229 646 declaratur,
2274 577 2527 646 pertinere
2564 593 2662 630 non
2706 576 2916 629 dubium
2947 587 3038 646 ist.
3078 578 3181 630 l.eo
3211 577 3352 632 hunc
3379 593 3491 634 mo-

1914 659 2027 719 rezn
2078 645 2279 719 probat
2303 648 2620 719 auctoritate
2650 645 3069 719 consuetudinis,
3104 663 3255 716 quam
3279 663 3342 702 ea:
3368 665 3486 719 apo-

1911 715 2128 784 stolica,
2180 715 2371 784 inquit,
2420 718 2650 769 novimus
2700 718 2866 770 venire
2913 715 3168 784 doctrina,
3223 727 3277 772 et
3326 715 3493 774 saetas

1913 783 2229 857 Scriptura),
2261 783 2389 857 [etv]
2425 788 2629 842 scilicet
2659 787 2805 840 Pauli
2838 798 2890 839 rt
2924 783 3178 841 Barnabae
3218 785 3361 843 facto
3407 806 3492 843 re-

1913 854 2020 908 lato
2049 869 2112 909 ex
2147 854 2514 910 Actuum'xnt.
2551 857 2769 909 Domum
2812 859 3082 913 concludit
3111 861 3175 912 ad
3211 864 3350 913 [tunc
3380 873 3496 914 mo-

1911 926 2061 989 dum,
2115 925 2520 997 ordinandorum
2559 929 2881 980 sacerdotum
2914 933 3130 997 formam
3166 930 3356 983 servari
3399 932 3496 984 de-

1915 997 2058 1068 bere,
2092 996 2366 1068 ut_ltis_qui
2393 997 2732 1068 consecrandi
2751 1007 2865 1050 sunt
2889 996 3153 1068 nunquam
3178 1000 3494 1063 Benedictio,

1913 1065 2010 1115 nisi
2041 1067 2093 1116 in
2133 1064 2216 1136 die
2254 1064 2661 1136 liesurrectionis
2704 1065 2987 1121 Dominicaz
3011 1064 3307 1136 tribuatur,
3347 1072 3428 1123 cui
3468 1088 3498 1124 α

1914 1149 2122 1200 vespera
2165 1133 2378 1187 Sabbati
2409 1135 2609 1186 initium
2639 1146 2837 1188 constat
2866 1139 3068 1191 ascribi.
3104 1140 3184 1192 Ad
3220 1133 3356 1194 hanc
3384 1142 3499 1204 epi-

1916 1205 2105 1274 stolam
2142 1205 2308 1256 multa
2340 1213 2486 1256 notat
2514 1206 2755 1258 eruditus
2783 1207 3121 1270 Quesnellius
3150 1226 3162 1259 :
3193 1211 3364 1274 primo
3395 1211 3495 1262 Dn-

1915 1272 2122 1342 tttinicas
2176 1274 2602 1327 Resut'rectionis
2645 1277 2858 1329 nomine
2906 1278 3131 1342 intelligi
3181 1272 3286 1331 non
3321 1280 3495 1340 ipsum

1914 1340 2108 1394 festum
2151 1342 2387 1411 Pascite,
2430 1346 2521 1396 sed
2563 1345 2858 1410 quemlibet
2889 1340 3219 1400 Dominicnm
3247 1349 3409 1411 diem,
3442 1361 3500 1403 ιιι.

1909 1411 2071 1464 etiam
2099 1411 2237 1478 apud
2263 1410 2579 1480 Gregorium
2605 1413 2972 1468 'l‘uronensem
3001 1417 3313 1484 episcopum
3337 1421 3498 1473 alios-

1913 1497 2016 1546 que
2060 1496 2270 1536 veteres
2314 1493 2598 1548 auctores;
2640 1485 2907 1548 secundo,
2960 1495 3164 1538 tantum
3212 1490 3397 1540 abesse
3441 1502 3499 1544 ut

1914 1551 2148 1626 sabbato
2196 1552 2370 1626 solum
2429 1562 2614 1626 sancto
2669 1564 2758 1606 aut
2813 1553 3085 1610 DOminic.t
3135 1556 3498 1626 subsequente

1915 1621 2280 1676 ministrorum
2330 1623 2587 1678 Ecclesiae
2637 1628 2974 1678 consecratio
3024 1635 3150 1679 tunc
3198 1621 3389 1692 fieret,
3441 1640 3498 1685 ut

1921 1692 2094 1767 potius
2122 1693 2212 1767 illa
2236 1692 2322 1748 die
2344 1709 2615 1767 nunquam
2643 1695 2780 1748 facta
2809 1694 2972 1767 fuisse
3006 1695 3249 1750 videatur
3280 1709 3496 1767 propter

1919 1763 2313 1818 solemnitatem
2363 1763 2749 1837 baptismi.__cui
2788 1764 3116 1837 conferendo
3148 1768 3248 1822 boc
3283 1763 3495 1837 tempus

1926 1842 2299 1904 conseCratum
2339 1845 2489 1904 erat;
2538 1833 2724 1900 tertio,
2770 1835 3009 1904 quolibet
3054 1845 3179 1891 tunc
3222 1833 3500 1895 Dominico

1925 1903 2011 1974 die
2053 1905 2351 1959 celebratas
2389 1903 2557 1959 fuisse
2596 1903 2983 1971 ordinationes,
3019 1907 3297 1974 praemisso
3324 1909 3391 1963 ab
3413 1925 3502 1964 or-

1924 1972 2149 2048 dinante
2178 1975 2590 2048 ordinandisque
2612 1974 2852 2046 jejunio;
2885 1972 3094 2046 quarto,
3123 1977 3222 2032 hoc
3240 1977 3498 2048 jejunium

1924 2042 1958 2095 a'
1980 2045 2046 2098 Sa
2059 2044 2217 2098 bbito
2248 2042 2584 2111 prtecedente
2614 2042 3012 2101 itt’ntatutitium
3043 2042 3345 2104 Dominicie‘
3377 2060 3502 2106 tem-

1927 2129 2022 2178 pus
2073 2114 2386 2190 quatiebat
2431 2117 3322 2190 ordinatiouprorogatumAfuisse;
3362 2122 3499 2190 quod

1918 2198 2043 2257 cum
2086 2185 2242 2239 nimis
2271 2185 2607 2257 ordinantem
2629 2185 3062 2256 ordinandasque
3083 2187 3349 2257 fatigaret,
3379 2185 3505 2246 Sen-

1923 2255 2023 2306 sim
2055 2270 2083 2306 a
2114 2270 2268 2310 mane
2300 2255 2589 2310 Dominicze
2619 2257 2684 2310 ad
2728 2258 2876 2312 initia
2903 2255 3100 2323 noetis,
3132 2255 3327 2314 deinde
3352 2275 3382 2315 a
3407 2276 3504 2314 no-

1923 2325 2022 2378 ctis
2049 2326 2268 2400 exordio
2288 2327 2353 2380 ad
2379 2327 2732 2400 praecedentis
2758 2329 2981 2384 Sabbati
3001 2343 3301 2396 vesperam,
3329 2339 3502 2400 posta

1926 2409 2143 2462 vespera
2166 2395 2232 2449 ad
2259 2397 2554 2462 meridiem,
2601 2399 2832 2466 denique
2857 2414 2886 2452 a
2919 2395 3143 2454 meridie
3178 2402 3243 2452 ad
3287 2395 3500 2456 matuti-

1925 2481 2018 2539 nas
2057 2466 2237 2528 tionis,
2273 2477 2327 2521 ut
2358 2466 2415 2539 tit
2444 2468 2619 2533 hodie,
2651 2469 2918 2525 ordinatio
2948 2470 3344 2539 retrogrediens
3382 2480 3502 2527 tan-

1922 2537 2042 2588 dem
2073 2547 2314 2591 revocata
2342 2537 2428 2591 sit.

1998 2609 2169 2659 l’ritna
2218 2622 2337 2675 qum
2381 2608 2594 2676 quidem
2655 2611 2810 2663 nobis
2865 2611 3052 2664 relicta
3093 2620 3177 2665 est
3224 2612 3494 2677 pontiﬁcia

1922 2691 2021 2750 con
2059 2679 2250 2740 titutio,
2281 2695 2382 2747 qua
2415 2681 2782 2750 ordinationes
2804 2682 2866 2735 ad
2901 2693 3140 2750 tempora
3177 2683 3495 2736 solemnium

1919 2748 2244 2822 jejuniorum
2277 2760 2612 2822 revocantur,
2646 2761 2728 2804 est
2751 2748 2950 2806 Gelasii
2981 2748 3136 2820 primi
3181 2753 3234 2806 ιιι
3275 2753 3498 2822 cpistola

1923 2820 2123 2872 directa
2163 2819 2430 2887 episcopis
2465 2835 2558 2887 per
2589 2819 2876 2875 Lucaniam
2907 2833 2960 2876 et
2982 2819 3205 2875 ’Brutios
3235 2819 3496 2878 constitu-

1922 2888 2016 2943 tis.
2050 2887 2410 2941 Ordinationes
2461 2892 2866 2960 presbyterorum
2915 2901 2964 2946 et
3013 2893 3346 2948 diaconorum
3403 2896 3499 2947 nisi

1921 2959 2073 3011 certis
2095 2959 2399 3028 temporibus
2424 2959 2469 3012 et
2499 2959 2672 3014 diebus
2711 2964 2932 3015 exerceri
2979 2979 3076 3015 non
3117 2964 3315 3025 debent,
3347 2962 3402 3015 id
3427 2975 3498 3017 est

1922 3030 2088 3096 quarti
2110 3030 2290 3082 mensis
2306 3031 2529 3100 jejunio,
2554 3032 2754 3098 septimi
2779 3040 2823 3083 et
2851 3033 3056 3097 decitni,
3083 3034 3172 3084 sed
3199 3035 3347 3085 etiam
3370 3049 3497 3099 qua-

1922 3101 2278 3180 dragesimalis
2298 3100 2432 3152 initii
2462 3115 2522 3152 ac
2545 3102 2793 3180 mediante
2820 3102 3168 3180 hebdomadis,
3200 3103 3496 3180 e_t_Sabbati

239 3163 1074 3240 semper_in'DAecembrio_mense,
1116 3170 1166 3220 in
1191 3185 1290 3237 quo
1326 3167 1577 3222 Natiuitas
1617 3163 1818 3225 Domini
1844 3163 1890 3223 Β
1914 3163 2118 3238 λεῙιὶιιὶο
2145 3170 2282 3222 circa
2315 3186 2574 3237 vesperam
2615 3175 2806 3224 noverit
2841 3163 3189 3226 celebrandas.
3224 3172 3498 3240 Tempore

247 3242 407 3292 nostri
429 3237 554 3292 Iesu
581 3237 768 3292 Christi
797 3238 1096 3302 celebratur,
1132 3241 1532 3292 con~erratiOnes
1563 3242 1817 3294 ministra.

238 3311 365 3362 bant
391 3326 547 3376 usque
568 3308 634 3361 ad
661 3309 1015 3380 Simplicium,
1045 3310 1130 3378 qui
1165 3309 1262 3376 {uit
1288 3328 1318 3361 a
1339 3311 1482 3362 beato
1520 3311 1672 3380 Retro
1697 3329 1816 3380 qua-

243 3382 563 3450 dragesimus
591 3395 773 3450 nonus.
812 3378 926 3448 Ipse
955 3380 1148 3449 primus
1182 3381 1402 3450 sacravit
1430 3382 1482 3433 in
1512 3378 1816 3436 Februario.

245 3448 389 3504 idem
424 3459 648 3503 testatur
677 3449 996 3518 Mtcrologus
1022 3465 1082 3502 ea:
1108 3450 1339 3502 llatnano
1367 3448 1682 3516 Ponti/icalt,
1715 3470 1818 3518 quo

239 3522 464 3574 nomine
488 3519 676 3572 librum
708 3519 774 3572 de
804 3521 966 3588 gestis
999 3519 1357 3574 Romanorum
1391 3520 1703 3574 Pontiﬁcum
1739 3527 1819 3576 in-

244 3593 456 3656 telltgil.
484 3589 590 3643 Cur
620 3592 797 3660 potius
833 3605 1012 3660 "tense
1043 3590 1316 3645 Decembri
1343 3606 1499 3660 quam
1533 3592 1652 3646 aliis
1685 3604 1818 3647 tem-

245 3661 464 3726 poribus
493 3661 645 3713 ordin
665 3657 853 3714 itiones
883 3658 1332 3729 frequentaverint
1360 3657 1579 3715 Romani
1611 3666 1819 3716 antisti-

240 3746 346 3792 ωε,
382 3746 486 3784 non
517 3730 671 3784 facile
697 3742 782 3784 est
816 3730 1060 3786 delinire.
1107 3732 1358 3785 Moralem
1405 3747 1620 3785 causam
1663 3735 1819 3788 all'ert

244 3803 568 3872 Atnalarius,
599 3804 846 3855 nimirum
878 3813 933 3854 ut
964 3804 1270 3855 intimarent
1305 3802 1685 3872 conjungendos
1707 3822 1818 3871 pro.

239 3873 482 3941 pinquius
514 3870 697 3925 Christi
735 3877 931 3940 corpori
971 3873 1056 3941 qui
1103 3888 1190 3941 per
1230 3887 1435 3925 sacrum
1481 3870 1818 3928 ministerium

244 3946 614 4009 provehantur.
650 3942 859 3995 l’lanior
888 3941 1062 3996 παθη-ἱ
1099 3953 1270 4008 petest
1295 3957 1477 4009 causa,
1509 3946 1649 4012 quod
1671 3958 1820 3998 com-

246 4013 458 4065 modior
504 4025 648 4066 esset
690 4021 985 4080 tempestas
1015 4012 1080 4065 ad
1114 4013 1394 4067 levandum
1437 4015 1735 4068 ordinantis
1765 4025 1820 4070 et

240 4083 658 4136 ordinandormn
690 4086 945 4136 laborem.
971 4082 1101 4136 Nam
1135 4084 1186 4136 in
1213 4092 1398 4137 testate
1427 4098 1588 4137 armos
1618 4099 1742 4151 pws
1767 4103 1817 4140 ιιι

243 4156 299 4206 in
337 4154 477 4207 Urbe
509 4153 869 4207 Illttl8>ll55lllli
901 4164 1045 4218 sunt,
1077 4165 1131 4207 et
1161 4165 1447 4207 autumnus
1475 4153 1622 4208 feriis
1644 4155 1819 4210 vinde-

244 4221 485 4277 miali'nus
515 4233 839 4291 oecupatus;
880 4223 1315 4292 Quadragesimre
1360 4239 1485 4278 vero
1520 4226 1805 4280 adventan-

246 4295 383 4348 tium
418 4296 775 4364 peregrinatio
802 4309 906 4348 non
936 4298 1006 4348 ita
1035 4295 1404 4358 conveniebat,
1436 4309 1542 4364 quo
1575 4306 1817 4364 tempore

239 4367 408 4417 etiam
440 4362 660 4418 Romani
693 4364 969 4433 pontiﬁces
988 4378 1282 4434 eorumque
1317 4362 1541 4420 miniStri
1572 4362 1817 4419 stationi-

244 4436 345 4488 bus
390 4451 484 4503 per
528 4436 760 4503 singulos
806 4435 921 4488 dies
965 4435 1300 4489 celebrandis
1343 4445 1503 4503 atque
1547 4439 1816 4492 scrutiniis

242 4503 689 4574 baptizandorum
724 4505 964 4574 occupati
993 4514 1166 4560 erant.
1202 4508 1342 4562 Sane
1370 4506 1509 4561 inter
1539 4515 1616 4560 tot
1641 4519 1816 4576 ponti-

243 4576 375 4630 tices
401 4577 488 4644 qui
520 4577 583 4627 ad
621 4577 775 4628 tinem
808 4575 985 4629 stt-culi
1012 4577 1135 4629 noni
1159 4576 1522 4630 ordinationes
1551 4575 1812 4643 iecerunt,

243 4660 380 4699 unus
408 4648 516 4699 Leo
541 4648 806 4700 secundus
825 4645 879 4699 in
907 4660 1088 4700 mense
1109 4645 1248 4702 Maio
1271 4647 1631 4702 ordinationes
1657 4648 1814 4713 fecit;

242 4725 300 4770 et
326 4716 380 4769 in
407 4729 594 4789 mense
622 4717 919 4789 Septembri
947 4731 1102 4789 unam
1128 4716 1417 4789 Gregorius
1441 4717 1679 4789 Magnus.
1711 4718 1816 4774 Alii

252 4798 372 4851 post
401 4786 729 4855 Simplicium
763 4802 949 4841 omnes
982 4787 1064 4840 vel
1093 4786 1276 4842 mense
1309 4786 1609 4851 Decembri,
1648 4791 1730 4843 vel
1759 4790 1814 4845 in

243 4857 444 4926 prima,
475 4861 556 4911 vel
598 4860 646 4909 in
691 4855 932 4910 mediana
979 4858 1308 4912 bebdontada
1353 4859 1814 4928 Quadragesimas;

247 4928 378 4998 nulli
405 4928 562 4997 (quos
591 4928 798 4997 quidem
829 4929 1084 4998 sciamus)
1111 4931 1160 4982 in
1187 4931 1409 4984 sabbato
1435 4930 1671 4984 Pascha}.

316 4996 434 5064 Quo
492 4996 730 5067 tempore
781 4997 966 5064 primis
1006 4996 1216 5054 sacculis
1254 5001 1617 5056 ordinationes
1659 5001 1814 5055 cele-

239 5068 412 5122 bratae
435 5067 648 5130 iuerint,
670 5070 828 5122 docet
849 5067 958 5123 Leo
987 5069 1204 5139 Magnus
1233 5070 1285 5123 in
1315 5071 1539 5138 epistola
1561 5073 1626 5124 ad
1654 5074 1814 5126 Alex-

236 5139 528 5193 andrinum
567 5144 897 5208 episcopum,
927 5153 1051 5209 qua:
1085 5149 1171 5195 est
1198 5142 1421 5208 epistola
1453 5155 1526 5194 χιι
1553 5143 1812 5196 Editionis

240 5211 656 5276 Quesnelbanze.
701 5210 851 5274 Quod
890 5225 1009 5278 ergo
1045 5228 1077 5264 a
1107 5211 1338 5280 patribus
1374 5213 1560 5265 nostris
1592 5229 1811 5281 prapen-

239 5281 379 5334 siore
403 5295 524 5332 cura
552 5281 782 5334 novimus
804 5296 907 5335 esse
932 5290 1206 5348 servatum,
1237 5298 1270 5335 a
1298 5284 1431 5336 vobis
1456 5282 1551 5335 hoc
1577 5284 1810 5335 volumus

237 5351 512 5417 custodiri,
542 5361 592 5404 ut
621 5367 722 5404 non
759 5354 950 5421 passim
987 5351 1163 5406 diebus
1210 5354 1442 5407 omnibus
1481 5353 1811 5406 sacerdotalis

240 5422 550 5493 vettevitica
576 5423 828 5475 ordinatio
859 5423 1163 5487 celebretur;
1212 5425 1300 5477 sed
1346 5436 1457 5493 post
1505 5425 1637 5476 diem
1683 5422 1817 5477 Sub-

243 5492 352 5563 bati
380 5494 495 5563 ejus
525 5495 687 5546 nectis
713 5507 827 5562 qua:
849 5493 902 5546 in
931 5495 1097 5555 prima
1126 5492 1576 5548 Sabbatitucescit
1604 5496 1816 5548 exordia

238 5561 557 5631 deligantur,
590 5564 641 5616 in
669 5561 868 5632 quibus,
895 5564 1081 5634 bisqui
1102 5567 1430 5618 consecrandi
1455 5573 1574 5617 sunt
1595 5565 1815 5634 jejunis,

237 5641 289 5707 et
339 5649 370 5683 a
410 5631 946 5707 jejunantibussacra
975 5631 1271 5707 Benedictio
1312 5631 1818 5707 conferatueruod

237 5705 469 5772 ejusdem
497 5704 827 5758 observantia
855 5705 952 5757 erit
975 5746 990 5770 ,
1028 5705 1072 5757 si
1098 5721 1249 5759 mane
1273 5709 1383 5775 ipso
1409 5704 1688 5760 'Dominico
1713 5705 1813 5770 die,

239 5776 538 5830 continuato
588 5776 800 5833 Sabbati
841 5775 1066 5847 jejunio,
1115 5776 1422 5845 celebretur;
1472 5795 1502 5830 a
1553 5792 1651 5848 quo
1695 5785 1817 5828 tent-

1927 3240 2123 3294 Urbatti
2171 3240 2390 3293 secundi
2436 3240 2502 3292 ad
2533 3257 2789 3310 vesperam
2814 3242 2972 3295 etiam
3005 3239 3379 3295 ordinationes,
3405 3245 3498 3299 lie-

1922 3310 2068 3381 bant,
2103 3316 2164 3362 ut
2195 3318 2335 3377 patet
2359 3325 2420 3362 ex
2453 3312 2681 3365 concilio
2711 3314 3144 3378 Claromontauo,
3170 3314 3222 3365 in
3247 3329 3352 3381 quo
3376 3330 3499 3367 sua-

1919 3380 2074 3433 detur
2097 3388 2152 3452 ut
2176 3381 2505 3447 protrahatur
2537 3382 2796 3449 jejunium
2831 3399 2988 3452 usque
3025 3385 3092 3434 ad
3131 3380 3380 3452 vesperas,
3424 3393 3494 3448 et,

1919 3452 1963 3524 si
1994 3451 2312 3524 [ieri_pote_st,
2350 3468 2509 3524 usque
2539 3454 2606 3504 ad
2646 3455 2946 3524 crastinum,
2979 3463 3031 3505 ut
3058 3451 3219 3523 magis
3250 3465 3500 3524 appareat

1919 3522 1973 3573 in
1994 3521 2076 3574 die
2105 3521 2368 3573 Domich
2397 3522 2601 3575 ordines
2621 3523 2752 3590 fieri.
2787 3523 2912 3576 Inde
2933 3534 3015 3577 est
3035 3521 3176 3592 quod
3207 3521 3498 3580 Dominicat

1920 3605 2040 3660 qua:
2079 3592 2131 3644 in
2173 3593 2434 3646 solemnia
2477 3594 2880 3647 Ordinationttm
2936 3603 3174 3660 tempora
3231 3594 3496 3658 incidunt.

1920 3673 2336 3733 otnnesﬂvacent
2377 3663 2606 3730 propriis
2636 3664 2915 3718 Misstrum
2961 3665 3174 3729 ciliciis,
3213 3667 3494 3733 [impaired

1920 3734 2061 3798 quod
2086 3731 2242 3784 Missa
2287 3748 2383 3800 pro
2411 3735 2721 3788 ordinandis
2755 3734 3042 3788 Dominicte
3070 3731 3387 3790 ol‘ticiumiet
3407 3752 3498 3789 sa-

1919 3802 2179 3874 erilicium
2211 3803 2504 3872 suppleret.
2533 3804 2766 3858 Consule
2793 3805 3061 3874 .llierologi
3086 3814 3248 3873 caput
3272 3806 3365 3859 29.

1993 3872 2173 3926 Redeo
2213 3875 2280 3926 ad
2329 3875 2537 3928 libellos
2575 3883 2810 3941 nostros,
2864 3876 2916 3929 in
2959 3872 3164 3943 quibus
3198 3880 3364 3929 multa
3407 3893 3500 3930 ve-

1922 3943 2075 3995 niunt
2094 3945 2444 4014 observanda.
2483 3943 2536 3996 ln
2570 3948 2753 4009 primis
2782 3945 2947 3998 solius
2971 3945 3204 4014 acolytlti
3231 3961 3298 3999 ex
3327 3945 3500 3999 miuo-

1923 4013 2070 4065 ribus
2109 4011 2372 4065 ordinatio
2418 4014 2617 4068 diserte
2661 4015 2976 4082 exprimitur
3016 4011 3127 4085 [οὗ]
3162 4016 3214 4068 in
3244 4014 3409 4082 priori
3438 4019 3499 4070 li-

1924 4085 2087 4147 bello,
2118 4095 2276 4151 quem
2308 4085 2648 4153 octavoiloco
2671 4087 2898 4148 edimus,
2934 4085 3192 4153 inscripto
3229 4088 3499 4149 Quomodo

1921 4153 1973 4205 in
2004 4164 2180 4206 sancta
2217 4154 2451 4207 Romana
2480 4152 2710 4206 Ecclesia
2752 4156 2974 4223 acolyttn'
2999 4152 3318 4208 ordinentur.
3350 4156 3503 4210 littus

1921 4234 2098 4276 autem
2131 4226 2410 4279 ordinandi
2440 4224 2669 4294 acolytlti
2700 4226 2774 4294 ita
2807 4223 3145 4278 describitur.
3178 4224 3312 4278 Dum
3339 4224 3502 4280 Missa

1921 4293 2168 4347 celebrata
2198 4297 2369 4366 fuerit,
2398 4293 2622 4349 induunt
2659 4293 2901 4349 clericum
2942 4297 3086 4348 illum
3128 4294 3419 4363 planetam,
3457 4307 3504 4351 et

1921 4367 2166 4421 orarium.
2210 4367 2445 4433 Dumque
2475 4367 2664 4418 venerit
2695 4367 2982 4435 episcopus,
3015 4375 3104 4419 aut
3140 4368 3248 4434 ipse
3286 4371 3502 4421 domnus

1920 4437 2232 4505 apostolicus
2253 4439 2318 4490 ad
2341 4436 2844 4500 communicandum,
2876 4437 3072 4504 laciunt
3095 4452 3210 4489 eum
3238 4438 3406 4490 venire
3433 4441 3502 4491 ad

1921 4521 2008 4571 se,
2041 4517 2089 4560 et
2111 4508 2324 4578 porrigit
2364 4507 2418 4559 in
2465 4507 2612 4560 ulnas
2661 4510 2776 4577 ejus
2817 4509 3080 4560 sacculum
3123 4523 3274 4578 super
3316 4507 3502 4576 plane-

1921 4587 2047 4640 tam,
2073 4587 2178 4632 etc.
2210 4579 2396 4632 nitrum
2427 4586 2510 4631 est
2536 4577 2676 4646 quod
2702 4579 2952 4646 acolytbo
2983 4577 3281 4632 ordinando
3309 4579 3499 4633 tribui-

1925 4656 2010 4700 tur
2041 4649 2250 4716 planeta
2274 4647 2604 4702 ctorarium.
2637 4648 2743 4701 Sed
2769 4647 2897 4702 illud
2918 4649 3144 4716 amplius
3177 4649 3500 4711 mirandum,

1920 4722 2232 4786 quod'nulla
2258 4720 2460 4773 mentio
2491 4719 2584 4772 ﬁat
2603 4719 2829 4783 ostiarii,
2860 4720 3076 4773 lectoris
3096 4728 3150 4771 et
3174 4721 3501 4785 exorcistae;

1920 4804 2094 4855 neque
2123 4791 2283 4845 etiam
2319 4792 2370 4844 in
2404 4788 2685 4858 posteriori
2718 4790 2917 4856 libello,
2949 4791 3048 4843 nisi
3080 4789 3299 4858 quodin
3323 4792 3498 4844 schola

1923 4868 2190 4914 cantorum
2223 4870 2378 4915 antea
2408 4859 2593 4930 nutriti
2618 4858 2866 4913 dicuntur
2891 4859 3154 4930 ejusmodi
3185 4862 3358 4928 pueri,
3392 4870 3500 4913 tum

1920 4943 2074 4998 papas
2119 4931 2429 4986 cubicularii
2477 4929 2621 4997 facti,
2670 4929 2956 4999 antequam
2985 4931 3220 5000 acolytbi
3253 4931 3500 4985 institue-

1919 5011 2124 5055 remur.
2159 5002 2252 5057 His
2278 5001 2392 5056 fere
2432 5001 2698 5055 consentit
2746 5001 2925 5055 Siricii
2977 5016 3126 5069 papa:
3171 5002 3399 5068 epistola
3446 5008 3494 5065 -ι,

1921 5072 1973 5124 in
2004 5087 2105 5139 qua
2152 5073 2353 5126 mentio
2384 5074 2440 5124 lit
2471 5081 2676 5124 tantum
2729 5072 2963 5134 lectoris,
3014 5072 3249 5140 aeolytbi
3281 5081 3331 5124 et
3372 5073 3495 5124 sub-

1919 5143 2150 5196 diaconi.
2202 5145 2500 5211 Quicunque
2547 5143 2719 5211 itaque
2745 5157 2800 5194 se
2824 5140 3067 5194 Ecclesia:
3093 5143 3222 5194 vovit
3252 5142 3501 5208 obsequiis

1923 5229 1952 5262 a
1983 5227 2074 5264 sua
2098 5213 2342 5281 infantia,
2375 5221 2494 5265 ante
2520 5212 2796 5280 pubertatis
2824 5227 2987 5264 annos
3009 5211 3253 5279 baptizari
3276 5224 3322 5265 et
3346 5214 3500 5264 lecto-

1919 5298 2034 5334 rum
2062 5285 2203 5336 debet
2232 5283 2510 5336 ministerio
2533 5284 2740 5335 sociari.
2773 5282 2872 5345 Qui
2893 5285 2958 5334 ab
2979 5297 3182 5334 accessu
3202 5283 3497 5336 adulescen-

1921 5357 2005 5405 tia:
2042 5367 2202 5422 usque
2229 5354 2296 5404 ad
2330 5353 2618 5406 vicesimum
2644 5354 2810 5406 (etatis
2842 5368 3056 5417 annum,
3094 5353 3137 5422 si
3169 5351 3498 5422 probabiliter

1922 5421 2125 5488 vixerit,
2153 5441 2256 5476 una
2282 5434 2477 5478 tonum
2506 5439 2663 5477 uxore
2688 5432 2973 5485 contentus,
3006 5421 3278 5493 acolythus
3301 5433 3346 5476 et
3373 5424 3498 5477 sub-

1923 5493 2170 5547 diaconus
2215 5511 2320 5548 esse
2349 5494 2564 5546 debebit.
2614 5493 2780 5547 Paulo
2832 5493 2986 5546 aliter
3032 5493 3278 5548 Gelasius
3305 5494 3358 5548 in
3383 5495 3500 5562 epi-

1923 5566 2058 5628 stola
2101 5566 2166 5618 ad
2200 5566 2482 5633 episcopos
2515 5579 2606 5629 per
2632 5563 2919 5618 Lucaniam
2961 5574 3016 5617 et
3062 5565 3272 5618 Brutios
3307 5565 3504 5620 consti-

1926 5644 2092 5700 tutos,
2123 5639 2209 5688 ubi
2235 5647 2354 5704 post
2384 5635 2575 5704 gradus
2607 5634 2824 5704 lectoris
2853 5634 2933 5688 vel
2967 5636 3157 5688 notarii
3192 5645 3283 5688 aut
3319 5636 3504 5690 deten-

1925 5708 2083 5772 soris,
2115 5703 2477 5776 actitytbatitttl
2506 5715 2560 5759 et
2583 5703 3019 5776 subdiaconatum
3052 5714 3337 5771 memorat,
3369 5721 3501 5773 pra--

1928 5778 2090 5831 missa
2139 5772 2339 5832 ostiarii
2387 5778 2677 5832 mentione.
2713 5772 2910 5832 Verum
2943 5777 2995 5829 in
3027 5775 3227 5833 Ordine
3258 5772 3498 5829 Romano
