4042 6312
173 326 274 382 9i")

911 322 975 376 ΙΝ
1015 320 1318 377 ORDINEM
1361 323 1689 378 ltOllAXUll
1735 322 2270 385 COMMENTARIUS
2311 326 2652 384 Pllz’EVlUS.

3316 327 3423 382 9H

172 446 342 498 levita:
378 439 613 508 episcopi
647 438 857 502 ﬁerent,
899 440 1217 508 presbyterii
1259 439 1422 509 gradu
1455 457 1558 492 non
1593 440 1736 509 prius
1772 442 1811 494 Λ
1845 448 1929 493 tur
1964 445 2197 506 [uirisilex
2231 445 2520 504 Rotnanus;
2546 454 2595 498 et
2622 442 2689 496 ab
2718 441 2967 505 episcopo
2995 436 3228 492 Ostiensi
3272 439 3428 491 aliis-

174 523 404 580 accepto.
447 513 590 564 Hanc
613 510 828 575 quidem
855 509 1209 575 olrjetttionem
1234 508 1296 564 ex
1323 513 1583 564 calumnia
1608 508 1736 561 oriri

174 586 300 638 dicit
344 584 684 638 llatt'antntts,
728 594 952 639 eamque
1006 589 1276 648 retorquet
1307 583 1357 634 in
1387 582 1743 642 adversarius,

177 657 262 722 qui
291 671 352 707 ex
381 652 524 704 laicis
554 650 719 722 subito
769 650 1224 722 tonsis__l'aci.bant
1263 655 1523 720 episcopos
1570 661 1746 703 contra

177 719 376 792 regulas
398 721 783 774 ecclesiasticas.
810 719 1102 792 Atellae”
1126 719 1439 775 Parisiensis
1464 721 1748 792 episcopus

179 789 296 846 l'aeti
347 792 622 846 veritatem
666 805 768 841 non
822 789 1100 854 dillitetur,
1161 791 1552 857 reSpoudetque
1609 791 1747 858 quod

179 866 306 931 forte
336 863 438 922 illi,
468 862 556 928 qui
591 861 796 913 istiusce
812 860 1164 931 _ortlin_otionis
1201 862 1504 922 assentiunt,
1541 861 1633 911 hoc
1671 863 1747 910 in-

181 926 335 1002 ielligi
363 926 517 986 velint
543 931 777 1002 quia_qut
803 926 1154 1002 liencdicltone
1185 931 1463 1002 pontiﬁcali
1494 931 1752 997 perfringi-

182 1014 264 1057 tttr
286 996 613 1068 "reliquarum
658 997 1070 1052 Benedictionum
1119 996 1641 1059 honoredecoretur,
1683 996 1752 1051 et

183 1073 319 1138 quod
347 1073 401 1126 in
430 1070 740 1125 sublimitate
779 1068 987 1138 majoris
1034 1069 1290 1138 pogtiﬁcis
1329 1071 1572 1138 consistat
1598 1071 1749 1121 etiam

183 1136 309 1214 [clx]
343 1142 507 1214 Itonor
532 1140 742 1214 minoris
760 1137 1054 1214 sacerdotis.
1091 1137 1224 1214 Tum
1262 1138 1437 1192 subdit
1467 1157 1480 1192 :
1508 1136 1748 1214 Forsi_:an

183 1208 345 1264 autem
362 1213 440 1264 illi
454 1214 538 1276 qui
550 1213 612 1264 de
626 1211 839 1262 diacono
857 1225 906 1259 ογ
917 1209 1092 1260 dinant
1109 1208 1400 1272 episcopum
1414 1225 1511 1277 pra
1523 1209 1751 1260 termissa

185 1281 539 1336 Benedictione
583 1279 934 1351 presbyterali;
969 1279 1234 1331 assertioni
1273 1277 1407 1331 beati
1448 1277 1752 1351 Hieronymi

183 1353 236 1404 in
268 1353 476 1422 epistola
511 1348 760 1422 loquentis
795 1349 863 1402 ad
895 1348 1064 1422 Titum
1088 1364 1153 1422 ea:
1175 1357 1318 1422 parte
1353 1349 1753 1422 concrederet‘i-

186 1418 386 1485 dentur,
426 1423 515 1485 qui
545 1421 773 1488 ofﬁciunt
820 1418 1097 1487 presbyteri
1129 1419 1181 1470 in
1210 1419 1381 1485 aliquo
1427 1419 1752 1488 συνηρωΊὶτὶ-

186 1494 297 1560 pari
329 1493 556 1559 afﬁrmat
582 1487 886 1544 ministerio
919 1488 1214 1560 episconali.
1249 1488 1330 1560 Eat
1363 1489 1557 1560 quibus
1590 1487 1757 1556 liquet

187 1558 410 1615 Aiacem
435 1561 716 1615 admisisse
743 1561 792 1612 id
816 1558 956 1627 quod
987 1558 1205 1612 Pltotius
1227 1558 1530 1622 objiciebat,
1563 1571 1755 1623 nempe

187 1633 323 1697 quod
355 1641 478 1686 tunc
504 1632 644 1698 apud
675 1628 887 1682 Romam
937 1629 1226 1698 plerumque
1270 1630 1512 1682 diaconus
1535 1627 1756 1696 quodam

188 1700 341 1762 saltu,
377 1718 474 1754 non
507 1708 739 1769 percepta
781 1700 1106 1768 presbyterali
1134 1697 1520 1764 Beuedictione,
1559 1700 1611 1751 in
1651 1701 1749 1767 epi-

186 1788 390 1836 scomtm
413 1774 578 1824 subito
595 1776 990 1832 consecraretur,
1007 1783 1123 1836 qua:
1148 1776 1264 1822 erat
1287 1769 1510 1837 septima
1531 1769 1758 1835 objectio

188 1841 458 1896 l‘ltotiaua.
497 1841 590 1894 llic
615 1840 820 1907 amplus
843 1852 960 1891 sese
985 1839 1156 1905 aperit
1183 1853 1403 1906 campus
1427 1839 1754 1900 castratiandi

189 1913 240 1963 in
285 1913 383 1965 ltnc
413 1917 806 1979 argumcntum,
849 1908 942 1962 sed
982 1907 1098 1963 ha-c
1127 1910 1403 1978 proposito
1436 1921 1617 1963 nostro
1648 1910 1760 1962 sul-

188 1982 396 2034 liciunt.

259 2053 370 2104 Non
399 2051 464 2104 ab
489 2065 543 2104 re
567 2061 739 2103 tamen
771 2048 921 2101 fuerit
953 2049 1240 2102 observare
1272 2048 1320 2100 id
1351 2049 1489 2116 quod
1529 2050 1755 2101 Ales-.m-

189 2120 286 2173 der
315 2122 356 2174 11
383 2121 620 2174 decrevit
649 2121 714 2172 de
744 2118 971 2188 quodam
996 2119 1094 2172 cle:
1113 2121 1192 2173 ico
1213 2119 1321 2186 qui,
1353 2121 1760 2172 sulnliaconatus

188 2192 352 2258 gradu
385 2192 759 2257 prietermisso,
789 2193 854 2241 ad
882 2188 1181 2259 diaconatus
1206 2199 1251 2241 ct
1281 2189 1573 2259 presbyteri
1601 2189 1762 2241 Itono-

189 2278 293 2313 rcm
318 2277 469 2314 cursu
497 2275 842 2330 p-tcpropero,
875 2275 975 2311 non
1005 2258 1296 2330 ambitiose,
1329 2262 1416 2310 sed
1435 2258 1438 2259 ⁷
1457 2260 1762 2330 negligenter

189 2328 568 2384 conscendera'.
595 2330 701 2383 Hac
723 2331 788 2383 de
813 2347 867 2382 re
888 2344 1007 2381 cum
1033 2328 1214 2382 luisset
1238 2328 1532 2393 consultus,
1561 2331 1760 2382 nulum

187 2414 348 2468 super
374 2402 469 2454 Itac
492 2401 782 2468 quaestione
805 2408 1110 2468 praeceptum
1134 2401 1430 2451 canonicum
1453 2416 1504 2451 se
1529 2399 1766 2452 "micuisse

193 2470 514 2536 ιιιειιοίιάθι;
561 2470 840 2524 consilium
885 2480 1060 2521 autem
1110 2470 1276 2532 dare,
1311 2470 1446 2520 sicut
1490 2469 1765 2522 611111111110

190 2540 584 2594 Coustantiensi
617 2541 870 2607 episcoito
904 2540 953 2591 in
982 2538 1138 2591 simili
1171 2553 1329 2592 causa
1360 2542 1703 2608 responderat
1750 2557 1762 2591 :

191 2626 381 2674 llt‘ltltte
425 2610 730 2676 pra‘d‘u-tum
777 2609 1076 2662 ordinatum
1109 2624 1134 2659 a
1168 2609 1461 2661 sacerdotis
1491 2619 1543 2661 et
1592 2610 1766 2662 letitze

185 2679 367 2735 ofﬁcio
396 2680 859 2746 suspendendum,
907 2679 1064 2730 donec
1092 2694 1315 2743 congruo
1351 2688 1571 2744 tempore
1601 2681 1767 2731 inter-

187 2759 312 2802 esset
349 2751 409 2801 iis
445 2751 532 2813 qui
586 2753 652 2801 att
688 2749 912 2800 diaconii
949 2749 1270 2800 bcnediceudi
1299 2761 1462 2802 essent
1491 2750 1765 2814 Itonorem,

193 2830 241 2872 et
268 2835 382 2871 cum
406 2822 479 2889 eis
496 2821 889 2872 subdiaconatus
912 2820 1156 2884 acciperet
1184 2815 1622 2889 Benedictioncm;
1651 2835 1768 2889 qua:

193 2889 361 2942 fusius
403 2888 596 2942 vitlesis
636 2890 771 2954 apud
817 2889 1103 2940 Barouium
1144 2888 1208 2939 ad
1255 2903 1448 2940 annum
1486 2890 1642 2942 lolii).
1672 2888 1766 2943 Ex

193 2975 300 3026 quo
346 2958 657 3028 intelligitur
683 2959 789 3023 jam
821 2959 972 3022 longe
1008 2969 1131 3012 ante
1163 2956 1212 3010 id
1263 2966 1472 3028 tempus
1505 2960 1766 3023 ejusmodi

193 3029 560 3082 ordinationes
583 3030 635 3082 in
659 3028 896 3081 Ecclmia
923 3027 1154 3078 llntnana
1179 3027 1309 3091 prob
1328 3037 1423 3080 itas
1450 3044 1550 3081 non
1580 3032 1764 3097 fuisse,

189 3115 313 3153 eum
358 3101 498 3152 nulla
534 3099 600 3154 de
635 3099 897 3152 similibus
935 3097 1088 3151 factis
1133 3110 1252 3150 tunc
1296 3112 1598 3166 superesset
1647 3116 1762 3153 ute-

190 3171 380 3223 moria.

355 3238 517 3293 XVII.
561 3240 634 3292 De
659 3240 800 3292 varia
833 3239 1086 3291 creatione
1117 3237 1312 3290 romani
1333 3239 1604 3308 pontiﬁcis.

269 3309 362 3361 Vix
391 3309 490 3361 ulla
517 3325 602 3364 res
629 3311 728 3363 alia
753 3321 824 3362 tot
850 3309 1115 3372 tantisque
1139 3308 1515 3362 mutationibus
1535 3310 1764 3363 obnoxia

193 3376 292 3430 luit
318 3394 474 3445 quam
498 3380 718 3433 Romani
738 3377 998 3446 pontilicis
1014 3378 1232 3430 creatio.
1261 3377 1370 3430 lloc
1391 3390 1760 3447 argumentum

193 3447 448 3502 Onul‘rius
479 3449 792 3515 l’auvinius,
820 3448 900 3501 vir
930 3448 1171 3515 impense
1199 3447 1468 3514 eruditus,
1503 3451 1651 3504 libris
1677 3451 1768 3504 de-

192 3533 311 3571 cem
342 3520 650 3587 complexus
689 3529 768 3574 est
797 3558 812 3582 ,
859 3531 1057 3586 eosque
1085 3516 1277 3572 Carolo
1307 3519 1611 3574 llorromteo
1657 3531 1764 3574 tum

194 3589 453 3659 cardinalt
487 3587 1147 3659 nuncupavitsitiquibus
1177 3588 1349 3640 varios
1380 3591 1591 3644 creandi
1632 3606 1766 3659 pon-

196 3657 358 3710 tilicis
388 3659 576 3713 modos
615 3657 678 3713 ad
708 3657 1000 3713 octodecim
1031 3672 1308 3711 enumerat
1341 3674 1355 3710 :
1400 3657 1646 3727 quorum'
1674 3677 1762 3713 su-

196 3743 415 3795 premus
470 3729 512 3782 is
563 3729 774 3782 demum
825 3727 953 3793 fuit,
1006 3743 1164 3793 cum,
1214 3731 1432 3780 remotis
1465 3744 1566 3783 non
1611 3732 1769 3783 modo

197 3798 412 3865 populi,
439 3799 531 3853 Sed
555 3803 712 3853 etiam
745 3797 875 3853 cleri
905 3797 1186 3865 suffragiis,
1215 3797 1304 3866 jus
1330 3801 1544 3852 creandi
1594 3803 1766 3868 ponti-

198 3869 315 3920 licis
345 3869 410 3920 ad
452 3870 594 3923 solos
620 3870 916 3923 cardinales
943 3869 1250 3922 translatum
1282 3879 1381 3921 est.
1413 3871 1599 3923 Totam
1635 3871 1772 3925 banc

195 3939 478 3992 electionis
538 3940 820 4007 pontiﬁcii}:
872 3938 1144 3991 ltistotiam
1203 3939 1253 3989 in
1309 3953 1470 4004 pauca
1527 3938 1770 3995 conferre

194 4007 371 4074 juvat,
418 4020 676 4075 quatenus
704 4011 999 4062 conducere
1031 4017 1202 4076 p-rtest
1231 4008 1294 4059 ad
1330 4009 1595 4063 ltomanos
1640 4016 1772 4064 ritus

193 4077 563 4145 explicandus.
623 4083 794 4147 Atque
840 4087 895 4130 ut
940 4080 988 4130 id
1019 4079 1206 4131 ordine
1258 4080 1345 4130 liat
1416 4093 1510 4133 sex
1554 4081 1772 4148 hujusce

194 4148 478 4202 elcctioais
529 4151 774 4216 periodos
825 4149 1150 4213 distinguere
1183 4148 1351 4200 visum
1383 4160 1468 4202 est
1501 4167 1513 4203 :
1549 4153 1770 4218 primam

193 4233 223 4267 a
243 4228 436 4272 sancto
459 4220 613 4272 Petro
631 4222 694 4272 ad
713 4219 1118 4272 Constantinum
1141 4219 1458 4285 Augustum;
1484 4223 1771 4275 secundam

194 4285 310 4359 [cx]
340 4303 369 4340 a
394 4288 748 4343 Consramino
778 4289 842 4342 ad
874 4287 1228 4342 Justinianum
1256 4305 1270 4352 ;
1316 4291 1520 4342 tertiam
1550 4307 1577 4342 a
1609 4291 1774 4344 Justi-

193 4372 360 4411 ntano
381 4359 446 4411 ad
468 4359 712 4411 Carolum
735 4361 1010 4428 Magnum;
1034 4368 1275 4428 quartam
1302 4359 1421 4413 inde
1443 4360 1506 4413 ad
1535 4362 1772 4415 Formosi

191 4428 549 4492 creationem;
573 4431 805 4491 quintam
829 4447 856 4483 a
879 4429 1134 4484 Formoso
1151 4429 1213 4481 ad
1229 4429 1474 4483 Ottouem
1493 4431 1730 4498 Magnum
1756 4450 1768 4497 ;

192 4507 404 4551 sextam
432 4500 659 4563 denique
708 4503 774 4556 ab
806 4502 904 4554 hoc
933 4502 1125 4555 Ottone
1150 4499 1212 4552 ad
1254 4498 1589 4554 Fredericmn
1613 4501 1775 4556 ΔΞηο-

192 4568 457 4635 barbum,
510 4547 604 4621 scit
645 4571 708 4624 ad
741 4572 1098 4625 Alexandrum
1131 4571 1339 4623 tertium
1374 4585 1591 4639 pop-tm,
1624 4571 1773 4640 cujzts
1806 4547 1851 4605 ί)

193 4649 444 4760 Fu‘ipore
475 4646 530 4691 et
558 4653 682 4693 cura
708 4642 902 4696 electio
933 4642 996 4694 ad
1026 4641 1173 4695 solos
1205 4641 1502 4695 cardinales
1530 4643 1780 4696 devoluta

219 4724 270 4760 ut
308 4748 319 4758 .

219 4715 319 4760 uit.

276 4780 475 4851 Praeter
506 4780 855 4850 Clementem,
887 4799 934 4851 q-
959 4797 1042 4837 em
1076 4798 1101 4833 a
1133 4781 1287 4835 beato
1321 4781 1474 4835 Petro
1505 4797 1772 4836 success.)-

195 4863 316 4921 rem
369 4849 702 4921 designatum
738 4849 1054 4914 memorant,
1092 4853 1312 4905 111111111111
1347 4854 1611 4917 pontilicis
1664 4865 1781 4921 post

196 4915 421 4990 Petrum
446 4915 634 4974 electio
663 4937 822 4990 penes
844 4924 940 4977 ciet
959 4939 1042 4976 11111
1067 4936 1116 4976 et
1140 4915 1580 4977 cmrnmlidelium
1605 4915 1770 4978 stetit.

196 4987 411 5042 Hortuo
437 4987 683 5058 pontilice
704 5035 717 5057 ,
753 4993 933 5046 statim
973 5008 1159 5046 ntnncs
1191 4995 1529 5045 liuitttnarum
1565 4998 1772 5046 urbium

194 5059 440 5132 episcopi
473 5077 500 5132 a
533 5062 859 5132 presbyteris
889 5072 941 5115 tt
969 5064 1207 5116 diaconis
1242 5063 1494 5132 Ecclesia-
1525 5065 1776 5118 ltomanze

195 5129 270 5182 de
304 5128 452 5183 obitu
480 5128 711 5184 Romani
735 5133 987 5187 antistitis
1012 5133 1268 5186 certiores
1299 5131 1449 5196 facti,
1480 5144 1534 5186 et
1578 5137 1642 5185 ad
1683 5151 1776 5188 Cu-

198 5199 356 5271 mitia
395 5201 644 5267 evocati,
689 5203 1146 5271 congregabantur
1187 5203 1250 5255 ad
1296 5217 1659 5257 SUCCCrStll‘Clll
1685 5207 1777 5257 clt-

195 5269 461 5340 gettdunn.
490 5272 687 5327 Eadem
733 5269 872 5326 mors
918 5272 1074 5325 etiam
1108 5273 1172 5324 ad
1215 5273 1364 5338 aias,
1395 5278 1622 5328 maxime
1653 5277 1775 5329 insi-

195 5338 424 5408 gniores
449 5380 466 5407 ,
521 5342 785 5397 Ecclesias
833 5343 1022 5396 litteris
1052 5343 1474 5410 sigttiliciibatur,
1518 5347 1670 5411 cujus
1702 5347 1774 5398 rei

192 5418 369 5483 testes
393 5421 520 5465 sunt
560 5414 612 5467 in
639 5413 821 5480 primis
851 5412 1098 5483 Cypriani
1131 5414 1368 5479 quiedun
1403 5420 1662 5481 epistolae.
1697 5418 1775 5469 Ad

189 5480 322 5534 lure
343 5482 556 5555 comitia
577 5480 1148 5555 presliyteri,'diaconi,
1171 5480 1475 5555 subdiaconi
1495 5528 1508 5548 ,
1547 5487 1776 5555 acontbi

187 5565 323 5622 eum
345 5551 468 5606 aliis
493 5551 722 5615 clericis,
740 5551 1085 5622 'teliquusque
1108 5571 1139 5622 p
1163 5554 1328 5622 ipulus
1353 5552 1620 5608 Routauus
1648 5551 1778 5609 lide-

186 5619 290 5683 lis,
326 5622 586 5677 interesse
631 5619 910 5693 poterant;
945 5619 1196 5692 tuncque,
1230 5622 1494 5692 sumagiis
1520 5628 1631 5680 suis
1661 5626 1776 5679 viva

185 5705 332 5745 Voce
375 5693 657 5760 collectis,
707 5710 863 5763 quem
893 5711 923 5750 e
955 5710 1178 5749 numero
1210 5694 1638 5763 presbyterorum
1669 5699 1782 5749 dia-

187 5777 533 5820 cvuortunve
566 5765 942 5834 praeferebant,
973 5765 1014 5820 is
1043 5765 1255 5820 tlcmun
1284 5766 1483 5820 electus
1513 5769 1785 5824 censetis-

1847 526 1950 578 que
1975 518 2326 580 praesentibus
2349 515 2611 580 episcopis
2630 512 2802 568 statim
2827 525 3004 564 coram
3028 509 3172 562 omni
3195 510 3427 580 concilio

1849 579 2097 652 manuum
2170 579 2508 652 impositione
2562 582 2994 638 consecrabatur.
3019 649 3029 652 Α
3053 579 3426 652 Sucerdebant

1849 650 2032 704 laudes
2065 662 2120 705 et
2150 649 2557 710 acclamationes
2591 654 2716 707 cleri
2769 664 2821 706 et
2855 649 3071 718 populi,
3122 651 3292 719 qualis
3324 649 3427 702 luit

1850 721 1936 772 illa
1976 725 2350 794 coul'essormn
2387 729 2472 794 qui
2501 767 2514 787 ,
2555 725 2729 777 electo
2758 721 3009 794 Cornelio
3055 725 3277 794 primum
3327 721 3423 772 ad-

1853 793 1986 843 versi
2016 834 2028 856 ,
2061 802 2116 846 et
2159 791 2445 849 Novatiano
2475 795 2839 855 adbrerentes,
2871 793 3082 845 demum
3135 791 3197 842 ad
3237 802 3415 858 partes

1850 860 2080 916 Cornelii
2109 877 2446 919 accesserunt
2466 882 2583 918 cum
2611 866 2690 916 bis
2715 864 2931 917 vocibus
2957 879 2968 912 :
2997 861 3106 914 Nos
3133 860 3428 914 Cornelium

1851 931 2137 1000 episcOpmn
2178 937 2514 988 sanctissima!
2543 933 2812 987 catholica:
2853 931 3094 985 Ecclesia:
3141 933 3364 986 electum.
3393 948 3428 985 a

1857 1001 1960 1051 Deo
1983 1004 2324 1070 omnipr:tente
2353 1015 2396 1059 et
2421 1006 2623 1058 Christo
2646 1004 2853 1055 domino
2874 1012 3048 1055 nostro
3067 1003 3272 1055 scimus.
3299 1003 3430 1064 Quae

1853 1071 2168 1142 acclamatio
2191 1075 2381 1142 legitur
2412 1075 2463 1126 iu
2494 1074 2720 1142 epistola
2753 1073 2917 1134 ipsius
2940 1072 3172 1124 Cornelii
3205 1072 3268 1125 all
3312 1070 3430 1142 Cy-

1857 1140 2121 1205 prianum,
2163 1140 2268 1195 non
2301 1140 2761 1196 multumditersa
2790 1143 2855 1194 ab
2877 1159 2937 1194 ca
2969 1157 3036 1208 qn
3057 1160 3085 1189 1·
3119 1140 3428 1207 posteriori-

1858 1211 1950 1262 btts
1982 1213 2191 1279 steculis
2221 1215 2450 1266 obtinuit
2475 1255 2488 1273 .
2541 1213 2676 1279 apud
2708 1212 2956 1264 Ceneium
2988 1221 3038 1264 et
3083 1213 3232 1262 alios.
3284 1213 3428 1263 lianc

1854 1278 2131 1332 elei-tionis
2193 1283 2414 1335 formam
2462 1278 2622 1335 etiam
2667 1282 2786 1332 alim
2817 1281 3106 1333 servabant
3145 1282 3432 1342 Ecclesiae.

1859 1350 2105 1418 exemplo
2125 1352 2488 1416 apostolorum
2517 1351 2622 1418 qui,
2648 1351 2892 1401 Matltiam
2925 1349 2974 1418 in
2998 1349 3146 1400 Jtttla!
3167 1351 3435 1402 traditoris

1859 1417 2030 1470 locum
2088 1421 2458 1489 subrogaturi,
2511 1417 2562 1472 in
2618 1421 2874 1486 frequenti
2920 1417 3154 1471 1111οῖ111111
3185 1431 3328 1471 ctetu
3383 1421 3433 1470 id

1859 1490 2096 1542 exsecuti
2129 1500 2270 1544 sunt.
2308 1491 2663 1544 Consocratus
2693 1490 2922 1553 denique
2953 1490 3185 1556 pontifex
3218 1503 3335 1540 mox
3370 1492 3432 1539 ad

1859 1559 2178 1621 apostolicas
2201 1561 2458 1615 ecclesias
2486 1560 2878 1614 communionis
2905 1558 3106 1610 litteras
3142 1556 3402 1625 dirigebat.
3425 1599 3438 1617 ,

1861 1628 1927 1682 ab
1954 1630 2136 1698 eisque
2167 1630 2400 1684 vicissim
2430 1631 2716 1695 recipiebat
2763 1646 2774 1680 :
2805 1628 2988 1696 quales
3023 1627 3302 1680 Cornelius
3334 1630 3440 1697 Cy-

1862 1699 2083 1772 priano,
2134 1702 2320 1769 quales
2361 1701 2659 1772 Cyprianus
2707 1698 3158 1772 Corneliomisit.
3217 1698 3274 1752 Si
3321 1713 3440 1765 qua:

1865 1768 2031 1821 turbae
2065 1768 2350 1824 occasione
2377 1768 2651 1825 electionis
2677 1775 2876 1823 exorta:
2906 1769 3149 1832 luissem,
3183 1782 3272 1822 eas
3296 1783 3434 1821 com-

1866 1853 2062 1905 ponere
2105 1841 2406 1896 nitebantur
2448 1843 2534 1894 alii
2566 1840 2835 1907 episcopi,
2881 1840 3018 1906 quod
3066 1837 3442 1907 prmStititCy-

1863 1909 2085 1977 prianus
2127 1911 2176 1962 in
2209 1910 2346 1965 facto
2373 1910 2649 1965 Neratiani
2692 1921 2873 1964 contra
2905 1910 3232 1962 Cornelium.
3279 1908 3442 1975 Ejus-

1863 1979 2005 2050 modi
2037 1980 2290 2045 epistolas
2340 1983 2665 2050 presbyteri,
2719 1981 2927 2050 passim
2963 1993 3092 2031 vero
3133 1980 3340 2050 diaconi
3388 1992 3440 2030 et

1863 2048 2212 2120 subdiacoui,
2272 2048 2554 2120 aliquando
2611 2051 2770 2104 etiam
2821 2049 3050 2118 acolytbi
3087 2049 3445 2116 perferebant.

1866 2119 2066 2187 Praeter
2120 2121 2240 2175 illas
2290 2119 2492 2176 litteras
2544 2122 3047 2174 communicatorias
3099 2120 3441 2187 Cyprianus,

1866 2184 2002 2256 [cu]
2035 2192 2212 2243 audita
2253 2193 2527 2246 Novatiani
2562 2190 2807 2255 factione,
2843 2189 2971 2242 alias
2999 2184 3200 2242 litteras
3237 2189 3303 2241 ab
3332 2193 3442 2251 cpi-

1864 2262 2039 2325 scOpis
2069 2261 2156 2328 qui
2196 2262 2431 2315 Cornelii
2475 2261 2725 2316 electioni
2755 2259 3107 2313 interfuerant
3135 2259 3441 2328 requisivit,

1868 2328 2022 2398 cltjus
2053 2327 2176 2383 facti
2203 2331 2438 2386 inusitati
2464 2332 2720 2385 rationem
2744 2329 2994 2384 Cornelio
3017 2329 3190 2382 reddit
3220 2327 3300 2380 bis
3324 2343 3440 2379 ver.

1866 2399 1985 2470 bis:
2014 2399 2161 2463 Quod
2181 2412 2346 2454 autent
2369 2404 2554 2467 scripta
2579 2401 2888 2470 collegarum
2915 2407 3204 2452 nostrorum
3229 2400 3314 2466 qui
3344 2398 3448 2449 illic

1870 2469 2311 2524 ordinationibus
2354 2472 2606 2540 affuerant
2638 2469 3069 2534 deiideravimus,
3119 2484 3219 2540 non
3263 2477 3450 2520 veteres

1868 2555 2030 2593 mores
2077 2542 2219 2593 obliti
2266 2538 2447 2595 novum
2497 2542 2691 2610 aliquid
2738 2541 3110 2610 qumrcbamus.
3155 2538 3292 2610 Nam
3323 2541 3447 2591 saiis

1869 2619 2051 2662 eratut
2094 2622 2147 2663 tu
2181 2621 2225 2666 te
2264 2614 2554 2680 episcOpum
2577 2609 2772 2680 factum
2805 2612 2987 2664 litteris
3019 2609 3306 2671 nuntiares,
3353 2611 3449 2661 nisi

1870 2689 1994 2732 esset
2037 2697 2098 2733 ea:
2127 2681 2322 2735 dverso
2350 2684 2644 2752 discrepans
2675 2682 2944 2750 βιαίου...
2974 2681 3153 2752 cuirei
3194 2681 3451 2744 sapientia:

1871 2755 2206 2804 necessarium
2238 2752 2476 2806 duximus
2509 2751 2561 2806 ut
2609 2752 2930 2805 scribentium
2963 2751 3105 2803 nobis
3134 2751 3253 2802 inde
3299 2753 3449 2802 colle-

1871 2836 2052 2892 garum
2093 2833 2381 2892 nostrorum
2405 2824 2554 2892 ﬁrma
2582 2832 2626 2875 et
2655 2822 2822 2875 solida
2853 2822 3131 2873 auctoritas
3162 2830 3448 2892 pararetur.

1874 2891 2026 2959 Quod
2061 2891 2256 2945 idcirco
2277 2891 2445 2946 usum
2474 2903 2552 2946 εει
2580 2894 2884 2955 observare,
2911 2892 3047 2959 quod
3075 2892 3299 2957 primum
3326 2891 3450 2942 illud

1874 2958 2035 3014 fuerit
2078 2961 2361 3015 discidium
2402 2964 2453 3015 in
2505 2961 2729 3015 Romani
2763 2958 3032 3015 Pontiﬁcis
3061 2961 3356 3024 electione,
3391 2977 3452 3011 at:

1877 3029 2040 3097 prima
2074 3032 2290 3098 proinde
2321 3033 2576 3086 adversus
2596 3032 2826 3085 scltisma
2856 3044 3185 3098 consurgens
3219 3031 3449 3083 cautela.

1952 3099 2108 3170 Parta
2144 3102 2392 3156 Ecclesim
2439 3117 2568 3170 pace
2592 3142 2607 3167 ,
2637 3117 2756 3155 cum
2785 3101 3041 3153 invidiosa
3068 3115 3151 3151 res
3177 3099 3332 3152 ctiam
3360 3113 3445 3166 pa—

1801 3167 1845 3228 C
1881 3169 2031 3236 ganis
2061 3173 2311 3237 coepisset
2345 3167 2526 3224 haberi
2558 3173 2896 3238 episcopatus
2930 3170 3230 3233 Romanus,
3279 3171 3454 3222 varias

1877 3239 2100 3294 subinde
2124 3241 2302 3294 turbas
2320 3241 2590 3295 lacessivit
2612 3243 2728 3293 novi
2751 3241 3013 3308 pontilieis
3027 3239 3234 3298 electio;
3255 3238 3452 3292 latum-

1875 3323 1979 3380 que
2009 3322 2086 3362 est
2104 3323 2154 3362 111
2181 3312 2229 3363 in
2246 3312 2488 3380 eligendo
2509 3311 2894 3378 pontilicet-leri
2923 3309 3096 3380 populi
3123 3325 3204 3380 me
3230 3310 3454 3361 Romani

1871 3377 2137 3450 suifragiis
2162 3377 2520 3434 Romanorum
2564 3383 2941 3450 imperatorum
2968 3380 3051 3447 qui
3084 3377 3136 3432 in
3165 3379 3455 3450 Occidente

1873 3449 2054 3502 rerum
2082 3452 2437 3516 potiebantur,
2467 3449 2690 3518 primum
2714 3451 2926 3512 deinde,
2954 3451 3018 3503 iis
3045 3449 3230 3516 pulsis,
3260 3450 3457 3503 Gutlm~

1871 3533 1988 3572 rum
2020 3535 2199 3587 regum
2225 3522 2385 3574 etiam
2407 3521 3010 3574 accederetauctoritas.
3036 3519 3149 3572 Non
3180 3523 3317 3588 quod
3354 3520 3452 3585 ipsi

1871 3590 1954 3643 vel
1975 3591 2342 3657 imperatores,
2368 3592 2446 3645 vel
2465 3606 2636 3654 reges,
2656 3607 2748 3658 pter
2761 3605 2818 3643 se
2839 3591 3082 3644 clectioui
3109 3590 3452 3652 interessent,

1872 3661 1967 3713 sed
1991 3661 2128 3727 quod
2154 3659 2345 3714 missos
2375 3676 2501 3715 suos
2533 3662 2775 3726 Romam,
2809 3662 2896 3729 qui
2923 3676 2952 3712 n
2978 3662 3133 3712 imine
3163 3675 3258 3712 suo
3292 3664 3368 3711 int
3391 3676 3457 3712 r-

1872 3739 2086 3795 essent,
2137 3731 2460 3799 dirigerent;
2515 3742 2606 3784 aut
2650 3741 2794 3784 certe
2835 3730 3045 3796 quando
3093 3730 3143 3782 in
3191 3730 3456 3784 electione

1876 3799 2034 3852 dubia
2088 3802 2194 3854 duo
2223 3816 2281 3856 se
2312 3817 2408 3868 pro
2453 3801 2698 3870 pontilice
2742 3801 3030 3870 gert-baut,
3085 3799 3149 3870 bi
3184 3814 3280 3853 suo
3323 3809 3451 3852 1111111

1873 3885 2030 3937 quem
2062 3872 2258 3924 vellent
2290 3869 2633 3938 praeferrent,
2665 3869 2804 3938 quotl
2849 3871 3107 3936 eotttingit
3140 3869 3191 3922 in
3227 3871 3452 3922 Damasi)

1873 3947 1925 3992 et
1956 3940 2220 4006 Ursicino,
2256 3941 2308 3993 in
2335 3942 2602 3995 Bonifacio
2632 3951 2682 3994 et
2716 3940 2936 4007 Eulalio,
2963 3940 3013 3992 in
3044 3940 3366 4007 Symmacho
3397 3950 3454 3992 et
3510 3997 3513 4000 _

1876 4008 2182 4063 Laurentio.
2225 4012 2540 4078 Quanquam
2575 4012 2661 4080 qui
2698 4010 3054 4080 religiosiores
3087 4018 3241 4062 erant
3289 4012 3453 4080 impe-

1875 4085 2082 4134 ratores
2112 4091 2357 4133 neutrum
2398 4097 2461 4133 ex
2494 4079 2600 4134 illis
2625 4081 2834 4134 duobus
2865 4079 3156 4142 probabant
3182 4119 3197 4142 ,
3237 4081 3328 4130 sed
3358 4079 3450 4144 qui

1877 4164 2011 4202 nova
2066 4151 2330 4204 electione
2385 4165 2525 4204 esset
2561 4160 2793 4205 creatus.
2847 4151 2955 4202 llnc
3001 4150 3199 4216 quippe
3244 4148 3456 4201 censuit

1876 4219 2142 4290 Honorius
2200 4224 2489 4290 Augustus,
2537 4231 2593 4273 Ill.
2647 4221 2760 4285 ejus
2802 4222 2864 4271 ad
2900 4220 3452 4290 llt'tnil'aciumpapam

1875 4288 2096 4357 epistola
2136 4283 2351 4358 probzﬁ,
2404 4295 2489 4358 qui
2523 4283 2817 4344 Bonilacius
2859 4304 2980 4340 eum
3023 4283 3456 4354 interpellaverat

1877 4370 1934 4413 ut
1961 4357 2372 4416 constitueretur
2403 4357 2470 4414 ab
2501 4378 2564 4415 eo
2593 4378 2657 4414 ne
2690 4361 2739 4412 111
2777 4359 2917 4413 Urbe
2945 4373 3038 4425 per
3067 4365 3324 4410 ambitum
3357 4357 3458 4410 1111-

1876 4446 2032 4499 quam
2066 4431 2405 4486 ordinaretur
2432 4433 2672 4485 antistes.
2707 4431 2872 4483 Porro
2920 4429 3066 4482 missi
3100 4430 3171 4482 illi
3212 4428 3261 4482 id
3294 4430 3458 4494 potis-

1878 4505 2070 4554 simum
2094 4504 2372 4566 curabant,
2405 4512 2459 4553 ut
2490 4504 2540 4554 in
2570 4502 2889 4572 episcopatus
2921 4499 3161 4572 electione
3183 4499 3457 4572 concordia

1886 4581 2166 4624 serraretur
2192 4572 2449 4635 lt'cclesite,
2477 4589 2537 4624 ne
2559 4570 2647 4638 per
2668 4571 2977 4624 occasionem
2999 4570 3256 4622 seditionis
3284 4570 3461 4622 civitas

1891 4652 2152 4695 vocaretur
2180 4644 2229 4694 in
2252 4643 2479 4706 dubiant,
2507 4641 2952 4712 quemadmodum
2987 4640 3219 4707 loquitur
3247 4639 3326 4692 Fl.
3358 4639 3459 4692 Ba-

1889 4713 2038 4766 silius
2061 4713 2129 4766 ab
2152 4714 2394 4768 Odoacro
2415 4725 2531 4781 post
2555 4723 2778 4766 mortem
2809 4712 3060 4777 StilltlllCll
3085 4725 3230 4777 papa:
3261 4713 3457 4762 missus

1892 4798 1986 4851 pro
2039 4783 2198 4836 llitari
2238 4783 2524 4839 electione.
2555 4785 2666 4837 lluc
2695 4783 2854 4838 etiam
2901 4789 3106 4849 spectat
3150 4781 3461 4850 Symmachi

1890 4867 2040 4921 papa}
2065 4855 2361 4920 deeretum,
2393 4865 2451 4909 ut
2497 4855 2549 4907 in
2580 4855 2839 4908 electione
2871 4854 3033 4903 vincat
3066 4851 3316 4904 sententia
3348 4851 3460 4916 plu-

1883 4925 2126 4976 rimorum
2153 4965 2169 4990 ,
2221 4925 2292 4978 sic
2319 4935 2480 4978 tamen
2512 4937 2566 4977 ut
2592 4924 2877 4978 sacerdotio
2905 4931 3111 4987 careat,
3143 4923 3228 4990 qui
3281 4932 3462 4990 captus

1881 4995 2230 5064 promissione,
2264 5011 2364 5047 non
2388 5004 2522 5047 rtcto
2545 4995 2765 5063 judicio,
2795 4995 2856 5046 de
2879 4992 3124 5064 eltctione
3164 4991 3458 5064 decreverit.

1885 5061 2033 5120 Haud
2065 5065 2338 5132 probabile
2377 5064 2518 5118 aliud
2548 5061 2665 5117 luit.
2697 5064 2949 5117 Bonifacii
2984 5063 3022 5114 ΙΙ
3071 5061 3415 5114 constitutum
3443 5100 3457 5122 ,

1882 5151 1987 5205 quo
2003 5137 2044 5187 si
2056 5136 2102 5186 bi
2126 5135 2241 5202 ipse
2255 5149 2616 5189 successorem
2638 5135 2882 5205 Vigilium
2905 5132 3202 5205 tleligebat;
3222 5132 3314 5185 sed
3334 5144 3454 5183 cum

1883 5201 1914 5258 a
1958 5201 2326 5260 sacerdotibus
2371 5217 2549 5272 postea
2579 5201 2913 5271 congi-egrtis
2944 5201 2995 5272 id
3036 5204 3217 5255 luisset
3251 5205 3453 5272 impro-

1885 5280 2086 5338 batum,
2112 5274 2250 5328 idem
2278 5270 2430 5327 suum
2463 5276 2626 5340 ipsius
2652 5270 2925 5327 decretum
2959 5271 3079 5342 igne
3097 5270 3455 5341 consumpsit.

1881 5345 2074 5412 Quales
2117 5353 2295 5416 essent
2341 5344 2496 5416 [cxuj
2547 5353 2669 5396 tunc
2721 5343 2976 5411 temporis
3027 5345 3159 5416 1111111Δ
3191 5344 3452 5416 popliticis

1880 5412 2371 5469 cotntnunicatorite
2425 5412 2650 5474 litierte,
2704 5422 2926 5467 testatur
2972 5412 3194 5474 epistola
3254 5412 3454 5467 Gelasii

1884 5485 2039 5554 primi
2073 5486 2137 5538 ad
2169 5486 2442 5538 universos
2473 5486 2750 5553 episcopos
2778 5499 2872 5552 per
2904 5483 3220 5554 Dardaniam
3258 5481 3461 5537 consti-

1885 5553 2046 5611 tutos.
2111 5555 2275 5608 Porro
2323 5559 2372 5607 111
2401 5554 2633 5608 creando
2675 5564 2797 5608 tunc
2854 5554 3106 5622 pontilice
3155 5553 3384 5607 triduum
3427 5565 3454 5602 a

1885 5637 2055 5681 morte
2076 5625 2373 5680 decessoris
2402 5625 2562 5695 (quod
2594 5633 2774 5691 postea
2795 5627 2908 5693 lege
2924 5635 3136 5695 cautum
3160 5625 3263 5691 est)
3281 5623 3474 5695 luisse:

1883 5707 2281 5765 expectatum,
2314 5693 2501 5764 probat
2545 5694 2852 5766 Symmachi
2901 5694 3135 5766 praefecti
3179 5695 3245 5746 ad
3279 5693 3470 5746 llonot

1886 5764 2020 5824 rium
2049 5770 2338 5838 Augustum
2367 5766 2554 5824 relatio
2584 5764 2651 5822 de
2671 5765 2737 5822 iis
2763 5781 2877 5837 qua:
2903 5764 3120 5823 Zozimo
3142 5779 3277 5836 papa
3305 5778 3471 5817 tuor-—
