4042 6300
634 308 738 365 9ιῦ

1316 305 1423 359 AP]
1452 303 1652 359 ENDIX
1701 301 1789 355 AD
1831 303 1889 356 S.
1931 296 2503 365 GREGORILMAGNI
2545 300 2908 359 LITURGIGA
2948 304 3200 360 Oi‘ERA.

3779 309 3885 367 9ῐὸ

636 429 802 499 tuoin
825 422 1088 499 creatione
1110 420 1434 499 successoris
1453 420 1808 499 contigerunt;
1835 418 1919 499 tibi
1942 416 2195 499 Eulalins,
2225 417 2272 475 Α
2301 419 2629 499 convocavit.
2663 428 2718 474 et
2758 434 2878 474 cum
2911 420 3163 499 universa
3192 420 3395 499 synodo
3438 421 3660 481 tradidit
3692 422 3877 499 ςανοιυ

637 495 892 551 Bonifacii
926 490 1170 556 temulus,
1200 489 1262 541 de
1290 490 1540 557 exsequiis
1559 490 1765 558 prioris
1793 488 2010 558 episcoiii
2037 503 2069 539 a
2098 504 2200 555 po-

636 570 759 633 pqu
797 575 842 618 et
868 582 898 615 α
928 560 1228 633 clericisad
1259 556 1516 610 ecclesiam
1544 556 1931 611 Lateranensem
1958 558 2205 610 adductus

634 629 863 697 ducitur,
883 634 967 684 tibi
987 645 1078 700 per
1100 629 1311 682 biduum
1334 635 1624 700 remoratus
1635 639 1729 691 est,
1754 636 1808 682 ut
1828 637 2205 700 exspectaretur

635 707 741 758 dies
786 697 1054 755 consuetus
1094 715 1193 767 quo
1226 706 1389 763 posset
1429 698 1705 750 solenniter
1733 698 1998 763 ordinari,
2027 697 2077 749 id
2125 705 2203 751 est

638 774 781 840 eligi.
814 772 923 825 Hoc
947 768 1321 840 triduumcnm
1346 767 1685 840 inelectione
1713 768 1951 834 Gregorii
1981 767 2083 820 Vill.
2114 767 2202 832 qni

638 837 749 909 ipsa
780 841 866 895 die
914 841 1101 894 mortis
1131 837 1417 909 Alexandri
1449 837 1487 891 ll
1530 847 1887 909 creatusest.
1924 844 2205 909 servatum

639 906 743 965 non
776 911 993 975 fuisset,
1023 909 1076 963 id
1108 920 1289 977 postea
1317 908 1499 963 Benno
1538 908 1818 962 cardinalis
1846 908 2040 973 aliique
2068 906 2205 959 Gre-

636 982 769 1049 gorii
801 978 1094 1034 adversarii
1132 977 1231 1045 ipsi
1280 978 1592 1049 objecerunt
1619 1018 1633 1041 ,
1666 978 1805 1046 qttod
1854 978 2082 1049 triduum
2113 990 2208 1044 per

639 1048 685 1103 id
718 1061 926 1120 tempus
954 1050 1095 1102 nulla
1121 1049 1234 1120 lege
1264 1051 1522 1120 sancitum
1556 1048 1718 1120 fuisse
1747 1048 2206 1120 ex‘SIimatllaro-

638 1122 777 1184 nius,
801 1116 889 1188 qui
921 1119 1189 1173 Bennonis
1220 1119 1641 1172 criminationem
1676 1118 1775 1171 hoc
1796 1116 2134 1188 l2~co_rejicit.

710 1186 896 1247 Gothis
946 1190 1108 1245 Italiae
1155 1190 1353 1242 ditionc
1386 1202 1414 1239 a
1456 1188 1623 1242 Narse
1653 1186 2206 1253 patricio,ltistiiiiani

639 1261 978 1327 imperatoris
996 1262 1148 1321 duce,
1174 1258 1389 1311 omnino
1411 1259 1633 1321 exactis,
1662 1259 1912 1325 Italiaque
1932 1273 2051 1309 cum
2076 1257 2208 1309 urbe

644 1334 810 1387 itania
840 1331 890 1384 in
920 1331 1192 1384 orientalis
1222 1328 1428 1396 imperii
1460 1330 1757 1395 portionem
1790 1328 2001 1380 redacta
2030 1368 2042 1385 .
2072 1327 2207 1379 insi-

638 1404 791 1471 gtiior
822 1400 917 1453 fuit
948 1402 998 1453 in
1030 1400 1289 1471 elei-tione
1328 1413 1485 1471 papm‘
1505 1400 1727 1471 mutatio
1761 1412 1923 1471 usque
2047 1397 2210 1449 Caro-

641 1467 748 1525 lum
782 1472 1044 1539 Magnum.
1072 1470 1152 1539 De
1180 1469 1597 1539 llacrtlllllallmle
1624 1468 1935 1539 Gregorium
1961 1467 2207 1539 Magnum

640 1536 941 1594 sciscitatus
962 1550 1044 1593 est
1064 1538 1400 1593 Secundinus
1429 1552 1614 1592 servus
1657 1538 1745 1589 Dei
1797 1537 2068 1597 inclusus,
2119 1536 2203 1587 cui

643 1611 930 1679 Gregorius
953 1610 1224 1672 respondit
1254 1609 1304 1662 iu
1335 1608 1449 1661 bare
1472 1608 1629 1661 verba
1657 1624 1671 1659 :
1705 1606 1777 1659 De
1804 1606 2209 1679 ordinationibus

638 1676 1063 1747 vero'apostolica:
1082 1680 1212 1731 sedis
1240 1680 1374 1744 ponti
1384 1680 1531 1737 ficum
1554 1687 1719 1728 utrum
1737 1685 1845 1739 post
1868 1676 2208 1728 beatissimum

640 1754 802 1804 cirum
830 1749 1137 1803 Ilormidant
1164 1748 1334 1813 aliqua
1355 1749 1452 1800 sint
1478 1749 1673 1811 addita,
1706 1760 1868 1799 uestra
1891 1747 2109 1797 Charitas
2130 1761 2209 1797 re-

640 1824 813 1891 quirit.
847 1820 953 1873 Sed
995 1835 1153 1888 usque
1192 1819 1259 1891 ad
1298 1817 1471 1885 Vigilii
1499 1833 1648 1885 papw
1690 1826 1918 1891 tempora
1956 1816 2209 1891 expositas

646 1885 989 1944 ordinationes
1027 1885 1303 1960 primulum
1334 1904 1440 1960 esse
1457 1903 1762 1960 cognoscas,
1796 1888 1845 1938 id
1876 1895 1976 1960 est
1998 1885 2210 1960 publice

648 1960 848 2020 factas.
905 1956 1035 2012 cim'
1065 1971 1300 2023 tempore
1334 1958 1503 2025 \‘igilii
1530 1956 1782 2024 quietiam
1829 1956 2052 2009 Occultis
2096 1970 2208 2007 am-

647 2030 896 2083 bientiutn
948 2030 1207 2082 cuniculis
1236 2028 1385 2080 facta:
1419 2028 1545 2091 sint,
1579 2041 1711 2096 quas
1740 2026 1877 2096 inter
1909 2027 2020 2092 ipsa
2049 2026 2208 2079 etiam

647 2100 817 2168 \‘igilii
846 2098 1038 2153 electio
1064 2098 1193 2150 vitio
1219 2112 1336 2168 non
1378 2099 1566 2151 caruit.
1594 2094 1673 2168 Ab
1697 2111 1760 2150 eo
1782 2094 1938 2168 igitur
1971 2104 2210 2168 tempore

639 2165 731 2222 sic'
747 2184 834 2222 res
858 2182 918 2223 se
940 2168 1184 2221 habebat.
1215 2167 1421 2220 Mortuo
1443 2166 1712 2235 pontifice,
1735 2166 1877 2219 sedis
1903 2165 2211 2234 aposmlicte

643 2238 879 2291 vacantis
908 2252 1032 2291 cura
1082 2238 1246 2291 tribus
1277 2238 1557 2305 praecipuis
1595 2238 1726 2289 cleri
1758 2235 2015 2305 ministris
2059 2250 2211 2288 coni-

644 2309 969 2374 mittebatur,
999 2306 1202 2361 scilicet
1225 2304 1706 2375 arcbipresbyiero,
1731 2304 2127 2367 arcliidiacono,
2158 2312 2212 2358 et

644 2377 945 2446 primicerio
1015 2378 1363 2431 notariorum.
1424 2380 1505 2432 Ab
1562 2380 1644 2429 liis
1701 2376 2089 2443 quamprimum
2145 2375 2211 2427 de

640 2457 811 2502 morte
855 2462 1005 2517 papae
1047 2448 1291 2500 nuntium
1344 2447 1669 2514 significatur
1725 2446 1956 2499 exaiclio
1986 2484 1999 2506 ,
2052 2459 2207 2517 quem

640 2518 828 2573 Gotliis
858 2515 1041 2585 ‘pulsis
1085 2519 1349 2571 Ravenna:
1392 2519 1692 2570 instituerat
1737 2519 2043 2585 imperator.
2083 2515 2161 2585 Po
2195 2524 2211 2566 ι

635 2588 781 2657 josta
836 2584 1084 2641 defuncto
1142 2588 1444 2655 persoluta,
1477 2595 1827 2657 exactumque
1873 2584 2029 2657 tridui
2074 2584 2211 2657 jeju-

644 2653 787 2710 iiiuin
816 2699 829 2721 ,
861 2658 927 2711 de
955 2653 1199 2727 eligendo
1233 2659 1478 2723 pontifice
1518 2655 1863 2710 tractabatur.
1910 2653 2211 2727 “niceter-

644 2728 771 2780 tioni
796 2724 1084 2782 intererant
1115 2729 1319 2789 clerus,
1343 2730 1644 2794 Optimatcs.
1676 2727 1899 2793 populus
1923 2733 1975 2777 et
1997 2724 2141 2794 milite
2164 2739 2209 2787 s,

643 2801 743 2852 lioc
793 2808 874 2851 est
913 2800 1135 2851 militum
1166 2793 1424 2851 stationes
1447 2837 1463 2857 ,
1504 2798 1594 2863 qui
1623 2796 1687 2849 ad
1718 2795 1990 2848 tutandam
2019 2793 2213 2845 adver-

641 2882 734 2922 sus
763 2868 1140 2937 Langobardos
1172 2868 1424 2935 reliquam
1457 2868 1613 2919 Italiae
1661 2877 1860 2937 partem
1907 2865 2084 2937 liomn'
2121 2878 2213 2929 po-

643 2936 903 2991 tissimum
932 2947 985 2992 et
1005 2939 1269 2991 Ravenna:
1298 2938 1680 2991 consistebant.
1704 2937 1779 2988 De
1802 2936 2061 2989 electione
2087 2949 2205 2984 mox

648 3008 980 3062 reiciebatur
1002 3010 1065 3060 ad
1114 3008 1510 3073 imperatorem,
1546 3021 1574 3057 a
1600 3020 1702 3072 quo
1726 3006 2003 3072 petebatur
2025 3018 2210 3065 espee.

649 3080 961 3145 tabaturque
988 3075 1141 3129 factae
1172 3077 1448 3131 electionis
1489 3075 1823 3145 approbatio.
1847 3075 1931 3145 De
1967 3088 2028 3127 ea
2085 3075 2207 3124 item

2299 488 2391 556 jus
2429 498 2819 562 et_potestatc_m
2871 491 3093 562 eligendi
3140 488 3457 562 pontiﬁcem,
3511 500 3559 544 et
3610 494 3887 549 ordinandi

2305 556 2640 631 apostolicam
2684 560 2881 622 sedem,
2935 556 3147 626 prteter’
3180 560 3489 631 dignitatem
3540 564 3876 631 patriciatus,

2304 641 2463 701 quam
2512 628 2559 682 ei
2613 630 2884 701 concessit
2930 644 3050 684 eum
3104 628 3419 701 iiives'titura
3456 628 3881 701 episcopatuum.

2308 695 2628 769 lloc_itaque
2673 699 2891 753 Adriani
2931 702 3182 761 decreto.
3212 702 3352 769 quod
3394 695 3680 756 Gratianus
3714 714 3770 757 et
3799 704 3886 759 lvo

2308 766 2627 833 retulerunt,
2659 776 2914 823 statutum
2945 778 3025 823 est
3058 778 3115 823 ut
3152 769 3198 825 is
3231 766 3381 826 esset
3408 784 3565 825 verus
3612 772 3885 831 Romanus

2308 836 2563 902 pontifex,
2594 853 2750 902 quem
2783 838 3008 893 Carolus
3050 855 3145 893 rex
3175 840 3499 896 Francorum
3542 843 3735 907 suique
3763 858 3886 899 suc-

2307 919 2549 981 cessores
2574 907 2909 981 .Fiancorom
2955 922 3111 981 reges
3137 911 3557 981 consecrandum
3588 913 3884 981 elegerent,

2307 976 2421 1051 sive
2445 975 2532 1044 jus
2574 975 2736 1048 [ουν]
2762 979 2993 1051 eligendi
3021 975 3339 1047 pontificem
3370 996 3399 1034 a
3430 983 3577 1036 clero
3605 991 3658 1036 et
3674 975 3889 1051 'populo

2308 1047 2370 1095 ad
2404 1062 2563 1098 unum
2588 1047 2779 1115 regem
2828 1047 3141 1103 translatum
3174 1051 3270 1113 sit,
3304 1052 3416 1104 sive
3461 1047 3741 1107 electionis
3763 1047 3883 1107 ἠο-

2311 1115 2452 1168 mine
2493 1131 2534 1192 ε·
2560 1116 2823 1171 nlirmatii
2868 1120 3211 1192 intelligatur,
3244 1137 3365 1192 eum
3398 1122 3463 1174 ad
3514 1126 3733 1175 modum
3775 1139 3883 1192 quo

2310 1199 2460 1252 ri-ges
2490 1185 2834 1260 Francorum,
2862 1189 2950 1257 qui
2984 1185 3237 1244 natalium
3264 1190 3385 1258 jure
3414 1192 3465 1244 in
3508 1206 3733 1260 regnum
3763 1185 3879 1247 sitc-

2309 1259 2533 1317 Cedunt,
2564 1271 2591 1307 a
2639 1258 2830 1326 populo
2878 1270 3052 1312 tamen
3107 1262 3263 1315 electi
3309 1274 3413 1314 non
3453 1258 3589 1314 raro'
3628 1263 3881 1316 dicuntur

2309 1326 2446 1404 apud
2487 1334 2716 1404 veteres,
2750 1328 2928 1404 idest,
2963 1331 3164 1404 accepti
3213 1331 3486 1404 etagniti.
3522 1336 3601 1404 At
3637 1333 3753 1385 sive
3789 1336 3887 1404 hoc

2310 1395 2422 1467 sive
2452 1395 2554 1467 alio
2583 1398 2745 1450 modo
2775 1398 3052 1453 eleCtionis
3080 1395 3389 1453 vocabulum
3435 1400 3752 1467 accipiatur,
3783 1403 3885 1456 Ca-

2311 1465 2455 1517 rolus
2486 1466 2723 1539 Magnus,
2750 1478 2960 1522 mortua
2986 1469 3241 1536 Adriano,
3265 1472 3483 1524 liberam
3505 1465 3737 1539 eligendi
3761 1488 3883 1526 suc-

2311 1536 2542 1607 cessoris
2568 1536 2868 1592 facultatem
2892 1539 3035 1592 clero
3063 1548 3117 1593 et
3142 1541 3335 1607 p0pulo
3357 1536 3889 1607 reliquitJeamdem-

2311 1617 2413 1679 que
2443 1605 2737 1679 libertatein
2764 1612 2881 1679 ipse
2906 1618 2960 1661 et
2982 1609 3119 1661 illius
3147 1605 3274 1662 situs
3304 1605 3602 1663 Ludovittm
3630 1622 3887 1679 angustus

2313 1672 2364 1725 in
2394 1675 2662 1730 creatione
2690 1672 3060 1747 episcoporum
3103 1679 3324 1746 singulis
3364 1681 3609 1733 ecclesiis
3635 1672 3887 1737 asserue-

2242 1776 2291 1836 Β
2314 1748 2899 1836 Πιριί-είιξιοξιςξιθάξιο,
2932 1748 3176 1836 quod‘ab
3192 1750 3335 1836 naliis
3366 1750 3593 1836 rela't‘um
3642 1762 3744 1804 est.
3777 1753 3886 1806 Sed

2318 1822 2491 1868 tamen
2514 1829 2578 1868 eo
2606 1825 2760 1885 pacto
2801 1818 2913 1871 hinc
2941 1817 3156 1871 libertas
3192 1819 3439 1873 Eccles?:e
3469 1820 3725 1874 Romanae
3759 1837 3889 1874 con-

2313 1897 2461 1959 cessa
2486 1885 2621 1959 “fuit,
2651 1897 2703 1939 ut
2731 1888 2882 1959 electi
2931 1889 3196 1956 pontificis
3241 1889 3573 1943 conﬁrmatio
3603 1901 3656 1943 et
3695 1905 3883 1959 apprc-

2314 1951 2455 2005 batio
2478 1954 2626 2009 fiet-et
2657 1971 2749 2019 per
2775 1951 3121 2029 imperatores
3144 1974 3393 2013 eorumvt:
3422 1960 3648 2029 legatos,
3680 1951 3883 2029 inquo-

2314 2037 2429 2095 rum
2456 2029 2741 2095 praesentia
2770 2028 2889 2081 novi
2920 2028 3184 2095 pontificis
3226 2028 3559 2084 consecratio
3590 2031 3703 2083 fieri
3742 2028 3882 2085 scle-

2314 2091 2419 2145 bat.
2439 2094 2597 2168 _Unde
2627 2105 2743 2162 post
2769 2091 2993 2168 mortem
3025 2097 3264 2167 Gregorii
3291 2099 3375 2163 IV,
3408 2115 3526 2152 cum
3553 2098 3774 2168 Sergius
3793 2113 3881 2153 se-

2313 2163 2518 2217 cundus
2544 2164 2749 2219 electus
2771 2165 2977 2232 fuisset,
3012 2177 3065 2219 et
3089 2163 3191 2220 non
3216 2179 3517 2232 exspectata
3543 2163 3886 2235 impératoris

2312 2235 2626 2306 auctoritate
2656 2236 2958 2300 ordinatus,
2992 2236 3229 2291 Lotarius
3270 2239 3431 2306 ﬁlium
3474 2254 3627 2291 suum
3667 2241 3886 2291 Ledaei-

2313 2317 2421 2352 cum
2454 2319 2569 2355 cum
2602 2305 2836 2378 Drogone
2862 2305 3363 2360 Mediomatricorum
3400 2309 3638 2378 episwpo
3685 2310 3883 2377 dirigit,

2312 2386 2517 2426 aci'uros
2549 2390 2608 2446 ne
2630 2375 2863 2442 deinceps
2887 2378 3157 2430 decedente
3176 2375 3455 2443 apostolico
3483 2375 3753 2446 quisquam
3785 2375 3883 2431 illic

2314 2456 2496 2521 praeter
2517 2445 2595 2495 sui
2619 2447 2899 2521 jussionem
2940 2447 3306 2521 missorumque
3329 2463 3536 2500 suorum
3563 2445 3883 2518 praesentiam

2312 2514 2641 2565 ordinaretur
2678 2516 2909 2577 antistes,
2939 2529 2989 2567 ut
3027 2517 3249 2571 habetur
3280 2520 3330 2569 iti
3372 2514 3664 2571 Annalibus
3721 2521 3881 2571 llerti-

2317 2582 2513 2659 nianis,
2542 2583 2607 2659 ad
2628 2599 2830 2659 annum
2862 2584 3009 2659 844,Δ
3039 2601 3193 2654 quem
3233 2588 3401 2659 locum
3427 2588 3704 2659 iBaronius
3745 2589 3797 2659 si
3819 2590 3886 2641 le-

2314 2654 2498 2719 gisset,
2526 2653 2703 2705 mitius
2732 2657 2909 2721 utique
2931 2657 3127 2724 egisset
3146 2670 3273 2727 cum
3299 2657 3597 2724 Sigeberto,
3629 2660 3719 2727 qui
3748 2657 3883 2710 idem

2315 2730 2526 2787 tactum,
2572 2738 2868 2792 quanquam
2909 2727 3014 2778 alio
3039 2725 3214 2782 modo.
3248 2725 3659 2781 commemorat.
3695 2728 3791 2780 llic
3822 2732 3885 2780 ri-

2316 2800 2423 2865 tus_
2456 2796 2619 2865 viguit
2661 2794 2727 2845 ad
2762 2796 3047 2849 Adriatium
3092 2795 3339 2859 tertium,
3391 2798 3478 2865 qui
3517 2807 3721 2851 statuto
3750 2798 3877 2851 editi

2312 2860 2448 2932 cavit
2476 2878 2542 2915 ne
2563 2864 2812 2929 deinceps
2842 2865 2892 2917 in
2924 2867 3265 2931 approbando
3292 2876 3345 2919 et
3374 2860 3675 2920 ordinando
3708 2871 3875 2932 ponti-

2320 2930 2419 2983 fice
2442 2945 2842 2997 exsiiectaretur
2870 2930 3208 3001 imperatoris
3244 2938 3550 2990 auctoritas.
3587 2939 3665 2990 Ex
3700 2930 3784 2990 bis
3818 2938 3886 2988 in-

2315 3001 2564 3075 telligitur
2630 3014 2928 3075 suspectam
2997 3020 3116 3058 esse
3168 3007 3432 3075 vulgatam
3489 3008 3750 3060 Ludovici
3816 3008 3884 3061 Pii

2311 3072 2659 3145 sanctionem,
2691 3088 2808 3140 quae
2850 3074 2988 3127 hunc
3022 3089 3174 3127 usum
3209 3072 3447 3139 remittit,
3482 3076 3886 3145 absolutamque

641 3140 970 3201 scribebatur
1001 3144 1168 3218 [CXIII]
1199 3148 1275 3218 ad
1296 3140 1611 3218 exarcliuiii,
1656 3144 1720 3197 ad
1744 3144 1973 3212 judices,
1995 3144 2206 3218 _arcliie§
2239 3147 2283 3209 (ζ
2313 3140 2619 3218 eliget-idiet
2647 3145 3006 3218 consecrandi
3024 3146 3287 3218 pontificis
3331 3146 3636 3218 facultatem
3669 3140 3824 3199 clero
3840 3156 3885 3199 et

646 3219 917 3283 pisropum
946 3258 962 3280 ,
1002 3212 1057 3268 ct
1099 3212 1495 3283 apocrisiariuin
1534 3215 1829 3278 Ravennm,
1862 3224 1918 3265 tit
1961 3212 2205 3266 electioui

644 3289 899 3340 faverent.
936 3286 1063 3340 Post
1084 3287 1258 3337 datam
1283 3288 1349 3338 ab
1380 3288 1699 3351 imperatore
1724 3284 2162 3350 approbationem
2190 3322 2205 3347 ,

640 3358 845 3411 electus
890 3357 1100 3410 tandem
1134 3356 1480 3409 ordinabatur
1524 3356 1589 3406 ad
1625 3354 2017 3407 confessionem
2070 3355 2206 3406 beati

642 3426 804 3492 Petri,
838 3426 1015 3493 ibique
1044 3426 1202 3479 fidem
1234 3439 1384 3479 suam
1418 3423 1781 3491 profitebatur,
1818 3438 2047 3491 mosque
2087 3423 2205 3477 fidei

640 3510 753 3549 sua:
778 3496 1165 3550 confessionem
1190 3495 1252 3547 ad
1275 3510 1465 3547 omnes
1488 3493 1756 3547 Ecclesias
1776 3493 2054 3561 dirigebat.
2084 3494 2208 3548 lla-c

640 3565 819 3619 omnia
847 3577 1092 3621 constant
1120 3580 1183 3618 ex
1227 3565 1362 3618 libro
1391 3566 1581 3617 diurno
1613 3563 1970 3616 Romanorum
1996 3566 2206 3630 pontifi-

640 3650 781 3697 cum,
807 3635 958 3705 cujus
1002 3636 1240 3689 formulae
1273 3635 1340 3688 ab
1363 3649 1428 3688 eo
1458 3645 1726 3702 tempore,
1758 3635 1831 3705 id_
1849 3643 1930 3687 est
1957 3647 1985 3685 a
2030 3634 2205 3705 medio

637 3706 836 3759 seculo
874 3702 1064 3771 sexto,
1105 3705 1159 3758 in
1187 3718 1283 3757 usu
1322 3718 1442 3758 esse
1478 3713 1772 3772 ceperunt.
1804 3702 1970 3757 Porro
2005 3704 2206 3757 electus

641 3789 747 3829 non
764 3789 822 3829 se
844 3776 1061 3843 gerebat
1088 3785 1142 3828 ut
1167 3773 1399 3843 pontifex
1415 3783 1538 3828 ante
1559 3775 2044 3837 confirmationem;
2065 3776 2203 3841 quod

641 3844 977 3899 manifestum
1005 3854 1169 3899 estex
1197 3846 1419 3911 epistola
1449 3845 1514 3897 ad
1538 3844 1818 3912 episcopos
1846 3853 1899 3896 et
1931 3846 2205 3911 presbyte—

641 3928 733 3985 ros
762 3916 975 3977 Scotite,
998 3914 1135 3985 apud
1160 3915 1355 3968 Bedam
1380 3916 1544 3968 relata
1574 3915 1673 3967 sub
1694 3914 1801 3985 hac,
1817 3914 2161 3980 inscriptione
2189 3932 2200 3965 :

641 3983 990 4039 Dilectissimis
1015 3983 1061 4037 et
1100 3986 1431 4037 sanctissimis
1471 3985 1711 4054 fratribus
1738 3983 2044 4043 Tlionii'ano,
2075 3993 2203 4049 etc.,

642 4054 854 4125 Hilarus
884 4055 1285 4125 archipresbyter
1315 4064 1361 4107 et
1402 4071 1606 4108 servans
1634 4055 1800 4125 locum
1835 4062 2022 4106 sancta:
2070 4056 2204 4107 sedis

634 4124 943 4194 apostolicae,
975 4124 1201 4178 JOaniics
1223 4126 1468 4179 diaconus
1493 4135 1540 4178 et
1566 4126 1620 4177 in
1651 4124 1747 4177 Dei
1770 4127 1971 4178 nomine
1994 4125 2201 4189 electus,

633 4208 751 4248 item
770 4194 996 4248 Joannes
1023 4196 1342 4265 primicerius
1368 4211 1410 4247 et
1434 4212 1635 4249 servans
1656 4194 1828 4248 locum
1850 4203 2044 4265 sancta:
2071 4197 2204 4249 sedis

632 4265 945 4334 apostolica,
978 4263 1106 4329 etc.,
1133 4266 1216 4317 ubi
1246 4263 1508 4330 Joannes,
1536 4266 1661 4321 licet
1687 4264 1891 4319 electtis
1919 4267 1968 4316 iii
2004 4267 2199 4318 Roma-

634 4350 758 4388 num
784 4339 1105 4402 pontificem,
1129 4338 1363 4389 secundo
1390 4345 1566 4390 tamen
1594 4335 1711 4389 loco
1739 4336 2076 4400 inscribitur;
2104 4352 2204 4390 nec

632 4404 719 4459 alii
749 4406 1023 4460 dimittunt
1051 4406 1255 4458 titulum
1288 4405 1379 4474 qui
1402 4408 1479 4459 eis
1507 4416 1629 4459 ante
1655 4407 1968 4460 electionem
1988 4420 2204 4474 compe-

636 4475 801 4535 lebat.
832 4476 1155 4531 servantium
1182 4476 1388 4529 scilicet
1417 4477 1588 4530 locum
1614 4478 1757 4531 sedis
1780 4477 2106 4543 apostolicae.
2138 4483 2201 4529 tat

2318 3210 2509 3277 populo
2533 3211 2773 3265 Humano
2805 3211 3227 3281 resiituit;quod
3259 3216 3473 3282 quidem
3502 3221 3632 3269 satis
3654 3223 3886 3270 contum

2312 3283 2565 3355 stephani
2599 3282 2660 3355 lV
2681 3282 2984 3355 decretum,
3020 3286 3300 3337 statuentis
3330 3294 3390 3339 ut
3430 3290 3634 3341 electus
3663 3303 3885 3355 pris-scn-

2313 3352 2441 3401 tibus
2470 3352 2647 3420 legatis
2675 3352 3021 3420 imperialibus
3051 3366 3412 3410 Consecrelur.

2386 3424 2509 3473 l’ost
2553 3422 2843 3475 Adrianum
2893 3425 3105 3476 tertium
3147 3426 3486 3479 tumultuaria
3536 3426 3637 3479 fuit
3686 3426 3879 3493 passim

2315 3504 2465 3557 impie
2508 3493 2719 3557 electio,
2754 3508 2923 3560 usque
2960 3494 3024 3546 ad
3070 3495 3419 3562 principatum
3464 3498 3672 3551 Ottouis
3720 3496 3883 3563 Magni

2310 3578 2397 3625 qui
2424 3564 2476 3635 in
2508 3563 2767 3635 electione
2794 3563 3361 3635 pontificiasummam
3395 3567 3495 3619 sibi
3525 3570 3752 3635 suisque
3793 3581 3882 3634 po-

2309 3632 2467 3684 steris
2492 3634 2858 3686 auctoritatem
2877 3634 3133 3686 attribuit.
3160 3634 3348 3688 Petrus
3366 3636 3627 3697 Daniiani,
3648 3632 3876 3692 Alexan-

2308 3704 2407 3774 dro
2428 3703 2663 3774 secundo
2690 3703 2958 3771 pontifice,
2983 3704 3058 3757 ait
3100 3705 3149 3757 in
3190 3705 3285 3758 lib.
3316 3720 3353 3771 ι,
3386 3704 3629 3774 epistola
3651 3708 3686 3759 2
3706 3713 3749 3772 ρ,
3779 3708 3881 3760 ele-

2308 3771 2543 3843 ctiouem
2571 3773 2713 3825 illam
2750 3789 2839 3842 per
2863 3774 3218 3843 episcoporum
3260 3771 3601 3829 cardinalium
3643 3771 3762 3843 fieri
3804 3782 3883 3829 de-

2307 3840 2422 3893 bere
2467 3840 2757 3917 principale
2790 3840 3081 3913 judicium,
3125 3848 3195 3899 ita
3245 3856 3303 3898 ut
3345 3849 3565 3899 secundo
3611 3840 3727 3900 loco
3770 3848 3883 3917 jure

2308 3918 2528 3986 priebeat
2554 3916 2717 3986 clerus
2742 3930 3024 3977 assensum,
3058 3918 3206 3969 tertio
3236 3917 3499 3984 papularis
3519 3918 3665 3986 favor
3684 3916 3883 3971 attollat

2306 3984 2648 4057 applausuni;
2678 3985 2849 4057 sicque
2869 3986 3281 4057 suspendendum
3311 4003 3419 4039 esse
3441 3984 3669 4055 causam,
3704 4005 3881 4057 usque-

2307 4054 2429 4105 dum
2454 4056 2606 4123 regia
2648 4056 2963 4106 celsitudinis
2993 4060 3290 4108 consulatur
3332 4059 3636 4119 auctoritas,
3667 4054 3878 4122 nisi'pe-

2307 4125 2525 4176 riculum
2551 4126 2783 4193 fortassis
2818 4124 3075 4178 immineat
3114 4127 3252 4195 quod
3278 4142 3383 4179 rem
3411 4129 3721 4195 quantocius
3750 4144 3880 4180 acce-

2308 4196 2470 4267 ferare
2485 4197 2789 4267 compellat.
2823 4196 2960 4259 Quot
2992 4195 3171 4248 turbas
3213 4197 3526 4267 excitaverit
3552 4202 3655 4249 sub
3679 4196 3879 4267 Grego-

2309 4268 2387 4318 rio
2412 4264 2504 4336 νηί
2528 4262 2670 4335 [cxv]
2698 4263 2919 4336 ejusque
2939 4266 3335 4320 successoribus
3357 4267 3472 4320 haec
3500 4262 3879 4336 imperatoer

2306 4334 2619 4399 auctoritas,
2646 4334 2847 4405 nemini
2880 4335 3116 4403 ignotum
3146 4345 3247 4390 est.
3282 4336 3518 4392 Tandem
3545 4334 3665 4405 post
3689 4339 3878 4392 multas

2307 4419 2369 4458 ac
2410 4405 2686 4459 diuturnas
2724 4404 3099 4461 altercationes
3138 4405 3299 4460 evicit
3335 4404 3641 4461 Alexander
3672 4410 3874 4469 tertius,

2310 4485 2367 4528 ut
2394 4492 2421 4527 a
2453 4474 2581 4528 solis
2608 4474 2967 4529 cardinalibus
3004 4477 3166 4545 (quod
3198 4477 3445 4531 Nicolaus
3468 4476 3509 4531 ll
3533 4477 3645 4546 jam
3676 4486 3878 4532 statue-

632 4521 810 4600 tameii
937 4521 1220 4615 episcopos
1268 4521 1782 4614 freti-uniwvoca'btiln
1816 4521 2201 4614 'c0iiipetla'tit,
2236 4521 2278 4577 ο
2308 4554 2411 4611 rat,
2445 4548 2537 4599 sed
2570 4547 2809 4599 obtinere
2829 4521 3169 4615 ncquit‘i‘era’t)
3201 4521 3444 4601 Pontife;

633 4617 1078 4683 quemadmodum
1108 4620 1427 4684 Cyprianum
1468 4617 1940 4684 Carthaginiensem
1990 4621 2196 4671 antisu-

632 4696 736 4756 tem
765 4688 1043 4756 presbyteri
1076 4694 1122 4738 et
1161 4687 1397 4738 diacones
1428 4686 1607 4740 Romae
1634 4688 1842 4755 fratrem
1876 4698 2103 4753 vocant,
2145 4692 2199 4741 in

629 4755 850 4825 epistola
875 4755 943 4812 36
970 4770 1125 4827 nova:
1157 4756 1433 4820 Ediiiniiis,
1458 4768 1511 4811 et
1536 4761 1586 4810 in
1612 4759 1749 4810 aliis.

698 4828 880 4894 Neque
910 4841 1033 4881 vero
1061 4828 1286 4894 gratuita
1314 4834 1429 4881 erat
1468 4827 1803 4895 imperatoris
1833 4827 2198 4893 confirmatio,

628 4898 721 4950 sed
752 4900 851 4951 sub
879 4908 1021 4950 certa
1045 4912 1175 4964 pecu
1218 4896 1281 4949 ἱίιξ
1309 4898 1579 4965 pensione,
1613 4913 1772 4968 quam
1805 4899 2075 4952 Heraelius
2098 4900 2195 4953 itn-

629 4978 840 5033 perator
868 4972 1079 5022 sustulit
1102 4967 1203 5020 sub
1224 4970 1499 5037 Agathone
1526 4967 1657 5037 papa
1676 5009 1691 5032 ,
1727 4969 2000 5036 privJegio
2030 4970 2191 5024 etiam

626 5050 905 5104 concesso,
950 5047 1005 5092 ut
1033 5040 1234 5092 electus
1262 5036 1494 5105 pontifex
1526 5036 1629 5093 non
1677 5049 1980 5107 exSpectata
2028 5042 2193 5108 impe-

626 5112 816 5163 ratoris
861 5108 1243 5178 approbatione
1287 5116 1465 5176 posset
1498 5114 1836 5177 consecrari,
1879 5110 2018 5177 quod
2047 5112 2190 5166 Gou-

624 5181 886 5233 stantiuus
910 5179 1141 5235 Heraclii
1173 5191 1440 5246 pronepos
1479 5179 1640 5234 etiam
1670 5181 2025 5233 confirmavit.
2062 5182 2191 5238 Viue

622 5264 740 5368 :jtta:
766 5252 833 5373 ille
861 5252 1078 5304 Adriani
1110 5249 1268 5319 primi
1308 5248 1572 5303 electione
1607 5250 1747 5304 dicta
1772 5262 1894 5304 sunt
1935 5252 1985 5303 in
2022 5251 2185 5307 Musei

644 5333 766 5371 omo
820 5359 833 5372 .

623 5327 766 5371 tumo
795 5327 833 5372 Ι.

694 5389 979 5459 l’ostqnam
1006 5405 1132 5444 vero
1155 5388 1379 5445 Carolus
1401 5390 1637 5459 Magnus,
1666 5391 1888 5445 subacto
1918 5391 2192 5447 Desiderio

622 5456 1087 5529 Langobardorum
1118 5476 1277 5529 rege,
1320 5465 1409 5528 qui
1451 5456 1687 5516 Adriano
1716 5478 1864 5529 papa:
1904 5464 2184 5517 intestissi-

620 5542 740 5583 Inus
765 5543 900 5595 erat,
924 5533 1262 5585 exarcliatutn
1298 5532 1557 5599 Ravennae
1582 5542 1737 5599 atque
1771 5532 1996 5587 Umbria
2026 5544 2078 5587 et
2104 5536 2185 5587 Pi-

617 5601 737 5653 ceni
771 5601 1105 5671 partemsedi
1133 5596 1439 5671 apostolicae
1466 5617 1494 5655 a
1527 5596 1749 5671 Pippino
1775 5616 2083 5658 concessam
2110 5606 2183 5657 ei-

618 5673 741 5722 dem
785 5670 1119 5737 asseruisset,
1170 5670 1455 5730 Adrianus.
1512 5670 1647 5727 teste
1690 5674 1993 5738 Anastasio,
2047 5676 2179 5727 tanti

624 5741 827 5791 beet-tte
852 5741 862 5789 i
904 5753 1127 5806 meiuor,
1162 5741 1344 5796 Romae
1372 5742 1629 5810 synodum
1658 5758 1780 5798 cun
1805 5743 2179 5817 episcoporum

2304 4626 2362 4670 ut
2388 4633 2455 4671 ex
2498 4616 2667 4669 tribus
2693 4616 2811 4669 dum
2855 4626 3032 4684 partes
3062 4617 3114 4670 in
3160 4633 3321 4670 unum
3350 4617 3743 4686 conspirarent.
3775 4619 3875 4673 Nec

2302 4688 2522 4742 difficile
2570 4686 2670 4739 fuit
2720 4687 3028 4740 Alexandro
3076 4687 3275 4742 clerum
3326 4702 3609 4742 reinOvere
3660 4689 3730 4743 ab
3786 4690 3876 4742 hac

2301 4761 2585 4818 electione,
2617 4758 2905 4829 assumptis
2933 4758 2987 4810 in
3017 4759 3256 4811 ordinem
3298 4760 3655 4812 cardinalium
3686 4760 3775 4829 qui
3802 4760 3873 4813 in-

2304 4838 2387 4884 ter
2407 4829 2632 4884 clericos
2659 4828 2909 4897 praecipui
2936 4836 3109 4892 erant,
3138 4829 3219 4882 vel
3237 4844 3422 4883 eorum
3447 4828 3642 4883 officiis
3671 4828 3871 4898 penitus

2302 4898 2609 4955 exstinctis.
2645 4900 2717 4951 Ita
2745 4897 3040 4952 cardinales
3062 4900 3225 4952 creati
3255 4908 3377 4951 sunt
3398 4900 3545 4966 prior
3567 4897 3679 4954 seu
3698 4903 3867 4953 archi-

2302 4971 2581 5040 pre.~byter
2606 4970 2997 5032 Lateranensis,
3022 4969 3193 5021 sancti
3226 4968 3363 5040 Petri
3394 4978 3450 5023 et
3473 4979 3672 5024 sanctze
3703 4971 3870 5023 Mariae

2300 5039 2514 5107 Majoris
2540 5040 3020 5108 archipresbyteri;
3049 5041 3216 5092 sancti
3249 5039 3422 5102 Pauli,
3456 5051 3509 5092 et
3539 5042 3710 5094 sancti
3740 5042 3867 5094 Lan-

2298 5112 2453 5168 rentii
2483 5121 2636 5166 extra
2664 5124 2845 5163 muros
2873 5109 3114 5163 abbatcs.
3154 5110 3332 5163 Additi
3367 5110 3433 5163 ad
3464 5112 3562 5164 bos
3587 5113 3755 5165 etiam
3786 5127 3869 5165 se-

2298 5194 2437 5251 ptem
2465 5180 2621 5237 Urbis
2649 5181 2913 5251 episcopi,
2946 5178 3273 5251 totidemque
3314 5181 3569 5234 Ecclesiae
3620 5180 3867 5235 Romana:

2299 5249 2557 5323 prmcipui
2579 5250 2850 5313 ofﬁciales,
2891 5257 2953 5323 ut
2966 5249 3332 5323 primicerius,
3364 5257 3419 5304 et
3446 5252 3864 5323 sectindicerius,

2301 5319 2766 5392 iirotoscrinarius,
2785 5319 3144 5387 saceellarius,
3164 5322 3425 5386 arcarius,
3438 5321 3863 5384 adminiculator,

2298 5408 2351 5449 et
2380 5393 2714 5462 primicerius
2737 5393 3097 5462 defensorum,
3127 5405 3355 5460 quorum
3388 5406 3607 5444 munera
3640 5395 3719 5447 vel
3749 5406 3860 5445 oni-

2299 5468 2424 5518 ninn
2452 5465 2747 5532 antiquata,
2776 5463 2854 5515 vel
2880 5461 3096 5515 mutatis
3128 5462 3431 5532 nominibus
3460 5464 3596 5513 intra
3623 5465 3861 5516 cardina-

2289 5529 2712 5601 liuiticollegium
2736 5531 2938 5586 inclusa
2964 5540 3108 5584 sunt.
3142 5529 3379 5586 Sublatis
3411 5532 3569 5601 igitur
3594 5539 3676 5587 vel
3699 5534 3860 5586 auctis

2288 5606 2415 5659 clcri
2443 5604 2733 5672 capitibus,
2761 5603 2913 5657 facile
2953 5603 3049 5656 fuit
3080 5612 3136 5655 ut
3180 5602 3368 5671 vulgus
3407 5603 3729 5657 clericorum
3763 5604 3858 5655 hoc

2287 5676 2564 5730 electionis
2606 5673 2727 5742 jure
2776 5676 3094 5741 privaretur.
3149 5674 3309 5742 Atqui
3357 5673 3501 5727 clero
3548 5673 3859 5735 decedente,

2288 5762 2395 5802 non
2417 5760 2557 5817 aegre
2577 5747 2736 5801 etiam
2768 5745 2994 5816 p0pulus
3017 5743 3234 5813 antiquo
3255 5746 3375 5813 jure
3399 5744 3585 5800 cessit.
3609 5746 3736 5801 liae
3756 5747 3859 5800 fere
