4042 6336
265 294 373 348 9i?

1013 291 1077 345 IN
1116 289 1412 346 ORDINEM
1456 288 1793 344 ROMANUM
1834 286 2365 344 COMMENTARIUS
2408 289 2736 346 PILEVIUS.

3406 299 3546 354 (HS.

262 408 546 478 ()nnfrius.
594 405 746 478 Quod
798 421 901 461 non
949 409 1016 462 ita
1073 409 1466 478 intelligendum
1495 450 1527 478 ,ί
1554 409 1705 476 quasi
1746 406 1843 478 sub
1874 405 1920 464 A
1947 401 2203 478 scandens
2222 403 2351 478 beati
2377 401 2518 478 Ifetri
2545 403 2766 478 apostoli
2785 401 3229 478 etcwlestisregni
3253 405 3510 475 clavigeri,

267 477 572 532 Alexandro
627 477 786 530 tertio
833 480 1058 544 primum
1107 477 1452 533 cardinalium
1502 477 1729 546 dignitas
1776 477 1840 527 ad

265 551 413 601 tuine
440 546 770 600 auctoritatis
793 548 995 614 apicem
1021 559 1264 614 provecta
1290 551 1380 614 sit,
1409 548 1500 603 sed
1529 548 1668 614 quod
1692 556 1840 600 aucta

268 617 324 671 in
361 621 496 678 hunc
525 617 757 688 _modum
793 617 1019 688 dignitas
1067 619 1211 672 clero
1251 628 1303 674 et
1339 617 1530 688 populo
1557 617 1646 686 jus
1687 631 1841 688 suum

274 687 430 741 fat-ile
474 685 749 740 ademerit.
794 685 934 740 Sane
983 688 1170 741 Petrus
1214 685 1490 749 Damiani,
1536 685 1586 741 in
1617 687 1841 753 epistol:

273 772 395 810 mox
429 757 655 820 laudata,
706 756 782 807 sic
833 758 1041 809 extollit
1086 759 1380 812 cardinales
1420 758 1728 824 episcopos,
1758 758 1844 823 qui

268 826 567 898 Romanum
611 825 905 898 pontiﬁcem
949 828 1298 896 principaliter
1335 828 1606 898 eligebant,
1643 837 1698 898 ut
1742 843 1842 879 non

209 898 222 908 ’
266 896 428 949 modo
453 895 788 965 quorumlibet
828 895 1200 964 episcoporum,
1238 898 1326 950 sed
1354 895 1844 963 et'patriarcharnm

269 975 423 1034 atque
452 966 720 1033 primatum
744 965 867 1031 jura
893 966 1245 1034 transcendere
1266 974 1488 1019 asserat.
1526 967 1590 1018 Et
1628 965 1840 1032 quidem

265 1033 379 1102 jam
410 1035 531 1088 inde
560 1050 588 1086 a
621 1045 858 1098 tempore
887 1033 1130 1103 Gregorii
1160 1035 1249 1088 VII
1272 1037 1562 1103 praecipua.-
1595 1035 1840 1087 cardina-

279 1106 408 1159 Iium
458 1105 509 1158 in
561 1103 784 1157 Romani
841 1102 1102 1166 pontiﬁcis
1153 1102 1420 1158 creatione
1467 1105 1628 1158 fuisse
1668 1113 1844 1168 partes

269 1174 538 1241 colligitur
567 1188 630 1227 es
666 1173 886 1226 formula
929 1173 1221 1241 juramenti
1275 1174 1484 1227 IIvnrici
1527 1173 1842 1241 patriarcha:

274 1241 628 1309 Aquileiensis
658 1243 832 1304 electi,
860 1247 948 1311 qui
983 1241 1236 1311 GregOrio
1267 1243 1420 1296 ﬁdem
1445 1258 1592 1295 suam
1620 1242 1836 1308 pollice-

273 1322 383 1385 tur,
429 1312 650 1381 ejusque
677 1315 1116 1385 _Suct-essoribus,
1147 1315 1234 1382 qui
1279 1330 1368 1378 per
1384 1314 1627 1385 meliores
1667 1313 1842 1385 cardi-

273 1383 419 1434 nalts
448 1382 761 1443 intraverint,
796 1384 931 1440 apud
980 1383 1258 1436 Baroninm
1284 1424 1299 1447 ,
1332 1382 1396 1435 ad
1441 1399 1633 1436 artuum
1686 1383 1838 1434 I079.

273 1455 586 1520 Quanquam
617 1453 779 1519 ipsius
817 1452 1055 1521 Gregorii
1103 1453 1349 1506 elect'ioni
1385 1467 1487 1505 non
1537 1452 1694 1504 modo
1721 1467 1842 1504 car-

273 1522 501 1592 dinalcs,
534 1525 625 1574 sed
649 1522 825 1592 caeteri
849 1523 1006 1575 etiam
1033 1524 1233 1587 clerici,
1252 1522 1496 1592 acolythi,
1523 1522 1841 1584 subdiaconi,

274 1591 498 1662 diaconi,
537 1591 809 1659 presbyteri
841 1592 1196 1660 interfuerunt,
1229 1593 1555 1662 prasentibus
1581 1594 1730 1645 etiam
1757 1594 1819 1644 ab

273 1661 477 1712 batibus
517 1670 563 1714 et
611 1661 900 1726 monachis,
928 1661 1358 1716 consentientibus
1396 1663 1552 1716 turbis
1582 1665 1845 1730 utriusque

275 1746 449 1796 sexus,
481 1740 526 1783 et
557 1731 971 1801 acclamantibus.
1017 1732 1271 1800 Denique,
1303 1741 1358 1786 ιιι
1386 1734 1566 1801 paucis
1597 1733 1845 1786 absolva-

275 1814 418 1862 mus,
449 1802 549 1853 sub
577 1799 829 1868 Gregorio
864 1801 904 1854 Χ
952 1799 1245 1856 inStitutum
1276 1811 1356 1856 est
1388 1799 1640 1856 conclave
1671 1803 1845 1855 cardi-

276 1871 477 1922 nalium
533 1870 598 1923 ad
657 1874 774 1923 novi
830 1872 1096 1937 pontiﬁcis
1146 1873 1490 1937 electionem;
1548 1874 1849 1939 triplexque

275 1941 554 1992 elei-tionis
585 1943 792 2006 modus,
821 1941 906 2006 qui
937 1943 1186 2007 deinceps
1226 1943 1474 2006 obtinuit,
1507 1942 1845 2005 adinvcntus,

280 2008 488 2061 scilicet
515 2023 607 2075 per
637 2011 768 2062 viam
800 2011 1058 2074 scrutinii,
1090 2015 1480 2077 cutnpromissi,
1510 2013 1590 2064 vel
1623 2012 1850 2079 Spiritus

277 2081 474 2141 sancti,
505 2092 622 2146 quae
646 2079 821 2132 omnia
856 2080 906 2152 iu
934 2081 1079 2152 libris
1107 2085 1298 2134 nostris
1333 2081 1499 2152 [cxvrj
1531 2081 1644 2136 fuse
1668 2082 1850 2150 expli-

274 2158 488 2213 cantur,
519 2153 747 2202 maxime
779 2152 828 2202 in
864 2151 1051 2204 libellis
1084 2166 1172 2204 xm
1203 2160 1256 2204 et
1288 2151 1394 2204 xiv.

349 2259 538 2312 XVIII.
568 2259 714 2312 Ritus
743 2261 794 2313 in
821 2263 1195 2314 consecratione
1225 2262 1478 2330 pontiﬁcis
1505 2263 1622 2316 olim
1645 2265 1850 2321 servati.

353 2349 610 2425 Electioni
632 2350 1396 2425 pontifici.sueceditejusdem
1423 2355 1702 2414 inditntio,
1731 2371 1850 2425 quae

277 2421 486 2475 duabus
530 2419 688 2474 rebus
739 2423 1025 2489 peragitur,
1078 2424 1410 2478 ordinatione
1459 2419 1762 2489 videlicet,‘
1792 2442 1854 2482 ac

282 2491 748 2543 inthronizatione.
788 2493 1058 2545 Ordinatio
1104 2495 1154 2546 in
1202 2494 1445 2546 Vaticana
1493 2497 1660 2546 sancti
1711 2495 1852 2549 Petri

279 2560 520 2622 basilca,
550 2559 922 2614 inthronizatio
953 2562 1002 2615 in
1035 2561 1371 2615 Lateranensi
1414 2564 1523 2616 ﬁeri
1552 2570 1850 2622 consuevit.

282 2631 335 2683 In
371 2630 450 2683 his
475 2645 574 2682 non
607 2641 853 2683 constans
883 2634 1034 2685 ordo.
1063 2633 1191 2685 Nam
1223 2635 1321 2686 etsi
1349 2633 1849 2690 inthron’zationem

281 2702 617 2774 consecratio
648 2704 841 2774 sa'pius
878 2702 1444 2774 pr-tcccdcrc‘solcbat;
1476 2720 1850 2774 nonnunquam

284 2779 461 2824 tamen
506 2770 878 2842 inthrouiza‘io
911 2772 1353 2840 pra-mittebatur,
1403 2770 1850 2842 quemadmodum

282 2855 344 2892 ex
375 2856 497 2894 mox
526 2841 764 2894 dicendis
797 2844 1079 2895 constabit.
1125 2843 1348 2908 Quinam
1381 2841 1510 2897 ritus
1541 2859 1660 2898 eum
1696 2847 1743 2897 in
1775 2847 1851 2899 in-

281 2911 688 2974 thronizatione,
725 2919 830 2964 tum
863 2911 915 2963 in
960 2913 1296 2966 ordinatione
1338 2923 1461 2967 ante
1492 2915 1746 2968 saeculum
1799 2933 1852 2970 tu

277 2981 542 3033 observati
574 2981 702 3042 sint,
729 2997 787 3034 ex
819 2985 1100 3035 Anastasio
1128 2994 1180 3036 et
1201 2997 1264 3036 ex
1295 2983 1507 3038 Ordinis
1540 2983 1760 3038 Romani
1788 2987 1852 3039 Ii-

278 3051 434 3104 bellis
465 3052 734 3106 discimus.

353 3119 407 3173 In
436 3119 670 3174 Cononis
702 3121 1001 3186 creatione,
1027 3138 1144 3190 quae
1173 3139 1309 3177 anno
1341 3124 1442 3177 686
1471 3125 1708 3191 contigit,
1738 3129 1849 3182 hrcc
1880 3126 1924 3185 (Σ

275 3191 587 3244 Αιιεὶδιίιεῐιις
637 3202 1018 3244 ςοιιιιιιειιιοιθῐ
1065 3209 1077 3244 2
1118 3213 1135 3243 (
1181 3193 1431 3247 Cononem
1470 3198 1754 3248 sacerdotes
1802 3208 1848 3251 et

278 3261 447 3313 clerus
495 3263 812 3314 unanimiter
852 3263 990 3328 apud
1039 3263 1355 3316 Lateranum
1399 3265 1689 3331 elegerunt.
1734 3268 1850 3322 Mox

275 3345 451 3384 omnes
479 3331 678 3406 judices
720 3347 820 3406 una
846 3348 960 3384 cum
995 3333 1290 3406 primatibus
1336 3343 1603 3406 exercitus,
1640 3337 1706 3386 ad
1741 3343 1850 3406 ejus

275 3401 634 3455 salutationem
665 3402 932 3465 venientes,
978 3405 1028 3455 in
1059 3405 1168 3468 eius
1198 3404 1374 3456 laudes
1419 3401 1845 3461 acclamarerunt.

286 3471 476 3544 _Videns
497 3473 746 3525 exercitus
771 3473 1148 3525 unanimitatem
1172 3475 1293 3526 cleri
1317 3485 1362 3527 et
1379 3476 1575 3544 pepuli,
1601 3478 1848 3532 elecnoni

275 3541 428 3614 facta:
459 3551 837 3614 consenserunt,
867 3554 1018 3614 atque
1047 3545 1096 3595 in
1125 3546 1235 3614 ejus
1265 3541 1461 3598 decreto
1496 3560 1614 3598 cum
1645 3546 1847 3602 eis-lem

273 3611 700 3680 subscripserunt.
734 3611 954 3664 Demum
1001 3611 1156 3666 iitleni
1192 3629 1292 3667 una
1335 3630 1454 3668 cum
1495 3616 1640 3679 clero
1679 3627 1730 3669 ct
1759 3634 1848 3680 po-

279 3683 424 3750 pulo,
458 3684 632 3738 ntissos
663 3697 779 3738 suos
809 3683 875 3732 ad
905 3683 1178 3736 exarchum
1199 3729 1212 3750 ,
1259 3697 1310 3735 ut
1354 3701 1462 3739 mos
1489 3695 1611 3748 erat,
1643 3687 1846 3740 direxe-

276 3762 419 3823 rant.
478 3771 498 3805 ι
560 3754 763 3808 Electio
812 3751 990 3820 itaque
1039 3757 1208 3821 primo
1253 3754 1411 3809 ﬁebat
1461 3771 1551 3823 per
1603 3757 1800 3809 clerum
1830 3797 1844 3822 ,

276 3821 472 3877 deinde
502 3824 743 3879 salutatio
769 3834 818 3875 et
848 3826 1157 3876 acclamatio
1190 3840 1282 3891 per
1321 3821 1528 3892 jztdices
1569 3835 1622 3878 et
1653 3827 1848 3892 prima-

277 3903 382 3947 tes.
409 3896 738 3964 Sequebatur
762 3907 1054 3964 consensus
1085 3901 1346 3947 cxercitus
1372 3911 1386 3961 ;
1419 3896 1652 3948 omnium
1694 3896 1847 3948 deni-

276 3979 382 4031 que
414 3962 731 4034 subscriptio
759 3962 809 4014 in
840 3963 1072 4034 decreto.
1108 3965 1247 4030 quod
1270 3965 1334 4019 ad
1381 3971 1666 4019 exarctiutn
1698 3975 1750 4018 et
1781 3967 1846 4019 ad

276 4032 654 4100 imperatorem
686 4032 1014 4089 mittebatur.
1049 4035 1210 4088 Addit
1255 4037 1564 4087 Anastasius
1610 4036 1661 4088 iu
1695 4052 1845 4088 crea-

277 4107 422 4158 tione
450 4106 702 4173 Stepbaui
753 4105 918 4168 tertii,
950 4120 1070 4172 quae
1117 4108 1167 4157 in
1209 4105 1432 4158 ecclesia
1477 4107 1644 4158 beata:
1672 4105 1848 4160 Maria:

277 4177 343 4228 ad
378 4174 621 4244 I’razsepe
663 4177 795 4229 facta
825 4184 936 4240 est,
975 4193 992 4224 ι
1040 4177 1366 4242 Stephanum
1412 4175 1535 4228 inde
1573 4175 1624 4227 iu
1669 4176 1848 4228 basili-

275 4259 394 4298 Cam
425 4246 735 4310 Salvatoris,
785 4258 901 4311 qua:
947 4246 1240 4313 appellatur
1269 4245 1724 4307 Constantiniana,
1756 4247 1847 4300 de-

278 4323 579 4380 portatum;
634 4326 788 4384 ntque
836 4315 978 4384 intus
1022 4317 1292 4367 inductum
1343 4318 1393 4367 in
1441 4316 1842 4384 patriarchiutn,

267 4386 423 4455 juxta
448 4402 635 4439 morem
665 4381 1075 4440 itithronizatum
1109 4386 1286 4455 luisse.
1311 4403 1346 4455 Α»

349 4457 604 4520 Quaenam
653 4456 811 4512 fuerit
838 4468 980 4507 novo
1028 4454 1259 4522 pontiﬁci
1304 4452 1438 4508 fat-ta
1471 4453 1741 4519 salutatio,
1775 4455 1845 4508 si-

275 4523 526 4593 gnantius
567 4527 796 4594 explicat
829 4523 964 4579 idem
996 4535 1200 4591 auctor,
1235 4525 1322 4578 ubi
1355 4525 1420 4578 de
1455 4525 1711 4578 Valentini
1741 4529 1846 4579 ele-

273 4595 455 4648 ctione
483 4595 590 4662 agit
621 4599 670 4651 in
705 4595 896 4664 palatio
923 4594 1271 4649 Laterancnsi
1302 4594 1456 4649 facta.
1487 4595 1699 4648 Eleutus
1727 4611 1849 4649 cort-

274 4665 446 4734 dignis
468 4667 644 4737 gloria:
673 4669 906 4720 laudibus
945 4675 988 4719 et
1019 4667 1225 4718 honoris
1270 4665 1605 4730 amplitudine
1635 4665 1700 4716 ad
1753 4665 1850 4717 La-

275 4747 542 4807 teranensc
584 4739 948 4807 patriarchium
993 4738 1242 4789 deductus
1287 4745 1642 4807 memoratur,
1670 4745 1744 4807 _ct
1797 4738 1850 4790 in

273 4806 557 4874 pontiﬁcali
584 4804 777 4875 positus
801 4808 1000 4872 tltt‘otto,
1028 4807 1251 4875 ejusque
1273 4807 1430 4874 pedes
1461 4806 1625 4858 omnis
1660 4804 1849 4859 llorna-

276 4891 460 4928 narum
490 4887 693 4929 senatus
716 4878 970 4930 osculatus
1001 4887 1091 4940 est,
1125 4878 1264 4945 quod
1298 4877 1454 4928 ctiam
1488 4878 1541 4928 in
1570 4877 1745 4929 Leone
1787 4877 1848 4928 IV

275 4957 540 4998 servatum
569 4946 715 5014 juxta
751 4962 938 5000 morem
964 4948 1246 5014 antiquum.
1288 4947 1342 4999 Id
1373 4961 1498 4999 vero
1528 4947 1852 4999 salutationis

274 5016 494 5070 nomine
533 5018 763 5084 appellat
810 5020 1136 5069 Anastasius.
1185 5016 1407 5069 Postero
1455 5015 1542 5069 die
1589 5017 1719 5068 facta
1768 5026 1852 5070 est

275 5085 542 5138 Valentini
565 5090 894 5141 consecratio
917 5086 968 5139 iu
995 5086 1206 5139 basilica
1236 5086 1407 5138 sancti
1436 5085 1596 5147 l’ctri,
1629 5097 1681 5137 ut
1708 5087 1846 5140 idem

273 5155 471 5221 tradit;
528 5165 685 5225 atque
747 5161 880 5210 adeo
937 5154 1317 5210 inthruuizatio
1383 5159 1718 5209 consecratio
1759 5173 1842 5209 cm

273 5225 571 5293 protecssit,
603 5226 675 5280 uti
700 5229 858 5280 etiam
892 5229 943 5280 in
977 5227 1261 5280 Benedicto
1313 5226 1490 5279 tertio.

347 5295 530 5367 [cxvnj
567 5296 683 5365 Quo
715 5299 817 5350 ritu
869 5298 1128 5350 celebrata
1171 5295 1240 5367 sit
1286 5297 1522 5367 ejusdem
1570 5296 1842 5367 Valentini

270 5365 638 5438 consecratio,
663 5367 821 5420 tradit
851 5368 989 5420 idem
1013 5379 1196 5419 auctor
1221 5366 1300 5418 his
1325 5365 1498 5420 verbLs
1524 5385 1536 5420 :
1567 5366 1694 5438 Ejus
1723 5383 1843 5420 con-

268 5437 567 5507 secrationis
586 5437 670 5490 die
691 5454 864 5491 sereno
887 5439 1003 5507 jam
1030 5438 1364 5507 illucescente,
1389 5451 1500 5487 cum
1523 5437 1711 5491 lumine
1727 5443 1840 5504 jam

270 5505 465 5578 dictum
493 5508 769 5560 antistitem
798 5509 864 5559 ad
888 5505 1026 5578 beati
1052 5506 1196 5578 Petri
1221 5507 1569 5578 apostolorum
1601 5511 1839 5578 principis

267 5577 536 5647 ecclesiam
561 5593 732 5631 omnes
759 5578 951 5643 pariter
979 5577 1198 5646 Romani
1227 5577 1478 5647 apalatto
1509 5577 1832 5647 deducentes,

270 5645 546 5714 Maiestate
592 5649 760 5700 divina
797 5647 1113 5711 auxiliante,
1142 5647 1196 5700 in
1224 5646 1330 5698 alto
1361 5649 1548 5699 throno
1586 5645 1836 5703 summurn

267 5733 563 5770 anzsecrare
587 5718 900 5786 pontiﬁcem.
935 5717 1037 5786 Qui
1057 5733 1176 5772 mox
1199 5716 1437 5786 almiﬁca:
1457 5717 1588 5772 sedis
1611 5722 1693 5773 cal
1713 5724 1834 5774 niaa

1948 473 2130 524 dirinis
2165 471 2271 524 Deo
2295 472 2530 525 laudibus
2557 482 2603 526 et
2632 473 2897 539 sacriﬁciis
2927 477 3006 539 pie
3033 471 3212 528 oblatis
3231 515 3247 538 ,
3269 471 3441 541 amplo
3468 471 3515 534 ct

1948 542 2220 610 magniﬁco
2248 542 2595 595 Romanorum
2621 555 2750 598 cae-'u
2789 544 2857 595 ad
2883 543 3153 614 palatium,
3185 545 3390 601 scilicet
3419 547 3516 600 La-

1948 621 2267 685 teranense,
2310 628 2425 664 cum
2451 613 2642 685 ingenti
2681 614 2866 680 gaudio
2884 613 3129 668 remeavit
3156 623 3305 685 atque
3332 618 3514 670 lautis-

1948 683 2088 733 simis
2111 681 2326 749 dapibus
2354 683 2590 749 sumptis,
2627 685 2798 736 multis
2823 692 2870 737 et
2897 685 3108 738 diversis
3141 681 3398 739 prunorum
3431 690 3515 742 do-

1947 751 2032 824 nis
2059 767 2254 824 sacram
2287 749 2475 824 plebem
2505 761 2550 805 et
2586 762 2820 806 senatum
2856 756 3196 824 populumque
3231 756 3513 813 Romanum

1947 821 2114 886 opime
2163 821 2359 873 ditavit.
2415 822 2561 875 'I‘unc
2608 837 2736 890 ergo
2795 821 2862 876 hi
2899 821 3053 879 erant
3097 821 3512 883 eortsccrationis

1948 890 2100 953 ritus,
2136 904 2325 958 nempe
2357 891 2468 959 ipsa
2499 893 2618 946 novi
2652 893 2914 960 pontiﬁcis
2943 896 3276 949 consecratio
3299 898 3363 949 ad
3393 913 3510 952 san-

1946 969 2088 1032 ctum
2134 961 2383 1032 Petrum;
2429 962 2694 1032 impositio
2735 964 2970 1032 ejusdem
3021 965 3069 1018 in
3115 966 3298 1020 sedem
3345 972 3511 1020 sancti

1949 1027 2120 1102 Petri;
2153 1029 2352 1082 oblatio
2386 1027 2632 1102 sacrificii
2661 1027 2973 1100 per'uovum
3007 1036 3345 1102 pontiﬁcem;
3374 1053 3540 1091 con--

1947 1099 2173 1160 virium;
2219 1113 2440 1176 _munera
2485 1099 2538 1176 i_n
2581 1099 2824 1176 senatum
2865 1112 2920 1156 et
2963 1099 3213 1176 populum
3262 1099 3504 1176 erogata,

1955 1180 2070 1240 qua:
2095 1168 2405 1240 presbyterio
2437 1170 2635 1238 vulgari
2669 1177 2881 1224 nomine
2911 1168 3266 1240 appellabant.

2019 1238 2307 1309 Antiquam
2332 1237 2477 1309 illum
2505 1237 2661 1291 ritum
2687 1237 3031 1294 consecrandi
3058 1243 3319 1309 pontiﬁcis
3346 1246 3512 1301 fusius

1947 1306 2215 1370 ettplicaut
2248 1306 2391 1358 Ordo
2424 1308 2690 1360 Romanus
2719 1319 2772 1361 et
2801 1309 2935 1362 liber
2981 1306 3208 1364 Ditirnus
3246 1313 3513 1370 Romano-

1948 1390 2061 1426 rum
2112 1377 2440 1443 pontiﬁcum.
2489 1375 2727 1430 Psallunt
2769 1379 3048 1432 scentulum
3095 1385 3513 1438 consuetudinem

1953 1445 2160 1517 (idest,
2192 1457 2385 1517 camini
2410 1444 2676 1503 Psaltnum
2714 1449 2859 1500 ilium
2887 1451 2994 1516 qui,
3030 1452 3301 1517 praemissa
3332 1454 3396 1505 ad
3430 1455 3511 1507 In-

1953 1515 2165 1566 troitum
2199 1513 2519 1582 Antiphona,
2555 1517 2824 1569 dccanlaii
2857 1513 3107 1584 solebit).
3147 1519 3384 1574 Procedit
3407 1524 3511 1575 ele-

1948 1585 2438 1657 ctusAdesecreta‘rio
2474 1600 2588 1657 cum
2639 1587 2925 1639 cereoslatis
2963 1599 3176 1657 septem,
3203 1599 3248 1641 et
3277 1591 3408 1643 venit
3448 1593 3516 1644 ad

1949 1653 2316 1727 confessionem
2345 1653 2614 1727 (nimirum
2645 1657 2811 1727 sancti
2842 1653 3026 1727 Petri).
3060 1656 3123 1709 Et
3149 1669 3260 1727 post
3285 1661 3515 1714 litaniam

1951 1722 2026 1793 (id
2055 1733 2134 1777 est
2154 1724 2296 1777 dicto
2328 1722 2607 1778 minimum
2638 1725 2819 1779 novies
2853 1725 3010 1794 Kyric
3033 1722 3217 1781 eleis'on
3240 1739 3292 1783 et
3317 1729 3516 1786 Christe

1952 1794 2171 1870 eleison)
2203 1795 2477 1870 ascendunt
2503 1799 2585 1870 ad
2608 1796 2776 1870 sedem
2803 1797 2956 1870 simul
2981 1799 3200 1870 episcopi
3241 1809 3283 1850 et
3317 1802 3523 1870 presby-

1953 1865 2065 1915 teri.
2095 1863 2240 1916 Tunc
2261 1864 2852 1936 episc0pusiAlbmtensis
2873 1866 2959 1919 dat
2988 1863 3281 1920 Orationem
3304 1863 3521 1936 primaint

1950 1948 2105 1996 super
2133 1935 2440 2000 pontiﬁcem,
2473 1935 2666 1988 Adesm
2686 1937 3114 2002 supplicationib.
3150 1935 3518 1995 nost.Deinde

1935 2004 2218 2079 'episwpus
2247 2003 2542 2079 Parmensis
2567 2004 2652 2079 dat
2685 2003 2979 2079 Orationem
3002 2009 3298 2079 secundam,
3330 2011 3518 2079 Propi-

1956 2075 2117 2136 tiare,
2150 2073 2407 2140 Domine,
2436 2076 2607 2140 suppl.
2643 2085 2782 2128 nost.
2821 2075 3156 2129 Postmodum
3189 2073 3528 2135 adducuniur‘

1958 2142 2259 2218 Evangelia,
2289 2152 2339 2218 et
2365 2145 2684 2218 aperiuntur,
2717 2156 2762 2218 et
2791 2155 3022 2218 tenentur
3059 2164 3212 2216 super
3239 2159 3390 2218 caput
3418 2151 3521 2204 ele-

1953 2214 2022 2265 cti
2059 2229 2091 2264 α
2119 2213 2432 2266 diaconibus.
2477 2213 2616 2266 Tunc
2657 2216 2926 2283 episcopus
2969 2213 3213 2272 Ostiensis
3262 2213 3522 2274 consecrat

1956 2283 2246 2360 pontiﬁcem
2291 2283 2554 2360 ita,_f)_eus
2585 2285 2842 2360 bonorum
2874 2291 3150 2360 omnium,
3173 2289 3226 2360 in
3254 2307 3358 2360 qua
3390 2290 3524 2343 Ora-

1958 2353 2094 2405 tione
2139 2351 2246 2405 haac
2274 2353 2400 2404 addi
2428 2352 2603 2406 debent
2632 2354 2698 2406 ad
2740 2357 2937 2418 locant,
2974 2357 3037 2409 Et
3080 2351 3280 2412 idcirco
3325 2360 3522 2414 famulo

1955 2431 2047 2492 tuo
2070 2421 2155 2484 N.,
2175 2432 2278 2475 etc.
2305 2421 2424 2474 Post
2450 2423 2544 2474 hoc
2564 2425 2953 2480 archidiaconus
2975 2430 3193 2481 annectit
3216 2431 3260 2481 ei
3283 2430 3514 2492 pallium.

1957 2490 2152 2544 Deinde
2172 2493 2396 2544 ascendit
2430 2496 2493 2543 ad
2519 2494 2723 2562 sedent,
2768 2505 2812 2546 et
2844 2496 2933 2548 dat
2976 2513 3150 2562 pacem
3179 2490 3410 2553 omnibus
3438 2516 3522 2554 sa-

1954 2562 2256 2625 cerdotibus,
2280 2571 2326 2614 et
2358 2563 2476 2614 dicit
2503 2561 2676 2616 Goria
2709 2567 2760 2616 in
2785 2561 3008 2618 excelsis
3041 2567 3166 2620 Deo.

2027 2635 2082 2706 In
2113 2635 2514 2706 consecratione
2543 2633 2800 2700 episcopi,
2842 2652 2944 2687 non
2984 2649 3013 2687 a
3043 2637 3301 2706 diaconis,
3329 2640 3422 2693 sed
3450 2639 3520 2694 ab

1956 2701 2223 2778 episcopis
2275 2701 2482 2778 duobus
2531 2711 2777 2778 tenentur
2823 2707 3104 2778 Evangelia
3152 2701 3313 2773 super
3362 2717 3522 2778 caput

1956 2771 2145 2837 electi,
2177 2772 2406 2846 _caztetis
2454 2774 2787 2846 qai_adsunt
2833 2771 3094 2843 episcopis
3128 2771 3314 2832 manus
3361 2771 3519 2846 super

1954 2851 2112 2909 Caput
2141 2842 2256 2910 ejus
2294 2843 2712 2911 imponentibus;
2758 2842 2895 2912 quod
2923 2842 3027 2898 non
3055 2849 3235 2900 haberi
3267 2849 3320 2901 in
3341 2842 3516 2903 auc-to-

1956 2913 2103 2984 ritute
2130 2914 2299 2978 veteri,
2329 2929 2487 2984 neque
2515 2928 2668 2984 nova,
2702 2918 2789 2968 sel
2820 2931 2977 2984 neque
3004 2916 3058 2968 in
3097 2917 3332 2971 Romana
3363 2921 3522 2973 trudi-

1958 2983 2094 3034 tione
2116 2983 2575 3054 assetitivulgatus
2610 2983 3215 3054 Alcuiuus,’quanquam
3247 2989 3296 3040 id
3325 2991 3522 3044 diserte

1959 3052 2256 3122 prtescribit
2300 3053 2777 3105 Sacramentarium
2823 3052 3228 3122 Gregoriauum.
3276 3057 3410 3110 Mltit
3446 3070 3516 3112 la-

1959 3137 2078 3175 men
2111 3121 2368 3190 ejusmodi
2401 3121 2604 3192 [exuti]
2636 3124 2826 3191 legdur
2870 3121 3165 3178 iu’duobus
3205 3126 3401 3181 libellis
3429 3144 3523 3182 no-

1956 3194 2109 3258 suis,
2145 3194 2408 3260 inquibus
2440 3196 2679 3262 qia-edam
2714 3204 2903 3260 pneter
2926 3196 3033 3262 jam
3062 3195 3201 3248 dicxa
3233 3196 3282 3249 in
3314 3198 3522 3257 ordina-

1956 3263 2101 3315 tione
2142 3262 2408 3328 pOtttiﬁcis
2437 3261 2718 3316 observare
2749 3263 2890 3326 licet,
2923 3261 3038 3333 qua:
3080 3269 3279 3320 relcrre
3307 3282 3411 3320 non
3441 3277 3523 3321 est

1953 3346 2192 3395 necesse,
2225 3346 2340 3384 cum
2373 3334 2458 3386 ltic
2487 3333 2551 3384 ad
2587 3349 2798 3385 manum
2833 3336 3144 3387 habeantur.
3180 3335 3517 3391 Innocentius

1953 3402 2139 3475 tertius
2193 3418 2352 3475 ιιιιτιιιι
2400 3403 2566 3466 addit,
2613 3404 2750 3469 quod
2797 3405 2935 3458 solus
2981 3406 3210 3475 pontifex
3262 3407 3523 3461 Romanus

1953 3472 2059 3539 (qui
2097 3481 2213 3522 ante
2245 3473 2484 3547 hymnum
2511 3475 2798 3547 attge'icuin
2828 3472 3168 3547 consecratur,
3213 3486 3258 3528 et
3289 3488 3485 3547 post-uo
3499 3508 3528 3518 -η

1951 3545 2072 3592 dum
2102 3544 2207 3614 ipse
2239 3541 2514 3614 tlltssarum
2543 3543 2787 3596 solemnia
2826 3544 3004 3614 inripit
3035 3555 3082 3598 et
3113 3541 3304 3614 perﬁcit
3344 3562 3519 3601 conse—

1950 3615 2139 3680 cratus)
2183 3613 2233 3663 in
2275 3612 2357 3663 die
2387 3616 2779 3666 consetrutionis
2810 3631 2914 3667 sua:
2934 3612 3119 3668 valeat
3146 3616 3352 3670 ordines
3389 3621 3519 3671 cclc-

1950 3681 2115 3752 brare,
2147 3683 2286 3749 quod
2319 3681 2543 3736 Paschal
2565 3700 2628 3735 rm
2652 3688 2942 3738 secundum
2973 3686 3282 3752 praestitisse
3302 3683 3522 3743 inferius

1953 3751 2268 3804 videbimus.

2023 3823 2130 3896 lloe
2159 3822 2210 3896 in
2244 3824 2358 3896 loco
2389 3821 2574 3896 triplex
2607 3824 2829 3896 quaestio
2853 3839 2973 3896 sese
2995 3824 3148 3880 offert
3181 3844 3194 3879 :
3230 3826 3420 3896 prima,
3449 3843 3518 3883 an

1949 3892 2046 3942 soli
2078 3890 2308 3963 Ostiensi
2337 3891 2587 3958 episc0p0
2617 3894 2901 3959 aliquando
2936 3896 3188 3950 tributum
3219 3890 3288 3951 sit
3316 3909 3371 3950 ut
3392 3890 3416 3963 ,⁷
3436 3913 3496 3952 se

1948 3962 2114 4036 clusis
2152 3959 2268 4012 aliis
2297 3963 2595 4036 episcOpis,
2635 3965 2938 4029 pontiﬁcem
2979 3967 3332 4031 consecrat-it,
3379 3959 3519 4036 quod

1949 4041 2071 4084 ante
2099 4029 2340 4104 Leonem
2357 4033 2647 4104 secundum
2680 4048 2774 4086 usu
2805 4036 3013 4087 venisse
3041 4036 3286 4104 Sigonius
3312 4029 3518 4101 scribit,

1948 4105 2012 4151 ad
2041 4115 2236 4153 annum
2277 4099 2418 4172 632;
2451 4101 2682 4172 secunda
2707 4141 2720 4166 ,
2751 4118 2816 4155 an
2848 4106 2891 4156 is
2917 4105 3008 4172 qui
3040 4099 3360 4159 ex'diacono
3402 4099 3515 4160 ele¥

1949 4181 2065 4223 ctus
2095 4170 2294 4244 eratad
2326 4170 2715 4244 pontiﬁcatum,
2748 4170 2949 4244 omisso
2981 4175 3296 4244 presbyterii
3325 4179 3520 4242 gradu,

1953 4255 2076 4293 mox
2103 4242 2337 4308 pontifex
2365 4241 2730 4306 ordinaretur,
2751 4244 2889 4309 quod
2913 4242 2964 4295 in
2987 4241 3250 4312 episcopis
3272 4260 3299 4297 a
3328 4241 3519 4299 Roma-

1951 4327 2020 4362 no
2044 4313 2288 4381 pontiﬁce
2316 4312 2643 4381 consecratis
2666 4312 2856 4364 factum
2879 4314 3122 4379 superius
3147 4317 3517 4381 probavimus;

1954 4384 2104 4433 tertia
2146 4380 2408 4448 denique,
2440 4394 2506 4432 an
2540 4383 2588 4433 ιιι
2618 4380 2892 4434 Pontiﬁcis
2923 4380 3370 4439 intbronizatione
3409 4388 3514 4439 ulla

1954 4450 2017 4502 sit
2047 4460 2168 4504 ante
2199 4449 2449 4524 stcculum
2480 4465 2531 4502 st
2578 4453 2777 4505 mentio
2803 4451 2946 4506 sedis
2976 4452 3117 4508 illius
3140 4469 3295 4523 quam
3333 4456 3520 4524 vulgus

1951 4531 2302 4574 stercorurtam
2334 4532 2505 4574 νοεξιι.

2025 4592 2252 4644 Primam
2277 4592 2622 4658 quat-stionem
2655 4600 2836 4645 contra
2864 4593 3134 4661 Sigonium
3164 4593 3350 4648 deﬁnit
3378 4595 3516 4652 alter

1953 4677 1982 4735 e
2021 4663 2228 4714 duobus
2260 4661 2451 4735 libellis
2482 4662 2697 4735 nostris,
2731 4666 2819 4729 qui
2864 4665 2930 4717 de
2957 4664 3290 4718 ordinatione
3319 4679 3513 4735 agniti,

1955 4733 2007 4784 in
2040 4747 2165 4803 quo,
2187 4802 2192 4803 ν
2216 4731 2288 4783 uti
2337 4729 2617 4803 inOrdine
2643 4731 2906 4797 Romano,
2955 4735 3111 4787 trium
3141 4729 3512 4803 episcoporum

1952 4802 2154 4856 mentio
2185 4802 2234 4852 in
2269 4801 2532 4868 pontiﬁcis
2561 4805 2893 4857 ordinatione
2934 4801 3185 4857 habetur.
3213 4806 3278 4857 Et
3320 4801 3513 4861 accedit

1954 4888 2084 4924 unus
2116 4873 2401 4940 episeopus,
2429 4883 2472 4923 et
2503 4873 2590 4924 dat
2627 4874 2919 4926 Orationem
2947 4890 3098 4940 super
3127 4891 3240 4927 cum
3260 4917 3274 4941 ,
3307 4886 3351 4929 et
3382 4894 3517 4931 rece-

1952 4943 2046 5009 dit,
2079 4953 2123 4994 t-t
2150 4947 2280 4995 alter
2299 4943 2550 4995 simiiiter.
2575 4945 2732 4995 Accad
2757 4946 2986 5007 ttertius,
3006 4954 3048 4995 et
3069 4957 3324 4999 consecrat
3344 4950 3512 5003 illum.

1952 5014 2112 5085 Atqui
2147 5012 2636 5085 hic_libel_lushaud
2667 5014 2825 5085 dubie
2852 5019 3080 5080 scriptus
3110 5030 3187 5068 cst
3218 5026 3341 5070 ante
3371 5032 3516 5085 pon-

1952 5083 2204 5136 tiﬁcatum
2234 5083 2425 5136 Leonis
2457 5083 2528 5147 ll,
2556 5083 2706 5154 cujus
2733 5084 2994 5136 ordinata)
3020 5088 3062 5136 si
3096 5094 3323 5150 attente,
3361 5083 3517 5154 prout

1951 5155 2002 5206 in
2031 5154 2206 5206 Gestis
2238 5144 2541 5220 pontiﬁcum
2563 5144 2840 5219 bestii-ima
2868 5163 2946 5206 est
2970 5169 2999 5206 c
3023 5144 3516 5222 ins.deretur,'inde

1948 5231 2108 5275 etiam
2143 5225 2390 5275 idoneum
2421 5235 2604 5275 eontra
2649 5223 2920 5289 Sigoniutn
2956 5226 3195 5277 elicietur
3227 5240 3515 5293 argumen-

1948 5302 2079 5345 tum.
2115 5295 2215 5358 Qui
2244 5307 2400 5360 supra
2429 5295 2648 5362 st-riptus
2677 5295 3022 5346 uiridissimus
3047 5294 3118 5346 rir
3147 5296 3413 5350 ordinatus
3443 5309 3515 5352 est

1944 5378 1976 5415 α
2014 5365 2172 5414 tribus
2215 5362 2499 5431 episcopis,
2554 5365 2605 5414 id
2655 5372 2726 5415 est
2770 5363 2976 5415 Andrea
3021 5364 3264 5431 Ostiensi,
3311 5367 3518 5420 Joanne

1947 5433 2237 5496 Portucnsi,
2261 5442 2305 5483 et
2331 5430 2633 5485 Placentino
2657 5432 3028 5498 Veliterniensi,
3057 5452 3150 5502 pro
3175 5453 3232 5489 eo
3253 5430 3389 5502 quod
3421 5440 3514 5491 Al-

1942 5507 2176 5556 banensis
2209 5502 2433 5573 lt'crlesia
2450 5503 2795 5573 episcoporum
2813 5505 3018 5556 minime
3039 5505 3237 5560 habuit.
3268 5507 3364 5562 Ubi
3387 5525 3508 5563 cum

1942 5572 2402 5649 ratiottem_reddit
2418 5585 2623 5649 auctor,
2644 5573 2782 5649 quod
2804 5590 2898 5639 pro
2917 5577 3202 5649 Albauensi
3235 5579 3507 5649 epist-apo,

1938 5647 2093 5713 Cujus
2129 5644 2286 5698 sedes
2316 5644 2570 5707 meabat,
2613 5641 2866 5697 soll'ectus
2897 5647 2963 5698 sit
2997 5641 3434 5714 Veliternuiusis;
3459 5651 3508 5702 id

1937 5725 2248 5786 argumento
2276 5721 2359 5769 est
2401 5729 2602 5770 morem
2636 5724 2794 5770 antea
2840 5714 3002 5772 fuisse
3031 5729 3087 5772 ut
3125 5734 3242 5774 cum
3275 5719 3508 5776 Ostiensi
