4042 6330
217 354 337 411 1)Ξῖ

218 473 432 531 mentio
462 470 792 542 llymnoruut
819 468 1065 542 Ecclesiae
1099 469 1371 542 Roman-aa.
1408 469 1602 542 Verum
1630 469 1701 542 id
1730 468 1796 523 de
1828 470 1874 525 Α

217 539 636 612 particularibus
679 539 994 612 quihusdam
1029 539 1182 593 Urbis
1207 541 1447 612 ecclesiis
1498 539 1581 612 vir
1611 540 1798 612 doctus

218 610 631 683 interpretatur,
681 611 892 663 tametsi
941 621 1157 683 sanctus
1203 622 1351 683 pater
1385 610 1712 683 Benedictus
1746 610 1795 663 in

219 680 428 750 Regula
458 698 549 737 sua
595 681 830 750 llytnnos
877 680 1479 750 Ambrosianoslaudat,
1532 682 1798 748 praecipit-

215 748 336 821 que
359 752 580 808 cantari.
612 748 711 806 Ubi
741 749 990 821 obiterin
1024 760 1252 821 tuentem
1300 750 1525 821 recurrit
1558 751 1608 803 id
1654 753 1795 819 quod

218 818 334 881 Leo
362 825 685 878 Marsicanus
717 820 903 872 scribit
933 819 984 872 in
1012 818 1263 873 Chronici
1288 820 1594 874 Casinens‘s
1618 818 1706 873 lib.
1736 836 1795 886 tt,

214 912 343 961 cap.
376 894 466 954 97,
524 902 669 956 tunc,
701 888 751 942 id
784 899 864 942 est
904 890 1220 961 pontiﬁcatu
1268 889 1523 961 Stepbani
1558 891 1749 943 decimi
1779 935 1793 957 ,

215 958 617 1020 Ambrosianum
652 968 857 1012 cantum
896 959 948 1011 in
985 958 1213 1011 Ecclesia
1257 960 1357 1011 ista
1388 958 1652 1013 Casinensi
1676 976 1799 1015 can-

219 1038 326 1090 tari
356 1035 561 1104 penitus
596 1029 944 1104 interdictum.
978 1028 1141 1104 fuisse
1168 1028 1235 1080 ab
1279 1028 1795 1104 Eotlblll‘SlC-pllalli),

212 1107 311 1175 qui
343 1096 497 1175 antea
528 1098 836 1157 Casinensis
864 1098 1027 1175 abbas
1059 1096 1251 1158 fuerat,
1279 1098 1588 1175 Fridericus
1608 1096 1795 1165 appelé

215 1168 383 1231 latus.
431 1174 486 1228 lu
514 1187 619 1242 quo
659 1178 836 1242 autem
867 1168 1102 1242 dill‘erret
1131 1176 1318 1242 cantus
1345 1168 1725 1242 Ambrositnus
1764 1186 1794 1225 a

216 1246 484 1310 Romam,
530 1238 685 1298 docet
744 1239 881 1310 idem
920 1238 1017 1310 qui
1042 1251 1216 1310 supra
1267 1238 1522 1292 nadullus
1559 1239 1794 1294 decanus

214 1306 970 1386 Tungrensis,_propositione
1002 1306 1088 1361 12.

290 1377 434 1440 5Ϊ1η
464 1383 668 1454 Vigiliis
694 1377 990 1454 nocturnis,
1023 1393 1142 1454 cum
1174 1377 1430 1454 lectiones
1458 1377 1679 1447 singula:
1702 1392 1793 1434 es-

216 1466 345 1512 sent
398 1447 668 1518 ﬁniendas,
709 1450 920 1504 diaconi
954 1449 1313 1518 praecinebant
1370 1447 1447 1500 Tu
1475 1459 1665 1511 autem,
1717 1453 1792 1505 ttti

218 1527 541 1582 Benedictus
585 1520 877 1577 cauonicus
925 1529 979 1573 et
1023 1517 1250 1573 Ccncius
1281 1519 1631 1586 praescribunt
1684 1520 1793 1582 hic,

216 1612 340 1666 pag.
376 1595 478 1649 125
515 1604 569 1650 et
597 1593 719 1655 17's,
758 1589 898 1666 quod
930 1589 1182 1666 iudiciuin
1220 1598 1302 1666 est
1341 1592 1527 1666 etiam_
1552 1600 1675 1666 tunc
1720 1593 1795 1643 le-

216 1612 340 1666 pag.
376 1605 478 1649 125
515 1605 569 1650 et
597 1605 658 1645 17
675 1605 719 1655 't,
758 1605 898 1713 quod
930 1605 1179 1643 tnutctutn
1220 1605 1302 1643 εει
1341 1605 1502 1642 etiam
1552 1605 1675 1646 tunc
1720 1605 1787 1643 Ie-

213 1668 739 1733 ctionesprotractas
792 1660 933 1714 uisse
960 1660 1027 1713 ad
1070 1659 1346 1733 arbitrium
1374 1660 1787 1733 praesidentium.

213 1730 453 1793 Carolus
473 1737 722 1804 Magnus,
767 1738 901 1804 teste
931 1730 1208 1804 monacho
1233 1730 1639 1804 Sanctigalleusi
1664 1771 1680 1796 ,
1704 1748 1793 1804 ea-

218 1823 338 1861 rum
392 1800 759 1860 linein'sibilo
793 1800 988 1869 linguai
1037 1800 1388 1868 signiﬁcabat.
1437 1801 1493 1856 In
1554 1803 1793 1855 Ecclesia

219 1876 512 1932 Bhemensi
559 1880 745 1928 nostro
796 1871 956 1924 etiam
1006 1880 1245 1939 tempore
1296 1872 1477 1939 lectio,
1516 1873 1792 1939 prolixior.

212 1963 335 2016 qum
372 1955 495 2001 ante
522 1942 940 2016 Completori_um
986 1941 1043 1994 lit
1076 1938 1131 1995 in
1159 1938 1596 2016 Quadragesima,
1622 1943 1800 2016 absol-

216 2010 362 2072 vitur
388 2031 494 2069 uno
528 2012 809 2068 sacerdote
836 2010 915 2065 Tu
943 2021 1113 2064 autem
1145 2012 1488 2077 praecinente.
1526 2016 1664 2081 quod
1691 2014 1799 2068 cle-

215 2088 365 2141 ricus
395 2086 678 2141 lectionem
715 2095 914 2136 canens
940 2083 1281 2149 prosequitur
1309 2090 1365 2134 et
1395 2083 1532 2135 linit.

291 2157 349 2212 4.
382 2155 512 2211 Cum
536 2154 842 2207 iucensatur
872 2151 1128 2222 pontifex.
1157 2150 1419 2221 siquidem
1447 2152 1601 2204 luerit
1625 2161 1795 2222 stans,

212 2240 241 2279 a
276 2234 454 2281 stante
482 2228 824 2287 iucensatur;
855 2221 897 2274 si
929 2222 1147 2285 sedens,
1177 2240 1201 2271 ιι
1245 2224 1655 2287 genttlleclente.
1692 2221 1797 2277 Cu;-

210 2297 297 2364 jns
314 2294 641 2351 diversitatis
663 2288 862 2364 [cxxu]
888 2291 1021 2364 ratio
1034 2290 1150 2364 lucc
1167 2292 1312 2345 reddi
1340 2302 1534 2364 petest,
1564 2294 1701 2361 quod
1726 2311 1794 2349 ex

214 2360 456 2421 set-nudo
484 2360 683 2418 Ordine
706 2360 945 2416 Romano
970 2360 1054 2415 hic
1082 2362 1246 2426 edito,
1279 2378 1426 2417 num.
1452 2362 1507 2427 9,
1538 2360 1797 2418 tliuribulu

214 2438 283 2489 ad
312 2453 461 2492 nares
487 2434 751 2488 hominum
792 2434 1047 2498 feruntur,
1075 2442 1123 2483 et
1150 2448 1238 2499 per
1267 2447 1475 2484 manum
1511 2434 1681 2501 fumus
1728 2437 1796 2489 ad

215 2523 272 2560 os
302 2509 543 2569 trahitur,
575 2504 714 2572 quod
742 2503 827 2555 vix
860 2501 974 2555 ﬁeri
1001 2508 1202 2571 posset,
1233 2501 1278 2553 si
1324 2503 1559 2571 pontilici
1587 2506 1793 2563 sedenti

220 2580 343 2631 titus
373 2592 404 2631 a
431 2586 605 2631 stante
634 2572 1026 2626 admoveretur.

283 2648 340 2701 5.
382 2646 614 2701 Ecclesia
670 2641 1063 2704 Laterancusis,
1103 2641 1369 2697 referente
1415 2643 1621 2699 Joanne
1668 2647 1792 2703 Dia-

211 2728 351 2771 εσθηο
386 2717 471 2770 hic
516 2714 693 2776 edito,
723 2724 982 2784 reservans
1010 2714 1346 2784 apostolicam
1403 2715 1790 2784 institutionem,

215 2789 425 2841 nonnisi
467 2785 736 2837 Dontinica
766 2784 815 2833 in
845 2782 1020 2850 oﬂiciis
1058 2784 1219 2834 utitur
1244 2783 1522 2855 Oratione,
1555 2782 1794 2855 quoniam

212 2858 335 2912 alia:
362 2857 626 2910 Orationes
657 2861 977 2926 postea__sunt
1006 2868 1158 2926 super
1183 2854 1394 2917 additae,
1424 2854 1627 2910 scilicet
1662 2874 1795 2926 quas

218 2942 474 2981 vocamus
502 2926 773 2978 Collect‘c.
825 2922 976 2975 lluuc
1013 2923 1174 2975 ritum
1224 2926 1435 2979 notavit
1480 2922 1795 2985 Gnillelinns

219 2997 519 3060 Durandus,
554 2994 607 3047 in
634 2993 739 3067 lib.
761 3007 836 3053 tv,
876 3007 1003 3067 cap._
1026 2992 1111 3045 H.
1148 2992 1289 3067 Idem
1331 2994 1463 3067 ritus
1490 2994 1617 3067 olim
1650 2998 1791 3067 vige-

216 3067 307 3121 bat
340 3069 391 3121 in
441 3065 677 3121 Ecclesia
705 3062 1028 3136 Pictavensi,
1056 3073 1137 3136 _nt
1170 3064 1358 3136 probat
1408 3064 1643 3120 Fulberti
1673 3062 1792 3136 epi-

215 3137 363 3204 scopi
402 3133 751 3205 Carnutensis
795 3131 1017 3205 epistola
1056 3132 1143 3205 79.
1178 3130 1366 3187 Finitis
1393 3137 1632 3201 capitulis
1680 3130 1791 3205 post

928 349 994 405 Η
1033 349 1339 408 ΟΠΟΙΝΕΜ
1381 348 1718 408 ΒΟΜᾹΝΟΜ
1768 350 2304 409 CUMHENTARIUS
2348 350 2686 410 PRAEV'IUS.

3382 361 3485 415 926

1974 467 2027 522 8.
2072 466 2351 520 Postremo
2390 466 2441 519 in
2488 466 2804 535 sepeliendis
2849 467 3163 536 corporibus
3195 467 3479 529 illustrium

1901 536 2274 591 defunctorum
2297 536 2347 590 id
2374 537 2503 591 olim
2530 539 2666 602 apud
2698 538 2873 596 italos.
2904 539 3095 594 nedum
3129 540 3332 601 Romae.
3367 556 3483 599 ser-

1902 607 2146 668 vabatur.
2176 616 2233 659 ut
2256 606 2414 661 loculi
2471 609 2521 661 in
2579 608 2710 661 locis
2761 608 3077 663 sublimibus
3133 623 3481 676 ponerentur,

1898 678 2038 744 quod
2072 675 2348 731 Mediolani
2380 676 2432 730 iu
2467 680 2671 744 porticu
2700 679 2940 732 ecclesiae
2964 680 3133 734 sancti
3155 682 3357 737 Nazarii
3383 685 3481 738 ob-

1898 759 2114 821 servare
2144 748 2287 801 licet.
2316 745 2509 821 verum
2527 763 2670 821 anno
2697 748 2829 821 filii
2868 748 3078 821 PiuslV
3109 753 3292 807 statuit
3318 754 3478 821 (quod

1901 815 2065 891 refert
2089 816 2320 871 Joannes
2354 816 2668 891 Franciscus
2697 818 2977 873 Firmanus
3000 820 3051 874 in
3082 822 3250 876 diario
3274 815 3393 891 suo)
3424 839 3481 877 ut

1899 886 2296 955 deponerentur
2322 902 2492 952 capsae
2521 889 2900 954 defunctorum,
2931 906 3044 955 qua:
3073 901 3213 946 erant
3239 893 3290 946 in
3319 886 3479 947 muris

1899 958 2121 1031 ecclesiis
2147 958 2198 1009 in
2227 958 2496 1031 altumpet
2527 958 2624 1023 [uit
2657 959 3266 1031 utandatumrortlinariis
3293 974 3345 1017 ut
3385 965 3480 1031 ﬁe~

1897 1040 1970 1080 ret
1998 1028 2048 1079 in
2074 1043 2246 1080 eorum
2271 1028 2511 1091 ecclesiis,
2535 1030 2669 1092 quod
2699 1030 2795 1095 fuit
2828 1030 2999 1081 multis
3034 1033 3087 1084 in
3118 1033 3241 1086 laris
3270 1028 3479 1089 exsecu-

1898 1104 2005 1148 tum
2032 1112 2136 1149 non
2158 1097 2265 1148 sine
2286 1098 2506 1149 vivorum
2534 1097 2730 1150 dolore.
2783 1100 2873 1152 Sic
2929 1101 3210 1155 Mediolani
3257 1105 3481 1158 Carolus

1898 1164 2257 1242 Borroma:_us_,
2291 1167 2660 1242 sanctissimus
2715 1168 2804 1242 ille
2850 1172 3073 1242 antistes
3101 1187 3163 1225 ac
3198 1173 3274 1227 Pii
3292 1189 3481 1242 nepos,

1898 1249 2122 1307 corpora
2146 1236 2544 1307 Trivnltiorum,
2575 1251 2695 1307 quae
2718 1236 2769 1289 in
2798 1238 3048 1303 przedicta
3072 1242 3273 1307 porticu
3302 1236 3470 1305 sancti

1898 1304 2109 1358 Nazarii
2143 1303 2457 1357 sublimibus
2504 1305 2630 1358 locis
2673 1306 2843 1360 locata
2894 1303 3083 1374 erant,
3120 1310 3281 1364 humo
3307 1303 3488 1367 infodi

1899 1374 2126 1439 curavit,
2158 1375 2344 1428 loculis
2372 1383 2549 1427 tamen
2581 1374 2632 1426 in
2660 1390 2870 1428 summo
2903 1380 3082 1431 vacuis
3110 1381 3333 1435 relictis.

1972 1444 2027 1499 9.
2074 1443 2240 1509 Hujus
2284 1443 2409 1514 loci,
2444 1443 2725 1497 occasione
2774 1446 3061 1501 observare
3104 1448 3271 1514 lubet,
3324 1452 3483 1505 etiam

1898 1514 2084 1583 primis
2121 1515 2247 1589 olin
2289 1513 2607 1589 Christianis
2637 1514 2988 1589 v_isum__ncfas
3011 1527 3070 1569 ut
3114 1533 3331 1584 suorum
3363 1536 3483 1573 cur-

1902 1600 2031 1653 pora
2092 1584 2229 1640 cum'
2260 1584 2534 1651 gentilium
2578 1584 2923 1639 cadaveribus
2951 1589 3218 1641 communi
3247 1590 3490 1643 condito~

1898 1657 1982 1709 rio
2008 1655 2413 1709 tumularcutur.
2459 1654 2609 1720 Quod
2640 1670 2761 1709 cum
2793 1669 2949 1710 secus
2991 1666 3303 1712 attentasset
3351 1660 3489 1713 illar-

1903 1726 2042 1779 tialis
2066 1724 2349 1792 cpiscopus
2378 1727 2591 1796 quidam
2628 1726 2911 1793 Hispanus,
2954 1728 3187 1796 graviter
3211 1730 3309 1782 bac
3331 1731 3397 1784 de
3426 1747 3483 1783 re

1899 1804 2221 1863 conquestus
2246 1801 2331 1868 est
2374 1794 2674 1868 Cyprianus
2728 1798 2779 1849 in
2828 1794 3052 1868 epistola
3101 1799 3353 1868 synodica
3387 1802 3484 1853 ad.

1904 1881 2089 1920 versus
2135 1863 2383 1920 eumdem
2416 1863 2709 1922 Martialem
2757 1875 2808 1921 et
2854 1863 3483 1923 Basilidem'libellatictis

1902 1937 2218 2009 episcopos:
2251 1932 2509 2009 Martialis
2534 1954 2752 2007 quoque,
2790 1946 2971 2009 prater
3001 1939 3269 2005 gentilium
3311 1943 3480 2009 turpi:

1902 2017 1949 2079 et
1987 2007 2237 2079 lutulenta
2276 2008 2520 2079 convivia,
2562 2015 2609 2059 et
2640 2008 2852 2076 collegia
2882 2008 2970 2060 diu
2993 2012 3335 2079 frequentata,
3358 2007 3405 2062 et
3427 2013 3489 2078 [ῖς

1903 2076 2000 2130 lios
2028 2078 2080 2129 in
2111 2079 2288 2132 eodem
2335 2076 2549 2144 collegio
2596 2093 2883 2131 exterarum
2927 2076 3153 2148 gentium
3183 2096 3317 2134 more
3346 2076 3486 2147 apud

1900 2148 2123 2215 prolana
2153 2151 2386 2217 sepulcra
2411 2148 2687 2216 depositas,
2729 2156 2776 2201 et
2814 2149 3112 2217 alienigenis
3141 2152 3484 2217 consepultos.

1899 2227 2004 2288 etc.
2042 2218 2114 2288 _Ex
2145 2234 2250 2286 quo
2280 2218 2591 2288 intelligitur
2620 2225 2875 2286 quantum
2905 2233 2932 2269 a
2957 2233 3085 2272 vero
3112 2221 3365 2273 aberrent
3385 2236 3471 2288 qui

1900 2285 2210 2341 existimant
2246 2285 2484 2342 Romana
2531 2285 2860 2352 coemeteria,
2915 2287 2967 2340 in
3008 2288 3200 2356 quibus
3226 2285 3487 2342 Christia-

1901 2371 2091 2410 norum
2122 2372 2342 2426 corpora
2374 2357 2620 2426 primitus
2648 2359 3035 2427 condebautur,
3068 2359 3301 2427 profanis
3324 2362 3483 2413 etiam

1900 2434 1956 2480 et
1978 2427 2268 2496 gentilibus
2299 2429 2601 2483 communia
2635 2426 2821 2482 fuisse.
2856 2426 3081 2492 Quanta
3104 2438 3283 2482 autem
3326 2428 3379 2482 in
3407 2431 3485 2482 bis

1902 2495 2061 2551 fuerit
2090 2496 2362 2551 Prudentii
2389 2512 2504 2551 αξγο
2538 2496 2790 2560 ﬁdelium,
2826 2498 2931 2549 itno
2959 2508 3263 2552 sanctorum
3297 2499 3367 2552 ibi
3396 2516 3483 2553 se-

1901 2570 2165 2632 pultorum
2196 2568 2495 2639 multitudo,
2526 2566 3023 2623 docctPrudcntius
3046 2568 3231 2637 ipsein
3265 2569 3473 2639 llytnno

1900 2639 1967 2692 de
1998 2647 2183 2692 sancto
2227 2638 2515 2692 Laurentio
2541 2654 2554 2690 :

2150 2728 2243 2777 Vix
2265 2728 2390 2778 fama
2423 2736 2533 2778 nota
2561 2735 2635 2777 est
2657 2730 2831 2780 abditis

2145 2792 2297 2855 Quam
2325 2791 2472 2852 plena
2494 2793 2677 2841 sanctis
2706 2791 2853 2840 Roma
2876 2792 2960 2855 sit,

2145 2854 2299 2910 Quam
2324 2855 2461 2902 dives
2486 2856 2721 2901 urbanum
2745 2855 2902 2902 solum

2150 2913 2311 2962 Sacris
2335 2914 2579 2975 sepulcris
2601 2915 2792 2964 ﬂoreat.

1901 2995 1973 3049 Et
2002 2996 2102 3049 illis
2130 3011 2292 3063 porro
2318 2996 2641 3067 cmiuezeriis
2666 3011 2890 3065 corpora
2929 3008 3231 3053 SmClOl‘llm
3260 2997 3485 3067 jamdu-

1896 3068 2021 3119 dum
2045 3067 2157 3119 crui
2187 3067 2339 3119 solita
2366 3075 2588 3121 testatur
2616 3066 2630 3119 i
2657 3076 2755 3120 iter
2784 3070 2916 3120 alios
2942 3068 3228 3136 Gregorius
3260 3066 3474 3132 tertius,

1900 3137 2123 3201 epistola
2156 3151 2271 3202 qua:
2305 3148 2382 3189 est
2421 3136 2526 3190 116
2576 3138 2714 3189 inter
2770 3138 3160 3201 Bonifaciauas,
3216 3139 3281 3191 ad
3330 3138 3488 3206 0tga~

221 3196 517 3261 Ordtionem
548 3196 896 3278 Dominicam,
920 3203 1003 3254 ubi
1044 3202 1266 3278 dicitur._
1306 3196 1549 3278 Domine,
1595 3196 1793 3264 exaudi
1822 3196 1866 3256 C
1901 3196 2036 3278 rium
2070 3196 2376 3278 episcopum
2409 3206 2796 3275 Moguntinntn,
2827 3206 3029 3278 [οιιχιιι]
3058 3196 3209 3276 cujus
3245 3196 3486 3273 epistdltc

215 3278 521 3347 Orationem
553 3288 749 3336 meam,
777 3275 952 3327 statim
982 3282 1108 3347 esset
1140 3273 1401 3347 subdenda
1440 3274 1636 3338 Oratio,
1683 3296 1796 3347 qua:

216 3363 279 3401 ea:
301 3348 431 3402 libro
460 3346 907 3401 Sacramentorum
934 3344 1196 3395 ret‘itatur.
1222 3343 1402 3398 Patere
1423 3355 1589 3399 tamen
1621 3343 1798 3402 Eccle-

215 3418 349 3471 siam
384 3417 600 3471 retinere
628 3429 777 3468 suum
803 3429 950 3467 usum
977 3412 1044 3465 ad
1090 3429 1332 3483 prwsens.
1366 3418 1593 3470 Sanctus
1629 3420 1795 3474 Βριιο-

219 3488 413 3553 dictus,
462 3489 515 3541 in
562 3485 743 3551 regula
786 3498 880 3537 sua
936 3492 1055 3550 post
1096 3485 1403 3540 Orationem
1468 3488 1793 3545 Dominicam

218 3556 407 3612 Missas
432 3557 545 3612 ﬁeri
580 3554 840 3623 praecipit,
870 3553 923 3607 id
951 3563 1054 3621 est,
1085 3553 1465 3611 dem‘ssionem
1497 3574 1589 3611 seu
1615 3561 1790 3613 disce-

217 3627 377 3683 dendi
417 3627 742 3689 facultatem,
795 3633 852 3678 ut
899 3625 1049 3677 multi
1098 3625 1536 3693 interpretantur,
1584 3633 1792 3684 tametsi

219 3698 455 3753 nonnulli
494 3703 960 3757 commentatores,
986 3694 1145 3749 etiam
1174 3698 1521 3765 antiquiores,
1555 3699 1691 3753 lianc
1714 3702 1797 3753 di-

217 3769 529 3824 missionem
553 3768 801 3834 adjuncta
839 3766 1068 3819 Cullecta
1098 3766 1287 3818 factam
1318 3769 1649 3824 existimant.

287 3840 344 3896 6.
385 3839 459 3893 De
489 3839 739 3907 prazd‘tcta
766 3836 1372 3907 ecclersiaALatcranensi
1405 3841 1452 3889 id
1488 3849 1785 3895 memoratu

222 3908 440 3980 dignum
481 3905 561 3980 est
596 3906 737 3980 qund
765 3905 949 3980 scribit
992 3905 1180 3980 Petrus
1220 3906 1547 3980 Abaeltrdus
1591 3913 1640 3963 in
1674 3914 1791 3980 epi-

218 3976 351 4033 stola
399 3979 432 4031 5
480 3979 546 4032 ad
600 3977 929 4032 Bernardum
986 3977 1230 4030 abbatem
1282 3976 1793 4038 Clarmvullettscm:

221 4051 491 4120 Antiquam
517 4058 648 4102 certe
679 4046 923 4120 Romante
949 4048 1082 4120 sedis
1116 4049 1530 4120 consuetudinem
1567 4069 1655 4105 nec
1682 4054 1795 4119 ipsa

217 4116 391 4174 civitas
421 4128 571 4180 tenet.
603 4118 690 4172 sed
720 4118 829 4171 sola
882 4117 1091 4170 ecclesia
1129 4116 1506 4186 Lateranensis,
1537 4138 1649 4186 qua:
1680 4116 1789 4175 ma-

217 4200 289 4244 ter
316 4198 391 4245 est
422 4191 671 4263 omnium,
694 4189 967 4263 antiquum
1012 4195 1143 4241 tenet
1184 4188 1424 4263 ofﬁcium,
1474 4192 1617 4244 nulla
1655 4194 1796 4263 ﬁlia-

212 4276 328 4313 rum
363 4276 571 4315 satorum
600 4260 652 4312 in
683 4259 779 4311 hoc
807 4274 914 4311 eam
941 4268 1196 4325 sequente,
1242 4276 1331 4313 nec
1352 4262 1464 4327 ipsa
1498 4259 1664 4315 etiam
1685 4266 1792 4319 lio-

216 4332 353 4384 mani
394 4332 572 4401 palatii
601 4329 827 4401 basilica.
877 4328 1026 4401 Quod
1058 4328 1103 4382 si
1148 4331 1218 4382 ita
1248 4338 1350 4390 est.
1383 4335 1619 4401 quisquis
1651 4348 1795 4390 vete-

218 4418 301 4456 rcs
326 4400 576 4455 Remane:
608 4400 857 4473 Ecclesia:
893 4400 1026 4473 ritus
1055 4410 1301 4473 accurate
1334 4400 1583 4473 indagare
1619 4407 1788 4472 cupit,

218 4472 509 4526 studiosius
532 4486 593 4525 ea
623 4470 797 4539 legere
825 4470 981 4524 debet
1006 4484 1123 4538 qua:
1149 4472 1416 4539 pertinent
1436 4470 1500 4527 ad
1515 4470 1792 4532 ecclesiam

216 4543 652 4597 Laleranensem.

284 4612 337 4666 7.
381 4612 456 4666 De
483 4612 856 4667 communione
886 4610 1119 4679 pascba'i
1148 4611 1387 4680 qtncdam
1418 4612 1573 4669 ltabct
1601 4616 1790 4674 Petrus

214 4682 408 4738 Amelii
439 4682 490 4735 in
518 4696 633 4750 cap.
668 4680 758 4745 85,
791 4696 930 4749 quae.
962 4683 1082 4749 quia
1115 4684 1359 4751 superius
1401 4698 1505 4737 non
1536 4687 1791 4743 indicavi-

214 4768 352 4827 mus,
378 4753 625 4827 ltoc‘locg
653 4751 885 4827 breviter
912 4753 1157 4827 attigisse
1178 4754 1441 4827 quoddam
1468 4771 1647 4823 operte
1667 4775 1789 4827 pre-

214 4825 344 4877 tium
372 4823 551 4877 fuerit.
579 4821 646 4876 Et
675 4822 847 4891 primo
875 4821 1087 4891 quidem
1112 4824 1185 4876 ait
1206 4824 1308 4878 i~te
1333 4821 1519 4880 auctor
1542 4828 1595 4881 in
1630 4821 1786 4885 Missa

216 4891 503 4962 pontiﬁcis,
530 4908 646 4962 qua:
670 4892 756 4946 die
794 4892 1013 4947 Pasclue
1058 4893 1326 4948 celebrata
1365 4894 1568 4961 luisset,
1602 4914 1788 4955 omnes

212 4974 264 5019 et
284 4965 541 5034 singulos,
570 4962 868 5038 quicunque
895 4979 1007 5038 uere
1038 4965 1256 5038 confessi
1294 4976 1345 5019 et
1387 4970 1678 5038 pmniteutes
1704 4986 1785 5024 es-

209 5043 344 5099 sent,
382 5044 532 5105 atque
559 5034 714 5088 corde
742 5034 991 5106 contriti,
1022 5036 1258 5101 potuisse
1313 5053 1341 5089 a
1387 5034 1531 5106 'papa
1579 5055 1785 5097 sacram

207 5107 641 5179 communionem
662 5105 903 5179 accipere
942 5105 1137 5179 absque
1156 5106 1361 5179 licentia
1398 5105 1639 5178 episcopi,
1676 5113 1785 5179 ple—

210 5176 349 5241 bani,
385 5176 468 5249 rel
481 5174 691 5228 alterius
718 5175 962 5249 majoris;
983 5174 1176 5230 deinde
1203 5177 1388 5232 iisdem
1420 5174 1786 5249 omnibusqui

209 5247 668 5316 communicassent
703 5247 765 5299 de
804 5262 957 5299 manu
987 5263 1133 5314 papa:
1162 5258 1460 5316 porrectam
1504 5266 1531 5303 a
1564 5247 1786 5306 diacono

211 5315 440 5371 ﬁstulam
471 5321 537 5390 ad
559 5317 827 5370 bibendum
855 5316 1140 5390 deAClll't's'li
1168 5321 1414 5390 sanguine
1442 5322 1626 5388 (atque
1651 5324 1786 5377 adeo

211 5398 423 5440 conSIat
459 5389 557 5441 sub
585 5392 741 5440 linem
782 5386 960 5441 saeculi
995 5404 1078 5440 λιν
1122 5386 1552 5445 eomtnuninnetn
1596 5395 1783 5448 stltcm

211 5458 518 5527 past'halem
552 5463 602 5509 in
638 5459 793 5513 Missa
827 5458 1092 5526 pontilicia
1140 5462 1299 5513 fnis-e
1334 5463 1656 5516 celebratam
1687 5466 1787 5519 sub

214 5536 437 5596 utraque
480 5531 682 5597 specie.
732 5546 849 5596 qttu:
897 5528 1202 5583 observatio
1256 5530 1529 5585 referenda
1581 5545 1661 5588 est
1717 5535 1785 5589 ad

215 5598 398 5678 [ωαχ]
429 5614 653 5678 eamqute
678 5598 923 5678 supetius
955 5601 1056 5653 boc
1088 5602 1155 5652 de
1195 5613 1509 5678 argumento
1558 5606 1789 5660 diximus

216 5669 267 5722 itt
483 5669 575 5744 9);
614 5672 1341 5744 deniqtteA-postqsaugnnis
1383 5679 1777 5744 perceptionem

212 5740 503 5806 quemlibet
523 5752 533 5791 t
557 5742 716 5795 ibissc
744 5741 993 5797 modicum
1013 5742 1078 5796 de
1096 5743 1212 5795 vino
1235 5760 1347 5796 cum
1367 5740 1524 5799 calice
1543 5740 1616 5800 'de
1638 5763 1793 5802 manu

215 5810 441 5865 sacristte
470 5810 545 5866 vel
573 5812 797 5882 acolytlii
834 5814 1042 5867 culicem
1078 5817 1310 5868 tenentis.

1826 4579 1873 4639 D

1898 3275 2058 3330 verba
2094 3276 2297 3330 rel'erre
2322 3278 2470 3341 juvat
2496 3294 2508 3328 :
2548 3278 2619 3329 De
2649 3275 2856 3346 corpore
2888 3275 3211 3331 vero—sancto
3241 3278 3376 3341 quod
3396 3294 3488 3331 no-

1899 3348 1973 3399 bis
2003 3345 2266 3420 humiliter
2293 3356 2456 3420 uestra
2495 3347 2721 3420 qutcsivit
2754 3348 3026 3414 prudentia
3066 3349 3201 3415 quod
3246 3349 3487 3420 dirigere-

1897 3433 2011 3469 mus
2034 3432 2140 3487 nim
2171 3415 2457 3478 habuimus,
2486 3418 2728 3486 quoniam
2747 3428 2927 3471 cuncta
2948 3428 3244 3472 sanctorum
3267 3415 3483 3487 corpora

1897 3486 2291 3556 prodecessores
2315 3488 2475 3540 nostri
2504 3489 2759 3540 nobiscum
2803 3491 3140 3542 communiter
3166 3488 3481 3553 detulerunt,

1897 3568 1942 3608 et
1968 3557 2363 3625 unumquodque
2386 3573 2558 3610 eorum
2596 3556 2838 3610 Ecclesiis
2870 3558 3064 3611 naviter
3086 3560 3329 3612 dedicatis
3350 3575 3485 3612 sum-

1897 3642 1981 3678 ma
2006 3626 2327 3679 veniratione
2361 3628 2701 3681 condidimus.
2733 3626 2958 3681 Proinde
2986 3629 3381 3682 benevolentiam
3405 3643 3487 3683 tte-

1896 3704 2054 3770 stram
2081 3712 2367 3770 precamur,
2392 3706 2448 3750 ut
2479 3698 2621 3751 nobis
2667 3701 2887 3763 spatium
2926 3700 3218 3767 inquirendi
3255 3700 3477 3770 diligen-

1896 3766 1997 3819 tius
2024 3765 2309 3834 pra'beatis,
2339 3778 2581 3836 quatenus
2604 3784 2787 3837 corpus
2814 3765 3050 3823 sanctum
3074 3770 3297 3823 invenire
3314 3765 3484 3822 valea-

1899 3852 2011 3888 mus
2041 3837 2109 3889 ad
2164 3847 2381 3890 uestram
2420 3839 2772 3905 complendum
2811 3840 3139 3904 petitionem;
3171 3849 3214 3892 et
3246 3840 3290 3893 si
3316 3842 3486 3892 inven-

1899 3917 2003 3979 tum
2031 3907 2205 3979 fuerit,
2232 3916 2397 3979 vestra
2418 3908 2561 3979 nobis
2587 3913 2791 3962 credere
2819 3911 3055 3979 dignetur
3082 3911 3352 3973 industria,
3380 3920 3485 3961 sta-

1897 3978 1989 4027 tim
2019 3977 2153 4042 quod
2180 3978 2372 4043 petistis
2409 3978 2747 4045 perﬁciamus.
2786 3977 2941 4033 Modo
2973 3996 3086 4032 vero
3110 3980 3241 4033 illud
3273 3998 3372 4032 non
3395 3982 3484 4032 nti-

1897 4046 2077 4117 simus,
2109 4047 2227 4113 quia
2257 4047 2563 4117 irtquireutes
2593 4064 2911 4117 nequaquam
2941 4050 3162 4103 invenire
3208 4052 3481 4102 valuimus.

1897 4116 2051 4188 Quod
2083 4117 2125 4169 si
2147 4117 2333 4169 eadem
2365 4116 2525 4188 modo
2564 4118 2749 4185 religio
2795 4128 2847 4171 et
2884 4119 3153 4188 diligentia
3189 4120 3240 4172 in
3273 4134 3482 4187 perqui-

1898 4185 2079 4239 rendis
2108 4186 2517 4240 sccernendisve
2559 4197 2867 4240 sanctorum
2910 4185 3222 4254 Corporibus
3264 4185 3482 4241 adhibe-

1899 4266 2071 4321 retur,
2102 4257 2256 4323 louge
2287 4256 2556 4310 difﬁcilius
2586 4266 2747 4322 esset,
2775 4262 3049 4312 cvacuatis
3092 4258 3202 4312 fere
3231 4259 3482 4311 celebrio-

1905 4327 2051 4379 ribus
2080 4326 2423 4391 ccemcteriis,
2474 4334 2779 4381 sanctorum
2811 4341 3033 4394 corpora
3076 4343 3195 4381 cum
3226 4326 3389 4383 certis
3431 4339 3484 4380 ct

1900 4396 2210 4469 indubitatis
2240 4398 2775 4469 sanctitatis,_nedum
2802 4400 3059 4469 martyrii,
3094 4399 3303 4452 indiciis
3332 4411 3482 4464 repe-

1898 4470 2025 4520 rire.
2063 4467 2255 4520 Verum
2296 4467 2518 4522 fortasse
2550 4466 2837 4537 Gregorius
2874 4466 3110 4537 loquitur
3159 4470 3227 4524 de
3271 4470 3472 4521 sanctis

1900 4553 1964 4591 ex
2007 4537 2224 4608 nomine
2253 4536 2499 4608 cognitis.
2537 4536 2819 4607 propterea
2867 4540 3008 4606 quod
3064 4549 3188 4594 tunc
3228 4539 3480 4603 temporis

1900 4622 2005 4661 non
2046 4606 2230 4670 ferret,
2255 4606 2375 4677 quae
2407 4610 2604 4662 nostris
2640 4606 2975 4677 temporibus
3002 4611 3224 4675 obtinet,
3253 4624 3483 4662 consuc-

1900 4679 2027 4731 tudo
2057 4691 2110 4731 ut
2141 4681 2552 4746 baptizatorutn,
2584 4694 2717 4747 quos
2764 4690 2975 4743 vocant,
3009 4689 3313 4734 sanctorum
3361 4694 3481 4733 cor-

1901 4764 2028 4821 pora
2058 4764 2151 4816 pro
2181 4751 2333 4821 veris
2354 4765 2415 4803 ac
2446 4749 2760 4803 indubitatis
2804 4751 3042 4821 reliquiis
3088 4754 3254 4805 sacris
3300 4750 3481 4804 distri-

1892 4818 2198 4874 buercntur.
2232 4820 2337 4875 Sed
2361 4820 2426 4875 de
2447 4821 2527 4874 his
2559 4822 2835 4876 hactenus.

1893 4933 2011 4988 XX.
2059 4933 2132 4988 De
2172 4935 2487 5004 confessione
2515 4935 2642 4988 beati
2687 4933 2828 4987 Petri
2857 4935 2909 4987 in
2939 4934 3145 4987 basilica
3202 4932 3476 4988 Vaticana.

1965 5005 2101 5068 Quid
2131 5020 2295 5071 rugae,
2326 5007 2450 5073 quid
2474 5007 2631 5073 regia:
2651 5045 2665 5067 ,
2696 5016 2741 5057 et
2790 5008 3057 5067 regulares
3084 5006 3227 5073 apud
3254 5006 3470 5074 scripto-

1961 5090 2039 5128 res
2061 5072 2421 5128 ecclesiasticos
2446 5077 2469 5129 .7
2496 5078 2568 5128 lje
2594 5076 2743 5127 t-ariis
2768 5075 2929 5127 modis
2953 5072 3239 5127 usxervaudi
3265 5072 3480 5126 Eucha-

1961 5147 2155 5197 ristiam
2186 5147 2323 5213 apud
2345 5145 2620 5201 Romanos.
2645 5146 2778 5210 Quid
2809 5160 2968 5212 capsa
2992 5147 3040 5195 in
3073 5146 3485 5213 concilioﬂAruum

1961 5215 2182 5268 sicana?
2224 5212 2375 5279 Quid
2408 5216 2568 5269 turris
2616 5213 2860 5286 Gregorio
2901 5225 2945 5267 et
2991 5213 3243 5268 Venantio
3278 5212 3469 5268 Fortu-

1959 5296 2078 5339 nato
2107 5286 2132 5339 ?

1976 5397 2242 5464 Quoniam
2280 5398 2362 5452 bis
2387 5398 2437 5450 in
2470 5396 2617 5452 libris
2645 5396 2895 5465 frequens
2922 5399 3120 5451 mentio
3146 5408 3230 5455 est
3258 5398 3323 5453 de
3346 5413 3487 5452 con-.

1894 5470 2126 5523 fessiouc
2155 5472 2288 5523 beati
2317 5468 2477 5529 Petri,
2505 5469 2744 5538 qua'daut
2772 5472 2871 5524 hoc
2900 5471 3018 5522 loco
3044 5471 3110 5524 de
3146 5485 3207 5525 ea
3245 5470 3475 5524 breviter

1895 5540 2185 5593 observare
2250 5540 2501 5608 quiddam
2566 5555 2743 5607 opera:
2798 5541 3023 5607 pretium
3080 5541 3356 5593 duximus.
3404 5542 3473 5593 Et

1897 5612 2071 5681 primo
2092 5610 2303 5677 quidem
2332 5612 2580 5677 confessio
2611 5612 2709 5663 boc
2740 5612 2789 5664 in
2816 5612 2933 5664 loco
2959 5610 3097 5678 apud
3127 5611 3460 5665 ecclesia~ti-

1898 5696 1993 5736 cos
2014 5682 2300 5750 seriptoI'es
2317 5681 2531 5735 Latinos
2554 5682 2681 5734 nihil
2706 5682 2846 5735 aliud
2868 5690 2952 5736 est
2983 5697 3139 5749 quam
3161 5682 3297 5748 apud
3317 5682 3436 5735 (ira:
3452 5709 3469 5721 -

1903 5766 1997 5805 cos
2014 5752 2344 5821 Martyrium,
2363 5767 2455 5806 scu
2479 5751 2626 5805 locus
2647 5752 2697 5805 in
2721 5769 2824 5820 quo
2847 5753 3084 5823 reliquiae
3119 5768 3211 5806 seu
3241 5766 3469 5819 corpora

1910 5834 2202 5895 martyrum
2238 5826 2663 5879 asservabantur.
2689 5823 2796 5879 Cur
2828 5838 2951 5881 vero
2980 5824 3331 5880 confessionis
3362 5837 3472 5873 non»
