  <div class='ocr_page' id='page_1' title='image "/cluster/home/n/w/nwhite01/storage/ocr_20150623/78/uva.x000827090/477.png"; bbox 0 0 4042 6300; ppageno 0'>
   <div class='ocr_carea' id='block_1_1' title="bbox 604 333 700 390">
    <p class='ocr_par' dir='ltr' id='par_1_1' title="bbox 604 333 700 390">
     <span class='ocr_line' id='line_1_1' title="bbox 604 333 700 390; baseline 0 -1"><span class='ocrx_word' id='word_1_1' title='bbox 604 333 700 390; x_wconf 70' lang='lat'><strong>339</strong></span> 
     </span>
    </p>
   </div>
   <div class='ocr_carea' id='block_1_2' title="bbox 1282 317 3181 411">
    <p class='ocr_par' dir='ltr' id='par_1_2' title="bbox 1282 317 3181 411">
     <span class='ocr_line' id='line_1_2' title="bbox 1282 317 3181 411; baseline -0.005 -29"><span class='ocrx_word' id='word_1_2' title='bbox 1282 325 1622 411; x_wconf 72' lang='lat' dir='ltr'><strong>APPENDIX</strong></span> <span class='ocrx_word' id='word_1_3' title='bbox 1663 324 1753 380; x_wconf 84' lang='lat' dir='ltr'><strong>AD</strong></span> <span class='ocrx_word' id='word_1_4' title='bbox 1794 323 1851 379; x_wconf 93' lang='lat' dir='ltr'><strong>S.</strong></span> <span class='ocrx_word' id='word_1_5' title='bbox 1894 318 2225 378; x_wconf 71' lang='lat' dir='ltr'><strong>GRECORII</strong></span> <span class='ocrx_word' id='word_1_6' title='bbox 2263 317 2477 375; x_wconf 55' lang='lat' dir='ltr'><strong>MSle</strong></span> <span class='ocrx_word' id='word_1_7' title='bbox 2520 319 2889 379; x_wconf 74' lang='lat' dir='ltr'><strong>LITURCICA</strong></span> <span class='ocrx_word' id='word_1_8' title='bbox 2931 320 3181 378; x_wconf 73' lang='lat' dir='ltr'><strong>OPERA.</strong></span> 
     </span>
    </p>
   </div>
   <div class='ocr_carea' id='block_1_3' title="bbox 3756 322 3862 379">
    <p class='ocr_par' dir='ltr' id='par_1_3' title="bbox 3756 322 3862 379">
     <span class='ocr_line' id='line_1_3' title="bbox 3756 322 3862 379; baseline 0.009 -2"><span class='ocrx_word' id='word_1_9' title='bbox 3756 322 3862 379; x_wconf 75' lang='lat' dir='ltr'><strong>9w</strong></span> 
     </span>
    </p>
   </div>
   <div class='ocr_carea' id='block_1_4' title="bbox 601 432 3867 516">
    <p class='ocr_par' dir='ltr' id='par_1_4' title="bbox 601 432 3867 516">
     <span class='ocr_line' id='line_1_4' title="bbox 601 432 3867 516; baseline -0.002 -20"><span class='ocrx_word' id='word_1_10' title='bbox 601 456 846 516; x_wconf 74' lang='lat' dir='ltr'><strong>patenam</strong></span> <span class='ocrx_word' id='word_1_11' title='bbox 885 438 1267 513; x_wconf 76' lang='lat' dir='ltr'><strong>quotidianam,</strong></span> <span class='ocrx_word' id='word_1_12' title='bbox 1310 437 1551 505; x_wconf 79' lang='lat' dir='ltr'><strong>calicem,</strong></span> <span class='ocrx_word' id='word_1_13' title='bbox 1582 436 1812 510; x_wconf 80' lang='lat' dir='ltr'><strong>scyphos</strong></span> <span class='ocrx_word' id='word_1_14' title='bbox 1842 446 1894 492; x_wconf 88' lang='lat' dir='ltr'><strong>et</strong></span> <span class='ocrx_word' id='word_1_15' title='bbox 1927 445 1950 474; x_wconf 72' lang='grc'><strong><em>⁸</em></strong></span> <span class='ocrx_word' id='word_1_16' title='bbox 1983 432 2169 506; x_wconf 85' lang='lat' dir='ltr'><strong>pugil-</strong></span> <span class='ocrx_word' id='word_1_17' title='bbox 2195 434 2241 494; x_wconf 86' lang='lat' dir='ltr'><strong>A</strong></span> <span class='ocrx_word' id='word_1_18' title='bbox 2274 442 2387 489; x_wconf 88' lang='lat' dir='ltr'><strong>tant</strong></span> <span class='ocrx_word' id='word_1_19' title='bbox 2409 434 2724 505; x_wconf 87' lang='lat' dir='ltr'><strong>vestimenta</strong></span> <span class='ocrx_word' id='word_1_20' title='bbox 2743 443 2937 500; x_wconf 87' lang='lat' dir='ltr'><strong>sua,et</strong></span> <span class='ocrx_word' id='word_1_21' title='bbox 2960 442 3113 504; x_wconf 87' lang='lat' dir='ltr'><strong>parat</strong></span> <span class='ocrx_word' id='word_1_22' title='bbox 3135 433 3477 502; x_wconf 69' lang='lat' dir='ltr'><strong>Evangelium</strong></span> <span class='ocrx_word' id='word_1_23' title='bbox 3506 434 3607 504; x_wconf 41' lang='lat' dir='ltr'><strong>qui:</strong></span> <span class='ocrx_word' id='word_1_24' title='bbox 3630 434 3867 491; x_wconf 63' lang='lat' dir='ltr'><strong>locuntur</strong></span> 
     </span>
    </p>
   </div>
   <div class='ocr_carea' id='block_1_5' title="bbox 601 524 2177 606">
    <p class='ocr_par' dir='ltr' id='par_1_5' title="bbox 601 524 2177 606">
     <span class='ocr_line' id='line_1_5' title="bbox 601 524 2177 606; baseline -0.006 -15"><span class='ocrx_word' id='word_1_25' title='bbox 601 538 739 592; x_wconf 85' lang='lat' dir='ltr'><strong>lares</strong></span> <span class='ocrx_word' id='word_1_26' title='bbox 767 533 921 606; x_wconf 89' lang='lat' dir='ltr'><strong>[alios</strong></span> <span class='ocrx_word' id='word_1_27' title='bbox 947 524 1251 599; x_wconf 87' lang='lat' dir='ltr'><strong>argenteos]</strong></span> <span class='ocrx_word' id='word_1_28' title='bbox 1275 536 1327 581; x_wconf 92' lang='lat' dir='ltr'><strong>et</strong></span> <span class='ocrx_word' id='word_1_29' title='bbox 1352 527 1485 581; x_wconf 88' lang='lat' dir='ltr'><strong>alios</strong></span> <span class='ocrx_word' id='word_1_30' title='bbox 1513 540 1726 593; x_wconf 91' lang='lat' dir='ltr'><strong>aureos,</strong></span> <span class='ocrx_word' id='word_1_31' title='bbox 1754 535 1806 583; x_wconf 91' lang='lat' dir='ltr'><strong>et</strong></span> <span class='ocrx_word' id='word_1_32' title='bbox 1832 525 2177 597; x_wconf 81' lang='lat' dir='ltr'><strong>gemelliones</strong></span> 
     </span>
    </p>
   </div>
   <div class='ocr_carea' id='block_1_6' title="bbox 602 615 2176 694">
    <p class='ocr_par' dir='ltr' id='par_1_6' title="bbox 602 615 2176 694">
     <span class='ocr_line' id='line_1_6' title="bbox 602 615 2176 694; baseline -0.004 -17"><span class='ocrx_word' id='word_1_33' title='bbox 602 630 905 694; x_wconf 78' lang='lat' dir='ltr'><strong>argenteos,</strong></span> <span class='ocrx_word' id='word_1_34' title='bbox 927 616 1239 673; x_wconf 89' lang='lat' dir='ltr'><strong>colatorium</strong></span> <span class='ocrx_word' id='word_1_35' title='bbox 1262 626 1573 687; x_wconf 91' lang='lat' dir='ltr'><strong>argenteum</strong></span> <span class='ocrx_word' id='word_1_36' title='bbox 1594 623 1650 671; x_wconf 85' lang='lat' dir='ltr'><strong>et</strong></span> <span class='ocrx_word' id='word_1_37' title='bbox 1670 631 1915 684; x_wconf 89' lang='lat' dir='ltr'><strong>aureum,</strong></span> <span class='ocrx_word' id='word_1_38' title='bbox 1940 624 1995 671; x_wconf 88' lang='lat' dir='ltr'><strong>et</strong></span> <span class='ocrx_word' id='word_1_39' title='bbox 2014 615 2176 671; x_wconf 85' lang='lat' dir='ltr'><strong>alium</strong></span> 
     </span>
    </p>
   </div>
   <div class='ocr_carea' id='block_1_7' title="bbox 601 704 2178 785">
    <p class='ocr_par' dir='ltr' id='par_1_7' title="bbox 601 704 2178 785">
     <span class='ocr_line' id='line_1_7' title="bbox 601 704 2178 785; baseline -0.006 -15"><span class='ocrx_word' id='word_1_40' title='bbox 601 715 855 785; x_wconf 85' lang='lat' dir='ltr'><strong>majorem</strong></span> <span class='ocrx_word' id='word_1_41' title='bbox 880 716 1214 780; x_wconf 85' lang='lat' dir='ltr'><strong>argenteum,</strong></span> <span class='ocrx_word' id='word_1_42' title='bbox 1241 722 1389 762; x_wconf 90' lang='lat' dir='ltr'><strong>amas</strong></span> <span class='ocrx_word' id='word_1_43' title='bbox 1418 715 1722 779; x_wconf 84' lang='lat' dir='ltr'><strong>argenteas,</strong></span> <span class='ocrx_word' id='word_1_44' title='bbox 1744 704 2103 764; x_wconf 88' lang='lat' dir='ltr'><strong>cantatorium</strong></span> <span class='ocrx_word' id='word_1_45' title='bbox 2122 714 2178 762; x_wconf 91' lang='lat' dir='ltr'><strong>et</strong></span> 
     </span>
    </p>
   </div>
   <div class='ocr_carea' id='block_1_8' title="bbox 598 790 2181 872">
    <p class='ocr_par' dir='ltr' id='par_1_8' title="bbox 598 790 2181 872">
     <span class='ocr_line' id='line_1_8' title="bbox 598 790 2181 872; baseline -0.004 -11"><span class='ocrx_word' id='word_1_46' title='bbox 598 816 792 861; x_wconf 65' lang='lat' dir='ltr'><strong>uetera</strong></span> <span class='ocrx_word' id='word_1_47' title='bbox 836 816 960 858; x_wconf 89' lang='lat' dir='ltr'><strong>vasa</strong></span> <span class='ocrx_word' id='word_1_48' title='bbox 1007 816 1169 857; x_wconf 90' lang='lat' dir='ltr'><strong>aurea</strong></span> <span class='ocrx_word' id='word_1_49' title='bbox 1215 810 1269 857; x_wconf 88' lang='lat' dir='ltr'><strong>et</strong></span> <span class='ocrx_word' id='word_1_50' title='bbox 1297 794 1574 872; x_wconf 86' lang='lat' dir='ltr'><strong>argentea,</strong></span> <span class='ocrx_word' id='word_1_51' title='bbox 1607 790 1907 856; x_wconf 89' lang='lat' dir='ltr'><strong>cereostata</strong></span> <span class='ocrx_word' id='word_1_52' title='bbox 1933 812 2100 854; x_wconf 84' lang='lat' dir='ltr'><strong>aurea</strong></span> <span class='ocrx_word' id='word_1_53' title='bbox 2124 807 2181 855; x_wconf 89' lang='lat' dir='ltr'><strong>et</strong></span> 
     </span>
    </p>
   </div>
   <div class='ocr_carea' id='block_1_9' title="bbox 597 892 2189 971">
    <p class='ocr_par' dir='ltr' id='par_1_9' title="bbox 597 892 2189 971">
     <span class='ocr_line' id='line_1_9' title="bbox 597 892 2189 971; baseline -0.005 -17"><span class='ocrx_word' id='word_1_54' title='bbox 597 906 870 971; x_wconf 85' lang='lat' dir='ltr'><strong>argentea,</strong></span> <span class='ocrx_word' id='word_1_55' title='bbox 919 897 988 953; x_wconf 89' lang='lat' dir='ltr'><strong>de</strong></span> <span class='ocrx_word' id='word_1_56' title='bbox 1016 894 1237 951; x_wconf 74' lang='lat' dir='ltr'><strong>ecclesia</strong></span> <span class='ocrx_word' id='word_1_57' title='bbox 1286 893 1583 951; x_wconf 84' lang='lat' dir='ltr'><strong>Salvatoris</strong></span> <span class='ocrx_word' id='word_1_58' title='bbox 1617 908 1711 963; x_wconf 91' lang='lat' dir='ltr'><strong>per</strong></span> <span class='ocrx_word' id='word_1_59' title='bbox 1741 907 1961 948; x_wconf 91' lang='lat' dir='ltr'><strong>manum</strong></span> <span class='ocrx_word' id='word_1_60' title='bbox 2011 892 2189 963; x_wconf 70' lang='lat' dir='ltr'><strong>primi!</strong></span> 
     </span>
    </p>
   </div>
   <div class='ocr_carea' id='block_1_10' title="bbox 608 983 2179 1056">
    <p class='ocr_par' dir='ltr' id='par_1_10' title="bbox 608 983 2179 1056">
     <span class='ocr_line' id='line_1_10' title="bbox 608 983 2179 1056; baseline -0.005 -8"><span class='ocrx_word' id='word_1_61' title='bbox 608 988 953 1048; x_wconf 86' lang='lat' dir='ltr'><strong>mansionarii</strong></span> <span class='ocrx_word' id='word_1_62' title='bbox 984 996 1223 1055; x_wconf 86' lang='lat' dir='ltr'><strong>sumunt,</strong></span> <span class='ocrx_word' id='word_1_63' title='bbox 1262 996 1315 1043; x_wconf 90' lang='lat' dir='ltr'><strong>et</strong></span> <span class='ocrx_word' id='word_1_64' title='bbox 1355 986 1518 1056; x_wconf 88' lang='lat' dir='ltr'><strong>bajuli</strong></span> <span class='ocrx_word' id='word_1_65' title='bbox 1560 993 1792 1056; x_wconf 93' lang='lat' dir='ltr'><strong>portant.</strong></span> <span class='ocrx_word' id='word_1_66' title='bbox 1836 983 2034 1040; x_wconf 83' lang='lat' dir='ltr'><strong>Diebus</strong></span> <span class='ocrx_word' id='word_1_67' title='bbox 2051 998 2179 1040; x_wconf 89' lang='lat' dir='ltr'><strong>vero</strong></span> 
     </span>
    </p>
   </div>
   <div class='ocr_carea' id='block_1_11' title="bbox 599 1077 2181 1150">
    <p class='ocr_par' dir='ltr' id='par_1_11' title="bbox 599 1077 2181 1150">
     <span class='ocr_line' id='line_1_11' title="bbox 599 1077 2181 1150; baseline -0.006 -11"><span class='ocrx_word' id='word_1_68' title='bbox 599 1082 753 1139; x_wconf 80' lang='lat' dir='ltr'><strong>festis</strong></span> <span class='ocrx_word' id='word_1_69' title='bbox 780 1081 1003 1139; x_wconf 84' lang='lat' dir='ltr'><strong>calicem</strong></span> <span class='ocrx_word' id='word_1_70' title='bbox 1034 1089 1088 1135; x_wconf 93' lang='lat' dir='ltr'><strong>et</strong></span> <span class='ocrx_word' id='word_1_71' title='bbox 1118 1089 1364 1150; x_wconf 88' lang='lat' dir='ltr'><strong>patenam</strong></span> <span class='ocrx_word' id='word_1_72' title='bbox 1394 1078 1647 1148; x_wconf 87' lang='lat' dir='ltr'><strong>majores,</strong></span> <span class='ocrx_word' id='word_1_73' title='bbox 1670 1086 1727 1134; x_wconf 86' lang='lat' dir='ltr'><strong>et</strong></span> <span class='ocrx_word' id='word_1_74' title='bbox 1752 1077 2035 1148; x_wconf 74' lang='lat' dir='ltr'><strong>Evangelia</strong></span> <span class='ocrx_word' id='word_1_75' title='bbox 2067 1090 2181 1131; x_wconf 88' lang='lat' dir='ltr'><strong>ma-</strong></span> 
     </span>
    </p>
   </div>
   <div class='ocr_carea' id='block_1_12' title="bbox 597 1162 2181 1244">
    <p class='ocr_par' dir='ltr' id='par_1_12' title="bbox 597 1162 2181 1244">
     <span class='ocr_line' id='line_1_12' title="bbox 597 1162 2181 1244; baseline -0.006 -15"><span class='ocrx_word' id='word_1_76' title='bbox 597 1176 715 1244; x_wconf 84' lang='lat' dir='ltr'><strong>jora</strong></span> <span class='ocrx_word' id='word_1_77' title='bbox 745 1171 811 1228; x_wconf 88' lang='lat' dir='ltr'><strong>de</strong></span> <span class='ocrx_word' id='word_1_78' title='bbox 835 1166 1087 1228; x_wconf 75' lang='lat' dir='ltr'><strong>vestiario</strong></span> <span class='ocrx_word' id='word_1_79' title='bbox 1118 1168 1387 1224; x_wconf 88' lang='lat' dir='ltr'><strong>dominico</strong></span> <span class='ocrx_word' id='word_1_80' title='bbox 1412 1162 1632 1238; x_wconf 78' lang='lat' dir='ltr'><strong>exigunt</strong></span> <span class='ocrx_word' id='word_1_81' title='bbox 1668 1166 1770 1223; x_wconf 86' lang='lat' dir='ltr'><strong>sub</strong></span> <span class='ocrx_word' id='word_1_82' title='bbox 1798 1166 1971 1238; x_wconf 85' lang='lat' dir='ltr'><strong>sigillo</strong></span> <span class='ocrx_word' id='word_1_83' title='bbox 2000 1174 2181 1222; x_wconf 81' lang='lat' dir='ltr'><strong>veste-</strong></span> 
     </span>
    </p>
   </div>
   <div class='ocr_carea' id='block_1_13' title="bbox 599 1258 2177 1335">
    <p class='ocr_par' dir='ltr' id='par_1_13' title="bbox 599 1258 2177 1335">
     <span class='ocr_line' id='line_1_13' title="bbox 599 1258 2177 1335; baseline -0.006 -15"><span class='ocrx_word' id='word_1_84' title='bbox 599 1265 722 1320; x_wconf 88' lang='lat' dir='ltr'><strong>rarii</strong></span> <span class='ocrx_word' id='word_1_85' title='bbox 741 1261 860 1335; x_wconf 69' lang='lat' dir='ltr'><strong>(sic)</strong></span> <span class='ocrx_word' id='word_1_86' title='bbox 886 1276 1279 1333; x_wconf 80' lang='lat' dir='ltr'><strong>pernumerum</strong></span> <span class='ocrx_word' id='word_1_87' title='bbox 1303 1274 1651 1330; x_wconf 88' lang='lat' dir='ltr'><strong>gemmarum,</strong></span> <span class='ocrx_word' id='word_1_88' title='bbox 1667 1266 1725 1315; x_wconf 91' lang='lat' dir='ltr'><strong>ut</strong></span> <span class='ocrx_word' id='word_1_89' title='bbox 1744 1274 1847 1314; x_wconf 90' lang='lat' dir='ltr'><strong>non</strong></span> <span class='ocrx_word' id='word_1_90' title='bbox 1871 1258 2177 1328; x_wconf 89' lang='lat' dir='ltr'><strong>perdantur.</strong></span> 
     </span>
    </p>
   </div>
   <div class='ocr_carea' id='block_1_14' title="bbox 599 1351 2176 1425">
    <p class='ocr_par' dir='ltr' id='par_1_14' title="bbox 599 1351 2176 1425">
     <span class='ocr_line' id='line_1_14' title="bbox 599 1351 2176 1425; baseline -0.001 -18"><span class='ocrx_word' id='word_1_91' title='bbox 599 1356 794 1411; x_wconf 69' lang='lat' dir='ltr'><strong>Sellam</strong></span> <span class='ocrx_word' id='word_1_92' title='bbox 822 1360 997 1408; x_wconf 90' lang='lat' dir='ltr'><strong>autem</strong></span> <span class='ocrx_word' id='word_1_93' title='bbox 1045 1351 1311 1425; x_wconf 92' lang='lat' dir='ltr'><strong>pontiﬁcis</strong></span> <span class='ocrx_word' id='word_1_94' title='bbox 1351 1351 1714 1408; x_wconf 78' lang='lat' dir='ltr'><strong>cubicularius</strong></span> <span class='ocrx_word' id='word_1_95' title='bbox 1760 1352 1930 1407; x_wconf 84' lang='lat' dir='ltr'><strong>laicus</strong></span> <span class='ocrx_word' id='word_1_96' title='bbox 1974 1364 2176 1420; x_wconf 73' lang='lat' dir='ltr'><strong>przece-</strong></span> 
     </span>
    </p>
   </div>
   <div class='ocr_carea' id='block_1_15' title="bbox 598 1440 2177 1513">
    <p class='ocr_par' dir='ltr' id='par_1_15' title="bbox 598 1440 2177 1513">
     <span class='ocr_line' id='line_1_15' title="bbox 598 1440 2177 1513; baseline 0.001 -17"><span class='ocrx_word' id='word_1_97' title='bbox 598 1449 731 1500; x_wconf 80' lang='lat' dir='ltr'><strong>deus</strong></span> <span class='ocrx_word' id='word_1_98' title='bbox 779 1442 1045 1512; x_wconf 83' lang='lat' dir='ltr'><strong>deportat,</strong></span> <span class='ocrx_word' id='word_1_99' title='bbox 1098 1450 1158 1497; x_wconf 85' lang='lat' dir='ltr'><strong>ut</strong></span> <span class='ocrx_word' id='word_1_100' title='bbox 1209 1450 1397 1513; x_wconf 77' lang='lat' dir='ltr'><strong>parata</strong></span> <span class='ocrx_word' id='word_1_101' title='bbox 1453 1443 1524 1497; x_wconf 88' lang='lat' dir='ltr'><strong>sit</strong></span> <span class='ocrx_word' id='word_1_102' title='bbox 1581 1440 1707 1497; x_wconf 90' lang='lat' dir='ltr'><strong>dum</strong></span> <span class='ocrx_word' id='word_1_103' title='bbox 1773 1444 1826 1496; x_wconf 89' lang='lat' dir='ltr'><strong>in</strong></span> <span class='ocrx_word' id='word_1_104' title='bbox 1884 1442 2177 1497; x_wconf 82' lang='lat' dir='ltr'><strong>sacrarium</strong></span> 
     </span>
    </p>
   </div>
   <div class='ocr_carea' id='block_1_16' title="bbox 602 1536 1800 1596">
    <p class='ocr_par' dir='ltr' id='par_1_16' title="bbox 602 1536 1800 1596">
     <span class='ocr_line' id='line_1_16' title="bbox 602 1536 1800 1596; baseline 0.007 -8"><span class='ocrx_word' id='word_1_105' title='bbox 602 1536 826 1591; x_wconf 78' lang='lat' dir='ltr'><strong>\cuerit.</strong></span> <span class='ocrx_word' id='word_1_106' title='bbox 1792 1586 1800 1596; x_wconf 92' lang='lat'><strong>.</strong></span> 
     </span>
    </p>
   </div>
   <div class='ocr_carea' id='block_1_17' title="bbox 670 1622 2178 1695">
    <p class='ocr_par' dir='ltr' id='par_1_17' title="bbox 670 1622 2178 1695">
     <span class='ocr_line' id='line_1_17' title="bbox 670 1622 2178 1695; baseline 0.001 -17"><span class='ocrx_word' id='word_1_107' title='bbox 670 1626 726 1681; x_wconf 68' lang='grc'><strong>4.</strong></span> <span class='ocrx_word' id='word_1_108' title='bbox 769 1626 846 1680; x_wconf 82' lang='lat' dir='ltr'><strong>Ad</strong></span> <span class='ocrx_word' id='word_1_109' title='bbox 878 1624 1240 1680; x_wconf 74' lang='lat' dir='ltr'><strong>denuntiatam</strong></span> <span class='ocrx_word' id='word_1_110' title='bbox 1286 1624 1570 1680; x_wconf 70' lang='lat' dir='ltr'><strong>Stationem</strong></span> <span class='ocrx_word' id='word_1_111' title='bbox 1599 1623 1787 1680; x_wconf 84' lang='lat' dir='ltr'><strong>diebus</strong></span> <span class='ocrx_word' id='word_1_112' title='bbox 1822 1622 1972 1680; x_wconf 90' lang='lat' dir='ltr'><strong>festis</strong></span> <span class='ocrx_word' id='word_1_113' title='bbox 2007 1627 2178 1695; x_wconf 90' lang='lat' dir='ltr'><strong>primo</strong></span> 
     </span>
    </p>
   </div>
   <div class='ocr_carea' id='block_1_18' title="bbox 600 1713 2176 1785">
    <p class='ocr_par' dir='ltr' id='par_1_18' title="bbox 600 1713 2176 1785">
     <span class='ocr_line' id='line_1_18' title="bbox 600 1713 2176 1785; baseline 0.002 -16"><span class='ocrx_word' id='word_1_114' title='bbox 600 1730 755 1772; x_wconf 88' lang='lat' dir='ltr'><strong>mane</strong></span> <span class='ocrx_word' id='word_1_115' title='bbox 782 1715 1236 1785; x_wconf 84' lang='lat' dir='ltr'><strong>praeeeditomnis</strong></span> <span class='ocrx_word' id='word_1_116' title='bbox 1265 1713 1441 1770; x_wconf 87' lang='lat' dir='ltr'><strong>clerus</strong></span> <span class='ocrx_word' id='word_1_117' title='bbox 1481 1715 1856 1785; x_wconf 90' lang='lat' dir='ltr'><strong>apostolicum,</strong></span> <span class='ocrx_word' id='word_1_118' title='bbox 1890 1714 1955 1769; x_wconf 94' lang='lat' dir='ltr'><strong>ad</strong></span> <span class='ocrx_word' id='word_1_119' title='bbox 2000 1717 2176 1772; x_wconf 86' lang='lat' dir='ltr'><strong>cccle-</strong></span> 
     </span>
    </p>
   </div>
   <div class='ocr_carea' id='block_1_19' title="bbox 2285 525 3866 597">
    <p class='ocr_par' dir='ltr' id='par_1_19' title="bbox 2285 525 3866 597">
     <span class='ocr_line' id='line_1_19' title="bbox 2285 525 3866 597; baseline -0.001 -13"><span class='ocrx_word' id='word_1_120' title='bbox 2285 540 2389 592; x_wconf 88' lang='lat' dir='ltr'><strong>est.</strong></span> <span class='ocrx_word' id='word_1_121' title='bbox 2439 542 2684 584; x_wconf 87' lang='lat' dir='ltr'><strong>reserato</strong></span> <span class='ocrx_word' id='word_1_122' title='bbox 2713 527 2889 597; x_wconf 82' lang='lat' dir='ltr'><strong>sigillo</strong></span> <span class='ocrx_word' id='word_1_123' title='bbox 2919 542 2982 582; x_wconf 81' lang='lat' dir='ltr'><strong>ex</strong></span> <span class='ocrx_word' id='word_1_124' title='bbox 3017 536 3286 597; x_wconf 73' lang='lat' dir='ltr'><strong>prmccpto</strong></span> <span class='ocrx_word' id='word_1_125' title='bbox 3313 525 3680 581; x_wconf 77' lang='lat' dir='ltr'><strong>anltidiaconi</strong></span> <span class='ocrx_word' id='word_1_126' title='bbox 3706 540 3866 595; x_wconf 71' lang='lat' dir='ltr'><strong>super</strong></span> 
     </span>
    </p>
   </div>
   <div class='ocr_carea' id='block_1_20' title="bbox 2281 617 3867 693">
    <p class='ocr_par' dir='ltr' id='par_1_20' title="bbox 2281 617 3867 693">
     <span class='ocr_line' id='line_1_20' title="bbox 2281 617 3867 693; baseline -0.001 -17"><span class='ocrx_word' id='word_1_127' title='bbox 2281 624 2547 693; x_wconf 84' lang='lat' dir='ltr'><strong>planetam</strong></span> <span class='ocrx_word' id='word_1_128' title='bbox 2588 623 2854 693; x_wconf 83' lang='lat' dir='ltr'><strong>acolythi;</strong></span> <span class='ocrx_word' id='word_1_129' title='bbox 2891 630 2943 675; x_wconf 91' lang='lat' dir='ltr'><strong>ct</strong></span> <span class='ocrx_word' id='word_1_130' title='bbox 2973 622 3017 676; x_wconf 91' lang='lat' dir='ltr'><strong>si</strong></span> <span class='ocrx_word' id='word_1_131' title='bbox 3048 634 3270 676; x_wconf 85' lang='lat' dir='ltr'><strong>necesse</strong></span> <span class='ocrx_word' id='word_1_132' title='bbox 3293 617 3453 674; x_wconf 90' lang='lat' dir='ltr'><strong>fuerit</strong></span> <span class='ocrx_word' id='word_1_133' title='bbox 3484 629 3705 691; x_wconf 86' lang='lat' dir='ltr'><strong>propter</strong></span> <span class='ocrx_word' id='word_1_134' title='bbox 3753 635 3867 675; x_wconf 87' lang='lat' dir='ltr'><strong>ma-</strong></span> 
     </span>
    </p>
   </div>
   <div class='ocr_carea' id='block_1_21' title="bbox 2279 709 3869 785">
    <p class='ocr_par' dir='ltr' id='par_1_21' title="bbox 2279 709 3869 785">
     <span class='ocr_line' id='line_1_21' title="bbox 2279 709 3869 785; baseline 0 -18"><span class='ocrx_word' id='word_1_135' title='bbox 2279 714 2394 785; x_wconf 88' lang='lat' dir='ltr'><strong>jora</strong></span> <span class='ocrx_word' id='word_1_136' title='bbox 2448 714 2760 783; x_wconf 87' lang='lat' dir='ltr'><strong>Evangelia,</strong></span> <span class='ocrx_word' id='word_1_137' title='bbox 2795 712 3002 766; x_wconf 86' lang='lat' dir='ltr'><strong>duobus</strong></span> <span class='ocrx_word' id='word_1_138' title='bbox 3034 709 3296 780; x_wconf 85' lang='lat' dir='ltr'><strong>acolytbis</strong></span> <span class='ocrx_word' id='word_1_139' title='bbox 3326 724 3490 780; x_wconf 80' lang='lat' dir='ltr'><strong>super</strong></span> <span class='ocrx_word' id='word_1_140' title='bbox 3519 713 3766 779; x_wconf 78' lang='lat' dir='ltr'><strong>planetas</strong></span> <span class='ocrx_word' id='word_1_141' title='bbox 3793 722 3869 767; x_wconf 87' lang='lat' dir='ltr'><strong>te-</strong></span> 
     </span>
    </p>
   </div>
   <div class='ocr_carea' id='block_1_22' title="bbox 2286 802 3868 874">
    <p class='ocr_par' dir='ltr' id='par_1_22' title="bbox 2286 802 3868 874">
     <span class='ocr_line' id='line_1_22' title="bbox 2286 802 3868 874; baseline -0.002 -14"><span class='ocrx_word' id='word_1_142' title='bbox 2286 805 2539 860; x_wconf 86' lang='lat' dir='ltr'><strong>nentibus</strong></span> <span class='ocrx_word' id='word_1_143' title='bbox 2588 817 2740 874; x_wconf 86' lang='lat' dir='ltr'><strong>paat</strong></span> <span class='ocrx_word' id='word_1_144' title='bbox 2790 803 3163 873; x_wconf 79' lang='lat' dir='ltr'><strong>Evangelium.</strong></span> <span class='ocrx_word' id='word_1_145' title='bbox 3218 802 3337 867; x_wconf 86' lang='lat' dir='ltr'><strong>Quo</strong></span> <span class='ocrx_word' id='word_1_146' title='bbox 3389 803 3551 868; x_wconf 79' lang='lat' dir='ltr'><strong>facto,</strong></span> <span class='ocrx_word' id='word_1_147' title='bbox 3583 802 3868 874; x_wconf 79' lang='lat' dir='ltr'><strong>acolythus</strong></span> 
     </span>
    </p>
   </div>
   <div class='ocr_carea' id='block_1_23' title="bbox 2285 894 3867 967">
    <p class='ocr_par' dir='ltr' id='par_1_23' title="bbox 2285 894 3867 967">
     <span class='ocr_line' id='line_1_23' title="bbox 2285 894 3867 967; baseline -0.003 -14"><span class='ocrx_word' id='word_1_148' title='bbox 2285 897 2633 967; x_wconf 80' lang='lat' dir='ltr'><strong>Evattgelium</strong></span> <span class='ocrx_word' id='word_1_149' title='bbox 2667 912 2837 966; x_wconf 83' lang='lat' dir='ltr'><strong>usque</strong></span> <span class='ocrx_word' id='word_1_150' title='bbox 2860 905 2984 950; x_wconf 87' lang='lat' dir='ltr'><strong>ante</strong></span> <span class='ocrx_word' id='word_1_151' title='bbox 3004 895 3174 950; x_wconf 89' lang='lat' dir='ltr'><strong>altare</strong></span> <span class='ocrx_word' id='word_1_152' title='bbox 3197 895 3249 948; x_wconf 89' lang='lat' dir='ltr'><strong>itt</strong></span> <span class='ocrx_word' id='word_1_153' title='bbox 3274 894 3694 966; x_wconf 84' lang='lat' dir='ltr'><strong>pre-byterium,</strong></span> <span class='ocrx_word' id='word_1_154' title='bbox 3730 910 3867 965; x_wconf 76' lang='lat' dir='ltr'><strong>pra:-</strong></span> 
     </span>
    </p>
   </div>
   <div class='ocr_carea' id='block_1_24' title="bbox 2280 984 3867 1056">
    <p class='ocr_par' dir='ltr' id='par_1_24' title="bbox 2280 984 3867 1056">
     <span class='ocr_line' id='line_1_24' title="bbox 2280 984 3867 1056; baseline -0.003 -11"><span class='ocrx_word' id='word_1_155' title='bbox 2280 988 2510 1045; x_wconf 88' lang='lat' dir='ltr'><strong>cedente</strong></span> <span class='ocrx_word' id='word_1_156' title='bbox 2550 1004 2671 1044; x_wconf 89' lang='lat' dir='ltr'><strong>eum</strong></span> <span class='ocrx_word' id='word_1_157' title='bbox 2705 988 3034 1042; x_wconf 79' lang='lat' dir='ltr'><strong>subdiacono</strong></span> <span class='ocrx_word' id='word_1_158' title='bbox 3059 995 3334 1054; x_wconf 85' lang='lat' dir='ltr'><strong>sequente,</strong></span> <span class='ocrx_word' id='word_1_159' title='bbox 3366 988 3456 1055; x_wconf 88' lang='lat' dir='ltr'><strong>qui</strong></span> <span class='ocrx_word' id='word_1_160' title='bbox 3480 1001 3603 1041; x_wconf 94' lang='lat' dir='ltr'><strong>eum</strong></span> <span class='ocrx_word' id='word_1_161' title='bbox 3632 984 3867 1056; x_wconf 79' lang='lat' dir='ltr'><strong>desuper</strong></span> 
     </span>
    </p>
   </div>
   <div class='ocr_carea' id='block_1_25' title="bbox 2288 1078 3869 1151">
    <p class='ocr_par' dir='ltr' id='par_1_25' title="bbox 2288 1078 3869 1151">
     <span class='ocr_line' id='line_1_25' title="bbox 2288 1078 3869 1151; baseline 0 -16"><span class='ocrx_word' id='word_1_162' title='bbox 2288 1080 2557 1151; x_wconf 76' lang='lat' dir='ltr'><strong>planctum</strong></span> <span class='ocrx_word' id='word_1_163' title='bbox 2584 1081 2732 1136; x_wconf 91' lang='lat' dir='ltr'><strong>illius</strong></span> <span class='ocrx_word' id='word_1_164' title='bbox 2761 1078 3077 1148; x_wconf 83' lang='lat' dir='ltr'><strong>suscipiens,</strong></span> <span class='ocrx_word' id='word_1_165' title='bbox 3128 1079 3371 1133; x_wconf 86' lang='lat' dir='ltr'><strong>manibus</strong></span> <span class='ocrx_word' id='word_1_166' title='bbox 3414 1080 3525 1133; x_wconf 86' lang='lat' dir='ltr'><strong>suis</strong></span> <span class='ocrx_word' id='word_1_167' title='bbox 3570 1078 3869 1135; x_wconf 85' lang='lat' dir='ltr'><strong>honoriﬁce</strong></span> 
     </span>
    </p>
   </div>
   <div class='ocr_carea' id='block_1_26' title="bbox 2280 1168 3867 1240">
    <p class='ocr_par' dir='ltr' id='par_1_26' title="bbox 2280 1168 3867 1240">
     <span class='ocr_line' id='line_1_26' title="bbox 2280 1168 3867 1240; baseline 0.001 -15"><span class='ocrx_word' id='word_1_168' title='bbox 2280 1182 2444 1240; x_wconf 80' lang='lat' dir='ltr'><strong>super</strong></span> <span class='ocrx_word' id='word_1_169' title='bbox 2468 1170 2639 1226; x_wconf 87' lang='lat' dir='ltr'><strong>altare</strong></span> <span class='ocrx_word' id='word_1_170' title='bbox 2662 1178 2844 1240; x_wconf 86' lang='lat' dir='ltr'><strong>ponat.</strong></span> <span class='ocrx_word' id='word_1_171' title='bbox 2875 1168 3009 1223; x_wconf 83' lang='lat' dir='ltr'><strong>Nam</strong></span> <span class='ocrx_word' id='word_1_172' title='bbox 3036 1168 3433 1238; x_wconf 79' lang='lat' dir='ltr'><strong>egredientibus</strong></span> <span class='ocrx_word' id='word_1_173' title='bbox 3456 1168 3780 1225; x_wconf 86' lang='lat' dir='ltr'><strong>diaconibus</strong></span> <span class='ocrx_word' id='word_1_174' title='bbox 3799 1170 3867 1226; x_wconf 88' lang='lat' dir='ltr'><strong>de</strong></span> 
     </span>
    </p>
   </div>
   <div class='ocr_carea' id='block_1_27' title="bbox 2280 1258 3866 1328">
    <p class='ocr_par' dir='ltr' id='par_1_27' title="bbox 2280 1258 3866 1328">
     <span class='ocr_line' id='line_1_27' title="bbox 2280 1258 3866 1328; baseline -0.001 -13"><span class='ocrx_word' id='word_1_175' title='bbox 2280 1262 2592 1327; x_wconf 49' lang='lat' dir='ltr'><strong>secretario,</strong></span> <span class='ocrx_word' id='word_1_176' title='bbox 2626 1271 2899 1316; x_wconf 75' lang='lat' dir='ltr'><strong>remanent</strong></span> <span class='ocrx_word' id='word_1_177' title='bbox 2929 1274 3050 1314; x_wconf 91' lang='lat' dir='ltr'><strong>cum</strong></span> <span class='ocrx_word' id='word_1_178' title='bbox 3094 1258 3342 1325; x_wconf 89' lang='lat' dir='ltr'><strong>pontiﬁce</strong></span> <span class='ocrx_word' id='word_1_179' title='bbox 3384 1259 3747 1328; x_wconf 87' lang='lat' dir='ltr'><strong>primicerius,</strong></span> <span class='ocrx_word' id='word_1_180' title='bbox 3782 1273 3866 1314; x_wconf 87' lang='lat' dir='ltr'><strong>se-</strong></span> 
     </span>
    </p>
   </div>
   <div class='ocr_carea' id='block_1_28' title="bbox 2283 1349 3863 1419">
    <p class='ocr_par' dir='ltr' id='par_1_28' title="bbox 2283 1349 3863 1419">
     <span class='ocr_line' id='line_1_28' title="bbox 2283 1349 3863 1419; baseline -0.003 -12"><span class='ocrx_word' id='word_1_181' title='bbox 2283 1352 2651 1417; x_wconf 87' lang='lat' dir='ltr'><strong>cundicerius,</strong></span> <span class='ocrx_word' id='word_1_182' title='bbox 2686 1350 3021 1419; x_wconf 82' lang='lat' dir='ltr'><strong>primicerius</strong></span> <span class='ocrx_word' id='word_1_183' title='bbox 3041 1349 3409 1412; x_wconf 89' lang='lat' dir='ltr'><strong>defensorum,</strong></span> <span class='ocrx_word' id='word_1_184' title='bbox 3446 1349 3641 1403; x_wconf 87' lang='lat' dir='ltr'><strong>notarii</strong></span> <span class='ocrx_word' id='word_1_185' title='bbox 3690 1349 3863 1418; x_wconf 84' lang='lat' dir='ltr'><strong>regio-</strong></span> 
     </span>
    </p>
   </div>
   <div class='ocr_carea' id='block_1_29' title="bbox 2235 1431 3860 1509">
    <p class='ocr_par' dir='ltr' id='par_1_29' title="bbox 2235 1431 3860 1509">
     <span class='ocr_line' id='line_1_29' title="bbox 2235 1431 3860 1509; baseline -0.002 -13"><span class='ocrx_word' id='word_1_186' title='bbox 2235 1431 2246 1437; x_wconf 73' lang='grc'><strong>’</strong></span> <span class='ocrx_word' id='word_1_187' title='bbox 2286 1442 2444 1508; x_wconf 84' lang='lat' dir='ltr'><strong>uarii,</strong></span> <span class='ocrx_word' id='word_1_188' title='bbox 2502 1453 2556 1498; x_wconf 91' lang='lat' dir='ltr'><strong>et</strong></span> <span class='ocrx_word' id='word_1_189' title='bbox 2600 1442 2957 1496; x_wconf 83' lang='lat' dir='ltr'><strong>subdiaconus</strong></span> <span class='ocrx_word' id='word_1_190' title='bbox 3009 1453 3264 1509; x_wconf 89' lang='lat' dir='ltr'><strong>sequens,</strong></span> <span class='ocrx_word' id='word_1_191' title='bbox 3310 1437 3400 1507; x_wconf 89' lang='lat' dir='ltr'><strong>qui</strong></span> <span class='ocrx_word' id='word_1_192' title='bbox 3447 1445 3599 1492; x_wconf 85' lang='lat' dir='ltr'><strong>tenet</strong></span> <span class='ocrx_word' id='word_1_193' title='bbox 3646 1438 3860 1508; x_wconf 76' lang='lat' dir='ltr'><strong>pallium</strong></span> 
     </span>
    </p>
   </div>
   <div class='ocr_carea' id='block_1_30' title="bbox 2286 1527 3862 1602">
    <p class='ocr_par' dir='ltr' id='par_1_30' title="bbox 2286 1527 3862 1602">
     <span class='ocr_line' id='line_1_30' title="bbox 2286 1527 3862 1602; baseline 0 -16"><span class='ocrx_word' id='word_1_194' title='bbox 2286 1532 2545 1602; x_wconf 90' lang='lat' dir='ltr'><strong>pontiﬁcis</strong></span> <span class='ocrx_word' id='word_1_195' title='bbox 2574 1533 2627 1587; x_wconf 86' lang='lat' dir='ltr'><strong>in</strong></span> <span class='ocrx_word' id='word_1_196' title='bbox 2652 1530 2875 1588; x_wconf 89' lang='lat' dir='ltr'><strong>brachio</strong></span> <span class='ocrx_word' id='word_1_197' title='bbox 2904 1546 3003 1586; x_wconf 87' lang='lat' dir='ltr'><strong>suo</strong></span> <span class='ocrx_word' id='word_1_198' title='bbox 3031 1544 3190 1599; x_wconf 85' lang='lat' dir='ltr'><strong>super</strong></span> <span class='ocrx_word' id='word_1_199' title='bbox 3224 1527 3512 1600; x_wconf 81' lang='lat' dir='ltr'><strong>planetam,</strong></span> <span class='ocrx_word' id='word_1_200' title='bbox 3556 1528 3611 1584; x_wconf 87' lang='lat' dir='ltr'><strong>in</strong></span> <span class='ocrx_word' id='word_1_201' title='bbox 3641 1529 3862 1586; x_wconf 82' lang='lat' dir='ltr'><strong>sinistro</strong></span> 
     </span>
    </p>
   </div>
   <div class='ocr_carea' id='block_1_31' title="bbox 2282 1622 2900 1678">
    <p class='ocr_par' dir='ltr' id='par_1_31' title="bbox 2282 1622 2900 1678">
     <span class='ocr_line' id='line_1_31' title="bbox 2282 1622 2900 1678; baseline -0.003 0"><span class='ocrx_word' id='word_1_202' title='bbox 2282 1624 2496 1678; x_wconf 85' lang='lat' dir='ltr'><strong>brachio</strong></span> <span class='ocrx_word' id='word_1_203' title='bbox 2524 1638 2644 1677; x_wconf 90' lang='lat' dir='ltr'><strong>cum</strong></span> <span class='ocrx_word' id='word_1_204' title='bbox 2677 1622 2900 1677; x_wconf 89' lang='lat' dir='ltr'><strong>acubus.</strong></span> 
     </span>
    </p>
   </div>
   <div class='ocr_carea' id='block_1_32' title="bbox 2348 1714 3865 1785">
    <p class='ocr_par' dir='ltr' id='par_1_32' title="bbox 2348 1714 3865 1785">
     <span class='ocr_line' id='line_1_32' title="bbox 2348 1714 3865 1785; baseline -0.001 -12"><span class='ocrx_word' id='word_1_205' title='bbox 2348 1716 2405 1773; x_wconf 87' lang='lat'><strong>6.</strong></span> <span class='ocrx_word' id='word_1_206' title='bbox 2422 1717 2567 1771; x_wconf 82' lang='grc' dir='ltr'><strong>Ρυηιέ</strong></span> <span class='ocrx_word' id='word_1_207' title='bbox 2578 1715 2654 1770; x_wconf 66' lang='grc' dir='ltr'><strong>[εκ</strong></span> <span class='ocrx_word' id='word_1_208' title='bbox 2673 1725 2846 1770; x_wconf 88' lang='lat' dir='ltr'><strong>autem</strong></span> <span class='ocrx_word' id='word_1_209' title='bbox 2862 1730 2956 1785; x_wconf 88' lang='lat' dir='ltr'><strong>per</strong></span> <span class='ocrx_word' id='word_1_210' title='bbox 2969 1728 3157 1769; x_wconf 88' lang='lat' dir='ltr'><strong>manus</strong></span> <span class='ocrx_word' id='word_1_211' title='bbox 3171 1714 3609 1771; x_wconf 57' lang='lat' dir='ltr'><strong>subdiaconorum</strong></span> <span class='ocrx_word' id='word_1_212' title='bbox 3624 1717 3865 1785; x_wconf 74' lang='lat' dir='ltr'><strong>regiona-</strong></span> 
     </span>
    </p>
   </div>
   <div class='ocr_carea' id='block_1_33' title="bbox 602 1802 3861 1882">
    <p class='ocr_par' dir='ltr' id='par_1_33' title="bbox 602 1802 3861 1882">
     <span class='ocr_line' id='line_1_33' title="bbox 602 1802 3861 1882; baseline 0.002 -24"><span class='ocrx_word' id='word_1_213' title='bbox 602 1809 766 1871; x_wconf 76' lang='lat' dir='ltr'><strong>siam,</strong></span> <span class='ocrx_word' id='word_1_214' title='bbox 817 1804 907 1859; x_wconf 86' lang='lat' dir='ltr'><strong>ubi</strong></span> <span class='ocrx_word' id='word_1_215' title='bbox 955 1804 1115 1859; x_wconf 86' lang='lat' dir='ltr'><strong>statio</strong></span> <span class='ocrx_word' id='word_1_216' title='bbox 1159 1812 1312 1859; x_wconf 82' lang='lat' dir='ltr'><strong>antea</strong></span> <span class='ocrx_word' id='word_1_217' title='bbox 1356 1802 1513 1858; x_wconf 89' lang='lat' dir='ltr'><strong>fuerit</strong></span> <span class='ocrx_word' id='word_1_218' title='bbox 1560 1804 1891 1871; x_wconf 89' lang='lat' dir='ltr'><strong>denuntiata,</strong></span> <span class='ocrx_word' id='word_1_219' title='bbox 1939 1807 2175 1876; x_wconf 77' lang='lat' dir='ltr'><strong>exceptis</strong></span> <span class='ocrx_word' id='word_1_220' title='bbox 2208 1804 2254 1865; x_wconf 88' lang='lat' dir='ltr'><strong>B</strong></span> <span class='ocrx_word' id='word_1_221' title='bbox 2284 1810 2483 1865; x_wconf 89' lang='lat' dir='ltr'><strong>riorum</strong></span> <span class='ocrx_word' id='word_1_222' title='bbox 2509 1818 2675 1865; x_wconf 85' lang='lat' dir='ltr'><strong>mutat</strong></span> <span class='ocrx_word' id='word_1_223' title='bbox 2701 1811 3013 1882; x_wconf 86' lang='lat' dir='ltr'><strong>vestimenta</strong></span> <span class='ocrx_word' id='word_1_224' title='bbox 3035 1821 3127 1861; x_wconf 90' lang='lat' dir='ltr'><strong>sua</strong></span> <span class='ocrx_word' id='word_1_225' title='bbox 3148 1807 3255 1878; x_wconf 77' lang='lat' dir='ltr'><strong>[AL</strong></span> <span class='ocrx_word' id='word_1_226' title='bbox 3275 1808 3560 1879; x_wconf 83' lang='lat' dir='ltr'><strong>solemnia]</strong></span> <span class='ocrx_word' id='word_1_227' title='bbox 3592 1810 3692 1864; x_wconf 90' lang='lat' dir='ltr'><strong>hoc</strong></span> <span class='ocrx_word' id='word_1_228' title='bbox 3721 1811 3861 1865; x_wconf 84' lang='lat' dir='ltr'><strong>ordi-</strong></span> 
     </span>
    </p>
   </div>
   <div class='ocr_carea' id='block_1_34' title="bbox 605 1895 2176 1967">
    <p class='ocr_par' dir='ltr' id='par_1_34' title="bbox 605 1895 2176 1967">
     <span class='ocr_line' id='line_1_34' title="bbox 605 1895 2176 1967; baseline 0.003 -18"><span class='ocrx_word' id='word_1_229' title='bbox 605 1900 687 1951; x_wconf 89' lang='lat' dir='ltr'><strong>his</strong></span> <span class='ocrx_word' id='word_1_230' title='bbox 709 1897 797 1967; x_wconf 92' lang='lat' dir='ltr'><strong>qui</strong></span> <span class='ocrx_word' id='word_1_231' title='bbox 828 1897 881 1951; x_wconf 92' lang='lat' dir='ltr'><strong>in</strong></span> <span class='ocrx_word' id='word_1_232' title='bbox 914 1896 1174 1965; x_wconf 87' lang='lat' dir='ltr'><strong>obsequio</strong></span> <span class='ocrx_word' id='word_1_233' title='bbox 1207 1895 1349 1950; x_wconf 91' lang='lat' dir='ltr'><strong>illius</strong></span> <span class='ocrx_word' id='word_1_234' title='bbox 1376 1895 1722 1962; x_wconf 90' lang='lat' dir='ltr'><strong>comitantur,</strong></span> <span class='ocrx_word' id='word_1_235' title='bbox 1754 1904 1814 1952; x_wconf 92' lang='lat' dir='ltr'><strong>ut</strong></span> <span class='ocrx_word' id='word_1_236' title='bbox 1852 1912 2009 1967; x_wconf 87' lang='lat' dir='ltr'><strong>supra</strong></span> <span class='ocrx_word' id='word_1_237' title='bbox 2041 1898 2176 1954; x_wconf 78' lang='lat' dir='ltr'><strong>dixi-</strong></span> 
     </span>
    </p>
   </div>
   <div class='ocr_carea' id='block_1_35' title="bbox 604 1988 2180 2059">
    <p class='ocr_par' dir='ltr' id='par_1_35' title="bbox 604 1988 2180 2059">
     <span class='ocr_line' id='line_1_35' title="bbox 604 1988 2180 2059; baseline 0 -16"><span class='ocrx_word' id='word_1_238' title='bbox 604 2005 751 2055; x_wconf 87' lang='lat' dir='ltr'><strong>mus;</strong></span> <span class='ocrx_word' id='word_1_239' title='bbox 778 1998 832 2046; x_wconf 90' lang='lat' dir='ltr'><strong>et</strong></span> <span class='ocrx_word' id='word_1_240' title='bbox 852 1996 1226 2058; x_wconf 82' lang='lat' dir='ltr'><strong>exspectantes</strong></span> <span class='ocrx_word' id='word_1_241' title='bbox 1251 1988 1554 2055; x_wconf 88' lang='lat' dir='ltr'><strong>pontiﬁcem</strong></span> <span class='ocrx_word' id='word_1_242' title='bbox 1582 1988 1633 2043; x_wconf 92' lang='lat' dir='ltr'><strong>in</strong></span> <span class='ocrx_word' id='word_1_243' title='bbox 1653 1989 1881 2044; x_wconf 73' lang='lat' dir='ltr'><strong>ecclesia</strong></span> <span class='ocrx_word' id='word_1_244' title='bbox 1910 2005 2032 2044; x_wconf 87' lang='lat' dir='ltr'><strong>cum</strong></span> <span class='ocrx_word' id='word_1_245' title='bbox 2054 2004 2180 2059; x_wconf 89' lang='lat' dir='ltr'><strong>sup-</strong></span> 
     </span>
    </p>
   </div>
   <div class='ocr_carea' id='block_1_36' title="bbox 603 2074 2171 2149">
    <p class='ocr_par' dir='ltr' id='par_1_36' title="bbox 603 2074 2171 2149">
     <span class='ocr_line' id='line_1_36' title="bbox 603 2074 2171 2149; baseline 0.001 -18"><span class='ocrx_word' id='word_1_246' title='bbox 603 2076 951 2146; x_wconf 86' lang='lat' dir='ltr'><strong>pletuetttari&#39;o</strong></span> <span class='ocrx_word' id='word_1_247' title='bbox 978 2084 1031 2131; x_wconf 91' lang='lat' dir='ltr'><strong>et</strong></span> <span class='ocrx_word' id='word_1_248' title='bbox 1058 2075 1271 2145; x_wconf 89' lang='lat' dir='ltr'><strong>bajulis,</strong></span> <span class='ocrx_word' id='word_1_249' title='bbox 1294 2083 1351 2130; x_wconf 91' lang='lat' dir='ltr'><strong>et</strong></span> <span class='ocrx_word' id='word_1_250' title='bbox 1375 2074 1595 2144; x_wconf 86' lang='lat' dir='ltr'><strong>reliquis</strong></span> <span class='ocrx_word' id='word_1_251' title='bbox 1616 2078 1705 2147; x_wconf 91' lang='lat' dir='ltr'><strong>qui</strong></span> <span class='ocrx_word' id='word_1_252' title='bbox 1728 2091 1917 2134; x_wconf 83' lang='lat' dir='ltr'><strong>cruces</strong></span> <span class='ocrx_word' id='word_1_253' title='bbox 1940 2088 2171 2149; x_wconf 91' lang='lat' dir='ltr'><strong>portant,</strong></span> 
     </span>
    </p>
   </div>
   <div class='ocr_carea' id='block_1_37' title="bbox 606 2166 2177 2240">
    <p class='ocr_par' dir='ltr' id='par_1_37' title="bbox 606 2166 2177 2240">
     <span class='ocr_line' id='line_1_37' title="bbox 606 2166 2177 2240; baseline 0.001 -16"><span class='ocrx_word' id='word_1_254' title='bbox 606 2169 855 2224; x_wconf 84' lang='lat' dir='ltr'><strong>sedentes</strong></span> <span class='ocrx_word' id='word_1_255' title='bbox 905 2168 959 2222; x_wconf 92' lang='lat' dir='ltr'><strong>in</strong></span> <span class='ocrx_word' id='word_1_256' title='bbox 999 2166 1368 2239; x_wconf 78' lang='lat' dir='ltr'><strong>presbyterio;</strong></span> <span class='ocrx_word' id='word_1_257' title='bbox 1411 2169 1644 2239; x_wconf 89' lang='lat' dir='ltr'><strong>episcopi</strong></span> <span class='ocrx_word' id='word_1_258' title='bbox 1687 2169 1902 2240; x_wconf 91' lang='lat' dir='ltr'><strong>quidem</strong></span> <span class='ocrx_word' id='word_1_259' title='bbox 1934 2170 2002 2225; x_wconf 89' lang='lat' dir='ltr'><strong>ad</strong></span> <span class='ocrx_word' id='word_1_260' title='bbox 2043 2172 2177 2226; x_wconf 88' lang='lat' dir='ltr'><strong>sini-</strong></span> 
     </span>
    </p>
   </div>
   <div class='ocr_carea' id='block_1_38' title="bbox 598 2258 2180 2330">
    <p class='ocr_par' dir='ltr' id='par_1_38' title="bbox 598 2258 2180 2330">
     <span class='ocr_line' id='line_1_38' title="bbox 598 2258 2180 2330; baseline 0 -14"><span class='ocrx_word' id='word_1_261' title='bbox 598 2272 767 2316; x_wconf 87' lang='lat' dir='ltr'><strong>stram</strong></span> <span class='ocrx_word' id='word_1_262' title='bbox 815 2258 1152 2325; x_wconf 86' lang='lat' dir='ltr'><strong>intrantium,</strong></span> <span class='ocrx_word' id='word_1_263' title='bbox 1180 2258 1479 2330; x_wconf 86' lang='lat' dir='ltr'><strong>presbyteri</strong></span> <span class='ocrx_word' id='word_1_264' title='bbox 1522 2274 1658 2315; x_wconf 88' lang='lat' dir='ltr'><strong>vero</strong></span> <span class='ocrx_word' id='word_1_265' title='bbox 1705 2259 1773 2316; x_wconf 91' lang='lat' dir='ltr'><strong>ad</strong></span> <span class='ocrx_word' id='word_1_266' title='bbox 1818 2258 2083 2325; x_wconf 78' lang='lat' dir='ltr'><strong>dextram,</strong></span> <span class='ocrx_word' id='word_1_267' title='bbox 2124 2273 2180 2316; x_wconf 88' lang='lat' dir='ltr'><strong>ut</strong></span> 
     </span>
    </p>
   </div>
   <div class='ocr_carea' id='block_1_39' title="bbox 596 2348 2180 2421">
    <p class='ocr_par' dir='ltr' id='par_1_39' title="bbox 596 2348 2180 2421">
     <span class='ocr_line' id='line_1_39' title="bbox 596 2348 2180 2421; baseline 0.001 -17"><span class='ocrx_word' id='word_1_268' title='bbox 596 2351 814 2421; x_wconf 72' lang='lat' dir='ltr'><strong>quando</strong></span> <span class='ocrx_word' id='word_1_269' title='bbox 838 2348 1069 2405; x_wconf 83' lang='lat' dir='ltr'><strong>nontif--x</strong></span> <span class='ocrx_word' id='word_1_270' title='bbox 1092 2350 1313 2416; x_wconf 88' lang='lat' dir='ltr'><strong>sederit,</strong></span> <span class='ocrx_word' id='word_1_271' title='bbox 1338 2350 1403 2404; x_wconf 90' lang='lat' dir='ltr'><strong>ad</strong></span> <span class='ocrx_word' id='word_1_272' title='bbox 1434 2363 1528 2405; x_wconf 92' lang='lat' dir='ltr'><strong>eos</strong></span> <span class='ocrx_word' id='word_1_273' title='bbox 1552 2350 1867 2420; x_wconf 87' lang='lat' dir='ltr'><strong>respiciens,</strong></span> <span class='ocrx_word' id='word_1_274' title='bbox 1899 2352 2180 2421; x_wconf 89' lang='lat' dir='ltr'><strong>episcopos</strong></span> 
     </span>
    </p>
   </div>
   <div class='ocr_carea' id='block_1_40' title="bbox 599 2437 2183 2507">
    <p class='ocr_par' dir='ltr' id='par_1_40' title="bbox 599 2437 2183 2507">
     <span class='ocr_line' id='line_1_40' title="bbox 599 2437 2183 2507; baseline 0 -14"><span class='ocrx_word' id='word_1_275' title='bbox 599 2440 670 2494; x_wconf 80' lang='lat' dir='ltr'><strong>ad</strong></span> <span class='ocrx_word' id='word_1_276' title='bbox 713 2441 952 2495; x_wconf 81' lang='lat' dir='ltr'><strong>dextram</strong></span> <span class='ocrx_word' id='word_1_277' title='bbox 983 2439 1087 2502; x_wconf 86' lang='lat' dir='ltr'><strong>sui,</strong></span> <span class='ocrx_word' id='word_1_278' title='bbox 1123 2437 1465 2507; x_wconf 76' lang='lat' dir='ltr'><strong>presbyteros</strong></span> <span class='ocrx_word' id='word_1_279' title='bbox 1504 2451 1632 2493; x_wconf 89' lang='lat' dir='ltr'><strong>vero</strong></span> <span class='ocrx_word' id='word_1_280' title='bbox 1666 2437 1731 2492; x_wconf 89' lang='lat' dir='ltr'><strong>ad</strong></span> <span class='ocrx_word' id='word_1_281' title='bbox 1760 2437 2027 2493; x_wconf 86' lang='lat' dir='ltr'><strong>sinistram</strong></span> <span class='ocrx_word' id='word_1_282' title='bbox 2055 2453 2183 2494; x_wconf 86' lang='lat' dir='ltr'><strong>eon-</strong></span> 
     </span>
    </p>
   </div>
   <div class='ocr_carea' id='block_1_41' title="bbox 607 2527 2183 2599">
    <p class='ocr_par' dir='ltr' id='par_1_41' title="bbox 607 2527 2183 2599">
     <span class='ocr_line' id='line_1_41' title="bbox 607 2527 2183 2599; baseline 0.001 -16"><span class='ocrx_word' id='word_1_283' title='bbox 607 2539 839 2586; x_wconf 87' lang='lat' dir='ltr'><strong>tueatur.</strong></span> <span class='ocrx_word' id='word_1_284' title='bbox 871 2529 975 2584; x_wconf 86' lang='lat' dir='ltr'><strong>Sed</strong></span> <span class='ocrx_word' id='word_1_285' title='bbox 1017 2529 1142 2584; x_wconf 88' lang='lat' dir='ltr'><strong>dum</strong></span> <span class='ocrx_word' id='word_1_286' title='bbox 1174 2529 1382 2583; x_wconf 84' lang='lat' dir='ltr'><strong>venerit</strong></span> <span class='ocrx_word' id='word_1_287' title='bbox 1407 2528 1463 2599; x_wconf 75' lang='lat'><strong>6</strong></span> <span class='ocrx_word' id='word_1_288' title='bbox 1504 2527 1747 2598; x_wconf 79' lang='lat' dir='ltr'><strong>pontifex</strong></span> <span class='ocrx_word' id='word_1_289' title='bbox 1797 2543 1961 2598; x_wconf 81' lang='lat' dir='ltr'><strong>prope</strong></span> <span class='ocrx_word' id='word_1_290' title='bbox 2012 2530 2183 2585; x_wconf 86' lang='lat' dir='ltr'><strong>eccle-</strong></span> 
     </span>
    </p>
   </div>
   <div class='ocr_carea' id='block_1_42' title="bbox 602 2619 2185 2692">
    <p class='ocr_par' dir='ltr' id='par_1_42' title="bbox 602 2619 2185 2692">
     <span class='ocr_line' id='line_1_42' title="bbox 602 2619 2185 2692; baseline 0.001 -15"><span class='ocrx_word' id='word_1_291' title='bbox 602 2626 763 2687; x_wconf 75' lang='lat' dir='ltr'><strong>siam,</strong></span> <span class='ocrx_word' id='word_1_292' title='bbox 829 2630 1086 2677; x_wconf 69' lang='lat' dir='ltr'><strong>exi-untes</strong></span> <span class='ocrx_word' id='word_1_293' title='bbox 1139 2619 1371 2692; x_wconf 84' lang='lat' dir='ltr'><strong>acolythi</strong></span> <span class='ocrx_word' id='word_1_294' title='bbox 1402 2631 1454 2676; x_wconf 92' lang='lat' dir='ltr'><strong>et</strong></span> <span class='ocrx_word' id='word_1_295' title='bbox 1495 2620 1803 2676; x_wconf 77' lang='lat' dir='ltr'><strong>defensores</strong></span> <span class='ocrx_word' id='word_1_296' title='bbox 1850 2636 1920 2678; x_wconf 77' lang='lat' dir='ltr'><strong>ex</strong></span> <span class='ocrx_word' id='word_1_297' title='bbox 1967 2622 2185 2692; x_wconf 82' lang='lat' dir='ltr'><strong>regione</strong></span> 
     </span>
    </p>
   </div>
   <div class='ocr_carea' id='block_1_43' title="bbox 610 2708 2184 2783">
    <p class='ocr_par' dir='ltr' id='par_1_43' title="bbox 610 2708 2184 2783">
     <span class='ocr_line' id='line_1_43' title="bbox 610 2708 2184 2783; baseline -0.001 -14"><span class='ocrx_word' id='word_1_298' title='bbox 610 2715 697 2769; x_wconf 91' lang='lat' dir='ltr'><strong>illa</strong></span> <span class='ocrx_word' id='word_1_299' title='bbox 725 2712 879 2783; x_wconf 87' lang='lat' dir='ltr'><strong>cujus</strong></span> <span class='ocrx_word' id='word_1_300' title='bbox 906 2712 1019 2766; x_wconf 87' lang='lat' dir='ltr'><strong>dies</strong></span> <span class='ocrx_word' id='word_1_301' title='bbox 1042 2712 1107 2766; x_wconf 90' lang='lat' dir='ltr'><strong>ad</strong></span> <span class='ocrx_word' id='word_1_302' title='bbox 1131 2711 1365 2766; x_wconf 88' lang='lat' dir='ltr'><strong>ofﬁciunt</strong></span> <span class='ocrx_word' id='word_1_303' title='bbox 1404 2711 1579 2779; x_wconf 90' lang='lat' dir='ltr'><strong>fuerit,</strong></span> <span class='ocrx_word' id='word_1_304' title='bbox 1610 2711 1663 2766; x_wconf 88' lang='lat' dir='ltr'><strong>in</strong></span> <span class='ocrx_word' id='word_1_305' title='bbox 1692 2708 1946 2783; x_wconf 78' lang='lat' dir='ltr'><strong>obsequio</strong></span> <span class='ocrx_word' id='word_1_306' title='bbox 1972 2721 2184 2782; x_wconf 65' lang='lat' dir='ltr'><strong>praesto-</strong></span> 
     </span>
    </p>
   </div>
   <div class='ocr_carea' id='block_1_44' title="bbox 608 2803 2185 2875">
    <p class='ocr_par' dir='ltr' id='par_1_44' title="bbox 608 2803 2185 2875">
     <span class='ocr_line' id='line_1_44' title="bbox 608 2803 2185 2875; baseline 0.001 -16"><span class='ocrx_word' id='word_1_307' title='bbox 608 2806 785 2859; x_wconf 74' lang='lat' dir='ltr'><strong>lantur</strong></span> <span class='ocrx_word' id='word_1_308' title='bbox 810 2818 930 2859; x_wconf 90' lang='lat' dir='ltr'><strong>eum</strong></span> <span class='ocrx_word' id='word_1_309' title='bbox 955 2803 1074 2859; x_wconf 87' lang='lat' dir='ltr'><strong>loco</strong></span> <span class='ocrx_word' id='word_1_310' title='bbox 1092 2812 1313 2871; x_wconf 75' lang='lat' dir='ltr'><strong>statuto,</strong></span> <span class='ocrx_word' id='word_1_311' title='bbox 1343 2813 1625 2875; x_wconf 87' lang='lat' dir='ltr'><strong>antequam</strong></span> <span class='ocrx_word' id='word_1_312' title='bbox 1650 2805 1827 2860; x_wconf 86' lang='lat' dir='ltr'><strong>veniat</strong></span> <span class='ocrx_word' id='word_1_313' title='bbox 1848 2805 1931 2860; x_wconf 89' lang='lat' dir='ltr'><strong>ubi</strong></span> <span class='ocrx_word' id='word_1_314' title='bbox 1962 2807 2185 2862; x_wconf 84' lang='lat' dir='ltr'><strong>descen-</strong></span> 
     </span>
    </p>
   </div>
   <div class='ocr_carea' id='block_1_45' title="bbox 604 2897 2184 2969">
    <p class='ocr_par' dir='ltr' id='par_1_45' title="bbox 604 2897 2184 2969">
     <span class='ocr_line' id='line_1_45' title="bbox 604 2897 2184 2969; baseline -0.001 -13"><span class='ocrx_word' id='word_1_315' title='bbox 604 2913 766 2957; x_wconf 86' lang='lat' dir='ltr'><strong>surus</strong></span> <span class='ocrx_word' id='word_1_316' title='bbox 820 2909 931 2964; x_wconf 87' lang='lat' dir='ltr'><strong>est;</strong></span> <span class='ocrx_word' id='word_1_317' title='bbox 963 2897 1213 2953; x_wconf 89' lang='lat' dir='ltr'><strong>similiter</strong></span> <span class='ocrx_word' id='word_1_318' title='bbox 1255 2907 1310 2953; x_wconf 91' lang='lat' dir='ltr'><strong>et</strong></span> <span class='ocrx_word' id='word_1_319' title='bbox 1340 2898 1618 2969; x_wconf 87' lang='lat' dir='ltr'><strong>presbyter</strong></span> <span class='ocrx_word' id='word_1_320' title='bbox 1655 2899 1797 2955; x_wconf 89' lang='lat' dir='ltr'><strong>tituli</strong></span> <span class='ocrx_word' id='word_1_321' title='bbox 1834 2900 1919 2955; x_wconf 89' lang='lat' dir='ltr'><strong>vel</strong></span> <span class='ocrx_word' id='word_1_322' title='bbox 1941 2900 2184 2955; x_wconf 58' lang='lat' dir='ltr'><strong>ecclesiae</strong></span> 
     </span>
    </p>
   </div>
   <div class='ocr_carea' id='block_1_46' title="bbox 611 2987 2183 3057">
    <p class='ocr_par' dir='ltr' id='par_1_46' title="bbox 611 2987 2183 3057">
     <span class='ocr_line' id='line_1_46' title="bbox 611 2987 2183 3057; baseline -0.001 -13"><span class='ocrx_word' id='word_1_323' title='bbox 611 2989 703 3045; x_wconf 90' lang='lat' dir='ltr'><strong>ubi</strong></span> <span class='ocrx_word' id='word_1_324' title='bbox 731 2989 890 3044; x_wconf 89' lang='lat' dir='ltr'><strong>statio</strong></span> <span class='ocrx_word' id='word_1_325' title='bbox 913 2988 1092 3053; x_wconf 90' lang='lat' dir='ltr'><strong>fuerit,</strong></span> <span class='ocrx_word' id='word_1_326' title='bbox 1121 3001 1225 3042; x_wconf 88' lang='lat' dir='ltr'><strong>una</strong></span> <span class='ocrx_word' id='word_1_327' title='bbox 1258 3001 1379 3043; x_wconf 87' lang='lat' dir='ltr'><strong>cum</strong></span> <span class='ocrx_word' id='word_1_328' title='bbox 1410 2987 1706 3057; x_wconf 87' lang='lat' dir='ltr'><strong>majoribus</strong></span> <span class='ocrx_word' id='word_1_329' title='bbox 1732 2994 1919 3049; x_wconf 83' lang='lat' dir='ltr'><strong>domus</strong></span> <span class='ocrx_word' id='word_1_330' title='bbox 1941 2989 2183 3045; x_wconf 74' lang='lat' dir='ltr'><strong>ecclesize</strong></span> 
     </span>
    </p>
   </div>
   <div class='ocr_carea' id='block_1_47' title="bbox 609 3074 2181 3146">
    <p class='ocr_par' dir='ltr' id='par_1_47' title="bbox 609 3074 2181 3146">
     <span class='ocr_line' id='line_1_47' title="bbox 609 3074 2181 3146; baseline 0.002 -14"><span class='ocrx_word' id='word_1_331' title='bbox 609 3077 866 3132; x_wconf 63' lang='lat' dir='ltr'><strong>Romam».</strong></span> <span class='ocrx_word' id='word_1_332' title='bbox 896 3076 974 3131; x_wconf 85' lang='lat' dir='ltr'><strong>vel</strong></span> <span class='ocrx_word' id='word_1_333' title='bbox 1022 3074 1180 3131; x_wconf 84' lang='lat' dir='ltr'><strong>Patre</strong></span> <span class='ocrx_word' id='word_1_334' title='bbox 1205 3074 1465 3130; x_wconf 75' lang='lat' dir='ltr'><strong>diaconia:</strong></span> <span class='ocrx_word' id='word_1_335' title='bbox 1508 3076 1579 3146; x_wconf 90' lang='lat' dir='ltr'><strong>(si</strong></span> <span class='ocrx_word' id='word_1_336' title='bbox 1622 3084 1802 3132; x_wconf 87' lang='lat' dir='ltr'><strong>tamen</strong></span> <span class='ocrx_word' id='word_1_337' title='bbox 1836 3078 1921 3132; x_wconf 90' lang='lat' dir='ltr'><strong>illa</strong></span> <span class='ocrx_word' id='word_1_338' title='bbox 1952 3079 2181 3135; x_wconf 91' lang='lat' dir='ltr'><strong>ecclesia</strong></span> 
     </span>
    </p>
   </div>
   <div class='ocr_carea' id='block_1_48' title="bbox 2284 1897 3862 1970">
    <p class='ocr_par' dir='ltr' id='par_1_48' title="bbox 2284 1897 3862 1970">
     <span class='ocr_line' id='line_1_48' title="bbox 2284 1897 3862 1970; baseline 0.001 -17"><span class='ocrx_word' id='word_1_339' title='bbox 2284 1915 2366 1954; x_wconf 90' lang='lat' dir='ltr'><strong>ne.</strong></span> <span class='ocrx_word' id='word_1_340' title='bbox 2398 1897 2651 1953; x_wconf 84' lang='lat' dir='ltr'><strong>Defertea</strong></span> <span class='ocrx_word' id='word_1_341' title='bbox 2676 1898 2869 1968; x_wconf 85' lang='lat' dir='ltr'><strong>p&#39;icata</strong></span> <span class='ocrx_word' id='word_1_342' title='bbox 2893 1897 3245 1953; x_wconf 84' lang='lat' dir='ltr'><strong>cubicularius</strong></span> <span class='ocrx_word' id='word_1_343' title='bbox 3268 1906 3862 1970; x_wconf 82' lang='lat' dir='ltr'><strong>lonsoratus,aceeptaa</strong></span> 
     </span>
    </p>
   </div>
   <div class='ocr_carea' id='block_1_49' title="bbox 2283 1989 3864 2062">
    <p class='ocr_par' dir='ltr' id='par_1_49' title="bbox 2283 1989 3864 2062">
     <span class='ocr_line' id='line_1_49' title="bbox 2283 1989 3864 2062; baseline 0.001 -17"><span class='ocrx_word' id='word_1_344' title='bbox 2283 1990 2526 2046; x_wconf 69' lang='lat' dir='ltr'><strong>manibus</strong></span> <span class='ocrx_word' id='word_1_345' title='bbox 2555 1989 2753 2045; x_wconf 86' lang='lat' dir='ltr'><strong>ostiarii</strong></span> <span class='ocrx_word' id='word_1_346' title='bbox 2771 1990 2917 2059; x_wconf 84' lang='lat' dir='ltr'><strong>juxta</strong></span> <span class='ocrx_word' id='word_1_347' title='bbox 2943 1989 3331 2059; x_wconf 86' lang='lat' dir='ltr'><strong>caputscamni.</strong></span> <span class='ocrx_word' id='word_1_348' title='bbox 3347 1989 3673 2045; x_wconf 88' lang='lat' dir='ltr'><strong>Subdiaconi</strong></span> <span class='ocrx_word' id='word_1_349' title='bbox 3697 1993 3864 2062; x_wconf 83' lang='lat' dir='ltr'><strong>regio-</strong></span> 
     </span>
    </p>
   </div>
   <div class='ocr_carea' id='block_1_50' title="bbox 2282 2080 3865 2152">
    <p class='ocr_par' dir='ltr' id='par_1_50' title="bbox 2282 2080 3865 2152">
     <span class='ocr_line' id='line_1_50' title="bbox 2282 2080 3865 2152; baseline -0.002 -12"><span class='ocrx_word' id='word_1_350' title='bbox 2282 2084 2415 2140; x_wconf 89' lang='lat' dir='ltr'><strong>narii</strong></span> <span class='ocrx_word' id='word_1_351' title='bbox 2461 2082 2750 2138; x_wconf 89' lang='lat' dir='ltr'><strong>secundum</strong></span> <span class='ocrx_word' id='word_1_352' title='bbox 2784 2080 3026 2135; x_wconf 89' lang='lat' dir='ltr'><strong>ordinem</strong></span> <span class='ocrx_word' id='word_1_353' title='bbox 3056 2094 3208 2135; x_wconf 90' lang='lat' dir='ltr'><strong>suum</strong></span> <span class='ocrx_word' id='word_1_354' title='bbox 3240 2080 3509 2152; x_wconf 87' lang='lat' dir='ltr'><strong>accipiunt</strong></span> <span class='ocrx_word' id='word_1_355' title='bbox 3538 2080 3605 2136; x_wconf 89' lang='lat' dir='ltr'><strong>ad</strong></span> <span class='ocrx_word' id='word_1_356' title='bbox 3634 2080 3865 2137; x_wconf 89' lang='lat' dir='ltr'><strong>induen-</strong></span> 
     </span>
    </p>
   </div>
   <div class='ocr_carea' id='block_1_51' title="bbox 2283 2170 3864 2246">
    <p class='ocr_par' dir='ltr' id='par_1_51' title="bbox 2283 2170 3864 2246">
     <span class='ocr_line' id='line_1_51' title="bbox 2283 2170 3864 2246; baseline -0.001 -16"><span class='ocrx_word' id='word_1_357' title='bbox 2283 2177 2406 2230; x_wconf 89' lang='lat' dir='ltr'><strong>dum</strong></span> <span class='ocrx_word' id='word_1_358' title='bbox 2435 2174 2739 2246; x_wconf 88' lang='lat' dir='ltr'><strong>pontiﬁcem</strong></span> <span class='ocrx_word' id='word_1_359' title='bbox 2762 2171 2875 2242; x_wconf 88' lang='lat' dir='ltr'><strong>ipsa</strong></span> <span class='ocrx_word' id='word_1_360' title='bbox 2899 2170 3383 2238; x_wconf 86' lang='lat' dir='ltr'><strong>vestimenta,alius</strong></span> <span class='ocrx_word' id='word_1_361' title='bbox 3414 2171 3633 2237; x_wconf 86' lang='lat' dir='ltr'><strong>lineam,</strong></span> <span class='ocrx_word' id='word_1_362' title='bbox 3654 2173 3706 2243; x_wconf 81' lang='grc'><strong>7</strong></span> <span class='ocrx_word' id='word_1_363' title='bbox 3725 2173 3864 2229; x_wconf 80' lang='lat' dir='ltr'><strong>alius</strong></span> 
     </span>
    </p>
   </div>
   <div class='ocr_carea' id='block_1_52' title="bbox 2283 2260 3864 2338">
    <p class='ocr_par' dir='ltr' id='par_1_52' title="bbox 2283 2260 3864 2338">
     <span class='ocr_line' id='line_1_52' title="bbox 2283 2260 3864 2338; baseline -0.003 -17"><span class='ocrx_word' id='word_1_364' title='bbox 2283 2266 2576 2338; x_wconf 81' lang='lat' dir='ltr'><strong>cingulum,</strong></span> <span class='ocrx_word' id='word_1_365' title='bbox 2593 2265 2727 2318; x_wconf 89' lang='lat' dir='ltr'><strong>alius</strong></span> <span class='ocrx_word' id='word_1_366' title='bbox 2755 2262 2779 2300; x_wconf 78' lang='grc' dir='ltr'>ιι</span> <span class='ocrx_word' id='word_1_367' title='bbox 2805 2262 3160 2332; x_wconf 88' lang='lat' dir='ltr'><strong>anagolaium,</strong></span> <span class='ocrx_word' id='word_1_368' title='bbox 3179 2260 3230 2316; x_wconf 88' lang='lat' dir='ltr'><strong>id</strong></span> <span class='ocrx_word' id='word_1_369' title='bbox 3253 2272 3331 2317; x_wconf 89' lang='lat' dir='ltr'><strong>est</strong></span> <span class='ocrx_word' id='word_1_370' title='bbox 3355 2262 3779 2330; x_wconf 82' lang='lat' dir='ltr'><strong>amictum,alius</strong></span> <span class='ocrx_word' id='word_1_371' title='bbox 3803 2264 3864 2317; x_wconf 85' lang='lat' dir='ltr'><strong>li-</strong></span> 
     </span>
    </p>
   </div>
   <div class='ocr_carea' id='block_1_53' title="bbox 2284 2351 3862 2421">
    <p class='ocr_par' dir='ltr' id='par_1_53' title="bbox 2284 2351 3862 2421">
     <span class='ocr_line' id='line_1_53' title="bbox 2284 2351 3862 2421; baseline -0.004 -8"><span class='ocrx_word' id='word_1_372' title='bbox 2284 2373 2435 2413; x_wconf 86' lang='lat' dir='ltr'><strong>neam</strong></span> <span class='ocrx_word' id='word_1_373' title='bbox 2467 2355 2897 2419; x_wconf 62' lang='lat' dir='ltr'><strong>dalmatit,&#39;am,et</strong></span> <span class='ocrx_word' id='word_1_374' title='bbox 2938 2352 3077 2407; x_wconf 88' lang='lat' dir='ltr'><strong>alius</strong></span> <span class='ocrx_word' id='word_1_375' title='bbox 3113 2351 3369 2421; x_wconf 86' lang='lat' dir='ltr'><strong>majorem</strong></span> <span class='ocrx_word' id='word_1_376' title='bbox 3416 2352 3779 2418; x_wconf 85' lang='lat' dir='ltr'><strong>dalmaticam,</strong></span> <span class='ocrx_word' id='word_1_377' title='bbox 3809 2362 3862 2408; x_wconf 90' lang='lat' dir='ltr'><strong>et</strong></span> 
     </span>
    </p>
   </div>
   <div class='ocr_carea' id='block_1_54' title="bbox 2285 2439 3857 2515">
    <p class='ocr_par' dir='ltr' id='par_1_54' title="bbox 2285 2439 3857 2515">
     <span class='ocr_line' id='line_1_54' title="bbox 2285 2439 3857 2515; baseline -0.003 -16"><span class='ocrx_word' id='word_1_378' title='bbox 2285 2447 2420 2500; x_wconf 87' lang='lat' dir='ltr'><strong>alius</strong></span> <span class='ocrx_word' id='word_1_379' title='bbox 2441 2442 2883 2515; x_wconf 82' lang='lat' dir='ltr'><strong>planetam,etsie</strong></span> <span class='ocrx_word' id='word_1_380' title='bbox 2903 2456 3026 2512; x_wconf 79' lang='lat' dir='ltr'><strong>pert</strong></span> <span class='ocrx_word' id='word_1_381' title='bbox 3048 2439 3257 2495; x_wconf 88' lang='lat' dir='ltr'><strong>rdinem</strong></span> <span class='ocrx_word' id='word_1_382' title='bbox 3285 2439 3508 2494; x_wconf 88' lang='lat' dir='ltr'><strong>induunt</strong></span> <span class='ocrx_word' id='word_1_383' title='bbox 3539 2443 3857 2508; x_wconf 76' lang='lat' dir='ltr'><strong>pontificem.</strong></span> 
     </span>
    </p>
   </div>
   <div class='ocr_carea' id='block_1_55' title="bbox 2286 2529 3863 2599">
    <p class='ocr_par' dir='ltr' id='par_1_55' title="bbox 2286 2529 3863 2599">
     <span class='ocr_line' id='line_1_55' title="bbox 2286 2529 3863 2599; baseline -0.006 -9"><span class='ocrx_word' id='word_1_384' title='bbox 2286 2534 2628 2590; x_wconf 85' lang='lat' dir='ltr'><strong>Primicerius</strong></span> <span class='ocrx_word' id='word_1_385' title='bbox 2646 2543 2823 2587; x_wconf 79' lang='lat' dir='ltr'><strong>autem</strong></span> <span class='ocrx_word' id='word_1_386' title='bbox 2846 2541 2901 2587; x_wconf 90' lang='lat' dir='ltr'><strong>et</strong></span> <span class='ocrx_word' id='word_1_387' title='bbox 2929 2529 3325 2585; x_wconf 86' lang='lat' dir='ltr'><strong>secundicerius</strong></span> <span class='ocrx_word' id='word_1_388' title='bbox 3349 2539 3677 2599; x_wconf 87' lang='lat' dir='ltr'><strong>componunt</strong></span> <span class='ocrx_word' id='word_1_389' title='bbox 3703 2531 3863 2584; x_wconf 81' lang='lat' dir='ltr'><strong>vesti-</strong></span> 
     </span>
    </p>
   </div>
   <div class='ocr_carea' id='block_1_56' title="bbox 2287 2616 3864 2692">
    <p class='ocr_par' dir='ltr' id='par_1_56' title="bbox 2287 2616 3864 2692">
     <span class='ocr_line' id='line_1_56' title="bbox 2287 2616 3864 2692; baseline -0.005 -12"><span class='ocrx_word' id='word_1_390' title='bbox 2287 2636 2461 2681; x_wconf 85' lang='lat' dir='ltr'><strong>menta</strong></span> <span class='ocrx_word' id='word_1_391' title='bbox 2475 2626 2611 2692; x_wconf 87' lang='lat' dir='ltr'><strong>ejus,</strong></span> <span class='ocrx_word' id='word_1_392' title='bbox 2628 2632 2681 2677; x_wconf 90' lang='lat' dir='ltr'><strong>ut</strong></span> <span class='ocrx_word' id='word_1_393' title='bbox 2695 2622 2828 2676; x_wconf 90' lang='lat' dir='ltr'><strong>bene</strong></span> <span class='ocrx_word' id='word_1_394' title='bbox 2841 2619 3077 2675; x_wconf 83' lang='lat' dir='ltr'><strong>sedeant.</strong></span> <span class='ocrx_word' id='word_1_395' title='bbox 3094 2616 3390 2674; x_wconf 82' lang='lat' dir='ltr'><strong>Novissime</strong></span> <span class='ocrx_word' id='word_1_396' title='bbox 3403 2626 3766 2686; x_wconf 84' lang='lat' dir='ltr'><strong>autem,quem</strong></span> <span class='ocrx_word' id='word_1_397' title='bbox 3782 2633 3864 2673; x_wconf 80' lang='lat' dir='ltr'><strong>vo.</strong></span> 
     </span>
    </p>
   </div>
   <div class='ocr_carea' id='block_1_57' title="bbox 2291 2708 3858 2784">
    <p class='ocr_par' dir='ltr' id='par_1_57' title="bbox 2291 2708 3858 2784">
     <span class='ocr_line' id='line_1_57' title="bbox 2291 2708 3858 2784; baseline -0.006 -13"><span class='ocrx_word' id='word_1_398' title='bbox 2291 2717 2693 2772; x_wconf 89' lang='lat' dir='ltr'><strong>lueritdomnus</strong></span> <span class='ocrx_word' id='word_1_399' title='bbox 2722 2710 2954 2784; x_wconf 83' lang='lat' dir='ltr'><strong>pontifex</strong></span> <span class='ocrx_word' id='word_1_400' title='bbox 2979 2710 3046 2765; x_wconf 92' lang='lat' dir='ltr'><strong>de</strong></span> <span class='ocrx_word' id='word_1_401' title='bbox 3067 2708 3493 2773; x_wconf 89' lang='lat' dir='ltr'><strong>diaconibus,vel</strong></span> <span class='ocrx_word' id='word_1_402' title='bbox 3517 2708 3858 2762; x_wconf 83' lang='lat' dir='ltr'><strong>subdiaconi-</strong></span> 
     </span>
    </p>
   </div>
   <div class='ocr_carea' id='block_1_58' title="bbox 2286 2800 3863 2875">
    <p class='ocr_par' dir='ltr' id='par_1_58' title="bbox 2286 2800 3863 2875">
     <span class='ocr_line' id='line_1_58' title="bbox 2286 2800 3863 2875; baseline -0.006 -11"><span class='ocrx_word' id='word_1_403' title='bbox 2286 2810 2404 2873; x_wconf 90' lang='lat' dir='ltr'><strong>bus,</strong></span> <span class='ocrx_word' id='word_1_404' title='bbox 2418 2806 2505 2862; x_wconf 92' lang='lat' dir='ltr'><strong>cui</strong></span> <span class='ocrx_word' id='word_1_405' title='bbox 2521 2805 2534 2859; x_wconf 93' lang='lat' dir='ltr'><strong>i</strong></span> <span class='ocrx_word' id='word_1_406' title='bbox 2543 2821 2633 2874; x_wconf 91' lang='lat' dir='ltr'><strong>pse</strong></span> <span class='ocrx_word' id='word_1_407' title='bbox 2641 2804 2879 2875; x_wconf 83' lang='lat' dir='ltr'><strong>jusserit,</strong></span> <span class='ocrx_word' id='word_1_408' title='bbox 2897 2803 3055 2856; x_wconf 88' lang='lat' dir='ltr'><strong>sumit</strong></span> <span class='ocrx_word' id='word_1_409' title='bbox 3067 2800 3134 2857; x_wconf 89' lang='lat' dir='ltr'><strong>de</strong></span> <span class='ocrx_word' id='word_1_410' title='bbox 3147 2814 3304 2854; x_wconf 90' lang='lat' dir='ltr'><strong>manu</strong></span> <span class='ocrx_word' id='word_1_411' title='bbox 3319 2800 3627 2855; x_wconf 81' lang='lat' dir='ltr'><strong>subdiaconi</strong></span> <span class='ocrx_word' id='word_1_412' title='bbox 3644 2815 3863 2869; x_wconf 83' lang='lat' dir='ltr'><strong>sequen-</strong></span> 
     </span>
    </p>
   </div>
   <div class='ocr_carea' id='block_1_59' title="bbox 2289 2892 3861 2971">
    <p class='ocr_par' dir='ltr' id='par_1_59' title="bbox 2289 2892 3861 2971">
     <span class='ocr_line' id='line_1_59' title="bbox 2289 2892 3861 2971; baseline -0.008 -13"><span class='ocrx_word' id='word_1_413' title='bbox 2289 2904 2355 2958; x_wconf 85' lang='lat' dir='ltr'><strong>tis</strong></span> <span class='ocrx_word' id='word_1_414' title='bbox 2381 2901 2617 2971; x_wconf 86' lang='lat' dir='ltr'><strong>pallium,</strong></span> <span class='ocrx_word' id='word_1_415' title='bbox 2635 2895 2878 2953; x_wconf 88' lang='lat' dir='ltr'><strong>etinduit</strong></span> <span class='ocrx_word' id='word_1_416' title='bbox 2903 2908 3062 2962; x_wconf 90' lang='lat' dir='ltr'><strong>super</strong></span> <span class='ocrx_word' id='word_1_417' title='bbox 3089 2892 3413 2964; x_wconf 88' lang='lat' dir='ltr'><strong>pontiﬁcem,</strong></span> <span class='ocrx_word' id='word_1_418' title='bbox 3432 2901 3485 2945; x_wconf 90' lang='lat' dir='ltr'><strong>et</strong></span> <span class='ocrx_word' id='word_1_419' title='bbox 3504 2892 3717 2961; x_wconf 84' lang='lat' dir='ltr'><strong>conﬁgit</strong></span> <span class='ocrx_word' id='word_1_420' title='bbox 3741 2909 3861 2946; x_wconf 87' lang='lat' dir='ltr'><strong>eum</strong></span> 
     </span>
    </p>
   </div>
   <div class='ocr_carea' id='block_1_60' title="bbox 2287 2983 3861 3056">
    <p class='ocr_par' dir='ltr' id='par_1_60' title="bbox 2287 2983 3861 3056">
     <span class='ocr_line' id='line_1_60' title="bbox 2287 2983 3861 3056; baseline -0.007 -8"><span class='ocrx_word' id='word_1_421' title='bbox 2287 3008 2407 3049; x_wconf 92' lang='lat' dir='ltr'><strong>cum</strong></span> <span class='ocrx_word' id='word_1_422' title='bbox 2438 2990 2638 3045; x_wconf 89' lang='lat' dir='ltr'><strong>acubus</strong></span> <span class='ocrx_word' id='word_1_423' title='bbox 2666 2990 2717 3042; x_wconf 91' lang='lat' dir='ltr'><strong>in</strong></span> <span class='ocrx_word' id='word_1_424' title='bbox 2763 2988 2972 3056; x_wconf 90' lang='lat' dir='ltr'><strong>planeta</strong></span> <span class='ocrx_word' id='word_1_425' title='bbox 3008 2993 3154 3039; x_wconf 88' lang='lat' dir='ltr'><strong>retro</strong></span> <span class='ocrx_word' id='word_1_426' title='bbox 3182 2992 3237 3037; x_wconf 91' lang='lat' dir='ltr'><strong>et</strong></span> <span class='ocrx_word' id='word_1_427' title='bbox 3276 2990 3420 3051; x_wconf 84' lang='lat' dir='ltr'><strong>aut-,</strong></span> <span class='ocrx_word' id='word_1_428' title='bbox 3467 2991 3521 3037; x_wconf 90' lang='lat' dir='ltr'><strong>et</strong></span> <span class='ocrx_word' id='word_1_429' title='bbox 3552 2984 3602 3036; x_wconf 91' lang='lat' dir='ltr'><strong>in</strong></span> <span class='ocrx_word' id='word_1_430' title='bbox 3638 2983 3861 3038; x_wconf 85' lang='lat' dir='ltr'><strong>humero</strong></span> 
     </span>
    </p>
   </div>
   <div class='ocr_carea' id='block_1_61' title="bbox 2289 3071 3863 3145">
    <p class='ocr_par' dir='ltr' id='par_1_61' title="bbox 2289 3071 3863 3145">
     <span class='ocr_line' id='line_1_61' title="bbox 2289 3071 3863 3145; baseline -0.007 -7"><span class='ocrx_word' id='word_1_431' title='bbox 2289 3083 2526 3145; x_wconf 85' lang='lat' dir='ltr'><strong>sinistro,</strong></span> <span class='ocrx_word' id='word_1_432' title='bbox 2559 3090 2612 3134; x_wconf 87' lang='lat' dir='ltr'><strong>et</strong></span> <span class='ocrx_word' id='word_1_433' title='bbox 2641 3078 2835 3133; x_wconf 83' lang='lat' dir='ltr'><strong>salutat</strong></span> <span class='ocrx_word' id='word_1_434' title='bbox 2863 3076 3140 3141; x_wconf 88' lang='lat' dir='ltr'><strong>domuum,</strong></span> <span class='ocrx_word' id='word_1_435' title='bbox 3192 3081 3246 3128; x_wconf 89' lang='lat' dir='ltr'><strong>et</strong></span> <span class='ocrx_word' id='word_1_436' title='bbox 3270 3071 3417 3137; x_wconf 88' lang='lat' dir='ltr'><strong>dicit,</strong></span> <span class='ocrx_word' id='word_1_437' title='bbox 3449 3071 3606 3137; x_wconf 76' lang='lat' dir='ltr'><strong>lube,</strong></span> <span class='ocrx_word' id='word_1_438' title='bbox 3658 3076 3863 3139; x_wconf 83' lang='lat' dir='ltr'><strong>domne,</strong></span> 
     </span>
    </p>
   </div>
   <div class='ocr_carea' id='block_1_62' title="bbox 609 3162 3867 3239">
    <p class='ocr_par' dir='ltr' id='par_1_62' title="bbox 609 3162 3867 3239">
     <span class='ocr_line' id='line_1_62' title="bbox 609 3162 3867 3239; baseline 0 -19"><span class='ocrx_word' id='word_1_439' title='bbox 609 3166 868 3221; x_wconf 79' lang='lat' dir='ltr'><strong>diact....ae</strong></span> <span class='ocrx_word' id='word_1_440' title='bbox 930 3162 1115 3234; x_wconf 88' lang='lat' dir='ltr'><strong>fuerit)</strong></span> <span class='ocrx_word' id='word_1_441' title='bbox 1170 3178 1289 3217; x_wconf 93' lang='lat' dir='ltr'><strong>cum</strong></span> <span class='ocrx_word' id='word_1_442' title='bbox 1347 3163 1569 3220; x_wconf 87' lang='lat' dir='ltr'><strong>subdito</strong></span> <span class='ocrx_word' id='word_1_443' title='bbox 1623 3164 1725 3219; x_wconf 84' lang='lat' dir='ltr'><strong>sibi</strong></span> <span class='ocrx_word' id='word_1_444' title='bbox 1776 3167 2087 3238; x_wconf 87' lang='lat' dir='ltr'><strong>presbytero</strong></span> <span class='ocrx_word' id='word_1_445' title='bbox 2130 3178 2181 3224; x_wconf 90' lang='lat' dir='ltr'><strong>et</strong></span> <span class='ocrx_word' id='word_1_446' title='bbox 2211 3168 2271 3230; x_wconf 85' lang='lat' dir='ltr'><strong><em>C&#39;</em></strong></span> <span class='ocrx_word' id='word_1_447' title='bbox 2288 3173 2599 3230; x_wconf 78' lang='lat' dir='ltr'><strong>benedicere.</strong></span> <span class='ocrx_word' id='word_1_448' title='bbox 2628 3167 2938 3239; x_wconf 59' lang='lat' dir='ltr'><strong>Respondet</strong></span> <span class='ocrx_word' id='word_1_449' title='bbox 2970 3164 3147 3221; x_wconf 79' lang='lat' dir='ltr'><strong>Solvet</strong></span> <span class='ocrx_word' id='word_1_450' title='bbox 3176 3180 3271 3218; x_wconf 80' lang='lat' dir='ltr'><strong>nos</strong></span> <span class='ocrx_word' id='word_1_451' title='bbox 3310 3162 3600 3231; x_wconf 78' lang='lat' dir='ltr'><strong>Dominus;</strong></span> <span class='ocrx_word' id='word_1_452' title='bbox 3643 3180 3867 3235; x_wconf 85' lang='lat' dir='ltr'><strong>respon-</strong></span> 
     </span>
    </p>
   </div>
   <div class='ocr_carea' id='block_1_63' title="bbox 611 3251 2180 3326">
    <p class='ocr_par' dir='ltr' id='par_1_63' title="bbox 611 3251 2180 3326">
     <span class='ocr_line' id='line_1_63' title="bbox 611 3251 2180 3326; baseline 0 -13"><span class='ocrx_word' id='word_1_453' title='bbox 611 3254 974 3313; x_wconf 87' lang='lat' dir='ltr'><strong>mansionario</strong></span> <span class='ocrx_word' id='word_1_454' title='bbox 1015 3253 1501 3326; x_wconf 84' lang='lat' dir='ltr'><strong>thymiamaterium</strong></span> <span class='ocrx_word' id='word_1_455' title='bbox 1544 3251 1909 3311; x_wconf 79' lang='lat' dir='ltr'><strong>deferentibus</strong></span> <span class='ocrx_word' id='word_1_456' title='bbox 1938 3257 1990 3311; x_wconf 92' lang='lat' dir='ltr'><strong>in</strong></span> <span class='ocrx_word' id='word_1_457' title='bbox 2019 3258 2180 3313; x_wconf 91' lang='lat' dir='ltr'><strong>obse-</strong></span> 
     </span>
    </p>
   </div>
   <div class='ocr_carea' id='block_1_64' title="bbox 611 3346 2177 3419">
    <p class='ocr_par' dir='ltr' id='par_1_64' title="bbox 611 3346 2177 3419">
     <span class='ocr_line' id='line_1_64' title="bbox 611 3346 2177 3419; baseline 0 -15"><span class='ocrx_word' id='word_1_458' title='bbox 611 3349 795 3419; x_wconf 89' lang='lat' dir='ltr'><strong>quium</strong></span> <span class='ocrx_word' id='word_1_459' title='bbox 834 3347 996 3413; x_wconf 87' lang='lat' dir='ltr'><strong>illius,</strong></span> <span class='ocrx_word' id='word_1_460' title='bbox 1024 3346 1277 3401; x_wconf 91' lang='lat' dir='ltr'><strong>inclinato</strong></span> <span class='ocrx_word' id='word_1_461' title='bbox 1307 3346 1481 3415; x_wconf 86' lang='lat' dir='ltr'><strong>capite</strong></span> <span class='ocrx_word' id='word_1_462' title='bbox 1523 3346 1647 3401; x_wconf 91' lang='lat' dir='ltr'><strong>dum</strong></span> <span class='ocrx_word' id='word_1_463' title='bbox 1682 3349 1914 3403; x_wconf 83' lang='lat' dir='ltr'><strong>venerit.</strong></span> <span class='ocrx_word' id='word_1_464' title='bbox 1940 3349 2177 3404; x_wconf 86' lang='lat' dir='ltr'><strong>Primum</strong></span> 
     </span>
    </p>
   </div>
   <div class='ocr_carea' id='block_1_65' title="bbox 606 3438 2183 3513">
    <p class='ocr_par' dir='ltr' id='par_1_65' title="bbox 606 3438 2183 3513">
     <span class='ocr_line' id='line_1_65' title="bbox 606 3438 2183 3513; baseline 0.001 -18"><span class='ocrx_word' id='word_1_465' title='bbox 606 3440 847 3513; x_wconf 80' lang='lat' dir='ltr'><strong>acolythi</strong></span> <span class='ocrx_word' id='word_1_466' title='bbox 891 3453 1010 3494; x_wconf 90' lang='lat' dir='ltr'><strong>cum</strong></span> <span class='ocrx_word' id='word_1_467' title='bbox 1045 3438 1440 3505; x_wconf 80' lang='lat' dir='ltr'><strong>defensoribus,</strong></span> <span class='ocrx_word' id='word_1_468' title='bbox 1482 3438 1675 3495; x_wconf 89' lang='lat' dir='ltr'><strong>deinde</strong></span> <span class='ocrx_word' id='word_1_469' title='bbox 1720 3440 2018 3511; x_wconf 84' lang='lat' dir='ltr'><strong>presbyteri</strong></span> <span class='ocrx_word' id='word_1_470' title='bbox 2062 3457 2183 3497; x_wconf 89' lang='lat' dir='ltr'><strong>cum</strong></span> 
     </span>
    </p>
   </div>
   <div class='ocr_carea' id='block_1_66' title="bbox 607 3526 2183 3601">
    <p class='ocr_par' dir='ltr' id='par_1_66' title="bbox 607 3526 2183 3601">
     <span class='ocr_line' id='line_1_66' title="bbox 607 3526 2183 3601; baseline 0 -15"><span class='ocrx_word' id='word_1_471' title='bbox 607 3532 731 3586; x_wconf 82' lang='lat' dir='ltr'><strong>suis</strong></span> <span class='ocrx_word' id='word_1_472' title='bbox 762 3529 922 3600; x_wconf 90' lang='lat' dir='ltr'><strong>petita</strong></span> <span class='ocrx_word' id='word_1_473' title='bbox 956 3526 1347 3595; x_wconf 84' lang='lat' dir='ltr'><strong>benedictione,</strong></span> <span class='ocrx_word' id='word_1_474' title='bbox 1378 3528 1564 3583; x_wconf 90' lang='lat' dir='ltr'><strong>divisis</strong></span> <span class='ocrx_word' id='word_1_475' title='bbox 1593 3529 1720 3585; x_wconf 88' lang='lat' dir='ltr'><strong>hinc</strong></span> <span class='ocrx_word' id='word_1_476' title='bbox 1751 3531 1873 3586; x_wconf 90' lang='lat' dir='ltr'><strong>inde</strong></span> <span class='ocrx_word' id='word_1_477' title='bbox 1922 3531 2183 3601; x_wconf 89' lang='lat' dir='ltr'><strong>partibus,</strong></span> 
     </span>
    </p>
   </div>
   <div class='ocr_carea' id='block_1_67' title="bbox 612 3619 2185 3690">
    <p class='ocr_par' dir='ltr' id='par_1_67' title="bbox 612 3619 2185 3690">
     <span class='ocr_line' id='line_1_67' title="bbox 612 3619 2185 3690; baseline 0.001 -16"><span class='ocrx_word' id='word_1_478' title='bbox 612 3629 776 3690; x_wconf 88' lang='lat' dir='ltr'><strong>prout</strong></span> <span class='ocrx_word' id='word_1_479' title='bbox 800 3621 1049 3685; x_wconf 89' lang='lat' dir='ltr'><strong>militant,</strong></span> <span class='ocrx_word' id='word_1_480' title='bbox 1092 3619 1397 3688; x_wconf 70' lang='lat' dir='ltr'><strong>prmcedunt</strong></span> <span class='ocrx_word' id='word_1_481' title='bbox 1436 3620 1737 3689; x_wconf 89' lang='lat' dir='ltr'><strong>pontiﬁcem</strong></span> <span class='ocrx_word' id='word_1_482' title='bbox 1767 3636 1933 3688; x_wconf 84' lang='lat' dir='ltr'><strong>usque</strong></span> <span class='ocrx_word' id='word_1_483' title='bbox 1982 3621 2045 3674; x_wconf 91' lang='lat' dir='ltr'><strong>ad</strong></span> <span class='ocrx_word' id='word_1_484' title='bbox 2093 3636 2185 3676; x_wconf 84' lang='lat' dir='ltr'><strong>ec-</strong></span> 
     </span>
    </p>
   </div>
   <div class='ocr_carea' id='block_1_68' title="bbox 604 3711 2183 3781">
    <p class='ocr_par' dir='ltr' id='par_1_68' title="bbox 604 3711 2183 3781">
     <span class='ocr_line' id='line_1_68' title="bbox 604 3711 2183 3781; baseline 0.003 -14"><span class='ocrx_word' id='word_1_485' title='bbox 604 3713 856 3768; x_wconf 78' lang='lat' dir='ltr'><strong>clesiam.</strong></span> <span class='ocrx_word' id='word_1_486' title='bbox 897 3711 1259 3768; x_wconf 83' lang='lat' dir='ltr'><strong>Advocatores</strong></span> <span class='ocrx_word' id='word_1_487' title='bbox 1288 3720 1462 3766; x_wconf 90' lang='lat' dir='ltr'><strong>autem</strong></span> <span class='ocrx_word' id='word_1_488' title='bbox 1495 3712 1734 3766; x_wconf 73' lang='lat' dir='ltr'><strong>ecclesia:</strong></span> <span class='ocrx_word' id='word_1_489' title='bbox 1785 3721 1929 3767; x_wconf 90' lang='lat' dir='ltr'><strong>stant</strong></span> <span class='ocrx_word' id='word_1_490' title='bbox 1971 3714 2183 3781; x_wconf 83' lang='lat' dir='ltr'><strong>quidem</strong></span> 
     </span>
    </p>
   </div>
   <div class='ocr_carea' id='block_1_69' title="bbox 606 3802 2185 3873">
    <p class='ocr_par' dir='ltr' id='par_1_69' title="bbox 606 3802 2185 3873">
     <span class='ocr_line' id='line_1_69' title="bbox 606 3802 2185 3873; baseline 0.005 -17"><span class='ocrx_word' id='word_1_491' title='bbox 606 3818 736 3858; x_wconf 72' lang='lat' dir='ltr'><strong>cum</strong></span> <span class='ocrx_word' id='word_1_492' title='bbox 772 3803 1084 3873; x_wconf 87' lang='lat' dir='ltr'><strong>majoribus,</strong></span> <span class='ocrx_word' id='word_1_493' title='bbox 1120 3818 1227 3857; x_wconf 88' lang='lat' dir='ltr'><strong>non</strong></span> <span class='ocrx_word' id='word_1_494' title='bbox 1256 3812 1431 3857; x_wconf 86' lang='lat' dir='ltr'><strong>autem</strong></span> <span class='ocrx_word' id='word_1_495' title='bbox 1464 3802 1767 3870; x_wconf 52' lang='lat' dir='ltr'><strong>pra&#39;ccdunt</strong></span> <span class='ocrx_word' id='word_1_496' title='bbox 1802 3819 1920 3858; x_wconf 91' lang='lat' dir='ltr'><strong>cum</strong></span> <span class='ocrx_word' id='word_1_497' title='bbox 1947 3806 2046 3873; x_wconf 90' lang='lat' dir='ltr'><strong>eis,</strong></span> <span class='ocrx_word' id='word_1_498' title='bbox 2092 3809 2185 3863; x_wconf 90' lang='lat' dir='ltr'><strong>sed</strong></span> 
     </span>
    </p>
   </div>
   <div class='ocr_carea' id='block_1_70' title="bbox 608 3892 2184 3964">
    <p class='ocr_par' dir='ltr' id='par_1_70' title="bbox 608 3892 2184 3964">
     <span class='ocr_line' id='line_1_70' title="bbox 608 3892 2184 3964; baseline 0.004 -16"><span class='ocrx_word' id='word_1_499' title='bbox 608 3894 715 3964; x_wconf 76' lang='lat' dir='ltr'><strong>ipsi</strong></span> <span class='ocrx_word' id='word_1_500' title='bbox 749 3893 1113 3949; x_wconf 82' lang='lat' dir='ltr'><strong>tantummodo</strong></span> <span class='ocrx_word' id='word_1_501' title='bbox 1151 3902 1445 3964; x_wconf 87' lang='lat' dir='ltr'><strong>sequuntur</strong></span> <span class='ocrx_word' id='word_1_502' title='bbox 1489 3892 1738 3949; x_wconf 85' lang='lat' dir='ltr'><strong>sellarem</strong></span> <span class='ocrx_word' id='word_1_503' title='bbox 1774 3896 2037 3964; x_wconf 87' lang='lat' dir='ltr'><strong>pontiﬁcis</strong></span> <span class='ocrx_word' id='word_1_504' title='bbox 2066 3912 2184 3954; x_wconf 82' lang='lat' dir='ltr'><strong>cum</strong></span> 
     </span>
    </p>
   </div>
   <div class='ocr_carea' id='block_1_71' title="bbox 612 3983 2189 4057">
    <p class='ocr_par' dir='ltr' id='par_1_71' title="bbox 612 3983 2189 4057">
     <span class='ocr_line' id='line_1_71' title="bbox 612 3983 2189 4057; baseline 0.004 -19"><span class='ocrx_word' id='word_1_505' title='bbox 612 3985 884 4056; x_wconf 80' lang='lat' dir='ltr'><strong>acolytlto,</strong></span> <span class='ocrx_word' id='word_1_506' title='bbox 935 3983 1028 4054; x_wconf 88' lang='lat' dir='ltr'><strong>qui</strong></span> <span class='ocrx_word' id='word_1_507' title='bbox 1058 3999 1383 4054; x_wconf 85' lang='lat' dir='ltr'><strong>aquamanus</strong></span> <span class='ocrx_word' id='word_1_508' title='bbox 1412 3994 1607 4054; x_wconf 88' lang='lat' dir='ltr'><strong>portat.</strong></span> <span class='ocrx_word' id='word_1_509' title='bbox 1638 3985 1806 4053; x_wconf 86' lang='lat' dir='ltr'><strong>Quem</strong></span> <span class='ocrx_word' id='word_1_510' title='bbox 1839 4002 2053 4057; x_wconf 90' lang='lat' dir='ltr'><strong>semper</strong></span> <span class='ocrx_word' id='word_1_511' title='bbox 2084 4004 2189 4045; x_wconf 88' lang='lat' dir='ltr'><strong>ue-</strong></span> 
     </span>
    </p>
   </div>
   <div class='ocr_carea' id='block_1_72' title="bbox 613 4074 2188 4145">
    <p class='ocr_par' dir='ltr' id='par_1_72' title="bbox 613 4074 2188 4145">
     <span class='ocr_line' id='line_1_72' title="bbox 613 4074 2188 4145; baseline 0.003 -15"><span class='ocrx_word' id='word_1_512' title='bbox 613 4089 763 4130; x_wconf 86' lang='lat' dir='ltr'><strong>eesse</strong></span> <span class='ocrx_word' id='word_1_513' title='bbox 784 4084 867 4130; x_wconf 90' lang='lat' dir='ltr'><strong>est</strong></span> <span class='ocrx_word' id='word_1_514' title='bbox 891 4075 1039 4144; x_wconf 76' lang='lat' dir='ltr'><strong>sequi</strong></span> <span class='ocrx_word' id='word_1_515' title='bbox 1071 4074 1399 4145; x_wconf 88' lang='lat' dir='ltr'><strong>pontiﬁcem,</strong></span> <span class='ocrx_word' id='word_1_516' title='bbox 1437 4090 1607 4145; x_wconf 86' lang='lat' dir='ltr'><strong>usque</strong></span> <span class='ocrx_word' id='word_1_517' title='bbox 1645 4076 1768 4130; x_wconf 87' lang='lat' dir='ltr'><strong>dum</strong></span> <span class='ocrx_word' id='word_1_518' title='bbox 1803 4077 1867 4131; x_wconf 91' lang='lat' dir='ltr'><strong>ad</strong></span> <span class='ocrx_word' id='word_1_519' title='bbox 1900 4079 2071 4135; x_wconf 87' lang='lat' dir='ltr'><strong>altare</strong></span> <span class='ocrx_word' id='word_1_520' title='bbox 2102 4094 2188 4135; x_wconf 90' lang='lat' dir='ltr'><strong>as-</strong></span> 
     </span>
    </p>
   </div>
   <div class='ocr_carea' id='block_1_73' title="bbox 616 4164 2189 4240">
    <p class='ocr_par' dir='ltr' id='par_1_73' title="bbox 616 4164 2189 4240">
     <span class='ocr_line' id='line_1_73' title="bbox 616 4164 2189 4240; baseline 0.004 -21"><span class='ocrx_word' id='word_1_521' title='bbox 616 4164 826 4231; x_wconf 87' lang='lat' dir='ltr'><strong>cendat,</strong></span> <span class='ocrx_word' id='word_1_522' title='bbox 863 4173 1078 4235; x_wconf 86' lang='lat' dir='ltr'><strong>paratus</strong></span> <span class='ocrx_word' id='word_1_523' title='bbox 1105 4165 1203 4221; x_wconf 90' lang='lat' dir='ltr'><strong>sub</strong></span> <span class='ocrx_word' id='word_1_524' title='bbox 1253 4165 1471 4220; x_wconf 87' lang='lat' dir='ltr'><strong>humero</strong></span> <span class='ocrx_word' id='word_1_525' title='bbox 1502 4166 1553 4219; x_wconf 93' lang='lat' dir='ltr'><strong>in</strong></span> <span class='ocrx_word' id='word_1_526' title='bbox 1587 4166 1941 4238; x_wconf 82' lang='lat' dir='ltr'><strong>presbyterio,</strong></span> <span class='ocrx_word' id='word_1_527' title='bbox 1973 4169 2189 4240; x_wconf 89' lang='lat' dir='ltr'><strong>quando</strong></span> 
     </span>
    </p>
   </div>
   <div class='ocr_carea' id='block_1_74' title="bbox 621 4254 2184 4330">
    <p class='ocr_par' dir='ltr' id='par_1_74' title="bbox 621 4254 2184 4330">
     <span class='ocr_line' id='line_1_74' title="bbox 621 4254 2184 4330; baseline 0.005 -21"><span class='ocrx_word' id='word_1_528' title='bbox 621 4267 842 4311; x_wconf 85' lang='lat' dir='ltr'><strong>vocetur</strong></span> <span class='ocrx_word' id='word_1_529' title='bbox 872 4270 900 4311; x_wconf 87' lang='lat' dir='ltr'><strong>a</strong></span> <span class='ocrx_word' id='word_1_530' title='bbox 928 4254 1254 4311; x_wconf 70' lang='lat' dir='ltr'><strong>subdiacono</strong></span> <span class='ocrx_word' id='word_1_531' title='bbox 1280 4255 1578 4326; x_wconf 82' lang='lat' dir='ltr'><strong>regionario</strong></span> <span class='ocrx_word' id='word_1_532' title='bbox 1609 4257 1675 4312; x_wconf 90' lang='lat' dir='ltr'><strong>ad</strong></span> <span class='ocrx_word' id='word_1_533' title='bbox 1710 4274 1899 4330; x_wconf 90' lang='lat' dir='ltr'><strong>aquam</strong></span> <span class='ocrx_word' id='word_1_534' title='bbox 1935 4261 2184 4317; x_wconf 90' lang='lat' dir='ltr'><strong>dandam.</strong></span> 
     </span>
    </p>
   </div>
   <div class='ocr_carea' id='block_1_75' title="bbox 688 4345 2190 4419">
    <p class='ocr_par' dir='ltr' id='par_1_75' title="bbox 688 4345 2190 4419">
     <span class='ocr_line' id='line_1_75' title="bbox 688 4345 2190 4419; baseline 0.007 -20"><span class='ocrx_word' id='word_1_535' title='bbox 688 4345 742 4399; x_wconf 79' lang='lat'><strong>5.</strong></span> <span class='ocrx_word' id='word_1_536' title='bbox 773 4345 904 4401; x_wconf 89' lang='lat' dir='ltr'><strong>Cum</strong></span> <span class='ocrx_word' id='word_1_537' title='bbox 938 4361 1064 4401; x_wconf 90' lang='lat' dir='ltr'><strong>vero</strong></span> <span class='ocrx_word' id='word_1_538' title='bbox 1084 4346 1364 4402; x_wconf 88' lang='lat' dir='ltr'><strong>ecclesiam</strong></span> <span class='ocrx_word' id='word_1_539' title='bbox 1397 4347 1659 4402; x_wconf 88' lang='lat' dir='ltr'><strong>introierit</strong></span> <span class='ocrx_word' id='word_1_540' title='bbox 1689 4352 1942 4419; x_wconf 75' lang='lat' dir='ltr'><strong>pontifex,</strong></span> <span class='ocrx_word' id='word_1_541' title='bbox 1977 4368 2081 4408; x_wconf 93' lang='lat' dir='ltr'><strong>non</strong></span> <span class='ocrx_word' id='word_1_542' title='bbox 2105 4369 2190 4409; x_wconf 89' lang='lat' dir='ltr'><strong>as-</strong></span> 
     </span>
    </p>
   </div>
   <div class='ocr_carea' id='block_1_76' title="bbox 618 4434 2189 4504">
    <p class='ocr_par' dir='ltr' id='par_1_76' title="bbox 618 4434 2189 4504">
     <span class='ocr_line' id='line_1_76' title="bbox 618 4434 2189 4504; baseline 0.004 -15"><span class='ocrx_word' id='word_1_543' title='bbox 618 4434 795 4489; x_wconf 88' lang='lat' dir='ltr'><strong>cendit</strong></span> <span class='ocrx_word' id='word_1_544' title='bbox 820 4434 1075 4489; x_wconf 89' lang='lat' dir='ltr'><strong>continuo</strong></span> <span class='ocrx_word' id='word_1_545' title='bbox 1116 4434 1180 4489; x_wconf 91' lang='lat' dir='ltr'><strong>ad</strong></span> <span class='ocrx_word' id='word_1_546' title='bbox 1209 4434 1401 4502; x_wconf 86' lang='lat' dir='ltr'><strong>altare,</strong></span> <span class='ocrx_word' id='word_1_547' title='bbox 1431 4436 1522 4490; x_wconf 89' lang='lat' dir='ltr'><strong>sed</strong></span> <span class='ocrx_word' id='word_1_548' title='bbox 1560 4438 1702 4504; x_wconf 85' lang='lat' dir='ltr'><strong>prius</strong></span> <span class='ocrx_word' id='word_1_549' title='bbox 1737 4437 1901 4493; x_wconf 81' lang='lat' dir='ltr'><strong>intrat</strong></span> <span class='ocrx_word' id='word_1_550' title='bbox 1930 4441 1981 4495; x_wconf 92' lang='lat' dir='ltr'><strong>in</strong></span> <span class='ocrx_word' id='word_1_551' title='bbox 2011 4456 2189 4496; x_wconf 88' lang='lat' dir='ltr'><strong>secre-</strong></span> 
     </span>
    </p>
   </div>
   <div class='ocr_carea' id='block_1_77' title="bbox 2282 3267 2584 3325">
    <p class='ocr_par' dir='ltr' id='par_1_77' title="bbox 2282 3267 2584 3325">
     <span class='ocr_line' id='line_1_77' title="bbox 2282 3267 2584 3325; baseline -0.023 0"><span class='ocrx_word' id='word_1_552' title='bbox 2282 3270 2373 3325; x_wconf 85' lang='lat' dir='ltr'><strong>det</strong></span> <span class='ocrx_word' id='word_1_553' title='bbox 2406 3267 2584 3321; x_wconf 82' lang='lat' dir='ltr'><strong>Amen.</strong></span> 
     </span>
    </p>
   </div>
   <div class='ocr_carea' id='block_1_78' title="bbox 2358 3350 3862 3420">
    <p class='ocr_par' dir='ltr' id='par_1_78' title="bbox 2358 3350 3862 3420">
     <span class='ocr_line' id='line_1_78' title="bbox 2358 3350 3862 3420; baseline -0.008 -10"><span class='ocrx_word' id='word_1_554' title='bbox 2358 3358 2410 3410; x_wconf 83' lang='lat'><strong>7.</strong></span> <span class='ocrx_word' id='word_1_555' title='bbox 2440 3355 2639 3410; x_wconf 89' lang='lat' dir='ltr'><strong>Deinde</strong></span> <span class='ocrx_word' id='word_1_556' title='bbox 2687 3351 3047 3408; x_wconf 75' lang='lat' dir='ltr'><strong>subdiaconus</strong></span> <span class='ocrx_word' id='word_1_557' title='bbox 3088 3350 3445 3420; x_wconf 61' lang='lat' dir='ltr'><strong>regionarius,</strong></span> <span class='ocrx_word' id='word_1_558' title='bbox 3483 3358 3675 3403; x_wconf 87' lang='lat' dir='ltr'><strong>tenens</strong></span> <span class='ocrx_word' id='word_1_559' title='bbox 3714 3361 3862 3415; x_wconf 83' lang='lat' dir='ltr'><strong>map-</strong></span> 
     </span>
    </p>
   </div>
   <div class='ocr_carea' id='block_1_79' title="bbox 2288 3440 3863 3518">
    <p class='ocr_par' dir='ltr' id='par_1_79' title="bbox 2288 3440 3863 3518">
     <span class='ocr_line' id='line_1_79' title="bbox 2288 3440 3863 3518; baseline -0.007 -16"><span class='ocrx_word' id='word_1_560' title='bbox 2288 3448 2463 3518; x_wconf 82' lang='lat' dir='ltr'><strong>pulam</strong></span> <span class='ocrx_word' id='word_1_561' title='bbox 2500 3444 2765 3515; x_wconf 81' lang='lat' dir='ltr'><strong>pontiﬁcis</strong></span> <span class='ocrx_word' id='word_1_562' title='bbox 2812 3444 2863 3497; x_wconf 92' lang='lat' dir='ltr'><strong>in</strong></span> <span class='ocrx_word' id='word_1_563' title='bbox 2892 3442 3110 3496; x_wconf 78' lang='lat' dir='ltr'><strong>sinistro</strong></span> <span class='ocrx_word' id='word_1_564' title='bbox 3150 3441 3367 3497; x_wconf 90' lang='lat' dir='ltr'><strong>brachio</strong></span> <span class='ocrx_word' id='word_1_565' title='bbox 3406 3455 3566 3510; x_wconf 89' lang='lat' dir='ltr'><strong>super</strong></span> <span class='ocrx_word' id='word_1_566' title='bbox 3595 3440 3863 3509; x_wconf 79' lang='lat' dir='ltr'><strong>planetam</strong></span> 
     </span>
    </p>
   </div>
   <div class='ocr_carea' id='block_1_80' title="bbox 2288 3530 3866 3605">
    <p class='ocr_par' dir='ltr' id='par_1_80' title="bbox 2288 3530 3866 3605">
     <span class='ocr_line' id='line_1_80' title="bbox 2288 3530 3866 3605; baseline -0.006 -11"><span class='ocrx_word' id='word_1_567' title='bbox 2288 3539 2613 3602; x_wconf 84' lang='lat' dir='ltr'><strong>revolutam,</strong></span> <span class='ocrx_word' id='word_1_568' title='bbox 2652 3536 2840 3591; x_wconf 76' lang='lat' dir='ltr'><strong>exiens</strong></span> <span class='ocrx_word' id='word_1_569' title='bbox 2870 3534 2934 3588; x_wconf 86' lang='lat' dir='ltr'><strong>ad</strong></span> <span class='ocrx_word' id='word_1_570' title='bbox 2980 3532 3181 3603; x_wconf 87' lang='lat' dir='ltr'><strong>regiam</strong></span> <span class='ocrx_word' id='word_1_571' title='bbox 3244 3532 3375 3605; x_wconf 67' lang='lat' dir='ltr'><strong>[:ll.,</strong></span> <span class='ocrx_word' id='word_1_572' title='bbox 3403 3530 3647 3601; x_wconf 78' lang='lat' dir='ltr'><strong>januam]</strong></span> <span class='ocrx_word' id='word_1_573' title='bbox 3690 3544 3866 3584; x_wconf 88' lang='lat' dir='ltr'><strong>secre-</strong></span> 
     </span>
    </p>
   </div>
   <div class='ocr_carea' id='block_1_81' title="bbox 2294 3618 3867 3695">
    <p class='ocr_par' dir='ltr' id='par_1_81' title="bbox 2294 3618 3867 3695">
     <span class='ocr_line' id='line_1_81' title="bbox 2294 3618 3867 3695; baseline -0.008 -9"><span class='ocrx_word' id='word_1_574' title='bbox 2294 3629 2414 3686; x_wconf 83' lang='lat' dir='ltr'><strong>tarii</strong></span> <span class='ocrx_word' id='word_1_575' title='bbox 2447 3627 2615 3682; x_wconf 87' lang='lat' dir='ltr'><strong>dicit:</strong></span> <span class='ocrx_word' id='word_1_576' title='bbox 2651 3625 2844 3680; x_wconf 84' lang='lat' dir='ltr'><strong>Schofa</strong></span> <span class='ocrx_word' id='word_1_577' title='bbox 2869 3622 3001 3695; x_wconf 67' lang='lat' dir='ltr'><strong>ML,</strong></span> <span class='ocrx_word' id='word_1_578' title='bbox 3033 3633 3187 3678; x_wconf 90' lang='lat' dir='ltr'><strong>vocat</strong></span> <span class='ocrx_word' id='word_1_579' title='bbox 3232 3619 3517 3692; x_wconf 88' lang='lat' dir='ltr'><strong>scholam].</strong></span> <span class='ocrx_word' id='word_1_580' title='bbox 3564 3618 3867 3689; x_wconf 72' lang='lat' dir='ltr'><strong>Respondet</strong></span> 
     </span>
    </p>
   </div>
   <div class='ocr_carea' id='block_1_82' title="bbox 2288 3710 3869 3787">
    <p class='ocr_par' dir='ltr' id='par_1_82' title="bbox 2288 3710 3869 3787">
     <span class='ocr_line' id='line_1_82' title="bbox 2288 3710 3869 3787; baseline -0.008 -12"><span class='ocrx_word' id='word_1_581' title='bbox 2288 3722 2505 3775; x_wconf 79' lang='lat' dir='ltr'><strong>Adsum.</strong></span> <span class='ocrx_word' id='word_1_582' title='bbox 2544 3718 2608 3772; x_wconf 84' lang='lat' dir='ltr'><strong>Et</strong></span> <span class='ocrx_word' id='word_1_583' title='bbox 2635 3716 2724 3770; x_wconf 89' lang='lat' dir='ltr'><strong>ille</strong></span> <span class='ocrx_word' id='word_1_584' title='bbox 2752 3733 2763 3767; x_wconf 88' lang='lat'><strong>:</strong></span> <span class='ocrx_word' id='word_1_585' title='bbox 2800 3712 2925 3779; x_wconf 77' lang='lat' dir='ltr'><strong>Quis</strong></span> <span class='ocrx_word' id='word_1_586' title='bbox 2953 3715 3174 3787; x_wconf 82' lang='lat' dir='ltr'><strong>psallet?</strong></span> <span class='ocrx_word' id='word_1_587' title='bbox 3199 3712 3482 3783; x_wconf 88' lang='lat' dir='ltr'><strong>respondet</strong></span> <span class='ocrx_word' id='word_1_588' title='bbox 3507 3711 3629 3775; x_wconf 82' lang='lat' dir='ltr'><strong>Ille,</strong></span> <span class='ocrx_word' id='word_1_589' title='bbox 3664 3720 3712 3764; x_wconf 83' lang='lat' dir='ltr'><strong>ct</strong></span> <span class='ocrx_word' id='word_1_590' title='bbox 3758 3710 3869 3763; x_wconf 77' lang='lat' dir='ltr'><strong>ille.</strong></span> 
     </span>
    </p>
   </div>
   <div class='ocr_carea' id='block_1_83' title="bbox 2292 3800 3871 3874">
    <p class='ocr_par' dir='ltr' id='par_1_83' title="bbox 2292 3800 3871 3874">
     <span class='ocr_line' id='line_1_83' title="bbox 2292 3800 3871 3874; baseline -0.008 -8"><span class='ocrx_word' id='word_1_591' title='bbox 2292 3812 2360 3867; x_wconf 83' lang='lat' dir='ltr'><strong>Et</strong></span> <span class='ocrx_word' id='word_1_592' title='bbox 2406 3806 2619 3863; x_wconf 88' lang='lat' dir='ltr'><strong>rediens</strong></span> <span class='ocrx_word' id='word_1_593' title='bbox 2662 3805 2725 3859; x_wconf 91' lang='lat' dir='ltr'><strong>ad</strong></span> <span class='ocrx_word' id='word_1_594' title='bbox 2777 3804 3080 3874; x_wconf 87' lang='lat' dir='ltr'><strong>pontiﬁcem</strong></span> <span class='ocrx_word' id='word_1_595' title='bbox 3128 3802 3507 3870; x_wconf 69' lang='lat' dir='ltr'><strong>subdiaconus,</strong></span> <span class='ocrx_word' id='word_1_596' title='bbox 3558 3800 3783 3869; x_wconf 79' lang='lat' dir='ltr'><strong>porrigit</strong></span> <span class='ocrx_word' id='word_1_597' title='bbox 3818 3800 3871 3854; x_wconf 79' lang='lat' dir='ltr'><strong>ei</strong></span> 
     </span>
    </p>
   </div>
   <div class='ocr_carea' id='block_1_84' title="bbox 2289 3892 3870 3968">
    <p class='ocr_par' dir='ltr' id='par_1_84' title="bbox 2289 3892 3870 3968">
     <span class='ocr_line' id='line_1_84' title="bbox 2289 3892 3870 3968; baseline -0.009 -14"><span class='ocrx_word' id='word_1_598' title='bbox 2289 3898 2611 3968; x_wconf 90' lang='lat' dir='ltr'><strong>mappulam,</strong></span> <span class='ocrx_word' id='word_1_599' title='bbox 2653 3893 2918 3950; x_wconf 87' lang='lat' dir='ltr'><strong>inclinans</strong></span> <span class='ocrx_word' id='word_1_600' title='bbox 2946 3906 3005 3947; x_wconf 90' lang='lat' dir='ltr'><strong>se</strong></span> <span class='ocrx_word' id='word_1_601' title='bbox 3046 3893 3110 3945; x_wconf 87' lang='lat' dir='ltr'><strong>ad</strong></span> <span class='ocrx_word' id='word_1_602' title='bbox 3141 3908 3312 3963; x_wconf 88' lang='lat' dir='ltr'><strong>genua</strong></span> <span class='ocrx_word' id='word_1_603' title='bbox 3345 3893 3507 3955; x_wconf 90' lang='lat' dir='ltr'><strong>illius,</strong></span> <span class='ocrx_word' id='word_1_604' title='bbox 3552 3901 3609 3946; x_wconf 91' lang='lat' dir='ltr'><strong>et</strong></span> <span class='ocrx_word' id='word_1_605' title='bbox 3636 3892 3823 3946; x_wconf 84' lang='lat' dir='ltr'><strong>dicens</strong></span> <span class='ocrx_word' id='word_1_606' title='bbox 3856 3906 3870 3940; x_wconf 87' lang='lat'><strong>:</strong></span> 
     </span>
    </p>
   </div>
   <div class='ocr_carea' id='block_1_85' title="bbox 2290 3980 3875 4049">
    <p class='ocr_par' dir='ltr' id='par_1_85' title="bbox 2290 3980 3875 4049">
     <span class='ocr_line' id='line_1_85' title="bbox 2290 3980 3875 4049; baseline -0.009 -4"><span class='ocrx_word' id='word_1_607' title='bbox 2290 3989 2443 4045; x_wconf 80' lang='lat' dir='ltr'><strong>Servi</strong></span> <span class='ocrx_word' id='word_1_608' title='bbox 2483 3986 2676 4040; x_wconf 83' lang='lat' dir='ltr'><strong>domini</strong></span> <span class='ocrx_word' id='word_1_609' title='bbox 2707 3984 2823 4048; x_wconf 83' lang='lat' dir='ltr'><strong>mei,</strong></span> <span class='ocrx_word' id='word_1_610' title='bbox 2855 3983 2973 4036; x_wconf 80' lang='lat' dir='ltr'><strong>tatis</strong></span> <span class='ocrx_word' id='word_1_611' title='bbox 3004 3983 3343 4035; x_wconf 73' lang='lat' dir='ltr'><strong>subdiaconus</strong></span> <span class='ocrx_word' id='word_1_612' title='bbox 3389 3980 3711 4049; x_wconf 70' lang='lat' dir='ltr'><strong>regionarius</strong></span> <span class='ocrx_word' id='word_1_613' title='bbox 3748 3980 3875 4048; x_wconf 59' lang='lat' dir='ltr'><strong>(rga</strong></span> 
     </span>
    </p>
   </div>
   <div class='ocr_carea' id='block_1_86' title="bbox 2292 4070 3874 4150">
    <p class='ocr_par' dir='ltr' id='par_1_86' title="bbox 2292 4070 3874 4150">
     <span class='ocr_line' id='line_1_86' title="bbox 2292 4070 3874 4150; baseline -0.007 -16"><span class='ocrx_word' id='word_1_614' title='bbox 2292 4077 2615 4150; x_wconf 78' lang='lat' dir='ltr'><strong>Apestolum,</strong></span> <span class='ocrx_word' id='word_1_615' title='bbox 2646 4085 2691 4130; x_wconf 84' lang='lat' dir='ltr'><strong>ct</strong></span> <span class='ocrx_word' id='word_1_616' title='bbox 2734 4075 2858 4128; x_wconf 77' lang='lat' dir='ltr'><strong>talis</strong></span> <span class='ocrx_word' id='word_1_617' title='bbox 2894 4074 2956 4127; x_wconf 85' lang='lat' dir='ltr'><strong>de</strong></span> <span class='ocrx_word' id='word_1_618' title='bbox 2985 4070 3161 4126; x_wconf 81' lang='lat' dir='ltr'><strong>schola</strong></span> <span class='ocrx_word' id='word_1_619' title='bbox 3177 4072 3424 4127; x_wconf 75' lang='lat' dir='ltr'><strong>cantat-it.</strong></span> <span class='ocrx_word' id='word_1_620' title='bbox 3460 4072 3524 4125; x_wconf 81' lang='lat' dir='ltr'><strong>Et</strong></span> <span class='ocrx_word' id='word_1_621' title='bbox 3554 4080 3741 4139; x_wconf 77' lang='lat' dir='ltr'><strong>postea</strong></span> <span class='ocrx_word' id='word_1_622' title='bbox 3773 4084 3874 4123; x_wconf 79' lang='lat' dir='ltr'><strong>non</strong></span> 
     </span>
    </p>
   </div>
   <div class='ocr_carea' id='block_1_87' title="bbox 2292 4161 3872 4227">
    <p class='ocr_par' dir='ltr' id='par_1_87' title="bbox 2292 4161 3872 4227">
     <span class='ocr_line' id='line_1_87' title="bbox 2292 4161 3872 4227; baseline -0.008 -4"><span class='ocrx_word' id='word_1_623' title='bbox 2292 4171 2415 4225; x_wconf 59' lang='lat' dir='ltr'><strong>licet</strong></span> <span class='ocrx_word' id='word_1_624' title='bbox 2462 4168 2686 4223; x_wconf 85' lang='lat' dir='ltr'><strong>alterum</strong></span> <span class='ocrx_word' id='word_1_625' title='bbox 2744 4175 2950 4219; x_wconf 84' lang='lat' dir='ltr'><strong>mutare</strong></span> <span class='ocrx_word' id='word_1_626' title='bbox 2977 4164 3028 4219; x_wconf 86' lang='lat' dir='ltr'><strong>in</strong></span> <span class='ocrx_word' id='word_1_627' title='bbox 3062 4163 3181 4218; x_wconf 88' lang='lat' dir='ltr'><strong>loco</strong></span> <span class='ocrx_word' id='word_1_628' title='bbox 3211 4164 3445 4227; x_wconf 81' lang='lat' dir='ltr'><strong>lectoris,</strong></span> <span class='ocrx_word' id='word_1_629' title='bbox 3490 4161 3575 4215; x_wconf 72' lang='lat' dir='ltr'><strong>vel</strong></span> <span class='ocrx_word' id='word_1_630' title='bbox 3613 4161 3872 4214; x_wconf 76' lang='lat' dir='ltr'><strong>cantoris.</strong></span> 
     </span>
    </p>
   </div>
   <div class='ocr_carea' id='block_1_88' title="bbox 2291 4250 3875 4331">
    <p class='ocr_par' dir='ltr' id='par_1_88' title="bbox 2291 4250 3875 4331">
     <span class='ocr_line' id='line_1_88' title="bbox 2291 4250 3875 4331; baseline -0.009 -16"><span class='ocrx_word' id='word_1_631' title='bbox 2291 4262 2443 4331; x_wconf 82' lang='lat' dir='ltr'><strong>Quod</strong></span> <span class='ocrx_word' id='word_1_632' title='bbox 2476 4261 2517 4314; x_wconf 90' lang='lat' dir='ltr'><strong>si</strong></span> <span class='ocrx_word' id='word_1_633' title='bbox 2553 4262 2745 4314; x_wconf 88' lang='lat' dir='ltr'><strong>factum</strong></span> <span class='ocrx_word' id='word_1_634' title='bbox 2775 4257 2955 4321; x_wconf 89' lang='lat' dir='ltr'><strong>fuerit,</strong></span> <span class='ocrx_word' id='word_1_635' title='bbox 2990 4253 3522 4324; x_wconf 72' lang='lat' dir='ltr'><strong>archiparaphonisra</strong></span> <span class='ocrx_word' id='word_1_636' title='bbox 3561 4265 3591 4303; x_wconf 86' lang='lat' dir='ltr'><strong>a</strong></span> <span class='ocrx_word' id='word_1_637' title='bbox 3627 4250 3875 4318; x_wconf 60' lang='lat' dir='ltr'><strong>pontiﬁxc</strong></span> 
     </span>
    </p>
   </div>
   <div class='ocr_carea' id='block_1_89' title="bbox 2296 4338 3875 4413">
    <p class='ocr_par' dir='ltr' id='par_1_89' title="bbox 2296 4338 3875 4413">
     <span class='ocr_line' id='line_1_89' title="bbox 2296 4338 3875 4413; baseline -0.009 -6"><span class='ocrx_word' id='word_1_638' title='bbox 2296 4367 2318 4393; x_wconf 77' lang='grc' dir='ltr'>ε</span> <span class='ocrx_word' id='word_1_639' title='bbox 2373 4348 2938 4411; x_wconf 83' lang='lat' dir='ltr'><strong>excommunicabitur,</strong></span> <span class='ocrx_word' id='word_1_640' title='bbox 2994 4346 3045 4398; x_wconf 93' lang='lat' dir='ltr'><strong>id</strong></span> <span class='ocrx_word' id='word_1_641' title='bbox 3096 4354 3177 4399; x_wconf 82' lang='lat' dir='ltr'><strong>est</strong></span> <span class='ocrx_word' id='word_1_642' title='bbox 3236 4352 3456 4413; x_wconf 81' lang='lat' dir='ltr'><strong>quarltts</strong></span> <span class='ocrx_word' id='word_1_643' title='bbox 3513 4340 3741 4406; x_wconf 67' lang='lat' dir='ltr'><strong>scholm,</strong></span> <span class='ocrx_word' id='word_1_644' title='bbox 3788 4338 3875 4406; x_wconf 85' lang='lat' dir='ltr'><strong>qui</strong></span> 
     </span>
    </p>
   </div>
   <div class='ocr_carea' id='block_1_90' title="bbox 2294 4431 3868 4512">
    <p class='ocr_par' dir='ltr' id='par_1_90' title="bbox 2294 4431 3868 4512">
     <span class='ocr_line' id='line_1_90' title="bbox 2294 4431 3868 4512; baseline -0.01 -15"><span class='ocrx_word' id='word_1_645' title='bbox 2294 4458 2509 4512; x_wconf 83' lang='lat' dir='ltr'><strong>semper</strong></span> <span class='ocrx_word' id='word_1_646' title='bbox 2548 4439 2781 4511; x_wconf 88' lang='lat' dir='ltr'><strong>pontiﬁci</strong></span> <span class='ocrx_word' id='word_1_647' title='bbox 2829 4436 3033 4490; x_wconf 87' lang='lat' dir='ltr'><strong>nuntiat</strong></span> <span class='ocrx_word' id='word_1_648' title='bbox 3062 4434 3130 4489; x_wconf 86' lang='lat' dir='ltr'><strong>de</strong></span> <span class='ocrx_word' id='word_1_649' title='bbox 3176 4434 3505 4488; x_wconf 72' lang='lat' dir='ltr'><strong>can&#39;eriltus.</strong></span> <span class='ocrx_word' id='word_1_650' title='bbox 3549 4431 3705 4497; x_wconf 89' lang='lat' dir='ltr'><strong>Quod</strong></span> <span class='ocrx_word' id='word_1_651' title='bbox 3746 4445 3868 4484; x_wconf 88' lang='lat' dir='ltr'><strong>cum</strong></span> 
     </span>
    </p>
   </div>
   <div class='ocr_carea' id='block_1_91' title="bbox 621 4523 3879 4603">
    <p class='ocr_par' dir='ltr' id='par_1_91' title="bbox 621 4523 3879 4603">
     <span class='ocr_line' id='line_1_91' title="bbox 621 4523 3879 4603; baseline -0.002 -20"><span class='ocrx_word' id='word_1_652' title='bbox 621 4529 835 4594; x_wconf 81' lang='lat' dir='ltr'><strong>larium,</strong></span> <span class='ocrx_word' id='word_1_653' title='bbox 883 4535 1206 4582; x_wconf 88' lang='lat' dir='ltr'><strong>sustentatus</strong></span> <span class='ocrx_word' id='word_1_654' title='bbox 1251 4526 1658 4603; x_wconf 79' lang='lat' dir='ltr'><strong>a_diaconibus,</strong></span> <span class='ocrx_word' id='word_1_655' title='bbox 1706 4532 1793 4596; x_wconf 90' lang='lat' dir='ltr'><strong>qni</strong></span> <span class='ocrx_word' id='word_1_656' title='bbox 1840 4548 1959 4587; x_wconf 90' lang='lat' dir='ltr'><strong>cum</strong></span> <span class='ocrx_word' id='word_1_657' title='bbox 2008 4551 2164 4592; x_wconf 70' lang='lat' dir='ltr'><strong>susce</strong></span> <span class='ocrx_word' id='word_1_658' title='bbox 2219 4523 2269 4584; x_wconf 81' lang='grc' dir='ltr'><strong>ι)</strong></span> <span class='ocrx_word' id='word_1_659' title='bbox 2299 4535 2592 4587; x_wconf 81' lang='lat' dir='ltr'><strong>nuutialllm</strong></span> <span class='ocrx_word' id='word_1_660' title='bbox 2685 4530 2886 4593; x_wconf 76' lang='lat' dir='ltr'><strong>fuerit,</strong></span> <span class='ocrx_word' id='word_1_661' title='bbox 2961 4527 3141 4581; x_wconf 88' lang='lat' dir='ltr'><strong>statim</strong></span> <span class='ocrx_word' id='word_1_662' title='bbox 3205 4525 3448 4594; x_wconf 85' lang='lat' dir='ltr'><strong>sequitur</strong></span> <span class='ocrx_word' id='word_1_663' title='bbox 3514 4524 3879 4579; x_wconf 68' lang='lat' dir='ltr'><strong>subdiaconus</strong></span> 
     </span>
    </p>
   </div>
   <div class='ocr_carea' id='block_1_92' title="bbox 621 4616 2184 4693">
    <p class='ocr_par' dir='ltr' id='par_1_92' title="bbox 621 4616 2184 4693">
     <span class='ocr_line' id='line_1_92' title="bbox 621 4616 2184 4693; baseline 0.004 -19"><span class='ocrx_word' id='word_1_664' title='bbox 621 4621 797 4688; x_wconf 85' lang='lat' dir='ltr'><strong>perint</strong></span> <span class='ocrx_word' id='word_1_665' title='bbox 821 4617 889 4673; x_wconf 91' lang='lat' dir='ltr'><strong>de</strong></span> <span class='ocrx_word' id='word_1_666' title='bbox 921 4616 1136 4672; x_wconf 90' lang='lat' dir='ltr'><strong>sellario</strong></span> <span class='ocrx_word' id='word_1_667' title='bbox 1168 4616 1597 4685; x_wconf 84' lang='lat' dir='ltr'><strong>descendentem,</strong></span> <span class='ocrx_word' id='word_1_668' title='bbox 1625 4618 1709 4673; x_wconf 91' lang='lat' dir='ltr'><strong>ubi</strong></span> <span class='ocrx_word' id='word_1_669' title='bbox 1739 4620 1862 4675; x_wconf 91' lang='lat' dir='ltr'><strong>dum</strong></span> <span class='ocrx_word' id='word_1_670' title='bbox 1891 4623 2184 4693; x_wconf 87' lang='lat' dir='ltr'><strong>intraverit,</strong></span> 
     </span>
    </p>
   </div>
   <div class='ocr_carea' id='block_1_93' title="bbox 623 4707 2183 4781">
    <p class='ocr_par' dir='ltr' id='par_1_93' title="bbox 623 4707 2183 4781">
     <span class='ocr_line' id='line_1_93' title="bbox 623 4707 2183 4781; baseline 0.004 -16"><span class='ocrx_word' id='word_1_671' title='bbox 623 4710 770 4764; x_wconf 82' lang='lat' dir='ltr'><strong>sedet</strong></span> <span class='ocrx_word' id='word_1_672' title='bbox 797 4710 847 4762; x_wconf 91' lang='lat' dir='ltr'><strong>in</strong></span> <span class='ocrx_word' id='word_1_673' title='bbox 901 4707 1033 4762; x_wconf 90' lang='lat' dir='ltr'><strong>sella</strong></span> <span class='ocrx_word' id='word_1_674' title='bbox 1078 4720 1194 4769; x_wconf 88' lang='lat' dir='ltr'><strong>sua,</strong></span> <span class='ocrx_word' id='word_1_675' title='bbox 1223 4715 1277 4760; x_wconf 90' lang='lat' dir='ltr'><strong>et</strong></span> <span class='ocrx_word' id='word_1_676' title='bbox 1326 4708 1598 4775; x_wconf 88' lang='lat' dir='ltr'><strong>diaeones,</strong></span> <span class='ocrx_word' id='word_1_677' title='bbox 1642 4709 1869 4764; x_wconf 90' lang='lat' dir='ltr'><strong>salutato</strong></span> <span class='ocrx_word' id='word_1_678' title='bbox 1912 4714 2183 4781; x_wconf 89' lang='lat' dir='ltr'><strong>pontiﬁce,</strong></span> 
     </span>
    </p>
   </div>
   <div class='ocr_carea' id='block_1_94' title="bbox 624 4797 2184 4870">
    <p class='ocr_par' dir='ltr' id='par_1_94' title="bbox 624 4797 2184 4870">
     <span class='ocr_line' id='line_1_94' title="bbox 624 4797 2184 4870; baseline 0.003 -16"><span class='ocrx_word' id='word_1_679' title='bbox 624 4799 969 4869; x_wconf 77' lang='lat' dir='ltr'><strong>egrediuntur</strong></span> <span class='ocrx_word' id='word_1_680' title='bbox 998 4797 1360 4865; x_wconf 88' lang='lat' dir='ltr'><strong>secretarium,</strong></span> <span class='ocrx_word' id='word_1_681' title='bbox 1388 4807 1441 4853; x_wconf 88' lang='lat' dir='ltr'><strong>et</strong></span> <span class='ocrx_word' id='word_1_682' title='bbox 1469 4808 1591 4853; x_wconf 87' lang='lat' dir='ltr'><strong>ante</strong></span> <span class='ocrx_word' id='word_1_683' title='bbox 1621 4799 1760 4854; x_wconf 90' lang='lat' dir='ltr'><strong>fores</strong></span> <span class='ocrx_word' id='word_1_684' title='bbox 1790 4799 2033 4870; x_wconf 87' lang='lat' dir='ltr'><strong>ejusdem</strong></span> <span class='ocrx_word' id='word_1_685' title='bbox 2068 4822 2184 4859; x_wconf 89' lang='lat' dir='ltr'><strong>tnu-</strong></span> 
     </span>
    </p>
   </div>
   <div class='ocr_carea' id='block_1_95' title="bbox 694 4957 2190 5028">
    <p class='ocr_par' dir='ltr' id='par_1_95' title="bbox 694 4957 2190 5028">
     <span class='ocr_line' id='line_1_95' title="bbox 694 4957 2190 5028; baseline 0.003 -13"><span class='ocrx_word' id='word_1_686' title='bbox 694 4970 718 4997; x_wconf 68' lang='grc' dir='ltr'><strong>τι</strong></span> <span class='ocrx_word' id='word_1_687' title='bbox 751 4958 1028 5028; x_wconf 64' lang='grc' dir='ltr'><strong>Ριιςίιιςςτίε</strong></span> <span class='ocrx_word' id='word_1_688' title='bbox 1058 4958 1155 5011; x_wconf 89' lang='lat' dir='ltr'><strong>hoc</strong></span> <span class='ocrx_word' id='word_1_689' title='bbox 1187 4957 1596 5028; x_wconf 77' lang='lat' dir='ltr'><strong>locosigniﬁeat</strong></span> <span class='ocrx_word' id='word_1_690' title='bbox 1622 4957 1881 5013; x_wconf 82' lang='lat' dir='ltr'><strong>calamum</strong></span> <span class='ocrx_word' id='word_1_691' title='bbox 1918 4975 2012 5015; x_wconf 90' lang='lat' dir='ltr'><strong>seu</strong></span> <span class='ocrx_word' id='word_1_692' title='bbox 2043 4963 2190 5020; x_wconf 85' lang='lat' dir='ltr'><strong>ﬁstu-</strong></span> 
     </span>
    </p>
   </div>
   <div class='ocr_carea' id='block_1_96' title="bbox 621 5027 2185 5110">
    <p class='ocr_par' dir='ltr' id='par_1_96' title="bbox 621 5027 2185 5110">
     <span class='ocr_line' id='line_1_96' title="bbox 621 5027 2185 5110; baseline 0.005 -28"><span class='ocrx_word' id='word_1_693' title='bbox 621 5034 747 5110; x_wconf 66' lang='lat' dir='ltr'><strong>lam,</strong></span> <span class='ocrx_word' id='word_1_694' title='bbox 769 5027 879 5110; x_wconf 66' lang='lat' dir='ltr'><strong>qua</strong></span> <span class='ocrx_word' id='word_1_695' title='bbox 913 5030 1126 5110; x_wconf 80' lang='lat' dir='ltr'><strong>sanguis</strong></span> <span class='ocrx_word' id='word_1_696' title='bbox 1170 5027 1431 5110; x_wconf 47' lang='lat' dir='ltr'><strong>[lontini‘e</strong></span> <span class='ocrx_word' id='word_1_697' title='bbox 1451 5043 1606 5110; x_wconf 80' lang='lat' dir='ltr'><strong>sacro</strong></span> <span class='ocrx_word' id='word_1_698' title='bbox 1634 5030 1797 5110; x_wconf 76' lang='lat' dir='ltr'><strong>calice</strong></span> <span class='ocrx_word' id='word_1_699' title='bbox 1825 5030 2185 5110; x_wconf 77' lang='lat' dir='ltr'><strong>haurieba&#39;ur.</strong></span> 
     </span>
    </p>
   </div>
   <div class='ocr_carea' id='block_1_97' title="bbox 622 5096 2191 5172">
    <p class='ocr_par' dir='ltr' id='par_1_97' title="bbox 622 5096 2191 5172">
     <span class='ocr_line' id='line_1_97' title="bbox 622 5096 2191 5172; baseline 0.015 -20"><span class='ocrx_word' id='word_1_700' title='bbox 622 5096 840 5172; x_wconf 69' lang='lat' dir='ltr'><strong>Sryplti,</strong></span> <span class='ocrx_word' id='word_1_701' title='bbox 870 5102 1060 5153; x_wconf 82' lang='lat' dir='ltr'><strong>calices</strong></span> <span class='ocrx_word' id='word_1_702' title='bbox 1090 5097 1464 5172; x_wconf 81' lang='lat' dir='ltr'><strong>mmisteriaies</strong></span> <span class='ocrx_word' id='word_1_703' title='bbox 1492 5100 1644 5172; x_wconf 57' lang='lat' dir='ltr'><strong>909W</strong></span> <span class='ocrx_word' id='word_1_704' title='bbox 1672 5096 1880 5172; x_wconf 68' lang='lat' dir='ltr'><strong>horum.</strong></span> <span class='ocrx_word' id='word_1_705' title='bbox 1913 5101 1980 5157; x_wconf 68' lang='lat' dir='ltr'><strong>de</strong></span> <span class='ocrx_word' id='word_1_706' title='bbox 2001 5105 2191 5172; x_wconf 66' lang='lat' dir='ltr'><strong>quibus</strong></span> 
     </span>
    </p>
   </div>
   <div class='ocr_carea' id='block_1_98' title="bbox 624 5163 2190 5233">
    <p class='ocr_par' dir='ltr' id='par_1_98' title="bbox 624 5163 2190 5233">
     <span class='ocr_line' id='line_1_98' title="bbox 624 5163 2190 5233; baseline 0.003 -9"><span class='ocrx_word' id='word_1_707' title='bbox 624 5163 780 5225; x_wconf 64' lang='lat' dir='ltr'><strong>tofi-Ii.</strong></span> <span class='ocrx_word' id='word_1_708' title='bbox 832 5163 1179 5233; x_wconf 81' lang='lat' dir='ltr'><strong>Colatorium,</strong></span> <span class='ocrx_word' id='word_1_709' title='bbox 1239 5170 1509 5221; x_wconf 84' lang='lat' dir='ltr'><strong>vasculum</strong></span> <span class='ocrx_word' id='word_1_710' title='bbox 1563 5163 1911 5223; x_wconf 76' lang='lat' dir='ltr'><strong>foraminibus</strong></span> <span class='ocrx_word' id='word_1_711' title='bbox 1967 5163 2034 5225; x_wconf 61' lang='lat' dir='ltr'><strong>at}</strong></span> <span class='ocrx_word' id='word_1_712' title='bbox 2081 5172 2190 5228; x_wconf 90' lang='lat' dir='ltr'><strong>imo</strong></span> 
     </span>
    </p>
   </div>
   <div class='ocr_carea' id='block_1_99' title="bbox 622 5238 2184 5309">
    <p class='ocr_par' dir='ltr' id='par_1_99' title="bbox 622 5238 2184 5309">
     <span class='ocr_line' id='line_1_99' title="bbox 622 5238 2184 5309; baseline 0.006 -19"><span class='ocrx_word' id='word_1_713' title='bbox 622 5243 972 5309; x_wconf 72' lang='lat' dir='ltr'><strong>perforatum,</strong></span> <span class='ocrx_word' id='word_1_714' title='bbox 1004 5256 1108 5306; x_wconf 81' lang='lat' dir='ltr'><strong>quo</strong></span> <span class='ocrx_word' id='word_1_715' title='bbox 1151 5239 1326 5291; x_wconf 84' lang='lat' dir='ltr'><strong>vinum</strong></span> <span class='ocrx_word' id='word_1_716' title='bbox 1379 5253 1441 5309; x_wconf 61' lang='lat' dir='ltr'><strong>es</strong></span> <span class='ocrx_word' id='word_1_717' title='bbox 1474 5238 1796 5309; x_wconf 24' lang='lat' dir='ltr'><strong>amulisiseu</strong></span> <span class='ocrx_word' id='word_1_718' title='bbox 1824 5243 2069 5309; x_wconf 89' lang='lat' dir='ltr'><strong>ampullis</strong></span> <span class='ocrx_word' id='word_1_719' title='bbox 2102 5259 2184 5299; x_wconf 89' lang='lat' dir='ltr'><strong>re-</strong></span> 
     </span>
    </p>
   </div>
   <div class='ocr_carea' id='block_1_100' title="bbox 622 5307 2187 5381">
    <p class='ocr_par' dir='ltr' id='par_1_100' title="bbox 622 5307 2187 5381">
     <span class='ocr_line' id='line_1_100' title="bbox 622 5307 2187 5381; baseline 0.003 -20"><span class='ocrx_word' id='word_1_720' title='bbox 622 5307 900 5381; x_wconf 68' lang='lat' dir='ltr'><strong>jmrgalum</strong></span> <span class='ocrx_word' id='word_1_721' title='bbox 933 5314 982 5363; x_wconf 89' lang='lat' dir='ltr'><strong>in</strong></span> <span class='ocrx_word' id='word_1_722' title='bbox 1007 5311 1221 5364; x_wconf 56' lang='lat' dir='ltr'><strong>calica‘m</strong></span> <span class='ocrx_word' id='word_1_723' title='bbox 1251 5307 1645 5381; x_wconf 80' lang='lat' dir='ltr'><strong>relundebatttr.</strong></span> <span class='ocrx_word' id='word_1_724' title='bbox 1664 5307 2019 5381; x_wconf 23' lang='lat' dir='ltr'><strong>Gemellio‘nes</strong></span> <span class='ocrx_word' id='word_1_725' title='bbox 2040 5314 2187 5367; x_wconf 85' lang='lat' dir='ltr'><strong>Onu-</strong></span> 
     </span>
    </p>
   </div>
   <div class='ocr_carea' id='block_1_101' title="bbox 627 5378 2183 5450">
    <p class='ocr_par' dir='ltr' id='par_1_101' title="bbox 627 5378 2183 5450">
     <span class='ocr_line' id='line_1_101' title="bbox 627 5378 2183 5450; baseline 0.003 -18"><span class='ocrx_word' id='word_1_726' title='bbox 627 5378 756 5434; x_wconf 74' lang='lat' dir='ltr'><strong>frius</strong></span> <span class='ocrx_word' id='word_1_727' title='bbox 785 5383 1085 5450; x_wconf 86' lang='lat' dir='ltr'><strong>suspicatur</strong></span> <span class='ocrx_word' id='word_1_728' title='bbox 1112 5395 1230 5433; x_wconf 72' lang='lat' dir='ltr'><strong>esse</strong></span> <span class='ocrx_word' id='word_1_729' title='bbox 1270 5392 1491 5450; x_wconf 82' lang='lat' dir='ltr'><strong>urceos,</strong></span> <span class='ocrx_word' id='word_1_730' title='bbox 1534 5378 1599 5429; x_wconf 91' lang='lat' dir='ltr'><strong>ad</strong></span> <span class='ocrx_word' id='word_1_731' title='bbox 1624 5379 2024 5450; x_wconf 70' lang='lat' dir='ltr'><strong>infundendum</strong></span> <span class='ocrx_word' id='word_1_732' title='bbox 2075 5387 2183 5437; x_wconf 82' lang='lat' dir='ltr'><strong>sci-</strong></span> 
     </span>
    </p>
   </div>
   <div class='ocr_carea' id='block_1_102' title="bbox 627 5448 2181 5519">
    <p class='ocr_par' dir='ltr' id='par_1_102' title="bbox 627 5448 2181 5519">
     <span class='ocr_line' id='line_1_102' title="bbox 627 5448 2181 5519; baseline 0.003 -16"><span class='ocrx_word' id='word_1_733' title='bbox 627 5451 744 5504; x_wconf 85' lang='lat' dir='ltr'><strong>licet</strong></span> <span class='ocrx_word' id='word_1_734' title='bbox 777 5452 828 5504; x_wconf 91' lang='lat' dir='ltr'><strong>in</strong></span> <span class='ocrx_word' id='word_1_735' title='bbox 862 5448 891 5503; x_wconf 82' lang='lat' dir='ltr'><strong>ti</strong></span> <span class='ocrx_word' id='word_1_736' title='bbox 915 5466 1048 5505; x_wconf 91' lang='lat' dir='ltr'><strong>auus</strong></span> <span class='ocrx_word' id='word_1_737' title='bbox 1070 5452 1336 5519; x_wconf 82' lang='lat' dir='ltr'><strong>pontiﬁcis</strong></span> <span class='ocrx_word' id='word_1_738' title='bbox 1364 5448 1589 5519; x_wconf 83' lang='lat' dir='ltr'><strong>ejusque</strong></span> <span class='ocrx_word' id='word_1_739' title='bbox 1613 5448 1788 5503; x_wconf 87' lang='lat' dir='ltr'><strong>forsan</strong></span> <span class='ocrx_word' id='word_1_740' title='bbox 1817 5452 2181 5507; x_wconf 87' lang='lat' dir='ltr'><strong>ministrorum</strong></span> 
     </span>
    </p>
   </div>
   <div class='ocr_carea' id='block_1_103' title="bbox 626 5518 2183 5590">
    <p class='ocr_par' dir='ltr' id='par_1_103' title="bbox 626 5518 2183 5590">
     <span class='ocr_line' id='line_1_103' title="bbox 626 5518 2183 5590; baseline 0.003 -17"><span class='ocrx_word' id='word_1_741' title='bbox 626 5537 836 5589; x_wconf 83' lang='lat' dir='ltr'><strong>aquam,</strong></span> <span class='ocrx_word' id='word_1_742' title='bbox 870 5536 985 5586; x_wconf 75' lang='lat' dir='ltr'><strong>qua:</strong></span> <span class='ocrx_word' id='word_1_743' title='bbox 1039 5518 1088 5572; x_wconf 85' lang='lat' dir='ltr'><strong>in</strong></span> <span class='ocrx_word' id='word_1_744' title='bbox 1121 5521 1411 5590; x_wconf 81' lang='lat' dir='ltr'><strong>subjectam</strong></span> <span class='ocrx_word' id='word_1_745' title='bbox 1458 5518 1652 5590; x_wconf 82' lang='lat' dir='ltr'><strong>pelvirn</strong></span> <span class='ocrx_word' id='word_1_746' title='bbox 1702 5520 2100 5590; x_wconf 80' lang='lat' dir='ltr'><strong>(aquamauunt,</strong></span> <span class='ocrx_word' id='word_1_747' title='bbox 2132 5525 2183 5577; x_wconf 90' lang='lat' dir='ltr'><strong>id</strong></span> 
     </span>
    </p>
   </div>
   <div class='ocr_carea' id='block_1_104' title="bbox 626 5587 2184 5657">
    <p class='ocr_par' dir='ltr' id='par_1_104' title="bbox 626 5587 2184 5657">
     <span class='ocr_line' id='line_1_104' title="bbox 626 5587 2184 5657; baseline 0.001 -13"><span class='ocrx_word' id='word_1_748' title='bbox 626 5604 711 5644; x_wconf 79' lang='lat' dir='ltr'><strong>est</strong></span> <span class='ocrx_word' id='word_1_749' title='bbox 737 5587 1081 5656; x_wconf 76' lang='lat' dir='ltr'><strong>aquatnanile,</strong></span> <span class='ocrx_word' id='word_1_750' title='bbox 1134 5587 1227 5642; x_wconf 89' lang='lat' dir='ltr'><strong>hic</strong></span> <span class='ocrx_word' id='word_1_751' title='bbox 1266 5587 1480 5657; x_wconf 85' lang='lat' dir='ltr'><strong>vocant)</strong></span> <span class='ocrx_word' id='word_1_752' title='bbox 1520 5587 1912 5657; x_wconf 68' lang='lat' dir='ltr'><strong>excipiebatur.</strong></span> <span class='ocrx_word' id='word_1_753' title='bbox 1945 5593 2184 5645; x_wconf 85' lang='lat' dir='ltr'><strong>Anasta-</strong></span> 
     </span>
    </p>
   </div>
   <div class='ocr_carea' id='block_1_105' title="bbox 632 5658 2179 5730">
    <p class='ocr_par' dir='ltr' id='par_1_105' title="bbox 632 5658 2179 5730">
     <span class='ocr_line' id='line_1_105' title="bbox 632 5658 2179 5730; baseline 0.003 -21"><span class='ocrx_word' id='word_1_754' title='bbox 632 5666 763 5717; x_wconf 75' lang='lat' dir='ltr'><strong>sius.</strong></span> <span class='ocrx_word' id='word_1_755' title='bbox 790 5662 850 5730; x_wconf 76' lang='lat' dir='ltr'><strong>in</strong></span> <span class='ocrx_word' id='word_1_756' title='bbox 871 5660 1125 5724; x_wconf 80' lang='lat' dir='ltr'><strong>Gregorio</strong></span> <span class='ocrx_word' id='word_1_757' title='bbox 1155 5658 1241 5721; x_wconf 82' lang='grc' dir='ltr'><strong>ιν,</strong></span> <span class='ocrx_word' id='word_1_758' title='bbox 1270 5658 1425 5730; x_wconf 76' lang='lat' dir='ltr'><strong>simul</strong></span> <span class='ocrx_word' id='word_1_759' title='bbox 1455 5658 1722 5730; x_wconf 74' lang='lat' dir='ltr'><strong>conjungit</strong></span> <span class='ocrx_word' id='word_1_760' title='bbox 1748 5676 1907 5720; x_wconf 82' lang='lat' dir='ltr'><strong>amas,</strong></span> <span class='ocrx_word' id='word_1_761' title='bbox 1942 5662 2179 5730; x_wconf 81' lang='lat' dir='ltr'><strong>scyphos,</strong></span> 
     </span>
    </p>
   </div>
   <div class='ocr_carea' id='block_1_106' title="bbox 637 5726 2182 5797">
    <p class='ocr_par' dir='ltr' id='par_1_106' title="bbox 637 5726 2182 5797">
     <span class='ocr_line' id='line_1_106' title="bbox 637 5726 2182 5797; baseline 0.003 -14"><span class='ocrx_word' id='word_1_762' title='bbox 637 5727 992 5797; x_wconf 66' lang='lat' dir='ltr'><strong>gcumiliones.</strong></span> <span class='ocrx_word' id='word_1_763' title='bbox 1026 5737 1081 5780; x_wconf 90' lang='lat' dir='ltr'><strong>ut</strong></span> <span class='ocrx_word' id='word_1_764' title='bbox 1116 5736 1368 5789; x_wconf 70' lang='lat' dir='ltr'><strong>appareat</strong></span> <span class='ocrx_word' id='word_1_765' title='bbox 1406 5726 1502 5781; x_wconf 87' lang='lat' dir='ltr'><strong>bos</strong></span> <span class='ocrx_word' id='word_1_766' title='bbox 1534 5727 1934 5797; x_wconf 84' lang='lat' dir='ltr'><strong>distinguettdos</strong></span> <span class='ocrx_word' id='word_1_767' title='bbox 1972 5726 2089 5786; x_wconf 74' lang='lat' dir='ltr'><strong>esse</strong></span> <span class='ocrx_word' id='word_1_768' title='bbox 2115 5734 2182 5788; x_wconf 87' lang='lat' dir='ltr'><strong>ab</strong></span> 
     </span>
    </p>
   </div>
   <div class='ocr_carea' id='block_1_107' title="bbox 2296 4616 3881 4688">
    <p class='ocr_par' dir='ltr' id='par_1_107' title="bbox 2296 4616 3881 4688">
     <span class='ocr_line' id='line_1_107' title="bbox 2296 4616 3881 4688; baseline -0.009 -8"><span class='ocrx_word' id='word_1_769' title='bbox 2296 4638 2483 4680; x_wconf 81' lang='lat' dir='ltr'><strong>aSIans</strong></span> <span class='ocrx_word' id='word_1_770' title='bbox 2533 4632 2657 4676; x_wconf 86' lang='lat' dir='ltr'><strong>ante</strong></span> <span class='ocrx_word' id='word_1_771' title='bbox 2704 4622 2886 4674; x_wconf 86' lang='lat' dir='ltr'><strong>faciem</strong></span> <span class='ocrx_word' id='word_1_772' title='bbox 2918 4619 3205 4688; x_wconf 82' lang='lat' dir='ltr'><strong>pontiﬁcis,</strong></span> <span class='ocrx_word' id='word_1_773' title='bbox 3236 4632 3405 4684; x_wconf 89' lang='lat' dir='ltr'><strong>usque</strong></span> <span class='ocrx_word' id='word_1_774' title='bbox 3447 4616 3573 4669; x_wconf 88' lang='lat' dir='ltr'><strong>dum</strong></span> <span class='ocrx_word' id='word_1_775' title='bbox 3601 4616 3648 4669; x_wconf 89' lang='lat' dir='ltr'><strong>ei</strong></span> <span class='ocrx_word' id='word_1_776' title='bbox 3682 4623 3881 4667; x_wconf 81' lang='lat' dir='ltr'><strong>annuat</strong></span> 
     </span>
    </p>
   </div>
   <div class='ocr_carea' id='block_1_108' title="bbox 2296 4708 3875 4786">
    <p class='ocr_par' dir='ltr' id='par_1_108' title="bbox 2296 4708 3875 4786">
     <span class='ocr_line' id='line_1_108' title="bbox 2296 4708 3875 4786; baseline -0.004 -19"><span class='ocrx_word' id='word_1_777' title='bbox 2296 4715 2535 4786; x_wconf 79' lang='lat' dir='ltr'><strong>pontifex</strong></span> <span class='ocrx_word' id='word_1_778' title='bbox 2573 4724 2631 4767; x_wconf 91' lang='lat' dir='ltr'><strong>ut</strong></span> <span class='ocrx_word' id='word_1_779' title='bbox 2664 4714 2925 4783; x_wconf 83' lang='lat' dir='ltr'><strong>psallam;</strong></span> <span class='ocrx_word' id='word_1_780' title='bbox 2958 4712 3042 4766; x_wconf 90' lang='lat' dir='ltr'><strong>cui</strong></span> <span class='ocrx_word' id='word_1_781' title='bbox 3074 4712 3199 4765; x_wconf 89' lang='lat' dir='ltr'><strong>dum</strong></span> <span class='ocrx_word' id='word_1_782' title='bbox 3223 4711 3488 4771; x_wconf 89' lang='lat' dir='ltr'><strong>annuerit,</strong></span> <span class='ocrx_word' id='word_1_783' title='bbox 3514 4708 3698 4763; x_wconf 87' lang='lat' dir='ltr'><strong>statim</strong></span> <span class='ocrx_word' id='word_1_784' title='bbox 3727 4724 3875 4776; x_wconf 66' lang='lat' dir='ltr'><strong>egre</strong></span> 
     </span>
    </p>
   </div>
   <div class='ocr_carea' id='block_1_109' title="bbox 2293 4799 3879 4869">
    <p class='ocr_par' dir='ltr' id='par_1_109' title="bbox 2293 4799 3879 4869">
     <span class='ocr_line' id='line_1_109' title="bbox 2293 4799 3879 4869; baseline -0.009 -5"><span class='ocrx_word' id='word_1_785' title='bbox 2293 4811 2436 4864; x_wconf 83' lang='lat' dir='ltr'><strong>ditur</strong></span> <span class='ocrx_word' id='word_1_786' title='bbox 2483 4816 2605 4859; x_wconf 89' lang='lat' dir='ltr'><strong>ante</strong></span> <span class='ocrx_word' id='word_1_787' title='bbox 2649 4804 2793 4859; x_wconf 85' lang='lat' dir='ltr'><strong>fores</strong></span> <span class='ocrx_word' id='word_1_788' title='bbox 2832 4803 3130 4869; x_wconf 69' lang='lat' dir='ltr'><strong>secretarii,</strong></span> <span class='ocrx_word' id='word_1_789' title='bbox 3173 4810 3231 4858; x_wconf 86' lang='lat' dir='ltr'><strong>et</strong></span> <span class='ocrx_word' id='word_1_790' title='bbox 3280 4802 3407 4855; x_wconf 87' lang='lat' dir='ltr'><strong>dicit</strong></span> <span class='ocrx_word' id='word_1_791' title='bbox 3438 4799 3744 4854; x_wconf 75' lang='lat' dir='ltr'><strong>Accendite.</strong></span> <span class='ocrx_word' id='word_1_792' title='bbox 3779 4799 3879 4865; x_wconf 83' lang='lat' dir='ltr'><strong>Qui</strong></span> 
     </span>
    </p>
   </div>
   <div class='ocr_carea' id='block_1_110' title="bbox 2294 4960 2790 5021">
    <p class='ocr_par' dir='ltr' id='par_1_110' title="bbox 2294 4960 2790 5021">
     <span class='ocr_line' id='line_1_110' title="bbox 2294 4960 2790 5021; baseline -0.014 0"><span class='ocrx_word' id='word_1_793' title='bbox 2294 4964 2432 5021; x_wconf 81' lang='lat' dir='ltr'><strong>amis</strong></span> <span class='ocrx_word' id='word_1_794' title='bbox 2458 4978 2550 5017; x_wconf 88' lang='lat' dir='ltr'><strong>seu</strong></span> <span class='ocrx_word' id='word_1_795' title='bbox 2578 4960 2790 5016; x_wconf 89' lang='lat' dir='ltr'><strong>amulis.</strong></span> 
     </span>
    </p>
   </div>
   <div class='ocr_carea' id='block_1_111' title="bbox 2362 5028 3885 5100">
    <p class='ocr_par' dir='ltr' id='par_1_111' title="bbox 2362 5028 3885 5100">
     <span class='ocr_line' id='line_1_111' title="bbox 2362 5028 3885 5100; baseline -0.007 -12"><span class='ocrx_word' id='word_1_796' title='bbox 2362 5034 2392 5075; x_wconf 66' lang='grc' dir='ltr'><strong>ι’</strong></span> <span class='ocrx_word' id='word_1_797' title='bbox 2424 5034 2475 5088; x_wconf 84' lang='grc' dir='ltr'><strong>1η</strong></span> <span class='ocrx_word' id='word_1_798' title='bbox 2501 5032 2737 5099; x_wconf 75' lang='lat' dir='ltr'><strong>Vulgatis</strong></span> <span class='ocrx_word' id='word_1_799' title='bbox 2766 5028 3143 5100; x_wconf 79' lang='lat' dir='ltr'><strong>anabolagium.</strong></span> <span class='ocrx_word' id='word_1_800' title='bbox 3176 5045 3336 5097; x_wconf 83' lang='lat' dir='ltr'><strong>quam</strong></span> <span class='ocrx_word' id='word_1_801' title='bbox 3370 5029 3654 5100; x_wconf 76' lang='lat' dir='ltr'><strong>lectionem</strong></span> <span class='ocrx_word' id='word_1_802' title='bbox 3703 5038 3885 5082; x_wconf 77' lang='lat' dir='ltr'><strong>tuetur</strong></span> 
     </span>
    </p>
   </div>
   <div class='ocr_carea' id='block_1_112' title="bbox 2291 5098 3917 5169">
    <p class='ocr_par' dir='ltr' id='par_1_112' title="bbox 2291 5098 3917 5169">
     <span class='ocr_line' id='line_1_112' title="bbox 2291 5098 3917 5169; baseline -0.007 -8"><span class='ocrx_word' id='word_1_803' title='bbox 2291 5104 2690 5162; x_wconf 87' lang='lat' dir='ltr'><strong>eruditissimus</strong></span> <span class='ocrx_word' id='word_1_804' title='bbox 2718 5101 2950 5169; x_wconf 78' lang='lat' dir='ltr'><strong>Congius</strong></span> <span class='ocrx_word' id='word_1_805' title='bbox 2980 5098 3030 5154; x_wconf 85' lang='lat' dir='ltr'><strong>in</strong></span> <span class='ocrx_word' id='word_1_806' title='bbox 3076 5101 3370 5155; x_wconf 85' lang='lat' dir='ltr'><strong>Glossario.</strong></span> <span class='ocrx_word' id='word_1_807' title='bbox 3415 5103 3484 5154; x_wconf 85' lang='lat' dir='ltr'><strong>At</strong></span> <span class='ocrx_word' id='word_1_808' title='bbox 3515 5098 3647 5152; x_wconf 90' lang='lat' dir='ltr'><strong>nihil</strong></span> <span class='ocrx_word' id='word_1_809' title='bbox 3695 5107 3880 5151; x_wconf 84' lang='lat' dir='ltr'><strong>tamen</strong></span> <span class='ocrx_word' id='word_1_810' title='bbox 3912 5120 3917 5125; x_wconf 66' lang='grc' dir='ltr'><strong><em>σ</em></strong></span> 
     </span>
    </p>
   </div>
   <div class='ocr_carea' id='block_1_113' title="bbox 2292 5169 3881 5230">
    <p class='ocr_par' dir='ltr' id='par_1_113' title="bbox 2292 5169 3881 5230">
     <span class='ocr_line' id='line_1_113' title="bbox 2292 5169 3881 5230; baseline -0.008 1"><span class='ocrx_word' id='word_1_811' title='bbox 2292 5174 2605 5230; x_wconf 86' lang='lat' dir='ltr'><strong>mutandum</strong></span> <span class='ocrx_word' id='word_1_812' title='bbox 2658 5171 2828 5224; x_wconf 86' lang='lat' dir='ltr'><strong>suasit</strong></span> <span class='ocrx_word' id='word_1_813' title='bbox 2870 5185 2973 5223; x_wconf 92' lang='lat' dir='ltr'><strong>non</strong></span> <span class='ocrx_word' id='word_1_814' title='bbox 3021 5171 3194 5224; x_wconf 90' lang='lat' dir='ltr'><strong>solum</strong></span> <span class='ocrx_word' id='word_1_815' title='bbox 3252 5169 3644 5224; x_wconf 87' lang='lat' dir='ltr'><strong>vetustissimus</strong></span> <span class='ocrx_word' id='word_1_816' title='bbox 3693 5169 3881 5223; x_wconf 73' lang='lat' dir='ltr'><strong>Codex</strong></span> 
     </span>
    </p>
   </div>
   <div class='ocr_carea' id='block_1_114' title="bbox 2293 5238 3885 5305">
    <p class='ocr_par' dir='ltr' id='par_1_114' title="bbox 2293 5238 3885 5305">
     <span class='ocr_line' id='line_1_114' title="bbox 2293 5238 3885 5305; baseline -0.007 -6"><span class='ocrx_word' id='word_1_817' title='bbox 2293 5245 2463 5299; x_wconf 87' lang='lat' dir='ltr'><strong>sancti</strong></span> <span class='ocrx_word' id='word_1_818' title='bbox 2518 5240 2653 5296; x_wconf 87' lang='lat' dir='ltr'><strong>Galli</strong></span> <span class='ocrx_word' id='word_1_819' title='bbox 2702 5240 2804 5293; x_wconf 84' lang='lat' dir='ltr'><strong>hoc</strong></span> <span class='ocrx_word' id='word_1_820' title='bbox 2848 5240 2985 5300; x_wconf 82' lang='lat' dir='ltr'><strong>loco.</strong></span> <span class='ocrx_word' id='word_1_821' title='bbox 3015 5241 3108 5294; x_wconf 88' lang='lat' dir='ltr'><strong>sed</strong></span> <span class='ocrx_word' id='word_1_822' title='bbox 3140 5241 3298 5295; x_wconf 89' lang='lat' dir='ltr'><strong>etiam</strong></span> <span class='ocrx_word' id='word_1_823' title='bbox 3331 5241 3469 5294; x_wconf 89' lang='lat' dir='ltr'><strong>alter</strong></span> <span class='ocrx_word' id='word_1_824' title='bbox 3524 5252 3679 5305; x_wconf 75' lang='lat' dir='ltr'><strong>aeque</strong></span> <span class='ocrx_word' id='word_1_825' title='bbox 3735 5238 3885 5290; x_wconf 85' lang='lat' dir='ltr'><strong>anti-</strong></span> 
     </span>
    </p>
   </div>
   <div class='ocr_carea' id='block_1_115' title="bbox 2293 5307 3887 5384">
    <p class='ocr_par' dir='ltr' id='par_1_115' title="bbox 2293 5307 3887 5384">
     <span class='ocr_line' id='line_1_115' title="bbox 2293 5307 3887 5384; baseline -0.004 -19"><span class='ocrx_word' id='word_1_826' title='bbox 2293 5330 2448 5384; x_wconf 88' lang='lat' dir='ltr'><strong>quus,</strong></span> <span class='ocrx_word' id='word_1_827' title='bbox 2480 5312 2531 5365; x_wconf 92' lang='lat' dir='ltr'><strong>in</strong></span> <span class='ocrx_word' id='word_1_828' title='bbox 2572 5327 2676 5384; x_wconf 83' lang='lat' dir='ltr'><strong>quo</strong></span> <span class='ocrx_word' id='word_1_829' title='bbox 2700 5310 2928 5363; x_wconf 89' lang='lat' dir='ltr'><strong>habetur</strong></span> <span class='ocrx_word' id='word_1_830' title='bbox 2953 5311 3101 5384; x_wconf 77' lang='lat' dir='ltr'><strong>Ordo</strong></span> <span class='ocrx_word' id='word_1_831' title='bbox 3129 5311 3302 5384; x_wconf 67' lang='lat' dir='ltr'><strong>Missa:</strong></span> <span class='ocrx_word' id='word_1_832' title='bbox 3341 5308 3694 5384; x_wconf 69' lang='lat' dir='ltr'><strong>episcopalis,</strong></span> <span class='ocrx_word' id='word_1_833' title='bbox 3712 5307 3887 5384; x_wconf 56' lang='grc' dir='ltr'><em>μήτε,</em></span> 
     </span>
    </p>
   </div>
   <div class='ocr_carea' id='block_1_116' title="bbox 2293 5377 3887 5463">
    <p class='ocr_par' dir='ltr' id='par_1_116' title="bbox 2293 5377 3887 5463">
     <span class='ocr_line' id='line_1_116' title="bbox 2293 5377 3887 5463; baseline -0.006 -26"><span class='ocrx_word' id='word_1_834' title='bbox 2415 5382 2651 5463; x_wconf 55' lang='grc' dir='ltr'><strong>(ξηαροιαὶ</strong></span> <span class='ocrx_word' id='word_1_835' title='bbox 2693 5390 2749 5463; x_wconf 68' lang='lat' dir='ltr'><strong>et</strong></span> <span class='ocrx_word' id='word_1_836' title='bbox 2774 5381 3046 5463; x_wconf 61' lang='lat' dir='ltr'><strong>auaqolagi</strong></span> <span class='ocrx_word' id='word_1_837' title='bbox 3092 5379 3302 5460; x_wconf 76' lang='lat' dir='ltr'><strong>legitur.</strong></span> <span class='ocrx_word' id='word_1_838' title='bbox 3353 5377 3621 5463; x_wconf 65' lang='lat' dir='ltr'><strong>Gctcrum</strong></span> <span class='ocrx_word' id='word_1_839' title='bbox 3653 5377 3887 5463; x_wconf 65' lang='lat' dir='ltr'><strong>adverte</strong></span> 
     </span>
    </p>
   </div>
   <div class='ocr_carea' id='block_1_117' title="bbox 2293 5448 3884 5519">
    <p class='ocr_par' dir='ltr' id='par_1_117' title="bbox 2293 5448 3884 5519">
     <span class='ocr_line' id='line_1_117' title="bbox 2293 5448 3884 5519; baseline -0.005 -12"><span class='ocrx_word' id='word_1_840' title='bbox 2293 5452 2379 5507; x_wconf 87' lang='lat' dir='ltr'><strong>bis</strong></span> <span class='ocrx_word' id='word_1_841' title='bbox 2436 5448 2587 5519; x_wconf 67' lang='lat' dir='ltr'><strong>locis,</strong></span> <span class='ocrx_word' id='word_1_842' title='bbox 2635 5448 3023 5518; x_wconf 60' lang='lat' dir='ltr'><strong>anabolagium&#39;,</strong></span> <span class='ocrx_word' id='word_1_843' title='bbox 3083 5448 3198 5504; x_wconf 86' lang='lat' dir='ltr'><strong>sive</strong></span> <span class='ocrx_word' id='word_1_844' title='bbox 3243 5449 3636 5519; x_wconf 81' lang='lat' dir='ltr'><strong>anagolagium,</strong></span> <span class='ocrx_word' id='word_1_845' title='bbox 3697 5448 3763 5519; x_wconf 8' lang='lat' dir='ltr'><strong>id,</strong></span> <span class='ocrx_word' id='word_1_846' title='bbox 3800 5458 3884 5499; x_wconf 73' lang='lat' dir='ltr'><strong>est</strong></span> 
     </span>
    </p>
   </div>
   <div class='ocr_carea' id='block_1_118' title="bbox 2292 5517 3889 5591">
    <p class='ocr_par' dir='ltr' id='par_1_118' title="bbox 2292 5517 3889 5591">
     <span class='ocr_line' id='line_1_118' title="bbox 2292 5517 3889 5591; baseline -0.004 -17"><span class='ocrx_word' id='word_1_847' title='bbox 2292 5517 2580 5591; x_wconf 75' lang='lat' dir='ltr'><strong>amictum,</strong></span> <span class='ocrx_word' id='word_1_848' title='bbox 2615 5517 2896 5588; x_wconf 84' lang='lat' dir='ltr'><strong>utrobique</strong></span> <span class='ocrx_word' id='word_1_849' title='bbox 2925 5522 3046 5587; x_wconf 91' lang='lat' dir='ltr'><strong>poni</strong></span> <span class='ocrx_word' id='word_1_850' title='bbox 3090 5535 3255 5587; x_wconf 89' lang='lat' dir='ltr'><strong>super</strong></span> <span class='ocrx_word' id='word_1_851' title='bbox 3292 5517 3466 5574; x_wconf 81' lang='lat' dir='ltr'><strong>albam</strong></span> <span class='ocrx_word' id='word_1_852' title='bbox 3494 5528 3550 5572; x_wconf 89' lang='lat' dir='ltr'><strong>et</strong></span> <span class='ocrx_word' id='word_1_853' title='bbox 3584 5517 3889 5587; x_wconf 76' lang='lat' dir='ltr'><strong>cingulum,</strong></span> 
     </span>
    </p>
   </div>
   <div class='ocr_carea' id='block_1_119' title="bbox 2294 5591 3659 5658">
    <p class='ocr_par' dir='ltr' id='par_1_119' title="bbox 2294 5591 3659 5658">
     <span class='ocr_line' id='line_1_119' title="bbox 2294 5591 3659 5658; baseline -0.004 -13"><span class='ocrx_word' id='word_1_854' title='bbox 2294 5596 2368 5645; x_wconf 87' lang='lat' dir='ltr'><strong>uti</strong></span> <span class='ocrx_word' id='word_1_855' title='bbox 2404 5591 2682 5645; x_wconf 83' lang='lat' dir='ltr'><strong>Maronitis</strong></span> <span class='ocrx_word' id='word_1_856' title='bbox 2714 5592 3036 5658; x_wconf 82' lang='lat' dir='ltr'><strong>presbyteris</strong></span> <span class='ocrx_word' id='word_1_857' title='bbox 3062 5603 3175 5643; x_wconf 88' lang='lat' dir='ltr'><strong>mos</strong></span> <span class='ocrx_word' id='word_1_858' title='bbox 3198 5592 3461 5643; x_wconf 81' lang='lat' dir='ltr'><strong>estetiam</strong></span> <span class='ocrx_word' id='word_1_859' title='bbox 3494 5601 3659 5658; x_wconf 88' lang='lat' dir='ltr'><strong>nunc.</strong></span> 
     </span>
    </p>
   </div>
   <div class='ocr_carea' id='block_1_120' title="bbox 2366 5655 3888 5730">
    <p class='ocr_par' dir='ltr' id='par_1_120' title="bbox 2366 5655 3888 5730">
     <span class='ocr_line' id='line_1_120' title="bbox 2366 5655 3888 5730; baseline -0.003 -15"><span class='ocrx_word' id='word_1_860' title='bbox 2366 5671 2389 5700; x_wconf 75' lang='grc' dir='ltr'><strong>ο</strong></span> <span class='ocrx_word' id='word_1_861' title='bbox 2424 5662 2477 5715; x_wconf 91' lang='lat' dir='ltr'><strong>ld</strong></span> <span class='ocrx_word' id='word_1_862' title='bbox 2508 5671 2608 5723; x_wconf 89' lang='lat' dir='ltr'><strong>est,</strong></span> <span class='ocrx_word' id='word_1_863' title='bbox 2660 5655 2965 5730; x_wconf 78' lang='lat' dir='ltr'><strong>etquidem</strong></span> <span class='ocrx_word' id='word_1_864' title='bbox 3008 5660 3353 5729; x_wconf 79' lang='lat' dir='ltr'><strong>interpretari</strong></span> <span class='ocrx_word' id='word_1_865' title='bbox 3380 5660 3527 5724; x_wconf 80' lang='lat' dir='ltr'><strong>lice&#39;,</strong></span> <span class='ocrx_word' id='word_1_866' title='bbox 3572 5657 3641 5711; x_wconf 85' lang='lat' dir='ltr'><strong>ab</strong></span> <span class='ocrx_word' id='word_1_867' title='bbox 3694 5655 3888 5712; x_wconf 81' lang='lat' dir='ltr'><strong>ofﬁcio</strong></span> 
     </span>
    </p>
   </div>
   <div class='ocr_carea' id='block_1_121' title="bbox 2293 5731 2669 5800">
    <p class='ocr_par' dir='ltr' id='par_1_121' title="bbox 2293 5731 2669 5800">
     <span class='ocr_line' id='line_1_121' title="bbox 2293 5731 2669 5800; baseline -0.013 -12"><span class='ocrx_word' id='word_1_868' title='bbox 2293 5731 2669 5800; x_wconf 80' lang='lat' dir='ltr'><strong>suspendetur.</strong></span> 
     </span>
    </p>
   </div>
  </div>
