4042 6298
223 317 330 377 931
1471 302 1732 362 RONH'NI
1773 304 1855 359 0?.

1961 299 2088 358 iES.
2130 329 2197 340 —
2236 300 2276 352 l.
3395 306 3497 356 tiu

223 437 355 490 dum
384 429 745 494 accenderint,
771 426 955 484 statim
982 421 1341 480 subdiaconus
1365 437 1594 492 sequens
1620 431 1809 475 tenens
1840 425 1887 485 Α
1915 426 1970 471 et
2010 416 2303 485 respiciens
2330 413 2394 468 ad
2438 411 2668 483 priorem
2707 411 2934 479 sel-.olm,
2975 409 3162 464 annuit
3192 411 3240 466 ci
3274 422 3328 466 ttt
3359 413 3501 468 dicat

222 521 728 599 thymiamaterium
759 535 1004 585 aureum,
1053 533 1150 588 pro
1192 517 1395 572 foribus
1435 516 1585 584 ponit
1630 515 1814 568 inceu-
1919 507 2187 570 Gloriam;
2218 517 2273 562 et
2298 507 2441 575 prior
2470 504 2670 599 scholae
2696 505 2918 599 inclinat
2954 518 3011 558 se
3037 503 3292 599 pontifici,
3319 505 3472 559 etim

225 594 375 680 δυ’ω,
437 623 494 668 ut
553 619 740 681 pergat
786 620 909 664 ante
961 610 1288 678 pontiﬁcem.
1338 608 1404 662 Et
1447 607 1537 661 ille
1593 615 1814 673 quartus
1924 599 2093 666 ponit.
2126 595 2360 662 Quartus
2390 609 2519 650 vero
2559 594 2761 649 schola:
2793 595 3045 657 prmccdit
3077 594 3402 663 pontiﬁcem,
3445 605 3500 646 ut

227 709 439 764 scholas
486 704 728 775 pervenit
752 702 809 756 in
845 700 1175 770 presbyterio
1215 699 1280 754 ad
1322 698 1552 767 priorem
1594 697 1815 760 scholar,
1923 699 2088 758 ponat
2123 686 2139 725 ί
2172 688 2465 742 matorium
2505 697 2629 742 ante
2654 687 2859 752 altare;
2892 695 2945 741 ct
2976 687 3238 742 accedens
3265 687 3496 756 pontilev

234 796 323 852 vel
356 792 671 856 secundum,
717 790 836 854 sive
889 790 1126 853 tertium,
1171 788 1426 844 inclinato
1477 785 1648 854 capite
1694 783 1820 840 dicit
1922 787 2040 834 orat
2070 793 2234 848 super
2265 778 2460 848 ipsum,
2513 793 2680 846 usque
2717 777 2782 830 ad
2829 777 3206 846 repetitionem
3233 788 3258 827 ε
3293 795 3504 833 versus.

236 885 433 939 Donme
462 883 568 955 [ΑΙ.
600 877 798 950 domiti]
816 879 1015 949 jubete.
1922 872 2054 927 Nam
2104 872 2314 926 diaconi
2360 881 2589 940 surgunt
2638 870 2852 939 quando
2903 870 3099 924 dicitur
3131 872 3279 926 Sicut
3311 879 3414 926 erat
3455 872 3507 925 in

307 978 361 1033 8.
391 977 540 1031 Tunc
569 975 642 1029 illi
661 974 935 1030 elevantes
959 987 1038 1036 se,
1068 986 1162 1038 per
1178 969 1419 1026 ordinem
1447 967 1644 1023 vadunt
1691 975 1817 1022 ante
1925 965 2198 1034 principio,
2233 975 2285 1017 ut
2309 963 2542 1018 salutent
2565 963 2747 1016 altaris
2776 961 2966 1028 latera,
3003 962 3149 1033 prius
3169 965 3293 1034 duo,
3327 973 3381 1020 et
3402 965 3508 1020 duo

232 1067 430 1131 altare,
458 1073 510 1118 e1
537 1072 841 1118 statuuntur
873 1076 965 1130 per
992 1059 1232 1114 ordinem
1257 1059 1400 1114 acies
1431 1059 1548 1112 dua:
1581 1067 1812 1122 tantum,
1927 1058 2197 1124 vicissim,
2229 1056 2521 1112 redeuntes
2564 1055 2629 1109 ad
2662 1055 2991 1126 pontiﬁcem.
3034 1057 3098 1110 Et
3128 1072 3350 1128 surgens
3381 1074 3511 1128 pon-

228 1154 630 1228 paraphonistze
672 1153 888 1224 quidem
919 1150 1046 1205 hinc
1076 1148 1201 1212 inde
1229 1149 1412 1214 aforis,
1462 1145 1694 1202 infantes
1751 1147 1821 1201 ab
1922 1148 2052 1205 tifcx
2105 1150 2380 1204 osculatur
2419 1147 2702 1214 Evangelia
2750 1156 2804 1202 et
2843 1147 3030 1217 altare,
3084 1158 3140 1206 et
3205 1151 3412 1208 accedit
3441 1151 3509 1207 ad

235 1259 470 1318 utroque
513 1245 686 1301 latere
736 1242 875 1302 inira
904 1257 998 1310 per
1045 1238 1309 1296 ordinem.
1342 1238 1408 1295 Et
1468 1253 1591 1292 mox
1641 1237 1826 1308 incipit
1928 1241 2113 1296 sedem
2145 1256 2317 1307 suam,
2353 1248 2407 1294 et
2432 1248 2538 1293 stat
2566 1255 2751 1293 versus
2778 1239 2843 1293 ad
2874 1240 3171 1298 Orientem.

233 1341 389 1409 prior
417 1337 615 1393 schola:
663 1332 1014 1404 antiphonam
1044 1331 1108 1386 ad
1147 1330 1422 1386 ln‘troitutn
1450 1345 1464 1395 ;
1501 1330 1561 1400 θ
1588 1341 1816 1398 quorum
1997 1333 2054 1401 9
2080 1331 2135 1386 9.
2165 1331 2358 1386 Schola
2387 1345 2533 1395 vero,
2567 1329 2713 1384 ﬁnita
2741 1329 3066 1398 Antiphonti,
3098 1330 3323 1398 imponit
3347 1329 3508 1403 Kyria

239 1447 430 1488 vocem
475 1430 686 1486 diaconi
717 1427 843 1483 dum
873 1424 1161 1495 audierint,
1203 1422 1462 1478 continuo
1505 1422 1708 1476 intrant
1755 1419 1825 1474 ad
1929 1424 2141 1478 eleison.
2172 1421 2327 1477 Prior
2353 1436 2478 1476 vero
2511 1421 2712 1476 schola:
2741 1421 2972 1476 cuStodit
2998 1422 3063 1476 ad
3098 1422 3420 1491 pontiﬁcem,
3456 1435 3512 1480 ut

242 1521 559 1592 pontiﬁcem
585 1521 638 1574 in
669 1516 1048 1575 secretarium.
1083 1508 1150 1570 Et
1181 1523 1307 1570 tunc
1345 1513 1582 1583 pontifex
1608 1512 1827 1568 elevans
1928 1513 1978 1568 ei
2007 1523 2206 1568 annuat
2231 1513 2274 1566 si
2302 1512 2414 1566 vult
2444 1519 2651 1567 mutare
2693 1508 2724 1549 δ
2767 1527 3049 1568 numerum
3094 1514 3310 1579 litanizc,
3335 1523 3388 1570 et
3433 1516 3516 1570 in-

239 1628 325 1679 se,
366 1612 458 1667 dat
503 1624 720 1665 manum
750 1608 998 1664 dextram
1031 1605 1426 1670 archidiacono,
1458 1612 1514 1659 et
1555 1604 1826 1658 sinistram
1926 1606 2092 1660 clinat
2117 1619 2177 1659 se
2216 1603 2478 1675 pontiﬁci.
2510 1603 2732 1670 Quando
2760 1618 2886 1658 vero
2910 1605 3165 1668 ﬁnierint,
3191 1605 3428 1676 dirigens
3455 1621 3515 1662 se

235 1703 507 1770 BecundO,
539 1703 623 1756 vel
673 1700 763 1772 qui
811 1697 972 1754 Ῑυθτίι
997 1697 1054 1752 in
1098 1696 1328 1761 ordine;
1359 1703 1413 1750 et
1442 1691 1540 1759 iili,
1572 1691 1828 1748 osculatis
1931 1697 2167 1768 pontifex
2189 1706 2378 1753 contra
2415 1694 2433 1735 ί
2469 1697 2741 1767 pupulum,
2777 1698 2959 1766 incipit
3000 1696 3180 1753 Gloria
3213 1699 3265 1754 in
3307 1702 3519 1756 excelsis

237 1795 494 1850 manibus
540 1793 728 1863 ipsius,
785 1791 1087 1862 procedunt
1132 1803 1255 1843 cum
1310 1787 1428 1856 ipso
1464 1793 1828 1842 sustentantes
1859 1794 1908 1855 Β
1934 1789 2064 1856 Deo,
2091 1800 2148 1844 et
2171 1788 2351 1843 statim
2394 1797 2606 1860 regyrat
2641 1804 2702 1844 se
2748 1789 2814 1842 ad
2845 1788 3137 1855 Orientem,
3173 1806 3342 1862 usque
3393 1791 3518 1846 dum

244 1903 396 1942 eum.
429 1886 580 1941 Tunc
608 1883 967 1940 subdiaconus
993 1896 1225 1952 sequens
1256 1895 1376 1935 cum
1398 1877 1828 1950 thymiamaterio

245 1976 494 2048 procedit
517 1984 640 2030 ante
691 1975 888 2044 ipsum,
935 1971 1153 2028 mittens
1199 1971 1514 2034 incensum;
1546 1979 1600 2023 et
1627 1976 1830 2036 septem

140 2060 154 2066 ’
247 2065 483 2137 acolythi
529 2065 670 2119 illius
702 2063 931 2134 regionis
959 2061 1111 2131 cuius
1153 2060 1272 2115 dies
1321 2059 1506 2125 fuerit,
1559 2065 1832 2127 portantes

250 2166 286 2195 ι
319 2168 524 2226 septem
557 2163 852 2211 cereostata
877 2168 1098 2210 accensa
1130 2151 1435 2224 pratcedunt
1460 2160 1582 2206 ante
1626 2161 1752 2220 pont
1775 2150 1835 2204 li-

245 2265 372 2304 cem
417 2263 582 2318 usque
612 2257 736 2302 ante
759 2247 948 2301 altare.
979 2246 1082 2302 Sed
1116 2245 1421 2314 priusquam
1464 2242 1681 2297 veniant
1711 2252 1835 2297 ante

250 2342 454 2407 altare,
486 2339 741 2394 eliacones
766 2337 819 2392 in
846 2336 1186 2408 presbyterio
1210 2342 1474 2390 exuuntur
1499 2333 1752 2402 planetis;
1785 2343 1840 2387 et

249 2432 476 2500 suscipit
494 2442 590 2487 eas
612 2430 967 2486 subdiaconus
999 2425 1350 2497 regionarius,
1379 2434 1432 2479 et
1458 2423 1688 2494 porrigit
1712 2423 1836 2478 illas

250 2524 327 2576 ad
361 2523 644 2594 acolythos
673 2521 911 2590 regiOuis
948 2518 1102 2588 cujus
1135 2517 1327 2572 iuerint
1359 2516 1600 2581 diaconi;
1637 2525 1692 2569 et
1718 2525 1841 2570 tunc

259 2617 370 2668 duo
392 2613 626 2682 acolythi
671 2621 914 2668 tenentes
941 2625 1130 2680 capsas
1151 2624 1275 2665 cum
1303 2606 1328 2646 δ
1356 2608 1564 2663 Sanctis
1603 2622 1834 2677 api-ras,

251 2718 315 2760 et
370 2706 727 2760 subdiaconus
768 2719 994 2774 sequens
1035 2717 1157 2757 cum
1217 2702 1346 2770 ipsis
1391 2709 1578 2756 tenens
1627 2717 1839 2755 manum

257 2812 414 2849 suam
465 2796 516 2850 in
548 2811 640 2850 ore
687 2809 882 2864 capsae,
938 2794 1170 2849 ostendit
1201 2792 1398 2848 Sancta
1450 2792 1708 2862 pontifici,
1761 2792 1842 2848 vel

257 2888 491 2941 diacono
577 2889 666 2957 qui
734 2887 1086 2956 praecesserit.
1148 2884 1299 2940 Tunc
1370 2886 1622 2940 inclinato
1670 2885 1845 2954 capite

265 2988 290 3015 ι’
323 2978 559 3047 pontifex
586 2979 663 3030 vel
721 2978 980 3033 diaconus
1025 2976 1218 3030 salutat
1259 2976 1478 3042 Sancta,
1527 2987 1579 3031 et
1607 2985 1848 3031 contem-

264 3070 464 3137 platur,
512 3077 567 3122 ut
615 3069 659 3122 si
712 3068 870 3122 fuerit
900 3066 924 3103 ἀ
956 3066 1416 3136 superabundans,
1466 3067 1742 3138 prmcipiat
1790 3075 1846 3121 ut

263 3169 498 3227 tiottatur
528 3161 579 3214 in
608 3159 932 3214 conditorio.
964 3158 1116 3213 Tunc
1141 3159 1524 3228 peraccedens,
1557 3170 1844 3229 antequam
1877 3179 1923 3243 ο

266 3255 452 3307 veniat
496 3253 561 3307 ad
591 3253 850 3318 scholam,
899 3252 1208 3307 dividuntur
1253 3261 1572 3319 cereostata,
1616 3264 1850 3322 quatuor

266 3346 336 3400 ad
367 3345 629 3411 dextram,
664 3353 717 3399 et
763 3356 869 3399 tres
918 3344 983 3398 ad
1039 3344 1309 3399 sinisuam
1354 3354 1584 3413 partem,
1638 3354 1692 3399 et
1729 3361 1850 3415 per-

285 3439 479 3492 transit
516 3437 751 3509 pontifex
781 3438 830 3492 in
860 3446 1022 3505 caput
1061 3435 1278 3500 scholae,
1311 3444 1364 3490 et
1411 3434 1642 3490 inclinat
1691 3447 1850 3507 caput

267 3533 340 3582 ad
370 3530 556 3599 altare,
606 3545 832 3600 surgens
870 3537 925 3584 et
961 3542 1140 3593 orans,
1192 3536 1247 3582 et
1294 3527 1498 3582 faciens
1542 3543 1760 3585 crucem
1799 3532 1849 3582 in

271 3623 452 3676 fronte
481 3638 598 3688 sua,
641 3631 696 3676 et
719 3623 808 3676 dat
839 3637 1020 3691 pacem
1052 3624 1141 3674 uni
1183 3622 1438 3690 episcopo
1484 3629 1508 3658 ο
1555 3621 1624 3676 de
1651 3622 1855 3678 hebdo-

271 3716 529 3770 madariis
555 3725 607 3770 et
632 3713 1117 3784 archipresbytero,
1145 3723 1200 3769 et
1228 3712 1539 3768 diaconibus
1568 3714 1854 3782 omnibus;

354 3907 381 3935 ⁸
422 3898 524 3952 Pro
572 3911 794 3953 numero
835 3896 1040 3951 scilicet
1089 3894 1310 3950 totidem
1367 3894 1857 3950 ecclesiasticarum

271 3972 575 4037 regionum.

351 4035 374 4074 λι
402 4038 764 4104 Colbertinus,
819 4037 1012 4092 Sancta
1043 4051 1148 4104 quo
1190 4037 1403 4090 nom'ne
1459 4035 1858 4090 Eucharistiam

273 4110 564 4175 significari
609 4109 903 4176 colligimus
933 4122 995 4160 ex
1030 4123 1177 4160 num.
1210 4108 1275 4160 17
1311 4116 1364 4159 ct
1393 4106 1478 4171 18,
1510 4116 1562 4160 et
1605 4122 1669 4160 ex
1705 4122 1852 4160 num.

274 4181 423 4233 Eunt
471 4180 558 4231 54.
592 4179 722 4231 Vide
767 4177 1002 4232 libellum
1055 4177 1326 4231 Benedicti
1379 4177 1626 4230 canonici
1678 4178 1854 4230 sancti

277 4249 425 4304 Petri
490 4247 727 4312 inferius,
795 4263 938 4301 num.
987 4247 1078 4313 41,
1145 4259 1196 4301 et
1245 4247 1615 4301 commentarii
1677 4247 1858 4313 prmsii

275 4326 444 4386 «aput
483 4329 533 4371 ti.
571 4319 708 4381 Ergo
738 4318 1091 4371 conditorium
1141 4318 1224 4370 hic
1256 4317 1405 4371 locus
1447 4332 1541 4370 seu
1581 4319 1856 4370 vasculum

277 4401 401 4446 erat
435 4405 483 4442 tn
513 4405 618 4456 quo
650 4388 979 4441 Eucharistia
1013 4398 1120 4440 tum
1147 4388 1364 4441 recondi
1393 4387 1620 4440 solebat.

1939 1883 2175 1937 ﬁniatur.
2207 1881 2334 1936 Post
2365 1881 2467 1936 hoc
2510 1881 2746 1951 dirigens
2796 1896 2857 1937 se
2903 1882 3097 1936 iterum
3146 1883 3211 1937 ad
3261 1883 3515 1954 populum

1935 1973 2122 2030 dicens
2150 1973 2265 2026 Pax
2293 1970 2318 2008 ιι
2347 1971 2506 2036 vobis,
2530 1980 2585 2027 et
2609 1987 2867 2042 regyrans
2896 1988 2954 2026 se
2979 1973 3044 2028 ad
3069 1975 3361 2042 Orientem,
3396 1975 3524 2046 dicit

1939 2061 2279 2126 0remus;et
2300 2061 2545 2134 sequitur
2586 2063 2798 2127 Oratio;
2853 2073 2969 2131 post
3010 2062 3209 2117 ﬁnitam
3267 2061 3284 2102 ι
3332 2051 3520 2131 se-lct;

1939 2151 2182 2209 simlter
2210 2151 2444 2221 θρίεςοιιὶ
2472 2151 2556 2206 vel
2593 2151 2886 2222 presbyter.
2921 2153 3128 2206 sedent.

2015 2245 2267 2301 10.Tunc
2296 2245 2593 2304 ascendunt
2613 2246 2923 2300 subdacoui
2953 2247 3235 2316 regionarti
3257 2248 3322 2302 ad
3354 2248 3522 2303 altare

1943 2347 2240 2392 statuentes
2265 2350 2324 2390 se
2352 2335 2416 2389 ad
2457 2335 2725 2402 dextram,
2750 2337 2864 2391 sive
2891 2337 2954 2390 ad
2995 2337 3266 2391 sinistram
3311 2338 3518 2394 altaris.

1943 2430 2093 2485 Tunc
2118 2431 2350 2500 pontifex
2383 2431 2568 2484 annuit
2597 2429 2861 2499 episcopis
2885 2439 2939 2484 et
2971 2430 3298 2500 presbyteris
3327 2439 3385 2484 ut
3430 2444 3520 2485 sc-

1940 2521 2124 2576 deant.
2153 2520 2525 2576 Subdiaconus
2563 2535 2690 2576 vero
2738 2522 2826 2588 qui
2872 2521 3106 2575 facturus
3153 2530 3259 2585 est,
3302 2537 3426 2576 mox
3469 2528 3527 2576 ut

1950 2614 2149 2667 viderit
2178 2623 2295 2682 post
2326 2612 2632 2682 pontificem
2671 2610 2951 2681 episc0pos
2991 2621 3044 2666 et
3072 2613 3413 2683 presbyteros
3441 2628 3527 2668 re-
3614 2601 3620 2608 ’

1948 2705 2207 2772 sidentes,
2233 2704 2480 2760 ascendit
2507 2704 2557 2758 in
2603 2705 2912 2771 ambonem,
2946 2711 2999 2757 et
3034 2704 3178 2774 legit.
3233 2703 3521 2772 Postquam

1946 2795 2154 2864 legerit,
2197 2804 2387 2848 cantor
2432 2809 2549 2849 cum
2580 2802 2621 2830 ιε
2662 2793 2957 2849 cantatorio
2997 2794 3257 2860 ascendit,
3298 2805 3353 2849 et
3398 2795 3526 2848 dicit

1949 2894 1976 2922 ιι
2008 2886 2366 2955 Responsum.
2399 2885 2456 2942 Si
2502 2886 2660 2940 fuerit
2683 2895 2892 2955 tempus
2936 2895 2992 2940 ut
3041 2886 3246 2940 dicatur
3289 2887 3535 2946 Alleluia,

1951 2975 2120 3042 bene;
2152 2975 2234 3029 sin
2265 2986 2471 3043 autem,
2502 2975 2786 3040 Tractum;
2823 2976 2904 3029 sin
2930 2976 3135 3040 minus,
3165 2975 3536 3030 tantummodo

1954 3069 2310 3137 Responsum.

2029 3161 2118 3215 li.
2155 3160 2356 3216 Deinde
2387 3158 2648 3214 diaconus
2676 3157 2924 3214 osculans
2966 3157 3128 3227 pedes
3166 3157 3431 3228 pontiﬁcis
3461 3167 3540 3212 ta-

1952 3261 2082 3324 cite,
2115 3257 2248 3311 dicit
2276 3254 2323 3310 ei
2356 3255 2615 3325 pontifex,
2653 3253 2902 3307 Dominus
2932 3254 2997 3307 sit
3030 3255 3080 3306 in
3108 3253 3256 3306 corde
3282 3262 3388 3317 luo,
3411 3264 3458 3307 et
3489 3269 3540 3306 in

1955 3349 2103 3404 labiis
2153 3349 2274 3402 tuis.
2334 3347 2534 3402 Deinde
2586 3347 2732 3402 venit
2779 3357 2904 3400 ante
2948 3345 3226 3411 altare,et
3281 3347 3529 3400 osculatis

1962 3439 2265 3509 Evangeliis
2298 3438 2436 3493 levat
2471 3439 2520 3492 in
2555 3452 2744 3492 manus
2775 3453 2898 3492 suas
2926 3438 3208 3504 Codicem;
3249 3447 3304 3492 et
3353 3454 3542 3508 procc-

1962 3537 2096 3590 dunt
2119 3544 2241 3588 ante
2264 3533 2437 3601 ipsum
2481 3531 2588 3586 duo
2625 3531 2938 3587 subdiaconi
2973 3531 3276 3601 rcgionarii,
3309 3533 3545 3586 levantes

1964 3625 2454 3698 thymiatu-aterium
2483 3622 2551 3678 de
2580 3638 2739 3677 manu
2769 3622 3080 3677 subdiaconi
3102 3623 3396 3690 sequentis,
3421 3625 3545 3675 mit-

1965 3725 2137 3775 tentes
2162 3716 2458 3783 inccnsnm.
2487 3713 2553 3768 Et
2576 3721 2701 3768 ante
2742 3727 2802 3768 sc
2841 3713 3038 3767 habent
3085 3713 3219 3766 duos
3263 3710 3538 3782 acolythos

2042 3892 2058 3931 ¹
2105 3893 2255 3947 Nunc
2287 3892 2418 3963 facie
2449 3893 2691 3963 versauad
2743 3892 3016 3947 Orientem
3062 3905 3156 3947 seu
3187 3891 3373 3960 altare,
3404 3891 3544 3963 quod

1969 3965 2157 4036 probat
2183 3961 2481 4036 Amalarius
2502 3963 2562 4036 in
2587 3961 2841 4036 Ol'licialis
2874 3964 2968 4017 lib.
3002 3978 3058 4036 tu
3087 3978 3204 4036 cap.
3232 3963 3284 4016 8.

2043 4036 2065 4070 ιι
2109 4033 2250 4086 idem
2278 4032 2601 4092 Atualarius,
2622 4034 2730 4101 sub
2765 4035 2922 4085 linem
2967 4032 3186 4085 alterius
3219 4033 3543 4101 prmiationis

1966 4103 2031 4158 ad
2065 4103 2302 4156 libellum
2333 4109 2422 4171 (ut
2451 4100 2636 4171 vocat)
2667 4101 2784 4154 Olli.
2805 4102 2983 4167 ialem,
3006 4104 3142 4154 inter
3159 4100 3228 4154 ea
3252 4117 3368 4168 qua:
3391 4122 3420 4155 a
3447 4104 3553 4157 Ro-

1965 4191 2117 4228 mana
2139 4175 2256 4226 sede
2279 4169 2484 4237 accepit
2517 4189 2530 4224 :
2565 4169 2744 4223 Prima
2791 4173 3032 4224 salutatio
3073 4171 3142 4222 ad
3183 4174 3448 4238 populum,
3475 4175 3556 4226 itt-

1965 4247 2101 4315 quit,
2131 4242 2410 4315 Paxrvobis
2438 4241 2820 4315 pronuntiatur,
2850 4257 2949 4293 non
2970 4241 3075 4294 Pax
3097 4242 3393 4295 vobiscum.
3425 4243 3557 4297 Vide

1966 4313 2208 4384 ejusdem
2242 4314 2332 4366 lib.
2365 4327 2484 4376 cap.

2046 4383 2062 4421 ι
2109 4385 2251 4438 Idem
2286 4394 2491 4439 auctor.
2528 4382 2577 4434 in
2611 4381 2703 4434 lib.
2731 4395 2809 4445 ttt,
2837 4395 2955 4447 cap.
2980 4380 3034 4447 5,
3057 4382 3155 4433 sub
3185 4381 3422 4450 initium,
3452 4390 3557 4435 tra-

361 4470 382 4496 ε
413 4460 485 4511 Ita
516 4443 752 4516 Colbert.
784 4459 888 4512 Alii
919 4457 1113 4512 habent
1133 4458 1364 4528 pontiﬁci
1389 4457 1465 4511 vel
1493 4457 1731 4524 diacono,
1765 4456 1860 4512 sed
1892 4443 1941 4504 υ
1965 4456 2042 4528 dit
2073 4470 2274 4528 morem
2307 4452 2598 4528 itLo‘evisse
2631 4463 2680 4503 ut
2707 4443 2811 4503 non
2825 4443 3157 4528 sedeo-turpia
3179 4443 3555 4528 ecclesiaante

278 4532 564 4586 mendose.

361 4603 383 4637 εί
408 4602 495 4652 Sic
522 4600 752 4653 tiolhert.
782 4598 946 4653 Editis
976 4614 1146 4667 super,
1177 4597 1270 4652 sed
1303 4598 1494 4650 eodem
1527 4611 1714 4652 sensu.

363 4679 386 4707 θ
420 4671 620 4732 Nempe
651 4671 738 4723 uni
785 4685 850 4723 ex
882 4679 1082 4737 septem
1114 4669 1379 4735 episcOpis
1431 4667 1866 4722 hebdomadariis

283 4741 593 4809 patriarchii
625 4740 1017 4805 latteranensis,
1051 4741 1118 4793 de
1141 4737 1335 4810 quibus
1368 4739 1616 4807 superius
1642 4738 1696 4792 in
1718 4752 1870 4792 corn-

284 4813 550 4866 tnentario
575 4811 791 4878 prtevio.

378 4880 800 4934 ‘Faldtstorium
866 4879 1133 4948 appellant
1184 4879 1532 4934 recentiores.
1604 4878 1870 4946 Colbert.,

289 4953 456 5013 male,
490 4952 772 5004 oratorium
800 4965 952 5016 super
977 4951 1156 5002 altare.

366 5032 392 5069 s
426 5022 474 5073 Id
503 5033 582 5074 est
614 5021 931 5087 Antiphona:
960 5021 1023 5072 ad
1058 5017 1352 5073 lntroitum.
1379 5018 1576 5074 Confer
1599 5036 1744 5075 num.
1776 5021 1866 5074 2|.

369 5093 392 5127 υ
434 5092 542 5145 lluc
572 5101 778 5162 spectat
807 5089 857 5143 id
890 5090 1029 5162 quod
1067 5090 1316 5162 aiti’aris
1341 5089 1408 5143 de
1438 5094 1674 5162 tirassis,
1709 5091 1868 5162 Hyrie

291 5164 346 5216 in
382 5163 554 5216 Missis
589 5161 864 5230 papahbus
897 5161 1077 5230 tandiu
1117 5160 1249 5224 dici,
1283 5160 1516 5229 quandiu
1569 5160 1871 5216 reverentia

293 5249 443 5299 tapzt:
469 5248 561 5296 per
588 5229 882 5285 cardinales
913 5229 1149 5284 facienda
1177 5231 1350 5283 durat.
1375 5232 1639 5291 Colbert.,
1660 5235 1870 5286 inclinet

292 5321 347 5356 se
377 5305 634 5366 pontiﬁci;
666 5318 820 5371 quant
851 5303 970 5353 dum
1002 5301 1254 5368 ﬁnierint,
1283 5302 1460 5366 incipit
1491 5305 1720 5371 pontifex
1748 5304 1876 5357 Glo-

293 5376 374 5427 ria
403 5373 452 5425 in
479 5376 701 5426 excelsis
728 5372 858 5435 Deo,
881 5373 924 5423 si
953 5381 1146 5440 Limptts
1169 5371 1340 5439 fuerit.
1381 5371 1499 5423 Non
1522 5377 1690 5425 sedeat
1732 5382 1878 5424 ante-

292 5460 449 5510 quam
473 5444 643 5495 dicant
669 5453 779 5510 posl
808 5445 1088 5494 orationem
1113 5445 1302 5494 Arnen.
1331 5440 1396 5493 Et
1428 5454 1546 5494 tunc
1588 5444 1872 5495 ascendant

293 5514 597 5566 subdiaconi
626 5513 903 5584 regionarii
928 5514 993 5563 ad
1020 5513 1201 5574 altare,
1220 5519 1323 5564 etc.
1354 5511 1493 5565 Idem
1525 5513 1672 5565 Paris
1701 5514 1878 5567 obser-

300 5593 388 5635 vat
416 5583 829 5637 vetustissimum
861 5596 981 5636 esse
1032 5584 1250 5648 capelhe
1306 5583 1507 5649 papalis
1562 5598 1788 5645 morem,
1823 5589 1880 5634 ut

296 5655 490 5707 eodem
518 5663 644 5707 tono
673 5654 932 5706 invariato
961 5661 1201 5705 cantetur
1237 5651 1473 5722 llymnns
1503 5654 1774 5720 angolcus
1798 5652 1880 5706 his

308 5725 467 5792 nolis,
497 5725 562 5778 Ut
595 5740 647 5777 re
675 5726 727 5788 In
758 5726 811 5796 fa
837 5723 890 5794 fa
912 5723 980 5776 mi
1013 5723 1063 5793 fa
1093 5723 1168 5776 sol
1200 5721 1292 5790 mi,
1317 5722 1393 5776 sol
1415 5726 1468 5794 fa
1497 5725 1563 5776 nti
1595 5725 1683 5778 mi.

1967 4526 2128 4580 finem
2153 4524 2312 4594 hujus
2339 4521 2646 4588 Orationis;
2677 4537 2777 4590 qua
2808 4521 2875 4576 de
2903 4537 2960 4577 te
2990 4523 3040 4575 in
3067 4524 3247 4578 libello
3271 4526 3445 4591 tertio,
3467 4539 3554 4593 qut

1968 4597 2055 4650 ltic
2079 4596 2446 4663 subsequitur.

2043 4677 2080 4702 ιη
2113 4661 2351 4732 ριιίιΓεῙι
2374 4663 2752 4727 cantalm'ium,
2774 4661 3025 4733 discimus
3051 4677 3115 4717 ett
3149 4662 3400 4718 Amalarii
3423 4678 3557 4733 pra:-

1969 4736 2169 4791 fationc
2191 4737 2240 4788 in
2272 4733 2742 4802 Antiphon'trium.
2770 4732 2824 4785 Ν
2861 4733 3070 4785 tandum
3095 4748 3188 4798 est,
3214 4735 3556 4797 ait,t'olumen

1969 4809 2104 4877 quod
2133 4823 2226 4877 nos
2256 4819 2494 4859 vocamus
2515 4803 3101 4877 idaliphonminnt‘tria
3134 4805 3330 4877 habere
3352 4806 3558 4857 nomina

1971 4873 2112 4946 apud
2167 4876 2448 4930 Romanos.
2500 4875 2648 4939 Quod
2695 4875 2911 4932 dicimus
2950 4873 3206 4941 Gradale,
3251 4875 3331 4928 illi
3384 4887 3562 4928 vocant

1970 4947 2356 5003 Cautatoriutn.

2046 5026 2074 5054 η
2118 5018 2414 5071 Amalarius
2469 5013 2604 5083 ipse,
2638 5015 2688 5068 in
2739 5013 2831 5068 lib.
2863 5029 2941 5079 Ill,
2973 5029 3090 5082 cap.
3125 5016 3180 5069 Η
3225 5033 3238 5068 :
3272 5015 3560 5068 Lectione":

1974 5105 2086 5150 quae
2109 5088 2294 5157 legitur
2330 5096 2443 5157 post
2465 5087 2737 5138 tes-sionem
2769 5087 2993 5153 sequitur
3024 5087 3330 5154 cantus,qui
3354 5097 3563 5157 coctum-

1978 5155 2373 5224 Iiespohsorius.
2405 5156 2801 5221 Responsorium
2833 5172 2946 5208 vero
2966 5157 3118 5208 iidem
3142 5159 3226 5224 qui
3247 5172 3405 5223 supra
3440 5155 3559 5207 Itali

1977 5231 2321 5291 tradiderunt,
2347 5245 2377 5296 q
2400 5242 2471 5296 ms
2490 5228 2608 5277 inde
2632 5228 2975 5290 responsorios
2995 5236 3175 5278 cantus
3201 5235 3397 5282 vocant.
3421 5228 3556 5293 quod

1976 5301 2080 5353 alio
2110 5294 2370 5352 desinente
2397 5294 2451 5348 id
2481 5297 2610 5347 alter
2636 5297 2959 5360 respondent.
3024 5296 3161 5348 llinc
3211 5298 3434 5360 psalmus
3480 5312 3564 5347 re-

1977 5370 2274 5440 rpunsorius
2296 5382 2398 5435 apu
2422 5373 2434 5416 ι
2460 5363 2773 5440 Gregorium
2806 5365 3197 5426 Turunettscut,
3227 5367 3276 5419 in
3311 5367 3526 5440 lib._vttt
3547 5407 3562 5424 .

1981 5437 2100 5507 cap.
2137 5441 2192 5502 5,
2219 5442 2356 5506 quod
2385 5451 2492 5507 uno
2523 5449 2680 5488 versu
2711 5437 2854 5490 dicto
2906 5451 3001 5503 per
3030 5447 3332 5502 cautorem,
3367 5437 3564 5507 idema

1980 5505 2146 5563 choro
2173 5505 2267 5561 seu
2303 5505 2497 5574 populo
2528 5515 2817 5574 repetetur,
2851 5515 2903 5560 et
2947 5509 3026 5561 sic
3055 5518 3446 5576 consequenter
3494 5505 3562 5559 de

1983 5579 2122 5632 aliis.
2155 5577 2437 5632 Gradalem
2466 5593 2560 5632 seu
2591 5578 2903 5647 gradualem
2952 5581 3149 5647 posteri
3194 5579 3560 5646 appellarunt,

1983 5649 2144 5777 quodl
2173 5649 2241 5732 in.
2280 5649 2435 5722 pogio
2484 5664 2579 5707 seu
2628 5650 2859 5707 amboue
2901 5660 3215 5719 caneretur,
3249 5659 3382 5705 teste
3411 5649 3564 5716 eloga

1990 5732 2122 5775 Ama
2147 5733 2266 5777 arn.

1990 5732 2266 5777 amatam.
