4042 6298
528 317 639 378 M3

1216 317 1555 373 APPENDIX
1598 317 1687 370 AD
1728 314 1783 373 S.
1828 312 2156 371 GREGORH
2197 312 2415 370 ΜΜᾸΝΙ
2457 310 2822 374 Li‘l‘tRGICA
2867 319 3125 377 OPERA.

3699 323 3807 377 956

538 438 643 509 ιο
668 444 936 507 portantes
967 431 1071 485 duo
1100 438 1420 484 cerenstata.
1451 429 1739 483 Venientes
1763 429 1826 481 ad
1874 436 1900 465 ιι
1929 427 2115 481 ambo-
2144 427 2190 486 A
2217 434 2502 496 antequam
2535 437 2773 484 transeat
2819 429 2872 485 in
2922 439 3128 500 partem
3183 431 3490 500 mulierum,
3521 432 3813 491 descendi:

534 525 994 592 nctu,dividuntur
1015 518 1357 587 ipsiaeolythi
1377 526 1498 571 auta
1525 516 1904 581 anthonem,ct
1932 524 2111 570 trans-

530 628 665 676 eunt
726 613 1035 673 subdiaconi
1084 622 1137 667 et
1197 612 1451 664 diaconus
1501 625 1620 663 cum
1676 608 1965 675 Etangclio
2021 624 2111 676 ιρι·

531 710 766 768 medium
796 720 1001 761 eorum.
1036 703 1129 758 Ille
1162 703 1249 773 qni
1280 703 1480 770 absque
1531 701 1961 772 thymiantaterio
2008 711 2109 766 est,

530 808 749 856 vertens
785 811 844 853 se
884 794 948 850 ad
981 795 1283 858 diaconem,
1319 793 1540 862 porrigit
1569 795 1615 846 ei
1648 792 1923 845 brachium
1956 806 2107 842 suum

527 892 829 953 sinistrum,
865 887 916 941 in
947 900 1052 955 quo
1085 886 1231 954 ponit
1274 884 1658 953 Evangeliutn,
1694 892 1747 935 ut
1777 896 1938 935 manu
1980 880 2109 935 sul)-

526 980 737 1037 diaconi
766 979 1040 1048 aperiatur
1063 978 1111 1031 ei
1146 977 1327 1041 locus,
1359 976 1410 1029 in
1459 991 1562 1044 quo
1613 975 1822 1045 signum
1868 973 2112 1028 lectionis

527 1070 757 1141 po~itum
789 1070 975 1125 fuerit.
1011 1070 1073 1124 Et
1096 1069 1414 1137 interposito
1445 1066 1610 1138 digito
1635 1082 1734 1121 suo
1777 1065 2032 1122 diaconus
2056 1064 2115 1120 in

526 1173 643 1221 loco
666 1165 908 1221 lectionis
938 1162 1176 1219 ascendit
1201 1161 1265 1215 ad
1288 1160 1316 1199 ι)
1352 1160 1656 1229 legendum,
1676 1168 1729 1214 ct
1757 1160 1833 1214 illi
1857 1159 1962 1213 duo
1984 1157 2110 1213 sub-

528 1256 737 1313 diaconi
768 1257 994 1311 redeunt
1020 1265 1162 1309 stare
1187 1265 1311 1308 ante
1340 1252 1561 1321 gradum
1592 1249 1960 1306 descensionis
1987 1264 2111 1303 am-

526 1348 703 1405 bonis.
749 1347 924 1404 Finito
972 1345 1255 1415 Evangelio
1293 1345 1423 1399 dicit
1472 1342 1705 1413 pontifex
1761 1352 1785 1381 ο
1838 1340 1955 1395 Pan:
1998 1341 2108 1395 tibi.

531 1438 731 1495 Deinde
759 1439 885 1492 dicit
920 1436 1165 1490 Dominus
1193 1423 1468 1488 vobiscum.
1491 1432 1865 1502 ReSpondetur
1900 1430 1966 1485 Et
1994 1447 2110 1484 cum

516 1530 713 1600 spiritu
742 1539 859 1594 tuo;
894 1539 944 1581 et
975 1526 1103 1580 dicit
1137 1524 1375 1580 Oremus.
1407 1525 1773 1579 Descendente
1802 1534 1976 1576 autem
1997 1522 2111 1576 dia-

526 1634 685 1684 cono,
709 1618 1085 1682 subdiaconus,
1111 1615 1199 1685 qui
1228 1615 1374 1684 prius
1396 1623 1699 1683 aperuerat,
1718 1612 1907 1682 recipit
1934 1612 2110 1665 Evan-

522 1711 746 1780 gelium,
775 1718 828 1766 et
860 1710 1080 1779 porrigit
1102 1724 1221 1762 enm
1251 1707 1579 1761 subdiacono
1610 1705 1890 1774 sequenti,
1926 1704 2015 1774 qui
2055 1705 2106 1757 in

2215 528 2340 571 ante
2380 519 2795 589 confessionem,
2821 530 2874 576 et
2914 523 3135 591 suscipit
3166 521 3375 576 oblatas
3411 522 3559 593 [Al.,
3584 525 3817 579 oblati...

2214 608 2351 681 nes]
2383 610 2691 678 primiceiii,
2721 622 2771 664 et
2799 612 3182 680 secundicerii,
3216 622 3269 669 et
3303 615 3593 683 primicerii
3621 615 3817 669 defen-

2215 715 2421 754 sorum.
2456 700 2587 755 Nam
2632 701 2820 756 diebus
2852 701 3003 756 festis
3055 712 3171 771 post
3221 703 3474 757 diacoues
3523 704 3591 757 ad
3641 705 3816 759 al-are

2216 792 2474 846 offerunt.
2509 792 2659 846 Simil
2690 803 2771 847 ter
2792 793 3090 848 ascendens
3122 793 3356 863 pontifex
3399 794 3452 848 in
3494 804 3701 863 partem
3738 796 3814 848 fe-

2214 886 2500 950 minarum,
2535 886 2729 939 ordine
2756 900 2862 954 quo
2894 900 3053 955 supra
3098 887 3276 941 omnia
3305 887 3505 956 explet.
3550 886 3819 948 Similiter

2213 988 2264 1031 et
2287 977 2606 1045 presbyteri,
2633 976 2679 1029 si
2708 990 2926 1032 necesse
2956 976 3135 1043 fuerit,
3157 986 3281 1046 post
3308 993 3429 1033 eum
3455 979 3537 1032 vel
3562 979 3612 1031 in
3642 992 3796 1048 pres-

2212 1066 2420 1133 byterio
2448 1065 2668 1121 faciunt.

2286 1158 2373 1212 H.
2416 1156 2543 1212 Post
2574 1158 2671 1211 hoc
2695 1156 2958 1227 pontifex,
2993 1167 3209 1213 tenente
3254 1160 3304 1215 el
3349 1174 3562 1214 manum
3614 1160 3815 1229 primi-

2212 1247 2360 1303 cerio
2391 1256 2444 1302 et
2474 1248 2863 1315 secundiccrit,
2893 1249 3029 1303 redit
3077 1249 3141 1302 ad
3195 1250 3374 1304 sedem
3426 1265 3601 1315 suam,
3634 1250 3812 1303 abluit

2214 1355 2404 1396 manus
2430 1356 2575 1395 suas.
2611 1340 3033 1396 Areliidiaconus
3057 1352 3206 1396 stans
3230 1351 3350 1395 ante
3376 1342 3566 1407 altare,
3592 1342 3808 1411 expleta

2218 1433 2581 1501 susceptione,
2608 1432 2750 1487 lavat
2799 1448 2987 1485 manus
3037 1448 3177 1486 suas.
3238 1434 3435 1487 Defnde
3485 1449 3608 1502 rcsp
3634 1435 3707 1487 cit
3756 1435 3808 1486 in

2224 1525 2412 1579 faciem
2445 1526 2729 1593 pontilicis,
2764 1540 2869 1579 ann
2913 1526 2952 1579 it
2976 1526 3044 1590 ei,
3078 1534 3133 1580 et
3165 1525 3252 1580 ille
3276 1526 3563 1579 resalutato
3593 1527 3809 1579 accedit

2212 1614 2279 1669 ad
2304 1615 2491 1667 altare.
2523 1614 2673 1667 Tunc
2701 1612 2920 1667 subdiac
2960 1614 3010 1666 ni
3045 1614 3326 1682 region-irii
3358 1616 3596 1669 levantes
3641 1615 3799 1669 obla-

2219 1720 2301 1764 tas
2330 1709 2396 1765 de
2428 1725 2586 1764 manu
2615 1709 2926 1765 subdiaconi
2949 1711 3223 1778 sequentis
3250 1727 3411 1779 super
3440 1712 3647 1765 brachia
3677 1730 3801 1772 sua.

527 1802 616 1855 “'0
637 1808 775 1867 δίειῑῖ
806 1800 944 1869 (ιυοά
974 1809 1161 1854 “ﬁlms
1188 1805 1310 1851 ante
1343 1808 1526 1865 Ροειυε
1579 1808 1733 1848 suum
1785 1808 1949 1862 suile"
1998 1793 2104 1861 Illa‘
2141 1799 2185 1859 Β
2218 1802 2501 1872 porrigunt
2523 1802 2920 1869 archidiacono,
2949 1813 3001 1857 et
3032 1804 3121 1859 ille
3156 1808 3428 1872 comjonit
3454 1807 3638 1860 altare.
3674 1808 3806 1861 Nam

531 1899 733 1960 netam,
777 1888 995 1960 porrigit
1036 1886 1383 1943 osculandum
1429 1885 1677 1941 omnibus
1724 1900 1820 1952 per
1866 1883 2109 1939 ordinem

530 1981 786 2053 graduum
834 1981 922 2051 qni
972 1982 1240 2035 steterint.
1291 1978 1355 2033 Et
1386 1988 1505 2047 post
1531 1977 1632 2031 hoc
1664 1986 1960 2047 pra‘p-trato
1990 1990 2112 2031 aco-

532 2074 684 2145 lytho
713 2072 768 2128 in
801 2072 955 2142 pogio
985 2073 1127 2137 ,nxta
1161 2070 1444 2123 umbonem
1477 2084 1595 2122 cuin
1627 2066 1648 2104 δ
1683 2082 1864 2137 capsa,
1906 2067 1959 2121 in
2009 2080 2109 2137 qua

529 2164 887 2219 subdiaconus
911 2163 1046 2216 ident
1072 2160 1217 2229 ponit
1235 2159 1577 2230 Evangelium
1598 2167 1653 2213 ut
1673 2158 1956 2229 sigilletur.
1976 2156 2113 2211 Aco-

529 2257 708 2328 lytbus
726 2263 903 2310 autem
931 2254 1158 2324 regionis
1184 2251 1423 2323 ejusdem
1445 2292 1460 2317 ,
1490 2250 1642 2320 cujus
1671 2257 1726 2304 et
1750 2249 2109 2305 subdiaconus

527 2358 630 2416 est,
655 2355 872 2403 revocat
898 2344 1238 2415 Evangeliutn
1268 2342 1333 2396 ad
1362 2340 1639 2396 Lateranis
1668 2340 1809 2411 (sic).

601 2441 692 2496 12.
720 2438 919 2494 Deinde
944 2450 1194 2506 pergcn'e
1224 2434 1451 2488 diacono
1480 2433 1545 2486 ad
1576 2434 1766 2498 altare,
1793 2440 1967 2486 stante
1991 2445 2110 2484 aco

464 2582 468 2586 Α
531 2532 683 2604 lytho
711 2546 831 2585 cum
863 2530 1030 2583 calice
1052 2537 1104 2580 ct
1130 2525 1395 2594 corporali
1429 2539 1590 2594 super
1631 2540 1776 2583 eum,
1813 2526 1952 2576 levat
1986 2524 2112 2576 cali-

539 2638 656 2678 cem
690 2623 741 2677 in
773 2621 992 2676 brathio
1018 2636 1115 2674 suo
1140 2618 1382 2685 sinistro,
1416 2631 1466 2672 et
1499 2617 1719 2687 porrigit
1746 2617 1973 2670 diacono
1996 2633 2111 2671 eor-

531 2717 769 2787 poralem
820 2723 875 2768 et
904 2714 1095 2782 accipit
1126 2714 1354 2781 desuper
1383 2711 1578 2774 ca'ice,
1607 2719 1662 2764 et
1696 2709 1844 2780 ponit
1872 2724 1994 2764 eum
2026 2725 2114 2763 su-

536 2823 630 2878 per
648 2806 807 2859 altari
831 2818 867 2857 ιι
892 2803 1115 2867 dextris,
1145 2802 1385 2872 projecto
1414 2806 1585 2871 capite
1626 2801 1799 2855 altero
1826 2801 1890 2853 ad
1922 2801 2116 2853 diaco-

535 2915 655 2954 ttntn
707 2895 995 2951 seetindunt
1050 2902 1104 2947 ut
1149 2894 1470 2962 expandant.
1519 2893 1669 2947 Tune
1709 2893 2002 2946 ascendunt
2048 2891 2112 2945 ad

529 2988 711 3044 sedem
744 2988 1074 3057 primicerius
1101 2995 1154 3039 et
1176 2985 1572 3040 sccundicerius
1590 2995 1642 3039 et
1667 2983 2003 3052 primicerius
2024 2983 2115 3037 de-

532 3085 800 3137 fensurum
823 3095 941 3133 cum
964 3078 1215 3134 omnibus
1232 3078 1543 3147 regionariis
1558 3086 1610 3131 ct
1632 3076 1881 3141 notariis;
1903 3074 2114 3129 subdia-

2216 1893 2529 1948 subliaconi
2564 1894 2686 1948 hinc
2710 1894 2832 1950 inde
2875 1897 3170 1964 p0rr‘gnnt.
3200 1897 3399 1951 Ornato
3432 1913 3559 1953 vero
3611 1901 3801 1964 altari,

2218 1993 2341 2037 tunc
2371 1984 2779 2039 archidiaconus
2824 1986 2983 2039 sumit
3016 1987 3248 2041 amulam
3284 1990 3545 2056 pontificis
3576 1989 3643 2043 de
3673 1991 3803 2044 sub-

2217 2076 2446 2130 diacono
2472 2076 2841 2141 oblationario,
2874 2086 2928 2131 et
2962 2079 3193 2132 refundi:
3225 2096 3385 2146 super
3413 2082 3591 2133 colum
3644 2085 3695 2133 in
3726 2096 3790 2134 ea

2218 2166 2371 2219 licem
2387 2164 2966 2231 ,deindediacnnoruni
2992 2163 3123 2236 [Al.,
3139 2167 3370 2238 diaconi]
3392 2179 3446 2223 et
3470 2170 3519 2222 in
3543 2168 3633 2224 die
3654 2171 3809 2233 festo,

2217 2253 2532 2322 primicerii,
2553 2254 2927 2321 secundicerii,
2957 2273 2967 2321 ι
2989 2256 3240 2311 rimicerii
3264 2257 3630 2313 defensorum.
3654 2260 3808 2313 Deia-

2217 2349 2287 2402 de
2313 2348 2590 2403 descendit
2620 2349 2976 2403 subdiaconus
3013 2364 3241 2420 sequens
3265 2352 3315 2404 in
3339 2351 3599 2415 scholam,
3620 2350 3811 2418 accipit

2228 2440 2245 2479 τ
2272 2442 2475 2497 fontem
2509 2442 2576 2496 de
2597 2457 2752 2496 manu
2780 2443 3411 2512 arcltiparapltonism-,ct
3432 2442 3604 2498 defert
3638 2444 3810 2496 archi-

2216 2535 2442 2591 diacnno
2460 2554 2474 2601 ;
2489 2537 2642 2590 etille
2656 2536 2883 2589 infundit
2900 2536 3096 2591 faciens
3109 2552 3322 2591 crucem
3340 2546 3363 2583 κ
3379 2537 3430 2590 ἱιι
3450 2539 3636 2591 calice.
3654 2538 3809 2590 Tunc

2218 2628 2520 2682 ascendunt
2541 2629 2751 2683 diaconi
2783 2630 2847 2682 ad
2868 2632 3192 2698 pontificem.
3209 2630 3351 2696 Quos
3371 2630 3613 2683 videntes
3632 2629 3809 2696 primi-

2216 2719 2414 2783 cerius,
2431 2718 2851 2783 secundicerius,
2867 2732 2919 2773 et
2936 2721 3268 2789 primicerius
3284 2720 3376 2774 def
3394 2736 3623 2774 usurum
3644 2722 3810 2790 regio-

2220 2807 2436 2860 narioru
2462 2824 2516 2871 n,
2543 2816 2595 2860 et
2628 2807 2818 2860 notarii
2847 2808 3129 2877 regionarii
3152 2853 3166 2873 ,
3200 2819 3251 2863 ct
3282 2808 3599 2864 defensores
3632 2813 3809 2879 regio-

2219 2898 2372 2963 nztrii,
2409 2898 2738 2953 descendunt
2769 2898 2835 2953 de
2880 2899 3119 2961 aciebus,
3152 2910 3206 2954 ut
3243 2910 3385 2954 stent
3418 2902 3470 2955 in
3521 2902 3638 2954 loco
3687 2916 3805 2953 suo.

2294 2989 2380 3043 15.
2436 2989 2583 3043 Tnnc
2630 3002 2851 3059 surgens
2898 2990 3131 3057 pontifex
3181 3006 3208 3042 a
3258 2990 3407 3050 sede.
3439 2991 3807 3045 descenditad

2220 3075 2404 3138 altare,
2437 3083 2491 3129 ct
2512 3074 2705 3128 salutat
2735 3076 2934 3139 altare,
2959 3086 3012 3129 et
3041 3077 3261 3144 suscipit
3303 3078 3511 3129 oblatas
3536 3076 3605 3130 de
3636 3091 3796 3129 ιιιςιιιιι

534 3187 701 3229 conus
733 3185 859 3225 \‘t'ro
893 3185 1012 3223 cunt
1046 3169 1211 3225 calice
1227 3169 1642 3237 vacuosequitur
1665 3168 2118 3222 archidiaconuni.
2152 3171 2196 3231 ο
2234 3169 2528 3238 presbyteri
2555 3169 2954 3223 hebdomadm-ii
2989 3179 3041 3223 οι
3072 3172 3154 3223 dia
3192 3188 3258 3223 οη
3301 3187 3438 3223 rm",
3478 3172 3677 3224 Deinde
3718 3187 3807 3221 την-

605 3262 689 3318 l5.
748 3260 990 3317 Pontifex
1043 3261 1320 3315 descendit
1365 3258 1430 3313 ad
1479 3257 1841 3322 senatorium,
1894 3267 2111 3312 tenente

530 3369 742 3407 manum
773 3353 889 3423 ejus
916 3354 1154 3407 dextram
1210 3349 1510 3419 primicerio
1546 3350 1898 3417 notariorum,
1923 3358 1973 3403 et
2000 3350 2105 3417 pri-

531 3447 752 3502 micerio
778 3445 1118 3501 defensorum
1152 3444 1447 3507 sinistram,
1467 3450 1517 3497 et
1549 3440 1774 3510 suscipit
1810 3439 2114 3494 oblationes

530 3541 828 3610 principum
871 3553 965 3608 per
1013 3537 1255 3591 ordinem
1304 3544 1327 3571 ε
1375 3534 1638 3589 arebium.
1690 3531 2115 3588 Archidiaconus

531 3642 653 3701 post
682 3645 803 3687 eum
842 3628 1062 3698 suscipit
1082 3627 1307 3694 amulas,
1328 3634 1382 3681 et
1410 3624 1643 3681 refundit
1666 3623 1719 3678 in
1746 3625 1968 3678 calicem
2000 3639 2111 3676 ma-

533 3737 724 3792 joretn,
748 3725 966 3775 tenente
1012 3732 1135 3771 eum
1186 3715 1516 3770 subdiacono
1564 3715 1869 3782 regionario
1901 3729 1914 3765 :
1949 3728 2109 3783 quem

532 3812 774 3882 sequitur
797 3823 917 3865 cum
940 3807 1145 3879 scypho
1172 3821 1336 3875 super
1367 3805 1632 3874 planetam
1663 3805 1968 3875 acolythus,
2010 3806 2107 3873 ιι

534 3917 584 3957 m
615 3918 721 3972 quo
750 3901 885 3955 calix
914 3899 1161 3967 impletus
1188 3896 1504 3952 refunditur.
1531 3894 1841 3950 Oblationes
1869 3909 1897 3949 a
1931 3896 2113 3964 ponti-

532 3996 629 4049 tice
654 3989 879 4060 suscipit
902 3989 1258 4048 subdiaconus
1288 3987 1639 4057 regionarius,
1663 3998 1715 4040 et
1739 3984 1959 4053 porrigit
1981 3984 2113 4039 sub—

532 4084 759 4137 diacono
785 4080 1056 4150 sequenti,
1090 4087 1145 4133 et
1192 4077 1553 4132 subdiaconus
1592 4089 1822 4142 sequens
1874 4075 2025 4144 ponit
2054 4075 2108 4128 in

532 4173 836 4237 sindonem,
869 4185 1025 4240 quem
1061 4176 1240 4224 tenent
1272 4167 1379 4222 duo
1408 4166 1658 4236 aculjthi.
1692 4165 1940 4233 Reliquas
1961 4164 2107 4219 obla-

536 4266 709 4320 tiones
736 4274 853 4332 post
881 4262 1183 4331 pontificem
1219 4260 1447 4328 suscipit
1489 4257 1770 4326 episcopus
1812 4256 2112 4311 hebdoma-

532 4356 733 4420 darius,
769 4360 827 4407 ut
872 4354 985 4421 ipse
1018 4366 1178 4405 manu
1226 4363 1320 4403 sua
1371 4348 1544 4402 mittat
1566 4362 1657 4402 eas
1704 4347 1754 4399 in
1802 4346 2105 4411 sindonem,

530 4438 648 4519 quae
717 4463 836 4501 eunt
912 4444 1169 4514 sequitur.
1230 4440 1357 4495 Post.
1433 4455 1588 4509 quem
1666 4439 1953 4504 diaconus,
2021 4438 2108 4506 qui

2221 3261 2569 3316 chidiaconus
2593 3261 2815 3328 suscipit
2834 3263 3034 3315 oblatas
3059 3264 3320 3331 pontificis
3342 3263 3406 3316 de
3426 3263 3803 3330 oblationirio,

2221 3362 2274 3407 et
2303 3351 2396 3406 dat
2422 3353 2681 3423 pontifici.
2711 3356 2852 3419 Quas
2883 3355 3007 3408 dum
3042 3355 3275 3421 pusue:it
3309 3353 3544 3424 pontifex
3601 3356 3702 3425 12
3749 3355 3801 3407 in

2221 3445 2413 3507 altare,
2446 3446 2586 3499 levat
2614 3445 2834 3499 calicem
2868 3446 3277 3500 archidiaconus
3307 3448 3372 3501 de
3401 3463 3558 3500 manu
3589 3446 3803 3500 sabdia-

2217 3535 2336 3588 coni
2368 3534 2675 3603 regiunarii,
2705 3544 2758 3589 et
2789 3537 2934 3603 ponit
2959 3552 3078 3589 cum
3103 3551 3263 3601 super
3285 3538 3449 3589 altare
3472 3536 3627 3605 juxta
3653 3538 3801 3589 obla-

2219 3636 2324 3679 tam
2358 3625 2625 3693 puntilicis
2656 3625 2680 3661 ιι
2710 3641 2738 3679 a
2780 3626 3006 3690 dextris,
3033 3627 3286 3681 involutis
3315 3629 3460 3680 ansis
3500 3642 3621 3679 cunt
3651 3626 3807 3681 offer-

2218 3728 2355 3771 torzo
2388 3734 2584 3788 :qnem
2614 3720 2761 3787 ponit
2787 3719 2837 3771 in
2870 3734 3034 3773 cornu
3066 3720 3273 3785 altaris,
3307 3730 3356 3773 et
3383 3730 3487 3772 stat
3520 3728 3639 3788 post
3662 3719 3802 3771 Pun-

2218 3812 2453 3875 tiliccm;
2489 3821 2544 3865 et
2571 3811 2801 3877 pontifex
2830 3810 3094 3865 inclinans
3131 3826 3189 3864 se
3222 3813 3495 3879 paululum
3522 3813 3587 3863 ad
3618 3812 3804 3875 altare,

2217 3903 2434 3972 respicit
2463 3902 2723 3973 scholam,
2749 3913 2801 3958 et
2828 3900 3013 3956 annuit
3050 3910 3111 3955 ut
3145 3901 3163 3940 ί
3196 3905 3413 3957 sileant.

2289 3994 2374 4046 16.
2418 3993 2566 4046 Tunc
2597 3991 2745 4046 finito
2767 3992 3063 4058 offertorio,
3083 3993 3318 4061 episcopi
3346 4000 3493 4048 Stant
3519 4003 3636 4061 post
3665 4004 3796 4061 pun-

2218 4086 2435 4147 titicem,
2464 4087 2666 4151 primus
2690 4084 2741 4137 in
2775 4084 2970 4149 medio,
2989 4083 3183 4138 deinde
3210 4100 3304 4153 per
3333 4085 3601 4146 ordinem,
3634 4097 3687 4139 et
3710 4100 3795 4136 ar-

2214 4175 2573 4229 chidiaconus
2604 4189 2631 4227 a
2662 4175 2865 4229 dextris
2893 4176 3289 4243 episcoporum,
3320 4176 3587 4229 secundus
3626 4176 3806 4228 diacos

2217 4284 2314 4319 nus
2345 4282 2374 4319 a
2403 4264 2659 4330 sinistris,
2697 4276 2753 4319 et
2785 4268 2962 4320 caeteri
2992 4281 3084 4333 per
3107 4267 3344 4321 ordinent
3373 4267 3626 4333 diSposita
3666 4270 3799 4319 acie.

2216 4350 2274 4410 E'
2338 4356 2652 4410 snbdiaconi
2703 4356 3023 4426 regiunarii,
3077 4356 3225 4411 finito
3273 4358 3569 4423 offertoiio,
3604 4358 3805 4410 vadunt

2216 4464 2360 4507 retro
2386 4453 2552 4507 altare
2582 4454 2905 4521 aspicientes
2933 4454 2997 4507 ad
3028 4451 3352 4522 pontificem,
3390 4462 3441 4502 ut
3466 4450 3682 4517 quando
3705 4449 3795 4499 di-

533 4537 933 4611 srqttitur"post
976 4535 1422 4598 arcltidiacttnem,
1470 4531 1689 4599 suscipit
1742 4530 2015 4602 [amulas]
2057 4542 2109 4586 et

2223 4543 2357 4597 xerit
2382 4541 2484 4595 Per
2514 4543 2686 4597 omnia
2712 4544 2919 4608 uacula,
2961 4553 3051 4596 aut
3095 4540 3343 4594 Dominus
3398 4538 3675 4604 vobi-cum,
3718 4546 3807 4589 aut

533 4649 690 4687 manu
761 4647 856 4686 sua
930 4629 1160 4685 refundit
1233 4628 1284 4681 in
1346 4628 1625 4697 scyphum.
1686 4623 1926 4678 Pontifex
1996 4641 2123 4683 vero

604 4775 629 4802 α
672 4763 863 4817 Nullus
890 4759 1118 4831 amplius
1146 4758 1427 4831 ambonum
1462 4772 1586 4812 usus
1616 4755 1752 4824 apud
1786 4754 2054 4810 Romanos
2077 4774 2107 4812 a

533 4846 775 4904 tempore
806 4833 1008 4885 Paridis
1037 4831 1102 4885 de
1120 4830 1359 4904 Crassis.

607 4895 953 4966 ι³’1)ὶιιι;οιιιιε,
976 4918 1087 4954 cum
1110 4901 1227 4970 legit
1259 4896 1778 4970 Evmtgefiunt_._iu:rtu
1820 4895 2113 4970 Romanum

537 4977 783 5030 Ordinem
823 4974 1028 5027 vertitur
1058 4970 1126 5023 ad
1159 4967 1455 5033 Meridiani,
1489 4983 1553 5021 ex
1586 4967 1856 5037 Micrnlogi
1884 4982 2005 5038 cap.
2044 4969 2111 5035 9,

535 5063 636 5101 non
665 5047 731 5099 ad
768 5044 1093 5110 Aquilonem,
1117 5041 1202 5094 ubi
1226 5040 1429 5110 femina:
1453 5038 1750 5110 cortst'sfunf.

613 5130 635 5155 ε
679 5117 730 5171 Id
766 5106 929 5169 habes
959 5114 1010 5168 in
1041 5106 1273 5166 seettndo
1308 5109 1505 5165 Ordine
1528 5106 1788 5161 Romano.

610 5188 637 5223 ά
677 5188 826 5240 Nulla
852 5187 937 5238 hic
960 5186 1159 5238 mentio
1184 5180 1424 5249 Symboli
1469 5186 1589 5247 past
1634 5177 2007 5249 Evangelium,
2036 5178 2114 5233 sic

539 5274 666 5311 veru
696 5259 746 5309 in
789 5256 1053 5323 sequenti.
1085 5251 1317 5306 Consule
1347 5248 1717 5323 commentarii
1748 5248 1926 5323 przevi‘i
1958 5256 2117 5323 caput

538 5329 571 5375 ti
630 5318 882 5386 Romani,
917 5333 1050 5379 teste
1079 5323 1378 5385 Amalario,
1411 5320 1464 5375 itt
1510 5320 1679 5374 altera
1711 5318 2114 5387 praefatione’ad

540 5396 706 5449 libros
735 5399 801 5449 de
823 5394 1193 5449 ecclesiasticis
1221 5392 1453 5458 Officiis,
1486 5400 1597 5461 post
1622 5386 1968 5461 ,Evungelium
2013 5405 2117 5461 non

540 5464 762 5585 a/Terugr:
787 5466 1045 5519 incensum
1069 5481 1221 5533 super
1252 5464 1434 5518 altare.
1463 5459 1682 5517 Accedit
1710 5459 2026 5529 MiCrologus
2062 5460 2113 5515 in

541 5550 661 5585 can.
765 5571 781 5585 .

541 5550 661 5642 ue.
685 5540 1010 5658 ιῗξὶοιιιρτι.
1040 5604 1265 5669 Quidam
1293 5603 1516 5657 Codices
1541 5602 1739 5656 habent
1768 5615 2005 5664 arcuum,
2026 5599 2116 5654 alii

544 5672 817 5727 omittunt.
848 5674 1141 5727 Retinenda
1162 5675 1369 5727 videtur
1394 5674 1547 5728 lectio
1569 5671 1778 5725 COdiL‘iS
1805 5673 2118 5737 Culbertini,

544 5752 605 5800 ut
626 5744 885 5816 signiticet
914 5744 1153 5797 ordinem
1191 5744 1476 5813 principem
1511 5759 1602 5798 seu
1636 5745 1977 5810 praecipuum.

2233 4634 2454 4688 Sursum
2482 4635 2659 4698 corda,
2687 4643 2779 4687 aut
2807 4632 3033 4700 Gratias,
3067 4631 3166 4702 ἱμὶ
3216 4631 3321 4684 sint
3368 4631 3432 4683 ad
3480 4630 3809 4697 responden-

2301 4760 2320 4801 τ
2366 4763 2416 4817 Id
2445 4774 2523 4818 est
2547 4775 2759 4830 aptam.
2791 4762 2918 4814 \‘ide
2945 4762 3197 4815 Ordinem
3227 4761 3526 4813 Romanum
3559 4759 3625 4811 de
3654 4758 3815 4813 mssa

2220 4834 2509 4903 episc0pa|i
2532 4838 2687 4903 intra.
2719 4833 2980 4903 Enmdeni
3016 4838 3173 4884 ritum
3199 4833 3249 4885 in
3278 4830 3445 4903 Gallia
3470 4831 3815 4903 observatum

2220 4899 2595 4958 fuisse'docet
2642 4900 2875 4956 Jmnnes
2923 4901 3324 4955 Ahrincatensis
3355 4901 3639 4965 episcopus
3673 4899 3813 4965 apud

2222 4974 2533 5029 Menardum
2560 4985 2822 5034 nostrum,
2856 4987 2975 5039 pag.
3000 4971 3106 5024 275
3138 4990 3151 5022 :
3190 4969 3385 5022 Cantor
3423 4985 3617 5037 aquam
3656 4970 3815 5021 linteo

2227 5054 2514 5114 coaprrfaot
2552 5046 2602 5096 in
2655 5045 2794 5110 {esis
2840 5043 3055 5095 nimo-to
3108 5042 3328 5111 deferat,
3360 5055 3517 5108 quam
3569 5040 3685 5091 dim:
3723 5056 3815 5090 mu

2227 5117 2338 5169 vino
2364 5116 2588 5167 miserat.

2291 5193 2316 5232 s
2360 5186 2473 5236 Non
2505 5199 2667 5252 super
2695 5181 2893 5235 fontem
2927 5197 3017 5235 seu
3060 5197 3275 5252 aquam,
3311 5187 3369 5233 ut
3392 5251 3395 5252 ν
3419 5176 3585 5252 modo
3612 5176 3691 5239 fit,
3723 5178 3816 5230 sed

2226 5269 2417 5323 aquam
2454 5258 2507 5308 in
2539 5249 2759 5307 calicem
2809 5249 3136 5323 infundendo
3173 5253 3223 5306 in
3255 5251 3433 5305 crucis
3464 5249 3705 5323 modum.

2295 5323 2323 5361 ιι
2352 5325 2463 5379 Hoc
2491 5336 2572 5378 est
2602 5325 2739 5392 quod
2774 5338 2800 5375 a
2827 5322 3080 5376 Romanis
3107 5338 3182 5375 act
3203 5334 3383 5390 cptum
3415 5316 3811 5392 tradit-Amala-

2208 5382 2331 5449 lrius
2360 5397 2410 5448 in
2436 5396 2538 5448 fine
2565 5382 2811 5449 secunda:
2844 5393 3170 5461 pm-fationis
3198 5382 3263 5445 ad
3298 5392 3459 5444 libros
3489 5388 3766 5440 Ufliciales
3795 5402 3809 5438 :

2224 5464 2445 5534 (Julixin
2474 5463 2633 5518 latere
2679 5465 2861 5534 oblata:
2905 5464 3258 5534 componitur,
3285 5478 3385 5516 non
3435 5468 3549 5527 post
3591 5467 3793 5528 tergum

2227 5531 2371 5591 Ideni
2404 5552 2465 5589 ex
2501 5533 2772 5603 Microlngi
2802 5548 2918 5599 cap.
2950 5531 3034 5587 1οζ

2305 5610 2320 5643 ι
2363 5606 2531 5689 Quale
2583 5596 2752 5661 fuerit'
2782 5596 2904 5659 tunc
2949 5600 3323 5667 Oilei-torium,
3368 5601 3518 5670 leges
3562 5596 3791 5653 inferius

2231 5693 2373 5729 nunt.
2404 5682 2491 5730 :i‘j.
