4042 6300
608 308 706 362 927

1283 302 1624 358 AJ‘l‘ENDlX
1669 307 1760 359 AD
1800 306 1856 362 S.
1903 307 2234 366 CRECORII
2276 312 2495 369 MAGNI
2532 314 2902 373 LITURGICA
2937 318 3185 374 OPEHA.

3766 337 3872 392 9&3

606 439 774 480 cortm
804 418 1006 486 altaris,
1038 427 1085 472 et
1115 420 1393 472 annuntiat
1424 428 1449 456 ι
1473 421 1781 488 statiomm,
1811 434 1861 476 et
1888 424 2063 480 refuso
2088 443 2182 494 pa-
2214 432 2258 486 Λ
2294 429 2464 483 Finita
2494 440 2669 487 autem
2710 435 3016 502 Autiphona
3044 437 3212 506 surgit
3242 439 3478 507 pontifex
3521 456 3651 498 cum
3691 450 3868 502 archi-

605 531 722 569 rnm
753 513 818 567 de
851 509 1015 563 calice
1045 509 1096 562 in
1137 507 1395 577 scyphum
1424 509 1563 564 inter
1591 527 1781 568 manus
1808 517 2060 588 acolythi,
2097 533 2186 573 ae-

604 605 793 660 rcdunt
823 599 994 670 primo
1018 597 1252 668 episcopi
1281 598 1346 652 ad
1378 599 1582 664 sedem.
1614 614 1665 656 ut
1695 611 2087 663 communicent
2111 608 2179 664 de

601 708 761 750 manu
795 689 1054 758 pontiﬁcis
1098 690 1392 744 secundum
1445 691 1719 760 ordinem;
1765 694 1794 734 δ
1834 697 2079 753 similiter
2125 708 2176 753 et

606 779 903 850 presbyteri
955 790 1010 832 ut
1075 782 1472 849 communicent
1526 795 1644 849 post
1717 801 1833 842 eos.
1886 788 2182 858 Ep’scopus

597 879 773 925 autem
803 871 1006 939 primus
1027 871 1221 938 accipit
1247 872 1470 926 calicem
1498 873 1564 928 de
1586 890 1747 929 manu
1772 877 2172 948 archidiaconi,

600 973 653 1018 et
676 973 774 1016 stat
802 963 854 1016 in
878 977 1042 1016 cornu
1071 961 1254 1018 altaris
1275 964 1550 1032 S"Qll€‘llll$
1571 966 1777 1021 ordinis
1790 983 1956 1038 usque
1981 971 2044 1022 ad
2071 973 2178 1039 pri-

597 1051 875 1108 micerium
908 1053 1270 1108 defensorum.
1306 1053 1508 1110 Deinde
1551 1056 1990 1124 archidiaconus,
2017 1076 2174 1117 acce-

600 1152 690 1211 pto
741 1145 811 1198 de
860 1145 1105 1200 manibus
1151 1146 1294 1200 illius
1346 1147 1538 1214 calice,
1569 1149 1800 1206 refundit
1829 1153 1880 1207 in
1915 1155 2172 1225 scyphum

593 1249 755 1304 quem
789 1251 945 1306 supra
988 1237 1248 1304 diximus,
1277 1248 1329 1292 et
1378 1239 1538 1292 tradit
1584 1241 1803 1296 calicem
1847 1245 2174 1300 subdiacono

601 1326 922 1395 regiouario,
948 1329 1036 1395 qui
1071 1329 1227 1382 trudit
1276 1330 1324 1384 ei
1372 1331 1704 1400 pugillarem,
1735 1349 1856 1390 cum
1908 1353 2012 1404 quo
2047 1354 2172 1393 cou-

597 1414 772 1468 ﬁrmat
798 1417 1068 1485 populum.
1100 1418 1332 1474 Calicem
1360 1429 1535 1476 autem
1578 1424 1769 1493 accipit
1817 1428 2171 1486 subdiaconus

593 1522 738 1574 t-equ-
763 1523 862 1574 ns;
891 1510 979 1561 dat
1014 1509 1262 1580 acolytho
1311 1510 1493 1582 {Coll}.
1512 1554 1532 1580 ,
1561 1514 1626 1568 de
1672 1517 1920 1587 acolytho
1940 1517 1984 1590 ],
2013 1536 2170 1585 quem

591 1596 678 1650 ille
700 1609 917 1652 revocat
944 1599 1045 1671 15
1076 1601 1126 1654 in
1152 1605 1496 1670 paraturium.
1529 1607 1626 1671 Qui
1653 1609 1776 1662 dum
1819 1615 2172 1666 conﬁrmativ-

589 1685 657 1739 rit
681 1701 815 1755 quos
843 1703 976 1758 papa
1009 1693 1387 1758 communicat,
1417 1694 1692 1751 descendit
1721 1698 1954 1765 pontifex
1989 1717 2016 1754 a
2043 1719 2100 1758 se
2123 1705 2172 1759 'e

588 1791 708 1830 eum
739 1778 1043 1847 primicerio
1097 1783 1427 1838 notariorum
1468 1794 1522 1840 et
1570 1788 1876 1856 primicerio
1920 1791 2168 1848 defenso-

589 1883 730 1943 rum,
760 1870 1060 1925 tenentibus
1081 1871 1130 1926 ei
1161 1888 1369 1939 manus,
1397 1881 1454 1929 ut
1482 1880 1842 1934 communicet
1871 1895 1966 1936 eos
1998 1883 2086 1948 qui
2112 1884 2163 1937 in

587 1962 860 2017 senatorio
885 1973 1030 2028 sunt,
1060 1973 1181 2033 post
1212 1980 1368 2034 quem
1411 1964 1817 2026 archidiaconus
1861 1974 2160 2030 continuat.

587 2053 712 2107 l’ost
741 2055 855 2109 inec
877 2055 1075 2130 [Colb.,
1109 2056 1234 2113 Post
1263 2059 1713 2133 arehidiaconem]
1752 2064 1986 2135 episcopi
2017 2081 2162 2122 com-

590 2144 862 2200 munieant
885 2148 1158 2216 pupulum,
1191 2161 1458 2207 annuente
1481 2153 1562 2208 eis
1585 2155 1888 2222 primicerio
1905 2173 2026 2211 cum
2052 2173 2163 2212 ma.-

583 2251 653 2287 nu
685 2235 787 2289 sub
814 2235 1050 2305 planctu,
1080 2250 1390 2307 percontato
1417 2246 1688 2313 pontiﬁce.
1735 2247 1860 2302 Post
1907 2263 2009 2302 eos
2049 2250 2162 2303 dia—

579 2327 701 2378 coni
734 2327 1072 2384 conﬁrmant.
1107 2330 1310 2388 Deinde
1340 2343 1618 2390 transeunt
1666 2337 1717 2390 in
1767 2348 1974 2406 partem
2027 2342 2162 2394 sini-

580 2424 768 2483 stram,
793 2425 849 2472 ut
875 2419 1069 2476 faciant
1090 2421 1360 2480 similiter.
1382 2424 1683 2496 Presbyteri
1707 2435 1908 2494 autem,
1924 2445 2162 2485 annueno

583 2516 636 2563 te
676 2509 1005 2578 primicerio,
1035 2512 1189 2580 jussu
1240 2515 1508 2582 pontiﬁcis
1557 2521 1954 2574 communicant
1995 2537 2162 2592 popu-

582 2600 712 2668 lum,
731 2609 785 2657 et
802 2601 900 2673 ipsi
925 2602 1157 2658 vicissim
1181 2606 1520 2662 conﬁrmant.
1547 2610 1676 2665 Nam
1702 2627 1824 2667 mox
1847 2623 1900 2666 ut
1925 2613 2159 2683 pontifex

577 2695 802 2764 coeperit
825 2696 880 2750 in
911 2697 1182 2751 senatorio
1203 2701 1620 2768 communicare,
1647 2707 1825 2758 statim
1857 2706 2045 2760 schola
2074 2707 2159 2760 in-

579 2787 711 2856 cipit
753 2787 1115 2858 Antlphonam
1147 2791 1211 2843 ad
1245 2790 1688 2850 Communionem
1721 2811 1814 2866 per
1850 2798 1994 2852 vices
2037 2813 2159 2855 eum

575 2876 1010 2945 subdiaconibus,
1040 2888 1095 2935 et
1129 2890 1150 2918 ο
1178 2882 1434 2950 psallunt,
1467 2900 1637 2951 usque
1675 2887 1821 2950 dum,
1854 2891 2160 2953 communi-

577 2974 701 3020 cato
730 2967 875 3022 omni
907 2967 1125 3038 populo,
1151 2981 1353 3026 annuat
1381 2973 1616 3039 pontifex
1650 2986 1704 3030 ut
1752 2977 1933 3033 dicant
1978 2978 2162 3035 Gloria

577 3055 751 3121 Patri,
774 3065 829 3113 et
860 3067 986 3115 tunc
1009 3060 1240 3129 repetito
1268 3063 1434 3120 Versu
1463 3067 1768 3134 quiescunt.
1810 3068 1879 3123 Et
1921 3071 2158 3138 pontifex

2285 521 2546 590 diacono,
2599 534 2653 580 ct
2695 526 2916 582 veniens
2957 539 3082 584 ante
3119 529 3293 586 altare
3329 531 3423 587 dat
3449 535 3764 593 Orationem
3802 543 3868 594 ad

2284 609 2695 683 Cornplt-ndum,
2747 616 2767 655 ί
2801 618 3036 675 directus
3069 619 3139 674 ad
3168 619 3460 678 Orientem.
3502 625 3635 680 Nam
3670 629 3722 682 in
3767 632 3868 685 isto

2286 706 2428 776 loco,
2475 724 2594 762 «ιιιιι
2627 707 2878 765 Dominus
2906 713 3159 768 uobiscum
3187 714 3413 780 dixerit,
3444 732 3547 772 non
3595 735 3657 776 se
3688 722 3867 792 dirigit

2281 795 2351 850 ad.
2387 800 2660 867 populum.
2706 800 2879 856 Finita
2918 818 3044 857 vero
3087 804 3380 874 Oratione,
3423 810 3507 864 eui
3550 819 3872 882 prmeeperit

2280 891 2691 949 archidiaconus
2712 893 2778 949 de
2793 895 3126 960 diaconibus,
3148 899 3252 969 ιθ
3266 901 3530 968 aspicitad
3555 906 3872 973 pontiﬁcem

2279 992 2334 1036 ut
2366 984 2420 1038 ei
2439 995 2668 1051 annuat,
2687 995 2748 1041 'et
2774 988 2902 1041 dicit
2926 988 2990 1041 ad
3020 992 3269 1058 populum
3301 989 3382 1046 Ite
3410 992 3572 1048 liissa
3599 1006 3695 1050 est.
3730 997 3872 1052 Βεθσ-

2281 1091 2384 1145 pun
2409 1079 2516 1132 ient
2548 1078 2658 1132 Deo,
2687 1081 2898 1150 gratias.
2932 1080 3079 1134 'l’ttne
3107 1091 3311 1151 septem
3343 1097 3636 1140 cereosta‘ta
3663 1103 3867 1156 prace-

2279 1168 2414 1222 dunt
2471 1184 2576 1237 pou
2605 1169 2809 1234 ilicem,
2865 1180 2918 1224 et
2971 1171 3327 1228 subdiaconus
3371 1178 3703 1246 regionarius
3740 1194 3863 1235 cum

2281 1261 2558 1316 thuribulo
2581 1263 2646 1316 ad
2673 1265 3043 1318 secretarium.
3078 1265 3444 1323 Desecndcnte
3478 1278 3659 1324 autem
3692 1271 3784 1327 illo
3811 1275 3864 1328 in

2280 1353 2690 1421 presbyterium,
2725 1362 2749 1401 8
2770 1355 3007 1423 epis-cepi
3033 1355 3260 1425 primum
3284 1357 3630 1429 dicantJ‘ube,
3653 1364 3858 1431 domne,
3883 1350 3891 1380 ⁵

2275 1445 2317 1498 ιο.
2337 1447 2583 1502 nea'icere.
2608 1449 2766 1520 Resp.
2783 1451 3053 1506 Benedica'
3079 1471 3171 1508 nos
3189 1453 3452 1510 Dominus.
3485 1456 3651 1528 Resp.
3673 1461 3856 1514 Amen.

2280 1536 2406 1592 Post
2433 1542 2712 1611 episcopos
2746 1545 3043 1614 presbyteri
3070 1563 3083 1610 ;
3116 1545 3310 1601 deinde
3336 1549 3615 1613 monachi;
3663 1551 3863 1607 deinde

2276 1631 2491 1692 schola:
2546 1634 2738 1690 deinde
2766 1637 2964 1692 milites
3000 1638 3298 1694 draconarii
3320 1681 3334 1704 ,
3386 1640 3438 1694 id
3471 1651 3550 1696 est
3583 1645 3672 1713 qui
3696 1645 3858 1713 signa

2277 1729 2512 1789 portant;
2542 1736 2660 1792 post
2696 1742 2790 1782 eos
2817 1727 2999 1795 hajnli,
3038 1738 3156 1796 post
3176 1744 3268 1784 eos
3299 1735 3687 1798 eereostatarii;
3732 1743 3859 1800 post

2205 1811 2254 1871 Β
2277 1829 2408 1882 quos
2434 1817 2686 1887 acolythi,
2712 1821 2799 1887 qui
2825 1817 2854 1858 ¹ι
2881 1836 3062 1891 rugam
3089 1822 3403 1888 observant;
3441 1837 3558 1893 post
3586 1842 3676 1880 eos
3699 1837 3857 1880 extra

2273 1909 2662 1978 presbyterium
2714 1928 2901 1968 cruces
2933 1925 3241 1983 portantes;
3282 1916 3478 1973 deinde
3505 1919 3862 1978 mansionarii

2263 1998 2537 2069 iuniores;
2568 2009 2622 2056 et
2649 2002 2814 2057 intrat
2844 2004 2896 2058 in
2928 2003 3297 2062 secretarium.

2265 2126 2329 2183 ll.
2387 2130 2642 2209 Siculam
2686 2151 2940 2209 siluarum
2973 2136 3296 2209 pontiﬁcem,
3344 2137 3430 2191 ubi
3459 2141 3614 2193 statio
3659 2141 3856 2209 fuerit,

2339 2203 2604 2282 coritigcrit
2631 2221 2730 2282 non
2756 2207 2957 2272 adesse,
2974 2203 3087 2261 lucc
3104 2203 3244 2277 sunt,
3266 2223 3380 2278 qua:
3399 2209 3459 2261 ab
3483 2211 3590 2264 alio
3615 2203 3854 2282 episcopo

2335 2271 2651 2328 dissimiliter
2681 2275 2833 2344 ﬁunt.

2334 2406 2421 2459 9.2.
2459 2407 2512 2461 In
2556 2407 2745 2477 primis
2767 2451 2783 2474 ,
2832 2411 2972 2478 quod
3012 2410 3260 2493 nouilli,
3287 2414 3382 2468 sed
3409 2412 3622 2468 diaconi
3652 2428 3854 2484 praece-

2262 2496 2388 2551 dunt
2419 2513 2538 2552 cum
2564 2509 2860 2554 cereostato
2884 2501 2964 2555 vel
2995 2501 3283 2556 thuribulo.

2334 2590 2638 2646 Secundum
2679 2608 2910 2664 namque
2939 2593 3082 2664 quod
3130 2609 3237 2650 non
3265 2594 3416 2651 sedet
3457 2596 3513 2649 in
3554 2595 3686 2650 sede
3721 2603 3843 2666 post

2262 2680 2448 2734 altare.

2243 2775 2254 2781 ’
2342 2770 2523 2825 Tertio
2547 2787 2652 2826 non
2675 2772 2802 2828 dicit
2821 2771 3277 2844 Orationem‘post
3296 2775 3487 2844 altare,
3512 2777 3608 2832 sed
3638 2777 3691 2832 in
3720 2776 3850 2832 dex-

2267 2871 2350 2918 tro
2380 2865 2545 2918 latere
2570 2864 2775 2918 altaris.

2337 2956 2594 3023 Quartum
2625 2971 2729 3011 non
2759 2957 2872 3026 ipse
2900 2958 3186 3026 episcepus
3208 2999 3224 3023 ,
3256 2957 3348 3013 sed
3380 2958 3636 3014 diaconus
3686 2962 3738 3015 in
3782 2977 3850 3017 eo

2265 3048 2403 3113 luco,
2432 3050 2518 3104 tibi
2550 3052 2882 3104 consuetudo
2909 3059 3010 3116 est,
3043 3052 3223 3106 cinnat
3251 3051 3321 3108 tF
3325 3061 3454 3118 orte,
3481 3054 3701 3126 signat].

579 3161 702 3200 mox
733 3154 794 3201 ut
820 3151 1302 3206 communicaverit
1332 3152 1383 3207 in
1417 3163 1567 3223 parte
1589 3157 1904 3226 mulierum,
1932 3161 2069 3215 redit
2091 3163 2155 3216 ad
2189 3175 2235 3237 ο
2276 3228 2314 3237 _
2338 3140 2531 3205 ριιίηιο
2573 3139 2714 3237 low,
2747 3149 2867 3237 post
2921 3142 3125 3237 ﬁnitum
3166 3141 3461 3237 Cimonem,
3514 3144 3604 3199 ubi
3656 3147 3854 3202 dicitur

577 3237 782 3306 sedem,
812 3248 865 3294 et
891 3241 1254 3296 communicat
1286 3245 1621 3314 regionarios
1662 3262 1756 3316 per
1796 3250 2038 3304 ordinem
2060 3291 2074 3316 ,
2106 3263 2159 3306 et

576 3342 672 3383 eos
699 3329 789 3398 qui
818 3330 870 3385 in
899 3329 998 3386 ﬁlo
1019 3340 1296 3398 steterant,
1328 3343 1380 3387 et
1411 3333 1466 3388 in
1494 3334 1683 3390 diebus
1708 3338 1858 3392 festis
1883 3339 1950 3393 de
1979 3340 2160 3395 schola

583 3433 680 3474 sn.
713 3419 843 3475 Nam
875 3424 1085 3479 eteteris
1123 3422 1310 3477 diebus
1338 3424 1391 3478 in
1431 3423 1462 3464 ά
1506 3427 1840 3498 presbyterio
1868 3429 2165 3486 communi.

580 3523 724 3568 cant.
750 3513 877 3569 Post
902 3515 998 3568 hos
1019 3531 1205 3570 omnes
1227 3515 1516 3572 redeuntes
1530 3520 1940 3577 nomenculator
1963 3531 2017 3578 ct
2041 3539 2161 3578 suc-

575 3607 852 3675 rellarius,
879 3616 935 3662 et
977 3607 1284 3678 acolythus,
1317 3610 1408 3679 qui
1459 3621 1705 3680 patenam
1755 3624 1937 3682 tenet,
1965 3628 2015 3672 et
2067 3620 2158 3689 qui

571 3698 970 3767 manutergiutn
991 3707 1154 3766 tenet,
1176 3709 1230 3754 et
1251 3701 1340 3769 qui
1357 3717 1548 3771 aquam
1571 3704 1682 3769 dat,
1709 3707 1774 3760 ad
1799 3709 1980 3764 sedem
2009 3725 2159 3766 com-

577 3785 875 3846 municant.
906 3796 958 3843 et
981 3799 1100 3858 post
1122 3787 1430 3858 pontiﬁcem
1455 3792 1868 3853 archidiaconus
1911 3814 2007 3854 eos
2031 3815 2160 3857 con-

572 3877 768 3936 ﬁrtuat.

644 3972 734 4027 2|.
790 3973 940 4028 Astat
993 3985 1167 4030 au'em
1221 3977 1584 4034 subdiaconus
1644 3979 1979 4052 regionarius
2033 3993 2160 4042 ante

576 4061 765 4117 faciem
793 4065 1081 4135 pontificis,
1108 4075 1165 4120 ut
1185 4077 1383 4123 annuat
1412 4071 1484 4124 e‘.
1519 4068 1612 4124 Ille
1637 4084 1764 4126 vero
1787 4076 2159 4145 contemplans

577 4153 864 4222 populum,
895 4158 939 4210 si
971 4156 1075 4224 iam
1107 4159 1483 4214 communicati
1528 4160 1637 4215 sint
1658 4201 1672 4226 ,
1703 4172 1757 4218 et
1783 4167 1969 4220 annuit
1993 4165 2061 4222 ei.
2094 4165 2159 4222 Et

576 4246 665 4300 ille
693 4255 716 4284 ⁸
746 4246 893 4301 vadit
919 4249 985 4302 ad
1016 4247 1322 4318 humerum,
1348 4251 1538 4320 aspicit
1564 4252 1630 4307 ad
1660 4252 1889 4322 primum
1919 4257 2117 4312 scholae
2139 4300 2157 4324 ,

576 4339 779 4393 faciens
801 4355 1011 4396 trucem
1031 4342 1083 4396 in
1107 4342 1281 4398 fronte
1300 4358 1416 4410 sua,
1432 4345 1618 4399 annuit
1635 4346 1681 4399 ei
1702 4347 1881 4403 dicere
1893 4348 1934 4403 G
1942 4349 2119 4404 loriam
2137 4367 2156 4416 ,-

556 4438 624 4483 et
650 4429 742 4486 ille
771 4431 1084 4499 resalutato,
1113 4433 1246 4488 dicit
1272 4433 1471 4503 Gloria,
1497 4435 1646 4492 Sicut
1672 4446 1800 4504 erat,
1828 4447 1881 4494 ct
1909 4439 2154 4501 Versum.

2266 3228 2372 3285 Per
2400 3247 2544 3298 quem
2577 3232 2686 3286 hac
2731 3235 2904 3286 omnia
2958 3231 3205 3300 Domine,
3235 3250 3340 3290 non
3383 3235 3589 3291 levatur
3613 3237 3746 3292 calix
3779 3240 3848 3296 ab

2261 3321 2656 3378 arehidTacnno.

2333 3412 2494 3468 Sesto
2525 3415 2663 3481 loco,
2688 3415 2910 3485 quando
2924 3414 3028 3470 dici
3058 3414 3217 3472 debet
3247 3415 3360 3470 Pax
3390 3415 3598 3470 Domini
3623 3418 3688 3470 sit
3715 3435 3844 3471 sem-

2263 3519 2356 3573 per
2384 3504 2641 3559 vobiscum
2666 3547 2680 3571 ,
2727 3507 3037 3573 deportat-ur
3063 3523 3093 3561 a
3131 3507 3461 3564 snbdiacono
3494 3510 3848 3566 oblationario

2263 3596 2518 3664 particula
2549 3594 2566 3633 ί
2597 3595 2866 3662 fermenti,
2893 3599 3031 3667 quod
3054 3598 3124 3653 ab
3150 3599 3442 3669 apostolico
3470 3612 3845 3654 consecratum

2260 3696 2374 3753 est,
2423 3695 2478 3742 et
2523 3686 2681 3742 datur
2729 3689 3127 3755 archidiacono;
3181 3690 3272 3747 ille
3304 3706 3431 3746 vero
3463 3693 3689 3762 porrigit
3735 3694 3846 3759 cpi-

2261 3793 2444 3847 sco,,o.
2470 3780 2539 3834 At
2567 3779 2657 3833 ille
2686 3780 3054 3849 consignando
3082 3779 3251 3837 tribus
3275 3783 3508 3850 vicibus,
3535 3793 3588 3838 et
3619 3785 3649 3837 d
3675 3785 3850 3840 cendo

2198 3886 2202 3889 '
2264 3872 2381 3926 Pax
2408 3871 2618 3927 Domini
2641 3873 2704 3928 sit
2738 3889 2934 3939 semper
2954 3874 3226 3940 vobiscum,
3253 3876 3413 3929 mittit
3442 3875 3494 3930 in
3525 3876 3768 3930 calicem.

2332 3985 2467 4042 Nam
2516 3994 2571 4042 et
2602 3985 2702 4040 boc
2741 3987 2988 4043 similiter
3019 3987 3175 4057 facit,
3213 3989 3353 4057 quod
3380 3989 3711 4057 apostolicus
3743 4004 3848 4041 non

2260 4078 2547 4147 confringit
2572 4096 2586 4145 ;
2635 4078 2748 4147 ipse
2771 4093 2901 4132 Vt'l’o
2942 4093 3103 4147 super
3131 4079 3321 4149 pallam
3349 4121 3364 4144 ,
3387 4095 3506 4149 quae
3548 4079 3850 4148 corporalis

2261 4171 2484 4235 dicitur,
2532 4170 2583 4224 in
2615 4169 2782 4224 altare
2831 4169 3142 4239 confringit.
3192 4170 3394 4225 Deinde
3445 4171 3848 4225 communicant

2261 4275 2449 4317 omnes
2473 4271 2666 4328 praeter
2689 4261 3000 4328 episcopum
3026 4268 3251 4330 tantum,
3275 4263 3419 4330 quod
3437 4277 3544 4317 non
3560 4278 3658 4320 sua
3684 4278 3846 4319 nranu

2261 4350 2643 4407 communicat.
2674 4349 2729 4406 Si
2756 4350 2807 4404 in
2835 4351 3000 4420 ipsius
3032 4366 3245 4406 manum
3276 4353 3377 4423 17
3409 4353 3574 4410 mittit
3601 4365 3802 4422 partem
3828 4397 3845 4419 ,

2259 4452 2314 4499 et
2341 4446 2454 4513 ipse
2500 4458 2560 4498 se
2585 4442 2947 4499 communicat
2978 4456 3098 4497 cum
3131 4443 3345 4514 propria
3377 4459 3559 4499 manu.
3592 4444 3847 4500 Similiter

639 4594 666 4623 ⁸
703 4583 821 4681 IQuo
843 4586 1148 4681 modohaze
1189 4588 1519 4681 qullilli-‘l‘llo
1551 4591 1741 4681 futura:
1782 4594 2029 4677 stationis
2059 4596 2153 4652 ﬁe—
2185 4605 2235 4665 ι)
2329 4603 2356 4643 ά
2377 4603 2628 4681 _Colbert.
2660 4622 2672 4658 :
2725 4605 2863 4681 Nam
2889 4605 3082 4661 cwtcris
3111 4607 3288 4662 diebus
3318 4609 3604 4679 presbyteri
3629 4611 3718 4663 ubi
3743 4629 3841 4681 po-

570 4667 675 4782 Ξὲῑ,
701 4659 848 4730 leges
877 4657 1100 4714 inferius
1128 4659 1183 4714 iu
1213 4659 1390 4715 libello
1419 4661 1690 4717 Benedicti
1711 4666 1976 4736 canonici,
2003 4684 2150 4726 num.

641 4795 668 4836 δ
708 4798 1049 4877 Colliertinus
1073 4800 1244 4855 variat
1270 4801 1369 4877 hoc
1397 4801 1516 4858 loco
1552 4818 1567 4877 _:
1600 4802 1708 4877 Sed
1734 4807 2012 4877 presbyteri
2042 4827 2152 4864 om-

566 4887 654 4925 ms
681 4873 924 4944 accedant
973 4873 1448 4944 uthommunicent
1494 4875 1561 4927 ad
1592 4876 1785 4942 altare;
1832 4873 1948 4944 qna.-
1994 4882 2153 4934 lect'o

567 4943 964 5014 convenitcum
990 4941 1107 4998 aliis
1135 4943 1341 5014 duobus
1388 4944 1584 5014 libellis
1632 4941 1788 5002 infra.
1835 4941 1998 5003 Paulo
2035 4962 2154 5014 post

569 5013 708 5065 idern
739 5010 977 5067 Colbert.
1017 5029 1029 5065 :
1057 5013 1258 5067 Deinde
1286 5013 1679 5068 are/(diaconus
1707 5017 1771 5069 de
1812 5035 1966 5072 manu
2011 5010 2150 5077 illius

551 5084 851 5158 suscipiens
875 5085 1112 5152 calicem,
1145 5084 1369 5154 refundit
1398 5086 1448 5139 in
1479 5086 1751 5156 scyphum,
1779 5100 1886 5144 etc.
1919 5091 2146 5158 Clarius,

552 5153 656 5206 'scd
695 5155 885 5208 eodem
919 5169 1105 5210 sensu.

639 5235 668 5299 ἦ
708 5224 1020 5299 llinc_pate_t
1069 5227 1428 5296 Antiphonam
1460 5245 1578 5299 qua:
1623 5228 1782 5283 hodie
1831 5229 2150 5284 Communio

565 5295 933 5369 dicitur-“olim
990 5295 1211 5352 Psalmo’
1231 5295 1569 5354 decantando
1601 5301 1929 5369 prtetnissam
1955 5301 2147 5368 fuisse;

551 5367 708 5438 quod
741 5367 1058 5438 Micrologus
1090 5369 1288 5425 diserte
1344 5370 1503 5424 habet
1553 5367 1613 5424 in
1655 5386 1772 5438 cap.
1827 5373 1911 5425 l8.
1953 5367 2148 5426 Confer

568 5433 856 5509 ln.it_urgiam
894 5433 1239 5504 Gallicanam,
1295 5441 1384 5495 lib.
1416 5457 1452 5505 ι,
1499 5456 1618 5509 cap.
1666 5433 1735 5506 5,
1776 5456 1922 5494 nmn.
1964 5442 2052 5494 27.
2092 5442 2145 5496 In

563 5503 874 5582 Colbe'rtino
901 5509 975 5562 sic
1005 5509 1196 5582 legitur
1226 5503 1240 5566 ὲ
1268 5503 1457 5566 Statim
1478 5503 1653 5567 schola
1683 5503 1856 5578 incipit
1886 5512 2142 5582 Αηιίριιοο

548 5575 681 5627 ‘mmt
716 5579 783 5627 ad
829 5580 1308 5650 communionemet
1336 5582 1557 5650 psallunt
1591 5599 1745 5650 usque
1772 5575 1895 5634 dum
1920 5575 2149 5637 commu-

567 5647 699 5697 uicnt
722 5649 950 5723 populus
990 5647 1350 5723 unaunam
1377 5655 1607 5723 pontifex
1635 5647 1752 5708 mox
1779 5661 1831 5707 ut
1862 5655 2147 5709 communi-

561 5717 787 5770 sut'erint
813 5719 862 5770 in
894 5726 1061 5786 partes
1091 5717 1384 5788 mulierum,
1410 5731 1517 5778 etc.

2257 4676 2446 4731 luerint
2484 4677 2875 4730 communirent.

2332 4755 2356 4818 ξ
2395 4745 2633 4818 (ξοηκπι.
2669 4744 2779 4818 ε-Ει
2813 4747 2897 4800 ille
2923 4747 3103 4818 aspicit
3149 4748 3220 4800 ad
3245 4749 3464 4818 primum
3495 4749 3703 4805 scholia.

2336 4814 2356 4854 ί
2397 4815 2658 4877 Colbert.,
2691 4816 2774 4870 his
2804 4814 3041 4884 omissis,
3074 4818 3144 4872 ita
3175 4814 3373 4872 habet:
3409 4821 3510 4875 Dat
3540 4821 3843 4875 Orationem

2253 4889 2320 4940 ad
2347 4888 2735 4959 complendum.
2772 4887 2886 4954 Qua
2910 4888 3080 4959 finita,
3112 4889 3195 4941 cui
3238 4892 3478 4959 pra'cepit
3523 4892 3848 4946 archidiaco-

2254 4975 2351 5010 nus
2381 4958 2443 5010 de
2470 4957 2788 5019 diaconibus,
2819 4968 2925 5010 etc.
2972 4957 3124 5012 Nune
3171 4957 3426 5014 sacerdos
3453 4977 3750 5016 conversus
3779 4963 3846 5016 ad

2258 5029 2509 5097 populum
2529 5028 2656 5081 dicit
2683 5027 2928 5082 Dominus
2956 5028 3234 5095 vobiscum,
3263 5030 3424 5084 etiam
3450 5033 3551 5086 hoc
3595 5031 3735 5086 loro.

2338 5109 2363 5146 ε
2405 5099 2579 5152 Aliter
2607 5097 2844 5152 Colbert.
2879 5115 2893 5150 :
2945 5097 3229 5168 EplscOpus
3259 5101 3453 5164 primus
3503 5101 3670 5155 reniat
3732 5113 3851 5157 ante

2254 5186 2390 5233 cum,
2425 5171 2620 5234 dicens,
2647 5168 2804 5232 lube,
2837 5168 3078 5233 Domine,
3114 5169 3452 5235 benedicere,
3487 5187 3590 5227 etc.

2327 5236 2355 5279 δ
2397 5239 2509 5292 Non
2569 5238 3018 5307 praetermittenda
3053 5240 3210 5293 lectio
3254 5239 3465 5296 Codicis
3513 5242 3832 5306 Colhertini,

2256 5309 2341 5363 ubi
2367 5324 2463 5377 pro
2503 5326 2684 5378 rugam
2736 5309 2926 5376 legitur
2969 5311 3184 5379 regiam,
3218 5310 3266 5363 id
3293 5321 3374 5364 est
3404 5313 3608 5367 aditum
3637 5329 3733 5365 seu
3761 5314 3846 5380 ja—

2257 5396 2416 5433 nuatn
2447 5381 2805 5434 cancellorum
2833 5394 2967 5449 quas
2988 5380 3220 5449 acolythi
3251 5381 3544 5437 observare
3571 5384 3842 5437 solebant.

2259 5449 2566 5527 Bajulorum
2587 5449 2855 5527 _ofﬁei.um_
2879 5448 3248 5527 habessupra,
3286 5468 3434 5506 num.
3463 5455 3518 5508 3.

2333 5519 2348 5557 ί
2395 5519 2668 5603 Νοιαριιόυε
2713 5519 3091 5603 ιιίθηιοειιξέιθ
3134 5521 3398 5576 fermento
3449 5540 3542 5592 pro
3589 5523 3848 5603 Euchari:

2253 5591 2374 5645 stia.
2398 5590 2593 5645 Confer
2623 5604 2768 5660 num.
2800 5590 2833 5644 8
2886 5601 2939 5646 et
2974 5591 3063 5657 l9,
3117 5604 3299 5660 supra,
3357 5603 3414 5649 et
3450 5590 3847 5650 commentarii

2254 5661 2420 5717 nostri
2453 5658 2642 5728 prievii
2665 5667 2822 5730 caput
2844 5660 2897 5716 6.
