4042 6300
245 285 350 341 9w

1456 266 1712 327 ROMANI
1751 265 2067 322 ORDINES.
2108 295 2179 309 -
2218 266 2258 320 ἰ.

3400 262 3500 317 95’}

244 398 371 454 facit
398 392 679 464 presbyter
704 388 1041 460 presbytero,
1075 392 1132 441 et
1152 382 1407 439 diaconus
1429 379 1675 436 diacono.
1700 378 1830 433 Nam
1864 384 1907 439 A
1940 376 2208 445 episcopis
2262 382 2439 430 autem
2473 372 2616 429 omni
2664 380 2904 441 tempore
2933 370 3002 464 in‘
3035 368 3322 464 Dotttitiieis
3351 410 3382 464 ,Α
3412 387 3504 426 seu

245 490 452 557 reliqua
488 483 668 539 omnia
695 481 944 537 similiter
972 488 1030 533 ttt
1058 490 1297 532 summus
1329 473 1567 529 Pontifex
1604 471 1750 525 facit.

1934 468 2085 525 festis
2124 468 2317 524 diebus
2360 474 2626 523 cantatur.
2658 464 2790 520 Nam
2829 461 3044 533 quando
3078 451 3257 516 lita'nia
3302 461 3503 530 agitur,

318 552 578 635 Similiter
606 572 768 629 etiam
801 581 855 626 et
883 585 911 624 a
938 556 1255 641 presbytero
1280 566 1474 635 agitur,
1520 562 1733 632 quando
1776 560 1830 614 in
1932 575 2031 615 nec
2068 560 2249 615 Gloria
2298 560 2350 613 in
2381 557 2593 614 excelsis
2639 556 2779 625 Deo,
2814 569 2914 611 nec
2945 552 3104 625 Kyrie
3149 554 3341 615 eleison
3395 559 3515 620 post

254 671 484 728 statione
510 667 638 721 facit
668 664 878 731 Missas,
910 671 1104 730 praeter
1141 658 1319 713 Gloria
1347 659 1400 711 in
1431 657 1639 711 excelst
1688 652 1830 718 Deo,

248 762 376 833 quia
390 777 418 815 a
439 756 755 829 presbytero
776 769 883 808 non
900 752 1094 806 dicitur
1115 751 1214 805 nisi
1241 750 1293 805 in
1318 749 1539 803 Pascha.
1564 744 1831 816 EpiSCupi,

246 853 342 923 qui
393 848 700 907 civitatibus
747 844 1057 915 praesident,
1090 852 1146 897 ut
1174 855 1415 897 summus
1455 840 1691 911 pontifex
1714 879 1731 902 ,
1762 838 1833 892 ita

251 943 436 1001 omnia
466 946 744 1013 peragunt-
1480 995 1486 998 Α

524 1030 610 1085 lll.
636 1026 795 1083 Feria
814 1024 870 1082 4.
893 1025 918 1078 Ι
927 1033 1109 1078 mttunt
1133 1021 1564 1093 Quadragesima'.

1933 651 2236 717 Introitum.
2262 666 2360 707 nec
2382 649 2607 706 Alleluia
2639 656 2904 713 cantatur,
2934 652 3159 716 excepto
3189 645 3372 701 litania
3402 657 3520 699 ma-

1928 757 2068 814 lore.

2003 834 2094 890 26.
2136 834 2263 889 Item
2294 834 2359 889 de
2389 833 2746 904 Responsorio
2785 830 3047 904 graduali,
3092 828 3160 885 ab
3217 826 3507 895 incipiente

1936 940 2102 996 usque
2126 927 2191 980 ad
2215 925 2374 981 linem
2408 932 2674 992 cantatur,
2697 932 2752 978 et
2782 922 2981 979 Versus
3004 920 3276 976 similiter.
3313 917 3499 974 Simili-

1938 1025 2017 1071 ter
2048 1015 2100 1070 in
2141 1016 2466 1085 quotidianis
2501 1014 2691 1070 diebus
2736 1011 2961 1067 Alleluia
3009 1010 3171 1066 simili
3226 1009 3407 1064 modo.
3458 1008 3513 1063 In

327 1124 423 1182 23.
450 1123 717 1192 Colligunt
742 1133 801 1175 se
829 1131 1017 1174 omnes
1044 1115 1107 1170 ad
1129 1115 1409 1169 ecclesiam
1440 1120 1641 1166 saneta:
1669 1112 1840 1164 Ana:-
1938 1104 2263 1174 quotidianis
2294 1119 2424 1161 vero
2465 1103 2679 1169 diebus,
2725 1103 2772 1159 si
2798 1102 3083 1169 voluerint,
3116 1108 3318 1156 tantum
3347 1100 3512 1171 prima

258 1215 413 1271 tasize
438 1216 576 1269 circa
605 1211 790 1267 horam
826 1200 1128 1278 septimam.
1176 1203 1473 1273 Ingreditur
1500 1200 1736 1271 ponti’ex
1784 1200 1838 1253 in
1938 1192 2154 1249 dicitur.

258 1305 645 1373 secretarium,
695 1300 867 1357 induit
904 1313 965 1355 se
1002 1296 1261 1353 vestibus.
1292 1294 1485 1351 Sebola
1524 1306 1651 1347 vero
1687 1294 1833 1346 canit

258 1398 623 1467 Antiphonem
648 1393 717 1449 ad
747 1392 1045 1448 Introitum.

328 1491 423 1545 ‘24.
472 1489 621 1544 Tunc
660 1485 951 1541 adveniens
992 1480 1227 1553 pontifex
1270 1478 1514 1536 ascendit
1541 1478 1608 1533 ad
1649 1476 1839 1535 altare.

261 1581 334 1638 Ut
380 1591 557 1636 autem
589 1580 734 1634 finita
776 1576 935 1633 fuerit
963 1573 1303 1643 Antiphona,
1349 1579 1499 1626 stans
1529 1568 1764 1639 pontifex
1810 1585 1841 1623 a

262 1675 475 1729 dextris
523 1672 705 1727 altaris
729 1670 966 1725 directus
1001 1665 1069 1722 ad
1100 1666 1386 1735 populum,
1434 1663 1563 1718 dicit
1591 1660 1843 1716 Dominus

2011 1291 2140 1351 Item
2183 1289 2502 1345 candelabra
2534 1296 2783 1343 tenentur
2836 1287 2892 1343 In
2924 1287 3171 1342 manibus
3200 1299 3366 1354 usque
3392 1284 3513 1340 dum

1941 1383 2009 1438 ad
2039 1381 2414 1451 repetitionem
2455 1380 2738 1449 incipiunt,
2770 1389 2953 1449 postea
2970 1378 3317 1449 deponuntur
3345 1377 3396 1431 in
3431 1392 3514 1446 pa-

1941 1475 2255 1530 vimentum.
2292 1472 2359 1527 Et
2392 1478 2513 1541 post
2540 1470 2765 1539 primam
2792 1470 3027 1524 Orationi
3047 1484 3096 1523 ιιι
3126 1468 3301 1522 Missas
3343 1467 3513 1523 datam

1942 1566 2292 1635 deportantur
2317 1574 2441 1618 ante
2489 1564 2678 1617 altare.
2729 1562 2856 1616 Item
2885 1560 3067 1615 Gloria
3108 1558 3382 1621 dividitur,
3428 1560 3515 1613 sed

1944 1666 2147 1713 tantum
2190 1654 2577 1713 lestisdiebus.
2616 1653 2697 1708 Ad
2733 1651 3083 1724 repetendum
3124 1666 3274 1719 vero,
3304 1652 3419 1707 sive
3450 1649 3519 1703 fe.

260 1756 1124 1831 vobiscum;deinderegyratsead
1144 1753 1841 1820 Orientem,dieit0remux,
1876 1758 1922 1819 Β
1947 1752 2044 1806 stis
2071 1749 2280 1816 diebus,
2323 1764 2419 1804 seu
2447 1746 2794 1816 quotidianis,
2827 1760 3044 1816 semper
3083 1744 3353 1815 incipitur.
3384 1743 3519 1799 Tan-

260 1858 543 1923 d'saconus,
580 1852 872 1909 Flectamus
901 1867 1066 1923 genua
1088 1891 1105 1916 ,
1136 1847 1330 1904 deinde
1367 1845 1573 1911 Leonte;
1600 1848 1845 1916 sequitur

259 1947 323 2002 O.
339 1948 465 2001 alio.
492 1944 691 2000 Deinde
710 1940 1273 2013 incipiturAntipbona
1289 1938 1391 1993 Per
1412 1939 1564 1992 viam.
1580 1938 1647 1995 Ut
1667 1950 1842 1994 autem

264 2054 433 2109 prope
453 2039 729 2094 ecclesiam
746 2037 1009 2105 venerint,
1024 2036 1276 2104 incipient
1292 2026 1549 2088 litaniam.
1576 2032 1641 2088 Ut
1666 2042 1845 2087 autem

265 2129 495 2201 ingressi
525 2130 720 2185 fuerint
746 2128 1051 2194 ecclesiam,
1082 2125 1317 2196 pontifex
1356 2126 1646 2195 ingreditur
1673 2124 1723 2178 in
1755 2137 1844 2179 se-

268 2221 584 2277 cretarium.
615 2219 807 2274 Seltola
834 2218 1006 2288 pergit
1029 2217 1361 2271 decantando
1384 2229 1546 2284 usque
1568 2214 1633 2268 ad
1655 2213 1842 2267 altare.

274 2309 347 2365 Ut
374 2318 552 2366 autem
585 2308 816 2365 [inierint
846 2308 1078 2363 titaniam
1098 2346 1115 2372 ,
1142 2316 1264 2375 post
1289 2306 1558 2376 pauluEum
1592 2303 1847 2371 incipiunt

269 2399 635 2470 Antipltonatn
663 2398 728 2454 ad
759 2398 1062 2454 Introitum.
1099 2397 1296 2452 Deinde
1336 2396 1558 2452 veniens
1604 2401 1735 2465 pont
1753 2393 1841 2449 fex

264 2491 509 2547 ascendit
534 2490 601 2545 ad
630 2490 839 2557 sedem,
870 2489 998 2544 dicit
1029 2488 1266 2553 Oremus,
1297 2488 1550 2542 diaconus
1569 2527 1586 2553 ,
1634 2485 1847 2541 Flecta-

265 2598 382 2634 mus
406 2597 593 2651 genua,
621 2589 675 2636 et
704 2579 911 2634 Levate.
943 2578 1140 2634 Deinde
1170 2588 1289 2648 post
1311 2577 1620 2633 Orationem
1655 2576 1848 2646 legitur

266 2673 454 2741 lectio,
500 2679 554 2726 et
598 2670 903 2726 celebratur
947 2670 1107 2725 Missa
1137 2683 1286 2724 more
1332 2667 1510 2723 solito.
1562 2668 1846 2737 Postquam

265 2771 448 2817 autem
476 2762 670 2819 dixerit
694 2761 1123 2817 communionem
1141 2801 1157 2827 ,
1191 2774 1223 2814 a
1249 2759 1474 2815 diacono
1503 2759 1700 2815 dicitur
1727 2757 1849 2813 Ilu-

264 2856 475 2914 mtliate
517 2855 685 2924 capita
713 2862 877 2907 vestra
914 2852 1041 2907 Deo.
1070 2851 1256 2907 Clerus
1286 2851 1572 2921 respondet
1594 2849 1704 2905 Deo
1731 2866 1854 2922 gra-

272 2956 405 3017 tias,
425 2954 478 3001 et
506 2945 700 2998 dicitur
721 2940 1083 3009 Oratiosuper
1111 2942 1383 3013 populum.
1410 2942 1583 2998 Finita
1599 2941 1851 2998 Oratione

267 3037 408 3090 dicit
428 3036 686 3089 diaconus
712 3042 739 3071 ⁸
770 3033 846 3090 Ife
880 3034 1041 3089 Missa
1067 3043 1163 3089 est.
1184 3035 1353 3090 Simili
1380 3034 1540 3093 modo
1570 3035 1739 3103 agitur
1765 3048 1852 3089 se-

1947 1851 2059 1897 tum
2086 1842 2252 1896 semel
2292 1839 2359 1894 de
2388 1838 2681 1903 ofl’ertorio,
2706 1852 2801 1893 seu
2828 1846 2883 1893 et.
2911 1850 3066 1892 versu
3098 1844 3123 1873 ο
3152 1835 3343 1905 ipsius,
3388 1833 3518 1889 dua-

1943 1938 2044 1994 bus
2075 1935 2279 1991 vicibus
2315 1935 2381 1989 ad
2407 1948 2566 1988 unam
2598 1932 2811 1987 Missam
2841 1932 3042 1985 domno
3073 1943 3222 1999 papa:
3251 1934 3517 1983 cantatur.

1944 2046 2034 2102 IV.
2086 2045 2275 2115 Incipit
2301 2042 2445 2099 Ordo
2468 2060 2500 2097 a
2534 2042 2799 2115 Dominica
2831 2041 3068 2096 mediana
3097 2054 3250 2109 usque
3290 2038 3344 2094 in
3366 2037 3518 2092 Octa-

2557 2130 2644 2167 vas
2670 2111 2903 2169 Pasclta'.

2016 2210 2108 2264 27.
2149 2208 2314 2279 Igitur
2334 2223 2366 2262 a
2394 2205 2669 2262 Dominica
2687 2219 2845 2275 quam
2865 2202 3024 2259 sedes
3044 2201 3337 2271 apostolica
3370 2198 3389 2239 ι
3417 2199 3518 2256 Mc-

1946 2302 2156 2358 dianam
2191 2301 2358 2356 voluit
2401 2298 2719 2369 nuncupari,
2773 2312 2927 2353 usum
2971 2296 3328 2353 observantiae
3350 2294 3518 2350 credi-

1947 2411 2066 2451 mus
2095 2394 2480 2460 intimandum;
2514 2392 2655 2448 unde
2683 2400 2738 2448 et
2764 2407 2828 2448 ea
2866 2407 2984 2463 quae
3024 2391 3136 2462 ipsa
3165 2389 3252 2445 die
3282 2389 3518 2444 dicuntur

1948 2505 2230 2545 numerum
2283 2488 2491 2543 dierum
2538 2486 2852 2553 ostendunt,
2908 2494 2966 2541 ut
3001 2494 3084 2541 est
3130 2484 3279 2551 illud,
3331 2484 3520 2550 Quarta

1946 2582 2145 2637 decima
2171 2581 2254 2635 die
2281 2579 2348 2633 ad
2377 2593 2677 2648 vesperum;
2706 2587 2766 2633 'et
2796 2576 2954 2648 paulo
2977 2584 3117 2647 post,
3144 2574 3211 2630 In
3233 2574 3411 2646 quinta
3440 2575 3532 2629 dc—

1947 2678 2081 2730 eima
2118 2675 2492 2730 solemnitatem
2530 2672 2871 2728 celebrabitis.
2912 2671 2956 2727 A
2998 2684 3106 2742 quo
3146 2669 3232 2725 die
3260 2683 3426 2740 usque
3474 2668 3525 2723 in

1948 2768 2183 2838 vigiliam
2210 2765 2411 2821 sancite
2461 2764 2750 2819 Dominicis
2797 2761 3223 2818 Resurrectionis
3276 2759 3329 2815 in
3380 2758 3527 2814 nullo

1950 2857 2294 2923 responsorio
2337 2856 2441 2926 19
2483 2854 2795 2911 decantatur
2850 2850 3050 2919 Gloria,
3100 2865 3199 2907 nee
3227 2852 3281 2907 in
3318 2849 3528 2918 Venite;

1951 2950 2167 3006 aCmna
2220 2964 2349 3003 vero
2406 2948 2641 3015 Domini,
2691 2962 2790 3004 nec
2838 2948 2889 3003 in
2921 2946 3167 3011 Psalmis,
3199 2959 3298 3001 nec
3322 2945 3375 3000 in
3425 2944 3531 2999 ullo

1961 3039 2083 3096 loco
2108 3040 2425 3095 decantatur
2452 3038 2635 3094 Gloria
2657 3053 2824 3109 usque
2848 3038 2900 3094 in
2924 3038 3149 3095 Pascha.
3183 3037 3454 3093 Dominica
3481 3036 3532 3092 in

269 3125 452 3182 cunda
479 3125 604 3180 feria
624 3166 640 3191 ,
668 3134 858 3195 quarta
884 3122 1034 3191 feria,
1066 3134 1216 3180 sexta
1247 3125 1398 3191 feria,
1425 3134 1478 3181 et
1500 3125 1723 3181 sabbato
1754 3140 1849 3194 per
1880 3116 1929 3178 C
1965 3131 2183 3196 Palmis,
2250 3145 2371 3186 cum
2428 3129 2776 3200 Evangelium
2830 3129 3039 3201 legitur,
3098 3128 3231 3184 dicit
3278 3126 3533 3183 diaconus

271 3225 442 3272 totout
461 3216 953 3288 Quadrageslmam.
977 3217 1107 3271 Nam
1129 3217 1365 3273 Sabbato
1380 3228 1617 3288 tempore
1629 3216 1847 3271 Adriani

272 3306 579 3362 institutum
603 3315 684 3361 est
708 3314 765 3361 ut
794 3308 1097 3362 flecteretur
1127 3322 1222 3377 pro
1241 3306 1431 3364 Carolo
1459 3304 1484 3342 δ
1515 3321 1664 3378 rege,
1696 3315 1852 3363 antea

274 3412 407 3452 vero
436 3396 660 3454 nonfuit
688 3397 1051 3456 consuetudoa

349 3486 659 3545 25.,Tertia
680 3488 832 3551 feria.
865 3488 1167 3557 seu~quinta
1198 3487 1350 3553 faria,
1370 3488 1533 3544 utad.
1548 3489 1737 3545 Missas
1760 3505 1855 3547 m-

273 3581 557 3643 traverint,
603 3579 732 3634 dicit
755 3577 1004 3636 Dominus
1030 3580 1305 3647 uobiscum,
1335 3590 1387 3635 et
1406 3582 1663 3638 diaconus
1703 3580 1855 3637 Flec-

275 3678 657 3739 tamusgenuu,
690 3679 745 3726 et
773 3669 977 3729 Levate.
1015 3672 1118 3742 18
1148 3671 1302 3727 Missa
1332 3672 1497 3740 finita,
1521 3672 1648 3730 dicit
1672 3674 1854 3731 diaco-

274 3774 382 3815 nus
411 3758 696 3815 Ilumih’ate
741 3770 763 3798 ο
797 3762 966 3832 capita
1019 3771 1185 3816 vestra
1215 3760 1343 3819 Deo.
1391 3762 1466 3820 Et.
1499 3763 1753 3820 inclinant
1797 3780 1857 3822 se

280 3866 480 3907 omnes
497 3851 561 3907 ad
585 3852 884 3916 Orientem.
899 3852 961 3908 Et
976 3853 1106 3909 dicit
1121 3852 1357 3924 pontifex
1380 3855 1858 3927 Orationemsnper

276 3940 562 4012 populum,
593 3942 848 3997 diaconus
869 3981 896 4009 ,,
927 3941 1008 3996 Ite
1038 3942 1197 3998 Missa
1219 3953 1314 3999 est.
1343 3943 1532 4001 Caneri
1562 3960 1691 4002 vero
1719 3946 1859 4017 epis-

284 4033 434 4102 c0pi,
463 4042 554 4088 aut
582 4034 898 4106 presbyteri,
932 4036 1019 4105 qui
1049 4035 1338 4091 Collectam
1367 4051 1473 4092 non
1503 4034 1740 4107 faciunt,
1774 4039 1857 4094 vel

288 4126 461 4181 statio
490 4141 597 4181 non
629 4127 787 4183 fuerit
824 4129 881 4184 in
906 4129 1019 4198 ipsa
1046 4130 1270 4186 ecclesia
1292 4170 1307 4194 ,
1347 4146 1440 4200 per
1468 4139 1632 4188 totam
1659 4130 1873 4189 ltebtlo-r

284 4214 498 4269 madam
527 4216 775 4273 similiter
802 4217 1000 4274 faciunt
1029 4220 1297 4291 quomodo
1326 4221 1414 4276 isti
1443 4221 1495 4277 in
1517 4221 1723 4277 duobus
1748 4222 1860 4278 die—

281 4304 386 4361 bus
419 4317 695 4377 peragunt.
748 4308 876 4364 Item
904 4309 971 4366 de
1000 4326 1067 4366 eo
1090 4312 1239 4382 quod
1276 4309 1305 4349 ά
1333 4311 1513 4367 Gloria
1555 4313 1607 4367 in
1649 4310 1861 4368 excelsis

286 4395 401 4451 Deo
424 4411 592 4467 usque
622 4399 856 4469 ineaput
876 4401 1304 4473 Quadragesimae
1335 4402 1385 4459 in
1424 4402 1710 4461 Dominicis
1736 4403 1861 4459 die-

1942 3223 2204 3278 Dominus
2228 3221 2505 3277 uobiscum.
2554 3222 2589 3289 ἢ
2637 3220 2704 3274 Et
2743 3237 2861 3276 cum
2905 3210 3090 3290 spiritu
3124 3229 3230 3275 ltro.
3278 3218 3408 3275 Item
3451 3219 3533 3275 di-

1951 3323 2035 3368 cat
2069 3330 2081 3366 :
2110 3311 2292 3367 Passio
2315 3312 2519 3367 Domini
2541 3312 2702 3367 nostri
2729 3310 2855 3366 Iesu
2874 3311 3063 3368 Christi
3088 3310 3369 3367 sceumlum
3392 3308 3535 3365 Mat-

1953 3404 2161 3460 tlta'um.
2200 3405 2238 3473 ἡ
2274 3404 2455 3459 Gloria
2478 3404 2591 3472 tibi,
2626 3403 2862 3460 Domine.

2021 3498 2113 3554 28.
2144 3496 2298 3551 Feria
2317 3497 2372 3561 4,
2403 3510 2524 3565 quae
2550 3503 2632 3549 est
2659 3492 2828 3565 pridie
2872 3493 2924 3549 in
2947 3492 3113 3549 Ccena
3140 3492 3369 3563 Domini,
3404 3492 3535 3549 bora

1957 3588 2113 3644 tertia
2155 3586 2389 3658 pontifex
2419 3602 2539 3642 cum
2571 3585 2717 3642 clero
2743 3592 2799 3641 et
2827 3585 3016 3641 ordine
3053 3598 3152 3640 suo
3184 3584 3436 3653 procedat
3465 3587 3531 3639 ad

1957 3679 2125 3733 altare
2152 3677 2204 3732 in
2234 3677 2458 3732 ecclesia
2491 3676 2714 3747 majore,
2737 3685 2791 3733 et
2810 3676 2940 3732 dicit
2967 3675 3252 3733 Orationes
3273 3685 3298 3725 Β
3341 3677 3533 3732 solem-

1957 3783 2051 3823 nes
2096 3767 2197 3822 hoc
2224 3767 2412 3841 ordine
2437 3785 2449 3820 :
2486 3767 2724 3823 Oremus.
2755 3768 2856 3823 Dat
2881 3767 3192 3824 Orationem
3218 3768 3353 3823 Deus
3386 3787 3415 3822 a
3437 3785 3538 3839 quo

1957 3868 2004 3913 et
2040 3858 2232 3911 ludas.
2284 3857 2410 3912 Post
2454 3856 2612 3911 Amen
2660 3858 2938 3926 sequitur,
2984 3866 3037 3913 et
3083 3858 3211 3914 dicit
3257 3856 3539 3912 Orationes

1959 3947 2247 4012 solemnes,
2275 3947 2414 4001 sicut
2443 3945 2494 4001 in
2534 3946 3003 4003 Sacramentorum
3046 3946 3387 4015 continetur,
3424 3956 3540 4001 tan-

1962 4039 2234 4094 tummodo
2274 4054 2369 4109 pro
2420 4053 2479 4094 se
2529 4038 2852 4095 intermittit.
2903 4039 3039 4095 Dicit
3084 4040 3391 4095 Orationem
3444 4055 3540 4107 pro

1948 4146 2087 4201 rege
2124 4130 2456 4187 Francorum
2478 4171 2495 4198 ,
2543 4130 2738 4186 deinde
2784 4130 3140 4201 reliquasper
3168 4129 3444 4195 ordinem,
3471 4145 3500 4182 a
3526 4133 3541 4183 ι

1950 4222 2204 4279 .ttltimum
2262 4234 2358 4291 pro
2401 4218 2600 4277 Judaeis
2649 4235 2754 4275 non
2809 4220 3028 4275 llectunt
3074 4235 3264 4291 genua.
3327 4219 3530 4288 Quibus

1964 4313 2209 4382 expletis,
2239 4312 2511 4367 osculatur
2541 4311 2729 4377 altare,
2762 4320 2816 4367 et
2844 4310 3136 4381 egreditur.
3187 4310 3378 4366 Postea
3410 4327 3539 4367 vero

1967 4406 2096 4461 bora
2127 4413 2313 4460 octava
2346 4404 2717 4475 ingrediuntur
2743 4405 2811 4460 ad
2840 4405 3028 4460 Missas
3066 4409 3168 4460 hoc
3207 4405 3415 4463 ordine.
3445 4405 3536 4461 Di-

262 4488 392 4542 ‘bus
419 4497 682 4544 cantatur.
712 4490 755 4546 A
807 4492 1132 4563 presbyteris
1162 4509 1288 4550 vero
1332 4495 1512 4550 Gloria
1552 4496 1604 4550 in
1651 4496 1859 4551 excelsis
1889 4479 2039 4552 Dcit
2063 4496 2247 4552 schola
2269 4495 2627 4566 Antipbonam
2656 4496 2722 4551 ad
2758 4496 3060 4565 lntroitum,
3091 4507 3143 4553 et
3168 4495 3405 4566 pontifex
3448 4498 3542 4552 dat

280 4577 399 4635 Deo
447 4580 666 4638 minime
713 4592 977 4654 cantatur,
1027 4584 1131 4641 nisi
1187 4587 1357 4643 solum
1399 4587 1454 4643 in
1499 4587 1725 4646 Pascha.
1774 4588 1857 4645 Ab

324 4791 337 4802 .
357 4727 389 4802 ξ
401 4800 407 4802 _
423 4718 573 4802 Nunc
594 4730 879 4802 per__totam
905 4723 1397 4802 Quadragesimam,
1405 4726 1650 4802 exceptis
1676 4726 1851 4794 l'eStis,

281 4789 481 4868 dicitur
522 4789 888 4868 Benedicamus
920 4789 1160 4868 Domino.
1196 4795 1329 4851 Vide
1375 4789 1649 4868 Μία-οῖοκί
1698 4789 1865 4867 caput.

282 4858 377 4932 46,
430 4867 487 4932 et
524 4862 710 4919 confer
737 4872 896 4932 caput
921 4863 1010 4919 54.

360 4929 387 4969 δ
427 4931 632 5013 Nempe
651 4929 851 5013 Carolo
873 4933 1091 5004 Magno,
1113 4950 1230 5057 quae
1269 4935 1428 4990 verba
1482 4937 1710 4993 innuunt
1741 4936 1857 4994 hare

360 5012 605 5057 stcrtorts
631 5017 749 5057 esse
773 5004 1022 5057 tnstitutl.
1052 5004 1126 5057 Vit
1152 5021 1181 5057 e
1205 5021 1352 5057 num.
1374 5006 1464 5057 ‘28.

284 5004 605 5070 posterioris
631 5017 749 5058 esse
773 5004 1022 5058 instituti.
1052 5004 1181 5058 Vide
1205 5006 1464 5061 num..‘28.

363 5081 387 5109 ε
430 5070 502 5145 De
526 5070 624 5145 liae
647 5073 750 5145 ritu
779 5073 976 5145 videsis
996 5074 1323 5130 Amalarium
1366 5075 1417 5129 in
1448 5075 1859 5145 przefationoal-

286 5147 403 5214 tera
426 5140 492 5214 ad
521 5141 965 5214 Officialem,‘sub
998 5147 1153 5198 linem
1198 5140 1541 5214 praefationis.

356 5209 385 5247 ά
424 5209 607 5281 Neque
636 5212 793 5267 modo
822 5210 999 5267 Gloria
1021 5215 1073 5266 in
1105 5209 1319 5269 excelsis
1346 5215 1540 5271 dicitur
1567 5229 1600 5271 a
1636 5216 1863 5281 Septua-

283 5281 491 5404 giesima
514 5283 580 5336 ad
623 5281 830 5338 Pascha
869 5295 1021 5339 extra
1068 5283 1224 5356 festa,
1271 5300 1483 5357 semper
1520 5301 1647 5343 vero
1705 5281 1863 5358 Κριτία

283 5367 312 5404 e
335 5367 496 5404 etson.

281 5367 496 5404 etetson.

362 5429 388 5497 ξ
431 5420 544 5497 Duo
587 5420 985 5497 distinguuntur
1026 5424 1077 5478 in
1109 5423 1412 5497 Olfertorio,
1446 5440 1636 5495 nempe
1686 5429 1859 5497 Ipsum

283 5487 631 5568 OlI'ertorium
654 5501 712 5568 et
739 5487 958 5559 Versus,
999 5494 1176 5568 qualia
1206 5487 1484 5551 Oll‘ertoria
1516 5487 1857 5568 inveniuntur

300 5560 359 5611 in
404 5560 623 5615 vetustis
663 5564 814 5617 librts
842 5577 963 5617 cum
992 5560 1198 5618 duobus
1238 5576 1331 5620 aut
1383 5568 1551 5622 tribus
1584 5567 1853 5624 Versibus.

304 5630 817 5703 "ille‘fttnalarium,
848 5632 900 5687 in
932 5633 1023 5688 lib.
1055 5650 1131 5703 III,
1163 5648 1278 5703 cap.
1311 5637 1398 5700 19,
1433 5639 1485 5691 in
1518 5638 1641 5693 line.

280 5780 283 5781 ν
369 5697 389 5739 ί
429 5701 523 5757 Sic
561 5697 811 5772 appellat»
834 5697 1165 5761 Dominicaiu
1197 5697 1470 5765 Passionis
1486 5709 1629 5764 Ordo
1661 5706 1853 5765 Roma-

1958 4586 2535 4659 Orationem..Legitnr:
2558 4588 2717 4646 lectio
2745 4605 2872 4659 una,
2899 4589 3037 4647 sicut
3088 4590 3143 4646 in
3174 4589 3200 4628 ιι
3239 4590 3541 4661 Capitulare

1962 4732 2375 4855 apisavggatgi,
2419 4728 2473 4786 in
2511 4743 2617 4800 quo
2641 4730 2805 4788 multa
2835 4730 3188 4803 fusiusquam
3221 4730 3307 4787 ltic
3336 4731 3543 4790 baben—

2207 4819 2256 4855 ιι.
2364 4838 2380 4854 ο

1962 4810 2049 4855 tur
2073 4815 2103 4855 a
2136 4816 2256 4865 pag.
2286 4810 2380 4855 4t.

2031 4816 2417 4935 ἱεΑῗιῗέιάἒῖιξ,
2447 4871 2501 4925 in
2529 4870 2623 4925 lib.
2654 4885 2691 4938 ι,
2725 4885 2843 4941 cap.
2877 4866 2967 4935 lt,
3013 4871 3261 4927 observat
3309 4874 3407 4928 bac
3453 4873 3539 4928 die

1957 4941 2194 5011 quintam
2224 4940 2556 5007 varietatem,
2589 4956 2779 5009 nempe
2793 4940 2874 4997 ex
2918 4942 3220 5011 adiectione
3254 4945 3424 4998 unius
3460 4945 3539 4999 le—

1963 5010 2159 5066 ctionis
2187 5019 2242 5066 et
2270 5013 2426 5066 unius
2455 5011 2797 5079 llesponsorii
2841 5026 2965 5067 eum
2984 5010 3229 5081 aninque
3261 5013 3537 5078 Versibus,

1963 5095 2027 5135 ae
2046 5095 2119 5150 ex
2167 5081 2422 5136 Passione
2476 5082 2700 5145 Domini,
2735 5096 2940 5136 necnon
2978 5082 3172 5147 etiam,
3202 5094 3256 5137 ut
3294 5084 3543 5150 scriptum

1966 5149 2205 5204 ltabemus
2235 5151 2286 5205 in
2314 5152 2482 5204 libello
2512 5152 2597 5218 qui
2628 5152 2814 5206 dicitur
2841 5152 3105 5207 Romanus
3148 5154 3311 5219 Ordo,
3345 5149 3410 5208 ex
3450 5171 3542 5219 ge—

1965 5221 2277 5291 nuﬂeaione.
2321 5222 2456 5275 'I‘nm
2498 5211 2675 5274 addit:
2718 5219 2934 5276 Inlimal
2972 5211 3308 5291 supradictus
3340 5211 3544 5280 libellus

1965 5290 2289 5363 ex'liomana
2313 5292 2679 5363 consuetudine
2718 5291 2895 5363 debere
2922 5290 3098 5346 eadem
3127 5294 3210 5348 die
3234 5301 3351 5349 ante
3379 5294 3544 5363 publi-

1967 5375 2083 5414 cum
2106 5361 2319 5434 ofﬁcium
2343 5362 2607 5415 Orationes
2629 5378 2754 5434 quas
2780 5361 3000 5418 solemus
3026 5365 3077 5417 in
3097 5374 3239 5419 sexta
3268 5361 3397 5432 feria
3423 5381 3542 5434 age-

1965 5432 2417 5506 re_reei_tari,_qua:
2448 5433 2729 5506 verbabue
2767 5441 3028 5502 spectant.
3065 5435 3143 5492 De
3167 5432 3543 5506 genullexione

1965 5500 2086 5572 vide
2118 5501 2483 5572 blicrologum,
2508 5514 2629 5571 cap,
2663 5501 2753 5559 52.

2037 5568 2067 5607 ιλ
2104 5568 2410 5647 Capitulare
2459 5568 2738 5647 appellant
2784 5570 3027 5647 indicem
3082 5576 3437 5647 Epistularum
3488 5590 3543 5635 et

1965 5640 2473 5714 Evangeliorumad
2509 5644 2717 5709 Missas,
2753 5657 2873 5714 quae
2903 5645 2954 5699 in
3003 5640 3406 5704 fine'librorum
3456 5664 3539 5704 sa-

1964 5724 2178 5769 crorutn
2205 5712 2498 5784 antiquitus
2549 5714 2735 5787 primis
2770 5712 2840 5771 'ac
2867 5719 3154 5786 postremis
3192 5722 3367 5777 verbis
3397 5720 3537 5774 desi-
