4042 6292
230 268 345 331 963

1482 262 1738 322 ROMANI
1776 265 2095 323 UhBlNES.
2134 296 2197 319 ςι-
2233 267 2270 323 1⁸.

2581 145 2653 158 ...ρ

3373 280 3480 335 ιιδι

219 377 468 444 {medie
493 375 917 434 omneidiurnale
945 375 1183 433 olllcium
1214 378 1426 433 inSlmtll
1449 390 1667 433 canunt.
1699 383 1804 453 22
1835 384 1882 441 Α
1912 378 2076 432 foras.
2131 377 2431 446 Presbyteri
2483 393 2608 433 vero
2654 380 3024 447 ecclesiarum,
3067 382 3181 437 sive
3226 381 3293 437 de
3323 353 3480 451 urbe,

229 472 269 524 δι
299 484 520 539 vespera
542 480 721 524 autem
752 466 909 538 hujus
936 467 1049 525 diei
1073 471 1209 529 nuda
1242 479 1266 505 ⁸
1295 469 1403 525 sint
1426 469 1616 525 altaria
1642 484 1809 539 usque

228 577 289 623 ιιι,
314 575 470 625 mane
500 560 561 615 Sa
572 558 737 621 bbati.

840 648 923 706 Vl.
967 646 1122 704 Γιτίι
1160 652 1211 707 6.

300 740 389 795 55.
433 737 489 795 1n
521 738 815 793 Paraseeve
843 738 1015 794 media
1042 747 1200 795 nocte
1230 740 1553 809 surgendum
1594 748 1697 795 est.
1722 739 1810 795 Di-

225 838 423 887 cuntur
450 845 499 883 ιι
553 829 748 884 Psalmi
792 845 911 889 cum
949 830 1359 899 Responsorlis,
1413 839 1521 889 tres
1552 831 1808 885 lectiones

226 918 294 974 de
340 918 717 974 lamentatione
745 918 992 972 Jereuiizc
1018 918 1085 972 ab
1105 934 1170 975 eo
1198 919 1316 974 loco
1340 920 1425 974 ubi
1454 920 1561 973 ait:
1606 918 1810 989 Cogita-

225 1009 299 1065 vit
341 1007 593 1061 Dominus
633 1008 915 1079 dissipare,
967 1022 1133 1077 usque
1181 1007 1550 1062 Misericordia:
1599 1006 1809 1059 Domini

228 1101 453 1164 multis;
490 1109 601 1154 tres
625 1099 692 1156 de
724 1108 947 1155 tractatu
978 1100 1147 1154 sancti
1178 1099 1454 1166 Augustini
1483 1099 1550 1154 de
1597 1098 1808 1153 Psalmo

228 1207 381 1257 ωιιι,
412 1201 520 1247 tres
550 1191 617 1246 de
646 1190 901 1259 Apostolo
932 1189 1023 1245 ubi
1072 1190 1144 1244 ait
1174 1190 1239 1246 ad
1271 1188 1550 1253 Hebrtnos,
1582 1203 1701 1257 cap.
1734 1204 1763 1240 ν
1789 1206 1801 1240 :

234 1283 553 1343 Festinemus.
580 1298 700 1353 ergo
722 1281 939 1349 ingredi.
965 1279 1165 1334 Deinde
1188 1280 1427 1349 sequitur
1469 1278 1804 1332 Matutinum.

226 1374 484 1435 Lucerna:
510 1372 939 1442 exstinguuntur.
991 1370 1294 1425 Luminaria
1335 1376 1513 1424 autem
1562 1369 1806 1423 ecclesia:

223 1466 296 1521 ab
336 1463 485 1517 initio
530 1472 720 1524 cantus
750 1461 997 1517 nocturni
1027 1460 1347 1518 inchoantur
1365 1459 1654 1531 exstingui,
1705 1460 1806 1512 hoc

225 1563 405 1618 tamen
436 1553 643 1618 ordine,
677 1560 735 1611 ut
761 1553 827 1607 ab
858 1553 1076 1609 introitu
1115 1552 1280 1621 ipsius
1317 1551 1562 1606 ecclesia:
1591 1548 1807 1619 incipiat

224 1644 481 1714 paulatim
516 1653 692 1701 tutare
721 1643 739 1715 [
773 1642 830 1703 id
849 1653 947 1709 est,
977 1643 1317 1713 exstinguere
1336 1639 1379 1712 1,
1410 1650 1488 1707 ut,
1512 1640 1662 1695 verbi
1692 1654 1807 1709 gra-

1911 472 2031 524 sive
2059 472 2126 527 de
2172 470 2513 537 suburbanis,
2562 472 2766 527 vadunt
2810 488 2903 543 per
2944 474 3195 528 ecclesias
3238 490 3383 539 snas,
3428 488 3485 531 ut

1912 562 2015 616 hoc
2038 561 2225 616 ordine
2250 573 2439 617 cuncta
2469 562 2535 617 ad
2568 578 2847 633 vesperum
2884 562 3101 628 faciant,
3128 564 3245 620 'ltoc
3275 575 3476 620 tantnnt

1912 662 2201 720 mutantes,
2227 664 2285 708 ut
2316 656 2670 725 ubipontifex
2700 658 2945 718 meminit
2970 660 3344 728 apostolicum,
3378 662 3476 729 ipsi

1911 744 2185 800 nominent
2213 747 2517 815 episcOpum
2546 762 2733 811 suum.

1983 836 2083 901 55.
2105 838 2229 893 Post
2257 839 2536 895 Orationes
2565 840 2590 876 ά
2620 850 2945 910 pra-paratur
2968 858 3101 897 crux
3128 852 3251 897 ante
3276 843 3476 898 altare.

1915 928 2103 998 interp‘
2127 931 2230 982 sito
2255 933 2430 998 spatio
2476 932 2616 987 inter
2647 934 2813 1001 ipsam
2842 944 2896 988 et
2934 935 3100 989 altare
3123 976 3139 1002 ,
3194 945 3483 991 sustentata

1917 1019 2039 1075 hinc
2073 1022 2197 1075 inde
2246 1036 2274 1075 a
2305 1023 2512 1077 duobus
2546 1026 2833 1096 acolythis,
2868 1028 3042 1095 posito
3070 1035 3193 1084 ante
3218 1042 3335 1083 eam
3367 1042 3486 1084 ora-

1913 1112 2072 1165 torio.
2108 1113 2265 1169 Venit
2308 1117 2573 1182 pontifex,
2601 1126 2655 1173 et
2684 1118 2955 1173 ademtam
2998 1120 3339 1175 deosculatur
3364 1136 3482 1175 cru-

1910 1218 2062 1270 cem;
2086 1205 2277 1263 deinde
2309 1209 2627 1277 presbyteri,
2659 1210 2894 1277 diaconi,
2941 1211 3270 1275 subdiaconi,
3305 1220 3359 1265 et
3384 1227 3485 1265 cre—

1914 1295 2013 1349 teri
2044 1310 2138 1363 per
2165 1296 2408 1352 ordinem
2432 1337 2447 1363 ,
2471 1296 2670 1353 deinde
2700 1301 2945 1368 populus.
2980 1299 3222 1354 Pontifex
3253 1315 3380 1353 vero
3402 1315 3487 1353 se-

1911 1384 2001 1439 det
2028 1385 2081 1438 in
2111 1385 2239 1439 sede
2263 1425 2278 1447 ,
2313 1401 2485 1455 usque
2515 1386 2642 1442 dum
2674 1402 2862 1443 omnes
2890 1388 3144 1442 salutent.
3176 1387 3483 1458 Presbyteri

1911 1489 2040 1530 vero
2064 1475 2171 1529 duo
2189 1476 2416 1545 priores,
2444 1492 2567 1531 mox
2596 1485 2653 1531 ut
2682 1478 3050 1544 salutaveriut,
3084 1479 3282 1534 intrant
3311 1493 3481 1533 secre-

1912 1565 2126 1631 larium,
2156 1566 2243 1621 vel
2266 1566 2357 1622 ubi
2386 1566 2610 1636 positum
2641 1567 2817 1622 fuerat
2846 1583 3043 1639 corpus
3071 1569 3302 1634 Domini,
3335 1570 3478 1637 quod

1910 1655 2083 1725 pridie
2112 1658 2392 1723 remansit,
2424 1668 2683 1728 ponentes
2704 1674 2824 1714 eum
2858 1658 2911 1713 in
2938 1667 3123 1727 patena
3149 1675 3164 1726 ;
3194 1668 3246 1714 et
3270 1658 3461 1715 subdia

224 1739 321 1802 lia.
349 1746 564 1806 Ρθηεῑο
611 1736 782 1803 Primo
811 1746 1073 1789 υοθίυτηο
1099 1773 1114 1797 ν
1169 1732 1413 1827 νίάεειίυΪ
1463 1746 1585 1801 Pa"
1614 1745 1800 1827 εοΐξηη
1836 1745 1877 1803 Β
1909 1762 2077 1827 conp:
2102 1757 2282 1802 teneat
2327 1757 2450 1804 ante
2478 1748 2622 1816 ipsos
2650 1750 2869 1807 calicem
2920 1765 3039 1805 cum
3069 1751 3189 1805 vino
3214 1766 3318 1804 non
3348 1765 3477 1805 con-

222 1830 379 1891 tertia
408 1842 527 1889 esse
554 1828 814 1884 exstincta
838 1843 853 1891 ;
882 1827 1060 1884 medio
1086 1836 1350 1885 nocturno
1381 1823 1571 1881 iterum
1603 1822 1756 1877 tertia
1782 1839 1795 1885 ;

218 1918 383 1974 tertio
415 1933 541 1973 vero
588 1918 836 1986 expleto,
891 1915 1128 1986 exceptis
1167 1924 1371 1982 septem
1430 1913 1799 1982 lampadibus,

217 2007 358 2071 nihil
388 2007 601 2069 luminis
625 2006 961 2076 relinquitur,
985 2020 1105 2074 quae
1124 2006 1174 2058 in
1203 2003 1459 2061 Matutino
1482 2002 1582 2058 lioc
1612 2002 1799 2057 ordine

218 2100 645 2171 exstinguuntur.
677 2099 734 2163 ιιι
768 2097 917 2165 initio
948 2097 1140 2159 Psalmi
1167 2099 1323 2168 primi
1354 2098 1423 2151 sit
1446 2104 1628 2151 custos
1654 2110 1799 2150 sem-

218 2205 320 2263 per
345 2200 557 2259 paratus
604 2192 658 2246 in
700 2192 821 2247 loco
864 2191 1105 2246 dextera:
1152 2191 1319 2260 partis
1363 2188 1607 2252 ecclesia:
1636 2201 1800 2257 prope

220 2282 593 2353 lampadibus,
647 2291 705 2342 ut
745 2283 833 2338 ubi
879 2282 1110 2337 audierit
1156 2280 1512 2349 Antipliouam
1540 2319 1555 2345 ,
1609 2286 1799 2336 tenens

216 2386 446 2427 cannam
487 2374 539 2427 in
564 2388 724 2430 manu
752 2387 870 2440 sua,
910 2380 1048 2426 tutat
1086 2370 1387 2441 lampadem
1434 2383 1613 2431 uuam.
1648 2369 1706 2423 In
1738 2368 1800 2427 li-

228 2482 355 2527 ncm
388 2465 585 2522 Psalmi
618 2466 782 2536 ipsius
811 2465 965 2528 aliam
994 2464 1226 2529 sinistrae
1256 2462 1457 2532 partis;
1500 2461 1578 2516 sic
1601 2475 1704 2515 una
1731 2475 1796 2517 ex

220 2569 373 2628 parte
394 2573 523 2626 una,
548 2557 646 2613 alia
664 2556 847 2619 exalia
870 2564 1127 2619 tutantur,
1154 2569 1321 2624 usque
1340 2553 1405 2606 ad
1431 2551 1796 2622 Evangelinm.

156 2650 166 2657 “
222 2650 278 2709 ln
332 2648 617 2719 Evangelio
643 2662 770 2702 vero
800 2655 999 2702 tutatur
1028 2645 1273 2701 mediana
1302 2642 1564 2716 lampada.

292 2741 383 2795 δι.
426 2739 563 2793 liora
598 2738 751 2793 tertia
778 2737 1099 2793 conveniant
1122 2750 1309 2791 omnes
1337 2735 1659 2806 presbyteri,
1688 2742 1794 2789 tam

218 2832 475 2899 Ci\ilali8,
507 2846 663 2902 quam
691 2831 759 2886 de
797 2829 1137 2897 suburbanis,
1169 2836 1219 2884 et
1252 2828 1426 2882 omnis
1454 2828 1632 2881 clerus
1673 2840 1794 2881 eum

220 2923 422 2994 pepqu
469 2924 523 2978 in
563 2922 793 2977 ecclesia
838 2928 1033 2975 statuta
1076 2919 1212 2974 intra
1240 2918 1446 2984 urbem,
1478 2931 1581 2977 non
1617 2924 1794 2970 tamen

218 3015 276 3077 in
307 3013 511 3082 majore
540 3013 763 3073 ecclesia
791 3029 811 3084 ί
840 3018 910 3073 οι
956 3018 1273 3080 exspectant
1316 3008 1649 3079 pontificem,
1704 3007 1792 3062 vel

1906 1848 2123 1894 secrato
2143 1878 2158 1904 ,
2202 1849 2255 1894 et
2286 1840 2421 1895 alter
2448 1840 2808 1897 subdiaconus
2836 1850 3082 1911 patenam
3111 1857 3231 1897 cum
3262 1858 3488 1908 corpora

1910 1928 2167 1991 Domini;
2216 1929 2407 1999 quibus
2439 1930 2740 1985 tenentibus
2782 1930 2974 1999 accipit
3014 1946 3152 1985 unus
3202 1930 3481 1999 presbyter

1907 2028 2154 2088 patenani
2182 2027 2236 2072 et
2266 2018 2405 2073 alter
2450 2019 2669 2073 calicem
2695 2061 2710 2086 ,
2768 2028 2822 2074 et
2855 2019 3105 2081 deferunt
3131 2033 3292 2089 super
3318 2019 3484 2079 altare

1907 2109 2180 2185 nudatum.
2215 2110 2461 2165 Pontifex
2491 2126 2615 2166 vero
2644 2112 2794 2165 sedet
2831 2112 2960 2166 dum
2995 2111 3283 2181 persalutet
3314 2128 3480 2180 popu-

1905 2198 1986 2253 lus
2014 2213 2254 2254 crucem.
2278 2199 2435 2268 Nam,
2469 2201 2733 2255 salutante
2763 2200 3010 2268 pontiﬁce
3035 2199 3118 2254 vel
3147 2200 3339 2269 populo
3363 2214 3476 2251 ιϊιι⁴

1902 2303 2041 2354 cem,
2071 2291 2280 2344 canitur
2307 2304 2520 2357 semper
2546 2290 2858 2359 antipliona,
2887 2288 3019 2344 Ecce
3044 2291 3237 2361 lignum
3267 2290 3479 2353 trucis,

1901 2380 1955 2435 in
1978 2396 2078 2451 quo
2103 2382 2246 2436 salus
2266 2382 2445 2435 mundi
2474 2383 2741 2452 pependit,
2774 2382 2936 2436 venite
2956 2381 3246 2435 adoremus.
3282 2380 3482 2437 Dicitur

1907 2471 2143 2541 psalmus
2170 2487 2350 2536 cxvni,
2376 2473 2427 2527 id
2454 2482 2556 2537 est,
2582 2472 2728 2527 Beati
2758 2472 3090 2526 tmmaculati.
3120 2472 3230 2538 Qua
3252 2471 3488 2524 salutata.

1905 2572 1962 2618 ct
2001 2563 2233 2632 reposita
2263 2563 2314 2617 in
2340 2562 2458 2617 loco
2484 2578 2581 2619 suo
2608 2604 2624 2629 ,
2672 2562 2943 2618 descendit
2973 2560 3204 2628 pontifex
3233 2570 3357 2615 ante
3402 2561 3473 2616 ai-

1910 2662 2040 2718 tare,
2076 2661 2133 2709 et
2160 2652 2287 2709 dicit
2319 2670 2332 2706 :
2361 2653 2595 2718 Oremus,
2625 2650 2901 2723 Prwceptis
2928 2652 3235 2707 salutaribus
3278 2651 3475 2704 moniti.

1909 2745 2064 2799 Pater
2085 2756 2289 2810 noster;
2315 2748 2571 2816 sequitur,
2602 2746 2783 2802 Libera
2811 2761 2922 2812 nos,
2954 2760 3262 2813 qna’sumus,
3296 2743 3480 2795 Domi-

1902 2850 1985 2897 ne.
2029 2834 2160 2890 Cum
2203 2834 2434 2891 dixerint
2463 2836 2618 2889 Amen
2647 2874 2663 2899 ,
2716 2836 2877 2889 sumit
2905 2834 2971 2888 de
2998 2833 3223 2898 Sancta,
3250 2840 3297 2885 el
3326 2833 3475 2901 ponit

1905 2932 1930 2961 ε
1955 2924 2007 2977 in
2036 2926 2256 2982 calicem
2287 2968 2302 2989 ,
2351 2925 2481 2979 niliil
2508 2925 2726 2990 dicens;
2776 2934 2829 2980 et
2858 2925 3251 2995 communicant
3292 2938 3479 2976 omnes

1906 3032 2025 3073 cum
2059 3018 2276 3074 silentio
2299 3059 2314 3085 ,
2349 3018 2456 3092 24
2478 3026 2531 3072 et
2555 3017 2767 3086 expleta
2802 3025 2924 3071 sunt
2952 3019 3227 3070 universa.
3259 3015 3321 3069 Et
3348 3015 3476 3067 dicit

219 3104 313 3171 qui
344 3102 512 3160 vicem
543 3101 681 3157 illius
710 3100 958 3157 tenuerit.
989 3100 1086 3166 Qui
1115 3100 1241 3155 dum
1272 3098 1488 3160 veniens
1518 3097 1584 3153 de
1613 3112 1794 3151 sacra-
1823 3116 1868 3177 c
1908 3109 2166 3177 pontifex:
2194 3106 2258 3159 In
2286 3117 2490 3161 normae
2521 3106 2777 3175 Patris,ct
2800 3104 2949 3172 Filii,
2973 3114 3020 3159 el
3046 3104 3274 3172 Spiritus
3293 3104 3475 3171 ισηειε,

222 3193 306 3257 rio
354 3191 669 3262 processerit
698 3200 822 3247 ante
849 3189 1015 3245 altare
1037 3190 1101 3245 ad
1147 3190 1402 3245 orandum
1432 3203 1592 3257 super
1617 3195 1796 3245 orato-

221 3286 389 3351 rium,
418 3285 557 3341 sicut
586 3298 700 3339 mos
728 3292 833 3351 est,
858 3283 1034 3340 statim
1086 3291 1147 3344 ut
1182 3281 1511 3347 surrexerit,
1553 3295 1674 3339 cum
1721 3281 1794 3335 si-

221 3378 389 3433 lentio
427 3374 667 3432 ascendit
692 3374 760 3433 ad
781 3374 959 3435 sedem
986 3391 1005 3441 ί
1031 3387 1136 3443 quo
1160 3373 1380 3435 sedente
1402 3412 1416 3436 ,
1451 3372 1630 3425 statim
1670 3369 1795 3434 sub-

221 3468 480 3527 diaconus
528 3464 769 3522 ascendit
798 3464 863 3525 ad
913 3463 1214 3535 legendum,
1244 3472 1298 3525 et
1348 3469 1469 3531 post
1510 3460 1791 3516 lectionem

216 3567 465 3617 cantatur
486 3556 751 3615 canticum
779 3555 991 3614 Domine
1015 3554 1343 3619 audiui,cum
1373 3552 1628 3607 Versibus
1656 3554 1790 3619 suis.

222 3652 290 3707 Et
317 3653 445 3707 dicit
469 3648 699 3721 pontifex
731 3651 790 3711 0.
807 3667 974 3715 emus,
1006 3658 1063 3704 et
1098 3649 1358 3709 diaconus
1382 3646 1675 3702 Flectamus
1704 3665 1795 3719 ge-

217 3758 351 3806 nua,
382 3750 438 3795 et
460 3743 584 3799 dicit
614 3740 819 3801 Leuate.
868 3741 933 3803 Et
959 3739 1049 3793 dat
1091 3738 1395 3793 Orationem
1446 3738 1586 3793 Deus
1626 3756 1658 3791 a
1696 3754 1795 3805 quo

218 3842 269 3889 et
298 3832 488 3887 ludas.
540 3834 739 3891 Deinde
784 3835 1022 3903 sequitur
1068 3832 1235 3887 altera
1276 3832 1456 3901 lectio,
1486 3841 1602 3901 post
1635 3848 1793 3899 quint

220 3943 281 3980 se
303 3926 465 3992 initur
506 3933 703 3982 tractus
730 3922 756 3961 δ
786 3924 886 3988 Qui
909 3923 1126 3987 habitat,
1150 3922 1234 3977 vel
1276 3920 1435 3990 Eripe
1462 3937 1560 3978 me.
1589 3921 1705 3986 Quo
1736 3924 1796 3977 li-

223 4027 359 4079 ItllO,
386 4015 691 4085 pronuntiat
725 4016 827 4085 23
857 4014 1109 4070 diaconus
1131 4015 1202 4075 ita
1230 4031 1243 4067 ε
1274 4013 1456 4069 Passio
1483 4013 1689 4067 Domini
1704 4030 1797 4067 no-

218 4110 316 4162 stri
344 4107 373 4161 J
384 4125 468 4161 esu
499 4106 600 4164 Chr
620 4117 683 4167 stt
706 4108 980 4166 secundum
1005 4106 1281 4175 Joannem,
1312 4112 1365 4157 et
1389 4101 1571 4172 incipit
1595 4104 1790 4172 tegete.

226 4201 341 4262 ilac
371 4198 601 4267 expleta,
634 4197 808 4252 statim
839 4197 943 4252 duo
977 4210 996 4235 ε
1026 4196 1233 4249 diaconi
1265 4193 1466 4248 nudant
1493 4194 1661 4248 altare
1684 4193 1796 4245 sin-

218 4291 384 4352 done,
414 4302 533 4358 qua:
564 4288 706 4356 prius
737 4286 902 4342 fuerat
926 4285 1026 4340 sub
1059 4284 1342 4353 Evangelio
1367 4284 1566 4352 posita,
1599 4284 1650 4337 in
1684 4297 1796 4338 mo-

219 4383 349 4443 dum
383 4381 625 4435 furentis.
653 4380 802 4435 Tunc
831 4381 971 4434 venit
1000 4376 1235 4445 pontifex
1267 4384 1389 4429 ante
1417 4375 1603 4440 altare,
1628 4384 1681 4428 et
1707 4375 1786 4427 di-

1906 3216 2009 3267 pax
2032 3199 2142 3252 tibi.
2174 3198 2518 3265 Respondent
2545 3196 2609 3250 Et
2638 3214 2749 3252 cum
2773 3197 2955 3265 spiritu
2980 3205 3089 3249 tuo.
3124 3194 3185 3248 Et
3212 3203 3324 3264 post
3350 3210 3479 3262 pan-

1903 3290 2071 3344 lutum
2121 3287 2408 3357 Vcsperam
2439 3287 2567 3342 dicit
2593 3289 2955 3357 unusquisque
2983 3283 3269 3355 privatim;
3317 3294 3370 3339 ct
3398 3282 3473 3338 sic

1900 3378 2097 3436 vadunt
2121 3378 2186 3443 ad
2216 3392 2475 3441 mensam.

2497 3465 2602 3521 Vll.
2635 3465 2878 3523 Sabbato.

1973 3561 2065 3620 56.
2116 3561 2286 3619 Media
2311 3571 2468 3620 nocte
2492 3562 2814 3632 surgendum
2846 3572 2946 3617 est.
2973 3560 3229 3616 Dicuntur
3249 3574 3303 3613 ιι
3327 3557 3472 3613 Psal-

1904 3653 1975 3707 mi
2005 3668 2125 3706 eum
2158 3652 2569 3721 Responsoriis:
2605 3662 2712 3708 tres
2745 3652 3001 3710 lectiones
3028 3652 3271 3721 leguntur
3297 3649 3364 3704 de
3394 3650 3465 3702 la-

1902 3742 2226 3803 mentatione
2253 3743 2502 3798 Jeremite
2528 3743 2597 3800 ab
2624 3759 2690 3799 eo
2719 3744 2835 3802 loco
2858 3744 2945 3800 ubi
2969 3743 3099 3797 dicit
3128 3758 3143 3796 :
3176 3740 3460 3795 Misericor-

1900 3832 1999 3891 dia:
2029 3831 2238 3897 Domini
2269 3834 2438 3893 multa
2462 3873 2478 3897 .
2509 3848 2676 3903 neque
2704 3836 2769 3889 ad
2796 3835 2974 3889 linem.
2999 3832 3200 3889 Deinde
3225 3832 3463 3902 leguntur

1904 3923 2136 3977 bomilite
2153 3935 2458 3977 sanctorum
2485 3924 2697 3978 Patrum
2728 3924 2793 3977 ad
2825 3924 2997 3992 ipsum
3024 3923 3164 3978 diem
3195 3923 3463 3992 pertinen-

1907 4026 2022 4078 tes,
2071 4024 2125 4068 et
2164 4014 2217 4068 in
2256 4014 2495 4071 candelis
2540 4013 2893 4069 accendendis
2918 4013 2999 4068 vel
3023 4011 3429 4082 exstinguendis
3454 4050 3471 4077 ,

1902 4106 2040 4161 sicut
2062 4106 2307 4174 superius
2332 4105 2556 4166 habetur
2592 4102 2636 4160 ί.

1974 4197 2066 4259 57.
2112 4198 2240 4252 l’ost
2278 4199 2463 4253 lioram
2513 4198 2718 4253 tertiam
2765 4195 2998 4252 Sabbato
3032 4193 3329 4264 procedunt
3377 4193 3468 4261 qui

1904 4289 2202 4359 baptizandi
2229 4299 2354 4345 sunt
2380 4289 2449 4348 ad
2465 4288 2748 4347 ecclesiam
2769 4326 2785 4353 ,
2840 4294 2895 4341 et
2922 4285 3239 4345 ordinantur
3269 4299 3362 4353 per
3390 4297 3478 4337 or-

1904 4362 2108 4447 diuein,
2138 4379 2275 4437 sicut
2294 4379 2490 4447 scripta
2518 4387 2660 4443 sunt,
2685 4375 2903 4432 masculi
2922 4377 2974 4430 in
2999 4375 3294 4441 dexteram,
3319 4371 3472 4427 fetui~
3528 4382 3534 4388 '

217 4474 296 4531 cit
321 4489 335 4526 :
368 4470 600 4537 Oremus,
641 4470 953 4531 dilectissimi
1000 4469 1162 4534 nobis.
1193 4467 1243 4520 ίη
1292 4466 1468 4535 primi!
1496 4481 1588 4537 pro
1628 4463 1798 4527 Eccle-
1834 4491 1883 4549 υ
1910 4485 1993 4525 ua:
2022 4471 2076 4524 in
2102 4470 2393 4532 sinistram.
2423 4468 2645 4532 Fai‘iens
2670 4482 2881 4523 crucem
2912 4466 3160 4525 sacerdos
3190 4466 3243 4519 in
3281 4461 3476 4518 fronlic

218 4566 298 4624 sia
332 4563 445 4629 Dei,
479 4572 531 4617 et
556 4574 748 4618 czetera
778 4578 871 4632 per
900 4562 1164 4627 ordinem,
1196 4560 1330 4614 sicut
1361 4560 1414 4613 in
1446 4570 1632 4629 quarta
1665 4558 1795 4614 feria

222 4656 480 4715 diximus.
510 4654 639 4709 Cum
665 4665 840 4711 autem
890 4662 1101 4715 ventum
1135 4652 1293 4707 fuerit
1320 4651 1385 4704 ad
1425 4648 1660 4715 inda-os,
1692 4664 1797 4703 non

224 4748 450 4809 ﬂectunt
476 4763 668 4820 genua.
695 4750 835 4814 Quas
863 4755 921 4809 ut
952 4746 1165 4809 (inierit,
1197 4759 1384 4805 omnes
1416 4752 1470 4809 ta.
1502 4744 1573 4798 ite
1605 4751 1801 4798 exeunt

298 4917 325 4944 ⁸
365 4908 694 4967 Amalarius,
733 4905 833 4960 sub
876 4906 1036 4959 linem
1077 4915 1193 4969 cap.
1241 4899 1345 4953 l2:
1395 4900 1567 4953 Restat
1617 4896 1788 4950 adhuc

223 4996 385 5040 unum
429 4980 482 5031 in
522 4979 749 5032 lloniano
801 4977 1021 5040 Ordine,
1064 4974 1147 5026 ubi
1198 4971 1426 5038 prtecipit
1471 4977 1523 5022 ut
1554 4984 1585 5019 α
1612 4970 1793 5037 quinta

224 5050 356 5119 [cria
380 5064 535 5119 usque
563 5048 615 5102 in
646 5047 869 5119 Sabbato
893 5043 1233 5119 sancto‘nuda
1257 5043 1365 5119 sint
1381 5041 1588 5119 altaria.
1647 5105 1659 5117 _

300 5118 327 5156 δ
371 5105 465 5172 llic
497 5120 729 5185 psalmus
771 5118 929 5172 etiam
978 5114 1275 5182 aSsigtiatur
1319 5110 1386 5185 ab
1430 5105 1698 5185 Anialat‘io
1750 5105 1801 5160 in

223 5176 507 5308 ()ffieial‘is'
534 5188 628 5244 lib.
675 5203 713 5254 ι,
765 5202 881 5256 cap.
923 5185 1009 5253 l3,
1062 5176 1185 5238 ante
1231 5180 1485 5245 medium,
1516 5190 1572 5234 et
1602 5176 1694 5231 lib.
1726 5191 1800 5245 tv,

223 5272 348 5308 can.
380 5274 411 5308 ο)
456 5297 472 5308 .

223 5272 348 5321 cap.
380 5258 472 5321 54.

305 5337 328 5365 ε
363 5317 486 5381 Htec
520 5327 681 5381 verba
704 5326 869 5381 refert
889 5340 951 5379 ex
985 5324 1224 5381 Romano
1244 5320 1425 5374 libello
1454 5317 1755 5373 Amalarius
1779 5360 1794 5383 ,

223 5398 330 5452 sub
359 5399 590 5452 medium
626 5397 860 5464 praedicti
886 5411 1002 5462 cap.
1035 5395 1123 5460 15,
1156 5393 1247 5445 lib.
1277 5406 1314 5445 t.

298 5464 326 5503 ἀ
356 5467 497 5520 Idem
550 5456 865 5526 Auialarius,
902 5456 1078 5518 in'lib.
1110 5456 1129 5515 ἰ
1154 5502 1168 5525 ,
1215 5476 1332 5526 cap.
1380 5459 1443 5513 li
1474 5474 1486 5511 :
1524 5456 1647 5512 Post
1693 5459 1801 5511 Im

226 5547 397 5592 nionet
428 5536 628 5590 libellus
660 5544 965 5589 memoratus
998 5544 1052 5586 ut
1084 5539 1398 5601 prwparetur
1428 5545 1555 5581 crux
1581 5537 1698 5581 ante
1723 5532 1807 5581 al-

226 5619 359 5669 tare,
390 5624 541 5677 quam
573 5610 799 5660 salutant
823 5617 868 5660 et
896 5606 1187 5677 osculantur
1217 5614 1413 5677 omnes.

305 5668 508 5741 tidem
539 5678 651 5747 ipse
681 5678 981 5733 Amalarius
1001 5716 1022 5749 ,
1052 5676 1103 5729 in
1134 5671 1388 5751 pracdicto
1418 5682 1537 5739 cap.
1574 5668 1639 5723 l5
1665 5684 1676 5721 :
1711 5671 1811 5741 Qui

1910 4562 2008 4615 bus
2034 4562 2364 4630 singulorum
2390 4599 2408 4627 ,
2440 4568 2625 4627 postea
2650 4559 2892 4628 imposita
2925 4573 3082 4612 manu
3111 4571 3268 4626 supra
3298 4554 3473 4623 capita

1905 4652 2256 4722 singulorum,
2282 4651 2439 4707 dicit:
2464 4649 2517 4705 Ν
2521 4668 2573 4705 ec
2597 4659 2644 4705 te
2669 4650 2813 4715 latet,
2844 4650 3085 4705 Satanas.
3109 4647 3221 4717 ipsa
3243 4660 3305 4701 ex
3317 4646 3478 4717 picta,

1906 4742 2073 4819 tangit
2095 4744 2316 4813 singulis
2348 4756 2503 4803 nares
2531 4753 2583 4797 et
2623 4755 2783 4802 aures
2804 4740 2871 4795 de
2897 4749 3053 4810 sputo
3079 4777 3095 4804 ,
3124 4746 3174 4792 et
3200 4734 3324 4790 dicit
3354 4733 3430 4787 c's
3458 4748 3471 4784 :

1891 4899 2053 4969 juxta
2083 4901 2312 4956 ordinem
2346 4901 2511 4956 libelli
2550 4916 2641 4971 per
2678 4897 3070 4971 commistionem
3098 4894 3247 4971 panis
3293 4900 3339 4971 et
3377 4891 3480 4971 uini

1901 4963 2162 5026 consecrat
2188 4974 2381 5037 vinum,
2415 4987 2515 5027 non
2541 4963 2766 5025 observat
2795 4963 3121 5022 traditionem
3141 4963 3394 5037 ecclesiis,
3413 4964 3478 5017 de

1900 5055 2001 5108 qua
2039 5043 2159 5095 dicit
2202 5034 2531 5095 Innocentius
2570 5043 2666 5094 isto
2709 5040 2861 5092 biduo
2900 5037 3234 5108 Sacramenta
3280 5034 3480 5102 penitus

1906 5106 2006 5164 non
2035 5112 2302 5171 celebrari.
2331 5112 2522 5166 Verum
2554 5126 2620 5164 an
2651 5109 2948 5164 eommistio
2972 5106 3084 5159 haec
3105 5106 3173 5159 sit
3197 5119 3320 5157 vera
3349 5118 3477 5157 cnn—

1904 5183 2150 5247 secretio,
2189 5184 2238 5235 in
2271 5180 2652 5236 commentario
2684 5189 2867 5233 nostro
2895 5174 3335 5247 examinavitnus.

1987 5251 2005 5288 ί
2032 5243 2333 5306 Atnalarius
2363 5266 2505 5319 smpe
2535 5249 2796 5310 laudatus,
2824 5251 2879 5319 in
2903 5261 3021 5315 cap.
3064 5248 3164 5319 17.:
3211 5243 3472 5319 Ilomanus

1906 5321 2104 5376 libellus
2132 5332 2308 5374 narrat
2330 5314 2505 5374 eodem
2543 5321 2623 5372 die
2655 5318 2877 5371 benedici
2906 5314 3070 5370 ceram
3095 5314 3203 5367 oleo
3236 5314 3435 5366 mistam
3462 5328 3480 5373 ;

1906 5392 2123 5459 indeque
2151 5393 2265 5460 ﬁeri
2296 5406 2476 5460 agnos,
2505 5405 2687 5460 eosque
2715 5388 2961 5443 resecari
3002 5402 3155 5460 usque
3181 5382 3482 5460 inMUctnvns

1912 5452 2161 5525 Pasc'liaz,‘
2190 5452 2538 5525 qnmlvhoc—in
2568 5452 2747 5513 libello
2775 5473 2879 5511 non
2918 5452 3316 5525 reperitur.7$ie
3348 5468 3479 5525 vero

1916 5533 1967 5586 in
2000 5522 2216 5596 Vulgata
2239 5530 2437 5585 Ordine
2461 5529 2734 5590 Romano,
2774 5528 2861 5581 ubi
2886 5528 2951 5582 de
2977 5522 3190 5583 Octavia
3211 5522 3429 5579 l’ascbx
3463 5562 3479 5586 ,

1916 5612 1968 5658 et
2000 5602 2051 5657 in
2086 5602 2220 5657 libro
2243 5602 2329 5672 qui
2355 5600 2581 5656 Alcuino
2609 5600 2859 5663 tribuitur
