4042 6298
613 279 716 338 955

1285 273 1631 330 AI‘PENDIX
1671 272 1760 325 AD
1800 271 1856 324 S.
1897 272 2227 331 GREGORII
2271 271 2486 331 MAGNI
2525 273 2902 336 LITURGICA
2940 273 3186 335 ΟΙἚΒᾹ.
3221 333 3229 341 _
3773 277 3879 328 95?.

614 394 811 463 Epheta
835 434 849 459 ,
881 388 1014 458 quod
1044 394 1115 440 est
1144 387 1411 457 adapertre
1436 429 1450 452 ,
1483 403 1534 438 m
1561 394 1766 437 odorem
1790 385 2071 437 suavitatis.
2108 384 2184 437 Tu
2213 387 2258 443 Α
2291 385 2416 453 lcgtt
2441 386 2796 453 supradictam
2821 389 3106 444 lectionem
3131 386 3335 448 Latine,
3367 393 3420 439 et
3451 386 3728 439 canticum
3757 401 3884 441 can-

531 481 537 494 ’
612 495 778 538 autem
801 480 1048 547 eﬂ'ugare,
1082 477 1303 540 diabole,
1326 475 1749 545 appropinquabit
1789 475 1920 528 enim
1935 476 2194 545 judicium

615 577 737 629 Dci.
774 573 961 626 Postea
997 568 1162 638 tangit
1183 569 1251 620 de
1281 568 1403 621 oleo
1424 575 1609 620 sancto
1637 569 1882 636 scapulas
1911 578 2192 638 etpectus,

535 670 543 696 τ
615 675 668 718 et
698 663 860 716 dicit:
894 660 1230 714 Abrenuntias
1263 658 1520 713 Salone?
1553 659 1707 730 Resp.
1753 660 2080 716 Abrenuntio.
2131 662 2194 717 Et

531 747 538 764 τ
613 751 843 804 omnibus
869 750 1108 818 aperibus
1138 751 1289 819 ejus?
1313 747 1471 818 Resp.
1505 750 1837 805 Abrenuntio.
1871 751 1934 804 Et
1964 753 2195 806 omnibus

614 843 811 911 pompis
837 842 989 911 ejus?
1017 841 1174 910 Resp.
1205 841 1540 895 Abrenuntio.
1568 842 1680 914 Ego
1708 853 1754 898 te
1785 844 1889 896 lino
1916 845 2029 898 olco
2057 847 2196 898 salu-

613 934 677 986 tis
707 933 760 985 in
793 931 1000 986 Christo
1013 930 1139 985 Iesu
1168 929 1393 986 Domino
1414 942 1586 987 nostra
1615 935 1922 1004 propitiatus
1960 936 2011 988 in
2042 937 2194 989 vitam

616 1033 880 1078 a‘ternam.
915 1024 1029 1078 Paa:
1057 1025 1169 1079 tibi.

692 1113 783 1168 ‘58.
819 1114 927 1168 llac
957 1113 1166 1182 expleta
1186 1153 1202 1180 ,
1250 1111 1481 1169 ambulet
1521 1114 1576 1167 in
1605 1114 1879 1168 circuitum
1905 1155 1919 1180 ,
1953 1114 2194 1182 imposita

623 1219 785 1259 ntanu
813 1219 976 1272 super
1008 1206 1180 1272 capita
1212 1219 1396 1258 eorum
1420 1246 1434 1270 ,
1466 1204 1608 1259 dicat
1638 1214 1840 1260 tantum
1870 1206 2080 1260 excelsa
2107 1221 2199 1257 vo-

619 1309 701 1361 ce,
731 1292 902 1348 Credo
933 1296 984 1347 in
1015 1293 1203 1349 Deum.
1231 1293 1401 1348 Vertit
1430 1309 1490 1348 se
1517 1295 1582 1348 ad
1616 1295 1864 1361 feminas,
1895 1306 1949 1351 et
1977 1297 2095 1350 facit
2128 1298 2199 1350 si-

622 1387 838 1463 militer.
870 1385 1060 1440 Postea
1086 1386 1332 1440 dicuntur
1357 1387 1435 1442 cis
1461 1387 1528 1440 ab
1552 1387 1932 1441 arcltidiacono
1961 1405 1974 1440 :
2002 1387 2158 1440 Orate
2182 1429 2196 1454 ,

618 1477 783 1544 eleeti,
814 1481 1004 1548 ﬂectite
1035 1498 1223 1553 genua.
1259 1481 1324 1534 Et
1346 1493 1464 1551 post
1489 1483 1760 1551 paululum
1791 1483 1918 1537 dicit
1952 1499 1965 1535 :
1995 1482 2195 1537 Lerate.

621 1567 880 1638 Complete
907 1571 1199 1626 Orationem
1225 1583 1453 1627 nostram
1490 1575 1542 1627 in
1567 1590 1748 1640 unum,
1774 1582 1822 1628 et
1847 1574 1997 1629 dicite
2019 1575 2196 1629 Amen.

622 1659 689 1715 Et
718 1664 1044 1731 respondent
1087 1679 1274 1719 omnes
1304 1665 1484 1720 Amen.
1517 1667 1712 1722 lterum
1752 1667 2106 1722 admonentur
2131 1669 2198 1723 ab

2302 484 2376 529 tat
2417 478 2833 544 suprascriptum
2883 477 3088 532 Latine.
3134 477 3336 532 Deinde
3380 477 3618 545 pontifex
3655 493 3893 545 surgens

2299 567 2430 621 dicit
2463 568 2696 634 Oremus,
2729 578 2781 623 et
2809 570 3061 622 diaconus
3089 577 3145 622 ut
3176 584 3372 637 supra;
3405 578 3459 624 et
3487 568 3652 623 datur
3681 568 3886 622 Oratio.

2301 656 2428 712 PGst
2448 658 2549 712 hoc
2594 660 2783 728 legitur
2816 660 2975 714 lectio
3019 660 3224 715 Graece.
3263 659 3658 730 Appreltendent
3689 669 3891 725 septem

2301 745 2539 800 mulieres
2563 763 2584 812 ;
2613 757 2664 802 et
2693 748 2761 802 ab
2786 749 2899 817 ipso
2922 757 3168 802 cantatur
3183 748 3445 803 canticum
3463 749 3673 812 Grarce,
3708 748 3892 804 Vinea.

2303 836 2502 891 Dc?nde
2545 837 2785 891 ascendit
2811 839 2945 891 alios
2988 838 3166 906 legere
3207 840 3627 908 suprascriptum
3663 838 3892 903 Latine;

2301 929 2408 998 23
2431 926 2694 980 canticum
2714 927 2898 981 Latine
2941 929 3575 997 cantatsuprascriptum.
3610 928 3677 982 Et
3711 929 3893 997 ponti-

2305 1021 2380 1070 iet
2404 1059 2418 1080 ,
2472 1019 2704 1072 Oremus.
2738 1020 2999 1074 Diaconos
3038 1030 3093 1073 ut
3124 1035 3326 1087 supra;
3359 1030 3414 1076 et
3457 1022 3656 1075 iterum
3696 1019 3894 1091 legitur

2302 1109 2461 1163 lectio
2504 1109 2725 1175 Cra-ce,
2784 1111 3005 1179 Scripsit
3041 1111 3244 1181 Moyses
3294 1113 3594 1177 canticum;
3651 1120 3709 1166 et
3757 1111 3894 1164 alius

2301 1198 2599 1254 ascendens
2644 1200 2771 1270 legit
2817 1215 2932 1255 eam
2989 1201 3196 1256 Latine.
3259 1201 3461 1256 Deinde
3518 1201 3765 1270 pontifex
3802 1204 3882 1256 vel

2303 1291 2600 1356 diaconus,
2647 1299 2704 1344 ut
2753 1305 2932 1359 supra.
2996 1294 3120 1347 l‘ost
3176 1294 3274 1348 lroc
3338 1303 3586 1349 cantatur
3647 1294 3893 1349 Psalmos

2307 1382 2455 1436 Sicut
2494 1398 2690 1450 cervus,
2718 1383 2923 1450 Graece;
2958 1386 3163 1439 etalius
3190 1387 3358 1454 ipsttm
3386 1386 3662 1440 Psalmum
3681 1386 3888 1441 Latine.

2373 1474 2465 1529 41.
2501 1473 2628 1528 Post
2679 1474 2793 1530 lucc
2843 1477 3079 1544 pontifex
3115 1476 3348 1531 directus
3377 1479 3441 1531 ad
3472 1479 3732 1547 populum
3763 1477 3893 1534 dicit

2303 1561 2553 1618 Dominus
2578 1564 2915 1630 vobiscum,et
2950 1566 3296 1635 respondent,
3323 1566 3388 1620 Et
3417 1584 3532 1621 cum
3554 1570 3742 1637 spiritu
3766 1577 3892 1632 tuo;

2302 1656 2501 1710 etdicit
2531 1656 2789 1722 Oremus;
2820 1667 2871 1711 et
2897 1658 2986 1710 dat
3012 1658 3322 1713 Orationem
3353 1660 3583 1713 directus
3606 1659 3673 1712 ad
3695 1660 3895 1713 Orien-

618 1753 993 1809 arcbidiacnno
1040 1755 1122 1810 bis
1167 1758 1344 1811 verb's
1384 1775 1396 1809 :
1440 1756 1801 1812 Catccltumeni
1845 1759 2102 1814 recedant.
2139 1759 2198 1814 Si

2311 1753 2438 1802 lem.
2470 1747 2595 1800 Post
2625 1748 2849 1812 finitam,
2883 1748 3012 1801 dicit
3041 1748 3293 1803 Dominus
3321 1750 3601 1813 vobiscum;
3633 1759 3684 1802 et
3704 1751 3896 1804 statim

618 1844 732 1912 quis
786 1845 1171 1900 catechumenus
1200 1856 1312 1913 est,
1360 1849 1580 1902 recedat.
1625 1849 1810 1903 Omnes
1857 1852 2204 1910 catechumeni

621 1947 802 1989 exeant
832 1941 998 2006 foras.
1033 1939 1226 1993 Iterum
1251 1940 1378 1995 dicit
1400 1941 1694 1997 diaconus:
1725 1943 1849 1997 Filii
1877 1945 2164 2000 charissimi
2189 1987 2203 2010 ,

620 2028 928 2081 revertimini
967 2029 1020 2082 in
1065 2030 1190 2084 locis
1239 2034 1447 2096 vestris,
1504 2042 1850 2102 exspectantes
1898 2035 2076 2089 lteram
2105 2053 2205 2105 qua

623 2120 782 2186 possit
809 2120 944 2173 circa
973 2137 1058 2174 vos
1090 2121 1181 2174 Dei
1209 2124 1378 2191 gratia
1408 2126 1711 2192 baptismum
1739 2129 1963 2198 aperari.

694 2207 797 2276 25
827 2209 915 2262 '59.
949 2210 1086 2263 liora
1119 2226 1257 2265 nona
1303 2213 1681 2284 ingrediuntur
1712 2219 1998 2272 sacrarium
2031 2220 2204 2288 ponti-

628 2296 732 2360 fex,
768 2300 1074 2354 sacerdotes
1098 2311 1152 2355 et
1183 2305 1393 2372 caeteri,
1421 2314 1474 2360 et
1504 2307 1728 2360 induunt
1758 2322 1818 2362 se
1851 2310 2202 2376 vestimentis,

621 2401 743 2440 cum
795 2389 985 2457 quibus
1041 2391 1250 2460 vigilias
1303 2394 1577 2450 celebrare
1625 2396 1853 2464 debent;
1883 2408 1936 2453 et
1979 2416 2204 2456 accenso

623 2493 810 2545 cereo,
839 2483 1132 2549 procedunt
1159 2484 1319 2539 simul
1360 2500 1548 2541 omnes
1580 2489 1646 2542 de
1674 2491 1907 2544 sacrario
1937 2505 2057 2545 cum
2091 2495 2205 2562 ipso

625 2582 782 2622 cereo
810 2570 861 2624 in
890 2572 1173 2627 ecclesiam
1206 2589 1324 2629 cum
1348 2576 1559 2630 silentio
1586 2618 1602 2643 ,
1635 2578 1764 2632 nihil
1795 2591 2070 2636 cantantes
2097 2601 2115 2648 ;
2153 2593 2206 2638 ct

630 2662 846 2728 ponitur
875 2662 926 2716 in
971 2665 1293 2720 candelabro
1323 2677 1452 2722 ante
1482 2670 1670 2724 altare.
1704 2670 1763 2724 Et
1791 2688 1924 2727 unus
1951 2673 2205 2728 diaconus

627 2760 779 2818 rogat
809 2767 964 2807 unum
993 2755 1064 2809 de
1104 2757 1469 2812 sacerdotibus
1501 2761 1584 2815 vel
1623 2761 1796 2816 levitis
1819 2805 1841 2833 ,
1889 2765 1976 2833 qui
2010 2765 2202 2820 ibidem

633 2843 868 2896 revestiti
896 2854 1089 2911 astant,
1120 2861 1215 2915 pro
1242 2861 1300 2902 se
1328 2865 1521 2914 orare;
1556 2860 1610 2906 et
1635 2861 1692 2906 ut
1720 2856 2043 2921 surrexerit,
2075 2856 2207 2914 dicit

629 2932 742 3001 ipse
760 2933 1011 2990 diaconus
1039 2937 1288 2995 Dominus
1315 2943 1584 2997 vobiscum.
1611 2944 1771 3014 Resp.
1801 2946 1863 2999 Et
1884 2964 1996 3000 cum
2017 2950 2206 3017 spiritu

634 3031 743 3078 tuo.
791 3023 859 3077 Et
909 3026 1035 3080 dicit
1061 3027 1407 3098 Orationem,
1458 3033 1593 3087 sicut
1634 3036 1688 3090 in
1738 3035 2201 3093 Sacramentormn

2312 1835 2531 1891 veniens
2581 1852 2716 1891 unus
2749 1837 2992 1891 minister
3024 1848 3214 1892 tenens
3256 1839 3513 1908 ampullas
3561 1839 3613 1891 in
3647 1840 3896 1892 manibus

2310 1926 2445 1993 suis,
2475 1934 2624 1981 stans
2655 1927 2708 1981 in
2735 1927 2927 1982 dextro
2957 1942 3125 1982 cornu
3158 1929 3370 1994 altaris,
3403 1939 3455 1984 et
3486 1942 3614 1984 tunc
3647 1931 3895 1985 ascendit

2310 2019 2423 2088 ipse
2469 2019 2777 2086 praecedens
2825 2019 3130 2088 pontificem
3185 2021 3251 2075 ad
3283 2020 3478 2076 fontes.
3513 2022 3671 2076 Tunc
3700 2023 3896 2078 deinde

2307 2110 2494 2164 schola
2524 2109 2803 2165 descendit
2850 2110 2916 2164 ad
2967 2110 3143 2167 fontes
3187 2112 3253 2166 ad
3283 2111 3518 2167 litaniam
3550 2112 3848 2168 faciendam
3879 2155 3894 2176 ,

2307 2211 2684 2267 exspectantes
2703 2198 2872 2268 parati
2889 2201 3223 2270 pontiﬁcem.
3247 2200 3524 2256 Secundus
3544 2217 3674 2257 vero
3697 2203 3897 2257 schola:

2310 2297 2456 2345 tenet
2487 2306 2575 2343 vas
2604 2305 2823 2344 aureum
2855 2290 2907 2345 in
2935 2307 3093 2345 manu
3121 2307 3214 2347 sua
3245 2293 3458 2347 sinistra
3509 2310 3673 2365 super
3704 2296 3893 2365 planc-

2311 2393 2441 2450 tam,
2466 2385 2602 2438 unde
2635 2382 2869 2453 pontifex
2895 2385 3105 2440 mittere
3131 2384 3290 2440 debet
3319 2385 3554 2442 cltrisma
3585 2389 3638 2442 in
3666 2389 3889 2453 fontem,

2317 2484 2371 2530 et
2415 2474 2549 2544 jussi
2603 2475 2801 2530 faciunt
2856 2474 3094 2529 litaniam
3141 2486 3368 2531 lernam.
3405 2477 3610 2532 Deinde
3659 2479 3890 2546 prntifex

2311 2566 2546 2635 procedit
2574 2581 2692 2619 cum
2723 2567 2864 2619 omni
2893 2565 3111 2632 decore,
3135 2575 3461 2622 sustentatus
3487 2582 3520 2621 a
3545 2569 3754 2624 duobus
3781 2571 3893 2622 ilia-

2307 2659 2561 2722 conibus;
2584 2667 2638 2712 et
2670 2657 2759 2711 illa
2792 2659 2896 2712 duo
2922 2667 3220 2714 cercostata
3243 2676 3360 2728 qua:
3387 2669 3512 2715 ante
3539 2661 3749 2715 fuerant
3779 2664 3890 2714 illu-

2308 2746 2504 2801 minata
2552 2763 2765 2817 semper
2814 2757 2936 2802 ante
2980 2749 3154 2819 ipsum
3184 2750 3516 2820 procedunt,
3554 2768 3723 2822 usque
3767 2753 3893 2807 dum

2308 2840 2484 2892 omnia
2520 2839 2774 2892 ﬁnierint.

2377 2928 2468 2980 42.
2499 2927 2707 2984 Litania
2750 2928 2918 2997 ﬁnita,
2947 2931 3088 2986 facto
3115 2932 3330 2989 silentio
3355 2933 3485 2990 dicit
3514 2935 3753 3003 pontifex
3786 2939 3892 2990 Do-

2308 3018 2476 3072 minus
2502 3020 2774 3074 vobiscum.
2803 3020 3147 3092 Respondent
3174 3022 3244 3078 Et
3264 3041 3378 3079 cum
3408 3026 3596 3095 spiritu
3626 3036 3736 3079 tuo.
3758 3026 3897 3079 Dicit

628 3114 956 3171 continetur.
990 3117 1177 3174 Postea
1223 3125 1413 3177 sedent
1444 3126 1678 3192 pontifex
1717 3135 1767 3180 et
1813 3128 2119 3183 sacerdotes
2149 3129 2202 3188 in

2316 3109 2571 3175 Oremus,
2613 3121 2664 3166 et
2710 3111 2801 3167 dat
2844 3112 3152 3169 Orationem
3209 3114 3541 3186 Omnipotens
3589 3118 3896 3185 sempitcrne

629 3204 882 3260 sediculis
932 3208 1040 3261 suis
1069 3225 1082 3274 ;
1117 3209 1332 3265 diaconi
1371 3223 1684 3282 permanent
1710 3225 1936 3273 stantes.
1968 3218 2079 3287 Ipsa
2111 3235 2206 3278 ex-

629 3295 768 3364 pleta
795 3341 809 3363 ,
841 3297 967 3350 d'cit
996 3297 1246 3355 Dominus
1284 3305 1561 3359 uobiscum.
1596 3307 1757 3375 Resp.
1786 3306 1852 3360 Et
1884 3326 1995 3361 cum
2023 3311 2206 3378 spiritu

629 3394 739 3438 tuo.
760 3386 885 3440 Inde
914 3387 1132 3442 Sursum
1154 3394 1329 3445 corda.
1348 3394 1509 3462 Resp.
1537 3395 1794 3452 Habemus
1817 3399 1883 3451 ad
1908 3399 2202 3455 Dominum.

631 3473 759 3529 lude
788 3474 995 3530 Gratias
1024 3495 1237 3547 agamus
1267 3480 1487 3536 Domino
1535 3484 1637 3540 Deo
1675 3497 1868 3541 nostra.
1918 3487 2082 3556 Resp.
2114 3489 2209 3544 Di-

630 3581 784 3634 gnum
807 3577 852 3620 et
870 3571 1072 3639 justum
1101 3580 1193 3622 est.
1221 3570 1345 3626 Inde
1377 3587 1502 3626 vero
1525 3575 1729 3629 accedit
1765 3576 1815 3629 in
1848 3581 2210 3634 consecratio-

633 3669 755 3709 nem
783 3661 968 3723 cerei,
1016 3658 1351 3718 decantando
1394 3666 1543 3731 quasi
1589 3681 1872 3722 canonetn.
1905 3669 2032 3725 lnde
2085 3686 2209 3727 vero

633 3746 999 3803 accenduntur
1023 3750 1073 3804 in
1100 3751 1308 3809 duobus
1339 3761 1363 3788 α
1388 3755 1723 3813 candelabris
1744 3759 1849 3813 duo
1878 3761 2117 3826 ccrei,,ct
2143 3764 2208 3818 de

632 3836 752 3905 ipso
784 3837 905 3906 igne
929 3841 1227 3898 accendunt
1262 3844 1316 3899 in
1337 3847 1485 3903 omni
1514 3846 1674 3903 domo
1698 3892 1712 3916 ,
1764 3852 1881 3916 quia
1913 3856 2087 3906 omnis
2115 3869 2211 3907 an-

632 3929 796 3984 terior
819 3931 1083 4004 exstingui
1113 3934 1288 3991 debet.

700 4018 789 4070 40.
818 4018 1021 4075 Deinde
1073 4024 1241 4078 lector
1268 4025 1415 4080 exuit
1444 4041 1501 4081 se
1525 4027 1734 4096 planeta
1764 4046 1781 4094 ;
1832 4033 2130 4090 ascendens
2158 4035 2208 4090 in

629 4113 932 4182 umbonem,
960 4114 986 4154 δ
1011 4132 1113 4170 non
1149 4119 1453 4186 pronuntiat
1478 4119 1653 4175 Lectio
1687 4123 1804 4175 libri
1834 4122 2044 4180 Genesis
2068 4169 2082 4193 ,
2116 4129 2209 4183 sed

621 4201 842 4256 inchoat
872 4204 938 4258 ita
958 4246 971 4269 ,
1003 4203 1069 4260 In
1100 4207 1351 4277 principio
1380 4209 1496 4278 fecit
1528 4209 1664 4264 Deus
1692 4211 1874 4281 caelum
1907 4225 1950 4267 et
1977 4224 2164 4270 terram
2190 4235 2208 4284 ;

633 4308 753 4347 nam
793 4304 847 4350 et
889 4298 1109 4365 reliqua:
1158 4312 1348 4354 omnes
1396 4299 1474 4356 sic
1519 4301 1859 4359 inchoantur.
1917 4307 1969 4361 ln
2023 4309 2209 4376 primis

634 4393 658 4424 ε
683 4383 870 4442 Graeca
912 4387 1124 4458 legitur,
1154 4389 1351 4446 deinde
1375 4392 1554 4447 statim
1587 4395 1654 4450 ab
1695 4396 1802 4452 alio
1829 4397 2038 4454 Latina.
2063 4401 2212 4458 Tunc

2312 3198 2470 3252 Deus.
2500 3199 2626 3253 Item
2676 3201 2779 3254 alia
2811 3201 2951 3259 Deus
2980 3203 3066 3272 qui
3112 3203 3356 3258 invisibili
3381 3207 3633 3275 potentia.
3663 3206 3762 3261 llic
3792 3208 3897 3277 pri-

2313 3306 2453 3344 mam
2483 3305 2693 3346 crucem
2717 3291 2840 3346 facit
2865 3331 2881 3358 ,
2917 3293 3016 3358 Qui
3045 3293 3180 3348 hanc
3203 3311 3390 3364 aquarii
3414 3337 3430 3363 ,
3463 3311 3584 3352 com
3615 3312 3776 3350 manu
3807 3313 3894 3350 sua

2311 3382 2554 3436 dividens
2580 3398 2769 3451 aquam
2797 3384 2850 3436 in
2884 3382 3097 3438 modum
3127 3385 3322 3441 crucis.
3355 3386 3658 3440 Secundam
3683 3429 3696 3452 ,
3752 3386 3896 3441 Unde

2310 3471 2548 3525 bcnedico
2580 3482 2644 3524 te.
2677 3472 2935 3527 Similiter
2965 3475 3175 3529 tertiam
3205 3517 3219 3542 ,
3255 3474 3512 3530 Benedico
3540 3487 3587 3529 te
3614 3487 3663 3530 et
3687 3494 3784 3546 per
3809 3475 3894 3531 Je-

2309 3579 2421 3617 sum
2445 3562 2722 3617 Christum.
2753 3564 2879 3621 llaec
2908 3565 3083 3620 omnia
3108 3568 3337 3637 expleta,
3375 3569 3551 3626 fundit
3569 3570 3807 3626 chrisma
3830 3571 3894 3625 de

2313 3653 2532 3708 vasculo
2565 3654 2616 3707 in
2650 3655 2796 3709 fonte
2825 3671 2985 3722 super
3017 3657 3185 3726 ipsam
3217 3673 3407 3730 aquam
3437 3662 3488 3716 in
3520 3663 3736 3716 modum
3772 3679 3892 3716 cru-

2317 3745 2422 3811 cis,
2447 3754 2501 3798 et
2537 3762 2655 3798 cum
2690 3761 2850 3801 manu
2876 3762 2972 3802 sua
2992 3749 3230 3804 miscitat
3262 3753 3430 3820 ipsam
3463 3753 3754 3807 cbrismam
3779 3771 3894 3808 cntu

2312 3852 2450 3905 aqua
2477 3881 2490 3905 ,
2546 3845 2598 3893 ct
2628 3840 2831 3908 spargit
2860 3855 2955 3910 per
2982 3857 3197 3896 omnem
3227 3844 3445 3911 fontem,
3479 3847 3560 3901 vel
3587 3862 3752 3915 super
3781 3863 3894 3901 om-

2315 3944 2437 3982 nem
2466 3931 2739 3997 populum.
2771 3929 2882 3985 lloc
2915 3931 3074 3999 facto,
3108 3936 3280 3989 omnis
3305 3936 3552 4004 populus,
3585 3939 3678 4006 qui
3713 3940 3890 3992 voluc-

2313 4021 2404 4085 rit,
2438 4021 2634 4090 accipit
2665 4021 3100 4077 Benedictioncm
3123 4025 3172 4078 in
3199 4027 3339 4080 vasis
3367 4025 3476 4080 suis
3500 4028 3569 4081 de
3591 4028 3708 4095 ipsa
3739 4043 3892 4098 aqua,

2312 4128 2596 4188 antequam
2627 4118 2704 4176 ibi
2726 4119 3064 4189 baptizentur
3093 4119 3318 4190 parvuli,
3351 4122 3417 4176 ad
3453 4124 3818 4192 spargendum
3850 4124 3894 4175 in

2313 4213 2561 4268 domibus
2588 4227 2774 4268 eorum
2800 4253 2815 4274 .
2845 4220 2901 4268 et
2930 4211 3101 4268 vineis
3123 4254 3138 4281 ,
3191 4223 3244 4269 et
3274 4215 3506 4284 campis,
3541 4225 3596 4270 et
3637 4216 3896 4270 fructibus

2314 4320 2522 4361 eorum.

2384 4396 2474 4452 45.
2506 4396 2706 4452 Deinde
2731 4396 3031 4467 presbyteri
3057 4404 3149 4451 aut
3174 4397 3402 4463 diaconi,
3423 4400 3608 4465 etiam,
3640 4398 3685 4452 si
3717 4413 3896 4453 neces-

633 4476 863 4542 primum
909 4492 1134 4548 surgens
1177 4481 1411 4550 pontifex
1435 4484 1597 4554 dicit,
1633 4487 1846 4543 Oremus
1875 4499 1927 4545 et
1956 4492 2204 4550 diaconus

2315 4501 2374 4543 se
2396 4487 2550 4542 fuerit
2572 4527 2588 4554 ,
2617 4497 2672 4543 et
2699 4486 2955 4557 acolytbi,
2981 4487 3285 4544 discalceati
3310 4528 3324 4554 ,
3357 4489 3642 4545 induentes
3687 4505 3745 4545 se
3776 4491 3894 4544 aliis

632 4563 930 4622 Flectamus
954 4585 1120 4636 genua
1144 4615 1159 4639 ,
1206 4572 1398 4631 deinde
1445 4576 1624 4631 Levate
1647 4595 1664 4642 ;
1704 4588 1757 4633 et
1787 4580 1943 4636 datur
1968 4584 2149 4640 Oratio
2178 4604 2208 4642 a

634 4660 905 4726 pontifice,
940 4671 993 4716 et
1020 4663 1213 4732 legitur
1241 4665 1400 4720 iectio
1421 4667 1626 4734 Grtrce,
1652 4669 1875 4726 Factum
1899 4684 1972 4728 est
2003 4677 2053 4730 in
2086 4677 2211 4747 rigi-

631 4751 703 4807 lia
733 4753 982 4804 matutina
1008 4792 1021 4816 ,
1053 4761 1108 4808 et
1134 4755 1202 4809 ab
1232 4755 1346 4823 ipso
1375 4767 1620 4813 cantatur
1647 4762 1909 4815 canticum
1936 4765 2037 4820 boc
2061 4767 2210 4822 Grat-

631 4857 694 4897 ce
719 4883 734 4908 ,
784 4843 1055 4899 Cantemus
1083 4844 1319 4902 Domino.
1366 4847 1490 4904 l‘ost
1538 4852 1650 4908 lucc
1679 4856 1922 4911 ascendit
1950 4858 2084 4913 alius
2108 4902 2122 4927 ,
2156 4871 2211 4916 et

705 4978 928 5055 {Aliter
953 4980 1280 5042 Amalarius.
1309 4983 1357 5036 in
1388 4984 1480 5038 lib.
1506 5001 1543 5051 ι,
1570 5001 1690 5055 cap.
1710 4987 1801 5044 επ.
1830 4991 2212 5050 Additurctiam

632 5046 691 5122 in
709 5049 880 5122 libello
906 5060 1183 5105 memerato
1210 5055 1338 5107 alter
1366 5046 1541 5108 cereus
1560 5101 1573 5122 ,
1623 5046 1705 5111 tibi
1731 5061 1916 5115 dictur
1948 5079 1964 5114 .·
1997 5063 2059 5116 Et
2089 5046 2212 5119 tunc

632 5117 1114 5201 illuminanturduo
1131 5124 1280 5201 cerei,
1298 5117 1581 5201 tenentibus
1607 5129 1803 5201 duobus
1826 5134 2059 5197 notariis,
2079 5117 2210 5201 ριρῂ

634 5204 752 5254 qua:
783 5192 943 5244 verba
997 5193 1119 5271 hinc
1155 5195 1398 5271 absunt,
1451 5197 1543 5250 sed
1574 5200 1763 5254 adsunt
1817 5205 1868 5256 in
1917 5192 2212 5271 appendice

632 5273 807 5330 quain
826 5276 945 5315 mox
979 5264 1343 5330 subjiciemus.

707 5325 733 5410 ξς
766 5327 887 5410 llaec
920 5325 1238 5388 verlra'ciiat
1268 5335 1566 5393 Amalarlos
1591 5340 1638 5392 in
1672 5355 1786 5410 cap.
1827 5340 1893 5396 2i
1932 5359 1945 5395 :
1983 5343 2116 5398 Dicit
2149 5346 2212 5400 li-

635 5397 818 5478 bellus,
835 5401 898 5453 de
908 5419 1150 5478 qugsccpe
1169 5410 1665 5478 memoravimusgui
1682 5397 1895 5464 continet
1921 5397 2209 5470 Iiomanu‘m

639 5469 881 5553 Ordinem
911 5469 1472 5553 :.Nort'_pronuntiatur
1502 5469 1648 5553 lectio
1677 5481 1792 5534 libri
1836 5482 2066 5553 Genesis,
2099 5469 2205 5541 etc.

670 5605 681 5616 O
716 5547 738 5573 ο
769 5540 1028 5619 Apposite
1052 5540 1122 5619 ad
1150 5547 1288 5619 hunc
1321 5548 1498 5619 locum
1531 5550 1666 5604 idem
1698 5553 1784 5619 qui
1807 5567 1964 5616 supra
1991 5540 2197 5609 Amala-

640 5611 771 5687 rius.
806 5611 956 5687 initip
979 5613 1156 5687 librili
1188 5615 1338 5687 :_Sea:
1367 5617 1602 5671 lectiones
1624 5621 1686 5672 ab
1708 5611 1928 5683 antiquis
1961 5623 2204 5678 Iiontanis

638 5671 814 5732 (ἔνατα
839 5690 886 5735 et
907 5681 1084 5738 Latine
1105 5685 1392 5754 legebantur
1415 5688 1526 5757 (qui
1541 5705 1646 5744 mos
1663 5671 1807 5748 apud
1829 5671 1938 5748 ΕΡ.
1961 5671 2208 5766 iniiinii

2315 4580 2554 4636 vestibus
2585 4579 2795 4634 mundis
2826 4580 2906 4635 vel
2937 4579 3196 4645 candidis,
3233 4579 3606 4649 ingrediuntur
3637 4583 3689 4636 in
3722 4581 3899 4636 fontes

2313 4674 2340 4713 ἀ
2372 4677 2510 4730 intro
2535 4689 2720 4744 aquam
2751 4690 2768 4741 ;
2795 4684 2848 4731 et
2869 4675 3209 4744 baptiznntur
3241 4677 3411 4745 primo
3438 4677 3683 4742 masculi,
3707 4677 3900 4731 deinde

2314 4773 2524 4827 laminas
2552 4771 2651 4826 sub
2677 4773 2776 4825 hac
2807 4772 3221 4839 interrOgatione
3242 4788 3256 4822 :
3277 4774 3381 4845 27
3402 4774 3621 4828 eCredis
3653 4775 3704 4828 in
3735 4774 3898 4827 Deum

2318 4863 2522 4917 Pa'rem
2549 4863 2964 4933 omnipotentem,
3007 4873 3282 4917 creatorem
3305 4866 3417 4919 σωιὶ
3445 4874 3492 4919 et
3521 4869 3712 4922 terra'?
3737 4867 3897 4938 Resp.

2316 4992 2610 5070 servatttr),_
2624 4994 2674 5046 ni
2709 4994 2883 5070 (alios,
2917 5004 3122 5070 prapter
3150 4995 3280 5070 duas
3309 5012 3490 5070 causas
3522 5014 3540 5051 :
3569 5016 3759 5061 unam,
3784 5004 3900 5070 quia

2317 5069 2532 5139 aderant
2552 5062 2737 5118 ’Gra'ci
2763 5109 2777 5133 ,
2829 5062 3292 5139 quibusinwgnita
3318 5079 3423 5118 erat
3461 5068 3650 5121 Latina
3680 5062 3898 5139 Ῑίηςίωζ

2313 5137 2530 5190 alteram
2550 5145 2754 5204 prapter
2782 5138 3164 5188 unanimitate»:
3184 5137 3450 5206 utriusque
3469 5142 3672 5206 populi.
3705 5137 3900 5194 Ctillicr

2319 5207 2679 5273 tlicrologmn,
2710 5207 2808 5258 sub
2836 5207 2991 5259 tinent
3023 5222 3139 5273 cap.
3171 5204 3275 5270 28,
3324 5204 3377 5260 et
3402 5204 3703 5264 Dern’onem
3729 5214 3900 5263 abba-

2317 5288 2421 5332 tem
2451 5275 2769 5343 Augienscm
2799 5317 2813 5338 ,
2847 5290 2966 5344 cap.
3001 5277 3052 5340 7,
3085 5275 3173 5330 ubi
3199 5277 3454 5332 Amalatii
3484 5281 3644 5334 verba
3676 5282 3777 5335 sub
3805 5298 3900 5334 no—

2317 5348 2458 5402 mine
2495 5345 2704 5398 Pa'rum
2726 5345 2957 5399 adducit.

2385 5415 2409 5455 ἀ
2437 5416 2575 5470 Idem
2592 5416 2734 5488 ritus
2748 5416 2938 5488 legintr
2966 5417 3014 5468 in
3032 5415 3226 5471 Codice
3247 5416 3578 5488 Gellonensi,
3606 5421 3714 5476 imo
3732 5421 3896 5476 etiam

2314 5489 2364 5543 in
2398 5488 2606 5554 vulgato
2634 5485 2830 5539 Ordine
2859 5485 3121 5540 Romano.

2388 5567 2410 5595 ο
2443 5557 2568 5611 11ηςο
2615 5565 2697 5608 est
2727 5555 2952 5610 redditio
2975 5556 3211 5624 Symboli
3238 5597 3253 5622 ,
3296 5573 3452 5626 qnam
3489 5560 3794 5615 Amalarios
3826 5565 3894 5614 ait

2313 5629 2462 5682 reddi
2491 5627 2723 5680 Sabbato
2753 5634 2937 5696 sancto
2962 5627 3250 5696 secundum
3285 5631 3532 5683 Ordinem
3568 5631 3750 5684 Roma;
3772 5652 3894 5696 uni;

2316 5700 2434 5753 aliis
2466 5699 2516 5752 in
2543 5697 2707 5752 Cmna
2733 5695 2960 5760 Domini,
2989 5694 3039 5750 in
3064 5697 3154 5751 lib.
3188 5712 3224 5763 ι,
3253 5714 3372 5769 cap.
3402 5702 3498 5770 lit,
3531 5694 3892 5777 sublabi-am.
