4042 6326
181 304 285 359 οδτ

1428 296 1689 352 ROMANI
1722 296 2038 352 OIIDINES.
2079 325 2145 334 —
2181 294 2224 349 Ῐ.

2463 208 2597 223 ιινντ-ιι

173 416 362 470 Credo.
387 410 562 468 Credis
582 417 636 463 et
655 409 705 462 in
723 406 903 462 J’esum
926 407 1185 463 Christum
1215 407 1259 460 F
1265 409 1407 463 ilium
1426 413 1536 478 ejus
1557 412 1762 464 unicum
1795 418 1835 473 Α
1869 427 1965 467 nec
2013 411 2308 478 laetentur,
2355 420 2640 482 antequam
2669 411 3067 467 communicent
3105 424 3449 470 sacramenta.

174 507 464 561 Dominum
514 513 749 556 nostrum
793 510 968 555 natum
997 509 1042 556 et
1086 505 1340 573 passum?
1387 501 1547 572 Resp.
1576 501 1757 557 Credo.

173 598 360 652 Credis
390 606 436 650 et
465 595 517 649 in
547 592 800 663 Spiritum
826 603 1080 660 sanctum,
1105 603 1334 647 sanctam
1360 591 1644 647 Ecclesium
1672 609 1761 644 ca-

170 688 451 751 tholicam,
483 685 831 740 remissionem
857 692 1203 753 peccatorum,
1233 684 1402 738 carnis
1431 684 1763 737 resurrectio-

170 796 315 846 nem,
354 779 505 831 vitam
547 783 786 830 teteruam
810 775 834 827 ?
862 774 1026 842 Resp.
1061 773 1244 828 Credo.
1288 775 1355 828 Et
1376 783 1622 843 acceptos
1667 773 1763 828 in-

170 872 355 926 fantes
384 870 452 925 de
475 866 779 937 parentibus
793 865 1064 932 baptizent
1084 880 1176 920 eos
1198 866 1296 920 sub
1313 866 1448 921 trina
1474 863 1758 930 mersione,

171 969 387 1016 tantum
437 968 676 1014 sanctam
723 953 1036 1010 Trinitatem
1089 954 1256 1009 semel
1307 955 1650 1019 invocantes,
1690 951 1761 1007 ita

172 1049 411 1106 dicendo
440 1065 453 1102 :
487 1047 699 1116 Baptizo
727 1055 797 1111 te,
829 1047 880 1098 in
913 1044 1118 1097 nomine
1148 1043 1323 1098 Patris
1345 1085 1358 1110 ,
1389 1054 1441 1097 et
1464 1043 1654 1111 mergit
1680 1057 1766 1096 se-

172 1143 284 1196 stiel
317 1157 332 1206 ;
365 1149 410 1194 et
445 1137 608 1203 Filii,
650 1147 704 1193 et
735 1137 931 1206 mergit
954 1136 1180 1202 iterum;
1229 1147 1275 1190 et
1307 1136 1533 1204 Spiritus
1561 1134 1763 1200 sancti,

174 1241 236 1288 et
267 1232 455 1300 mergit
487 1230 669 1284 tertio.

254 1320 348 1374 Η.
380 1319 594 1375 Levatis
623 1332 796 1372 autem
822 1317 955 1387 ipsis
977 1314 1261 1370 infantibus
1288 1313 1338 1368 iu
1363 1313 1608 1368 manibus
1631 1310 1766 1378 suis,

174 1413 376 1466 offerat
426 1424 521 1466 eos
547 1411 642 1465 uni
681 1409 1027 1478 presbytero;
1060 1407 1175 1476 ipse
1204 1420 1332 1460 vero
1383 1406 1660 1474 presbyter
1691 1404 1768 1457 fa-

171 1504 336 1557 ciens
383 1500 450 1556 de
495 1498 784 1554 chrismate
825 1511 1041 1552 crucem
1089 1510 1212 1551 cum
1244 1494 1439 1564 pollice
1468 1493 1527 1547 iu.
1565 1497 1766 1547 vertice

179 1609 376 1650 eorum
425 1607 547 1647 cum
599 1592 936 1646 invocatione
990 1600 1190 1644 sancire
1239 1587 1545 1655 Trinitatis,
1591 1586 1764 1642 dicit:

181 1685 336 1740 Deus
367 1686 690 1753 omnipotens
713 1724 730 1751 ,
764 1681 921 1736 Pater
947 1681 1152 1736 Domini
1193 1681 1351 1734 nostri
1381 1679 1506 1734 Jesu
1537 1678 1764 1742 Christi,

1861 505 2102 572 corporis
2122 504 2353 571 Christi;
2384 511 2440 560 et
2469 503 2718 558 omnibus
2757 501 2945 557 diebus
2968 500 3280 569 septimanae
3313 500 3442 555 Pas-

1861 597 1975 649 cha:
2004 595 2070 648 ad
2094 593 2284 650 Missns
2309 594 2623 664 procedant,
2654 602 2708 647 ct
2736 600 2986 661 parentes
3013 605 3198 646 eorum
3217 590 3442 644 olferant

1864 701 1958 753 pro
1987 686 2133 754 ipsis,
2158 694 2212 741 ct
2232 685 2626 740 communicent
2648 698 2854 738 omnes.
2877 683 3028 737 Ilunc
3050 692 3228 737 autem
3245 697 3443 751 supra-

1862 775 2062 830 dictum
2094 777 2334 832 ordinem
2364 777 2610 846 baptismi
2636 776 2686 829 in
2713 775 2814 828 hoc
2839 774 3075 831 Sibbato
3103 777 3332 842 pascha},
3361 773 3438 828 si-

1862 875 1948 920 cut
1969 874 2023 920 et
2044 867 2093 920 in
2118 866 2348 921 Sabbato
2371 864 2714 920 Pentecostes
2733 905 2745 928 ,
2772 861 3093 918 omnimodis
3116 863 3436 918 celebretur.

1936 955 2024 1012 47.
2055 959 2183 1013 Item
2212 959 2325 1027 ipsa
2355 959 2441 1012 die
2468 957 2767 1012 diutornale
2797 970 3011 1010 cursum
3040 956 3329 1022 separatim
3347 968 3437 1009 ca-

1865 1055 1998 1101 uun'.
2028 1049 2077 1101 in
2112 1048 2223 1116 ipsa
2259 1056 2416 1103 nocte
2448 1057 2567 1117 post
2598 1047 2861 1116 gallorum
2885 1055 3097 1100 cantum
3123 1061 3137 1110 ;
3188 1045 3449 1100 matutino

1869 1136 2199 1204 irrtrmt-ente
2226 1138 2344 1193 luce
2387 1138 2635 1191 teni-bras
2655 1176 2670 1200 ,
2717 1147 2994 1205 surgentes
3022 1139 3071 1188 in
3102 1137 3331 1191 eet-lesia
3362 1148 3451 1189 ve-

1867 1228 2012 1280 niunt
2041 1268 2055 1292 ,
2100 1237 2155 1280 et
2182 1239 2363 1282 mutua
2389 1229 2652 1280 cbaritate
2681 1243 2739 1282 se
2769 1227 2996 1281 invicem
3030 1228 3333 1281 osculantes
3358 1227 3444 1280 di-

1867 1325 2019 1380 cunt,
2048 1314 2182 1370 Deus
2207 1357 2223 1382 ,
2271 1318 2320 1370 in
2351 1317 2668 1389 adjutorium
2699 1332 2905 1382 meum;
2935 1319 3172 1385 sequitur
3199 1318 3450 1372 Insitato-

1868 1407 2004 1460 rium
2032 1421 2150 1460 cum
2184 1405 2428 1460 Alleluia.
2453 1408 2759 1474 Sequuntur
2787 1415 2896 1460 tres
2928 1407 3120 1460 Ibalmi
3141 1422 3260 1460 cum
3291 1405 3447 1459 Anti-

1872 1498 2044 1564 phona
2090 1495 2278 1550 Bealur
2303 1497 2380 1548 t‘ir
2402 1537 2418 1560 ,
2467 1495 2637 1559 Quare
2667 1500 3006 1564 fremuerunt,
3037 1494 3253 1553 Domine
3279 1536 3293 1558 ν
3325 1496 3449 1564 quid

1872 1596 2199 1665 multiplicati
2225 1595 2372 1648 sunt?
2403 1595 2711 1664 Sequuntur
2739 1610 2874 1648 vero
2905 1603 3012 1648 tres
3043 1594 3298 1648 lectiones
3327 1607 3448 1648 cum

1872 1685 2267 1756 IteSpmsoriis.
2305 1685 2480 1740 Prima
2507 1684 2662 1740 lectio
2692 1685 2757 1738 de
2779 1685 2997 1738 Actibus
3043 1685 3407 1752 apostolorum
3434 1700 3452 1748 ;

175 1779 268 1846 qui
298 1787 346 1831 te
366 1776 616 1846 generavit
643 1790 706 1829 ex
729 1789 861 1842 aqua
883 1782 926 1827 et
959 1773 1162 1843 Spiritu
1185 1781 1381 1837 sancto,
1413 1773 1598 1841 quique
1625 1771 1766 1824 dedit
1800 1787 1844 1848 Β
1870 1778 2110 1849 seqvitur
2140 1777 2370 1833 secunda
2399 1788 2448 1830 et
2484 1776 2635 1830 tertia
2667 1777 2733 1829 de
2765 1774 3000 1828 bomiliis
3035 1774 3202 1827 sancti
3235 1776 3447 1841 Augus-

175 1870 272 1922 tibi
314 1867 665 1922 remissionem
702 1865 928 1920 nomium
976 1872 1346 1932 peccatorum;
1393 1862 1503 1931 ipse
1555 1871 1600 1914 te
1636 1859 1764 1913 liuet

179 1961 459 2014 chrismate
485 1959 668 2012 salutis
696 1958 749 2010 in
779 1954 979 2010 Christo
1003 1954 1126 2008 Iesu
1157 1953 1378 2007 Domino
1408 1961 1582 2006 nostra
1606 1954 1658 2006 in
1687 1951 1762 2005 vi-

180 2067 299 2106 tam
329 2061 587 2106 aternam.
619 2049 798 2102 Amen.
829 2046 895 2104 Et
924 2045 1031 2101 sint
1058 2046 1226 2114 parati
1256 2044 1343 2113 qui
1363 2058 1458 2098 eos
1472 2043 1765 2110 suscepturi

177 2152 313 2196 sunt
339 2156 458 2195 cum
492 2140 668 2194 linteis
697 2138 749 2193 in
771 2137 1025 2191 manibus
1055 2150 1263 2202 eorum,
1295 2142 1350 2189 et
1381 2132 1650 2203 accipiunt
1677 2132 1760 2199 ip-

175 2247 275 2288 sus
304 2247 334 2285 a
359 2229 704 2302 presbyteris,
725 2227 815 2283 vel
845 2237 870 2263 ιι
895 2226 1210 2281 diaconibus
1241 2225 1328 2293 qui
1356 2237 1451 2279 eos
1474 2223 1763 2291 baptizant.

183 2323 442 2379 Pontifex
469 2337 594 2377 vero
615 2320 918 2391 egredietur
941 2333 971 2372 a
998 2318 1164 2382 fonte,
1186 2317 1387 2371 habens
1413 2315 1765 2385 compositam

178 2415 373 2469 sedem
403 2415 455 2468 in
486 2413 602 2480 ipsa
631 2410 882 2473 ecclesia,
913 2409 1001 2462 ubi
1035 2408 1262 2462 voluerit
1285 2407 1477 2460 sedens
1507 2405 1558 2458 in
1589 2419 1649 2458 ea
1673 2445 1687 2470 ,
1715 2413 1769 2458 et

188 2493 543 2580 deportantur
578 2507 680 2576 ipsi
719 2505 948 2560 infantes
989 2511 1111 2557 ante
1138 2517 1257 2556 cum
1281 2543 1294 2566 ,
1324 2511 1380 2556 et
1425 2501 1518 2553 dat
1546 2499 1768 2568 singulis

181 2601 208 2644 δ
245 2603 477 2666 Stolatn,
523 2599 775 2661 casulam,
810 2605 866 2650 et
913 2593 1234 2662 cbrismale,
1281 2592 1670 2659 etxsiliquas;
1716 2599 1770 2644 et

190 2695 511 2748 vestiantur.
541 2689 714 2746 Induti
746 2702 870 2742 vero
892 2685 1202 2740 ordinantur
1229 2699 1322 2753 per
1345 2683 1608 2750 ordinem,
1631 2681 1769 2736 sicut

185 2783 379 2852 scripti
411 2790 531 2836 sunt
557 2820 574 2847 ,
601 2782 652 2832 in
676 2777 923 2842 circuitu,
955 2786 1009 2830 et
1038 2775 1129 2829 dat
1155 2774 1462 2829 Orationem
1486 2787 1647 2842 super
1676 2785 1768 2827 eos

186 2874 452 2942 pontifex,
480 2886 598 2924 eum
626 2869 915 2926 chrismate
946 2866 1149 2921 faciens
1180 2881 1391 2920 crucem
1421 2864 1474 2918 in
1507 2863 1769 2918 frontibus

195 2973 227 3003 ο
248 2979 432 3019 eorum
463 2977 584 3018 cum
611 2958 948 3013 invocatione
975 2966 1175 3011 sancto:
1203 2954 1505 3022 Trinitatis,
1529 2963 1582 3008 et
1613 2952 1771 3008 tradit

183 3054 272 3110 eis
319 3050 682 3122 septiformem
718 3049 938 3118 gratiam
977 3046 1210 3116 Spiritus
1239 3046 1430 3102 sancti.
1457 3045 1566 3099 Iloc
1589 3054 1768 3099 autem

1867 1872 1982 1926 tini.
2016 1871 2268 1936 Se-luitur
2313 1868 2624 1922 Matutiuum
2678 1881 2797 1921 cum
2843 1865 3084 1921 Alleluia.
3118 1866 3254 1919 Infra
3286 1866 3448 1920 Albae

1861 1965 2082 2021 Pascha!
2104 1977 2264 2030 super
2294 1961 2493 2025 Venite,
2527 1958 2764 2013 Surreait
2793 1957 3038 2011 Dominus
3055 1973 3184 2021 vere,
3214 1957 3449 2023 alleluia,

1866 2065 1922 2111 et
1952 2065 2056 2108 tres
2080 2053 2316 2108 Psalmos
2344 2061 2502 2120 super
2534 2059 2813 2104 noeturna.
2845 2048 3193 2119 Imponuntur
3217 2063 3308 2118 per
3338 2049 3449 2102 sin-

1874 2147 2026 2218 gulas
2059 2155 2246 2201 noctes
2298 2159 2466 2213 usque
2495 2143 2545 2197 in
2571 2154 2794 2196 octavas
2821 2143 3060 2208 I‘ascha-,
3093 2143 3141 2196 id
3169 2150 3286 2204 est,
3321 2142 3448 2196 feria

1865 2236 1921 2302 2,
1950 2235 2078 2291 Cum
2100 2237 2388 2290 invocarem
2414 2274 2428 2300 ,
2468 2231 2634 2288 Verba
2661 2250 2804 2300 mea,
2835 2234 3080 2300 Domine,
3112 2251 3176 2287 ne
3197 2236 3248 2286 in
3278 2237 3455 2304 furore

1872 2337 1959 2391 tuo
1981 2343 2001 2392 ,'
2034 2327 2163 2383 feria
2189 2327 2246 2392 '5,
2274 2325 2491 2379 Domine
2517 2325 2657 2380 Deus
2684 2343 2848 2393 meus,
2877 2326 2929 2379 in
2958 2335 3003 2378 te
3028 2327 3245 2395 speravi,
3274 2325 3452 2379 Domi-

1869 2436 1952 2484 ne,
1988 2418 2125 2472 Deus
2146 2427 2335 2482 noster,
2371 2416 2434 2469 lu
2463 2418 2681 2471 Domino
2707 2417 2945 2484 conﬁdo;
2973 2416 3102 2470 feria
3126 2414 3180 2482 4,
3241 2416 3460 2471 Salvum.

1871 2527 1947 2563 me
1967 2510 2049 2580 [ac
2074 2549 2089 2574 ,
2130 2507 2364 2572 Domine,
2399 2508 2700 2578 llsmtequo,
2731 2507 2967 2572 Domine,
3001 2506 3143 2561 Dixit
3174 2507 3449 2575 insipiens,

1871 2600 2000 2654 feria
2029 2597 2082 2667 5,
2116 2597 2351 2662 Damiue,
2378 2600 2490 2668 quis
2513 2599 2786 2666 habitabit,
2812 2598 3063 2653 Conserva
3084 2614 3181 2663 me,
3214 2599 3449 2663 Domine,

1872 2689 2101 2754 Exaudi,
2129 2688 2368 2754 Domine,
2392 2690 2644 2757 justitiam
2673 2705 2874 2754 meam;
2908 2688 3035 2744 feria
3067 2690 3119 2755 ti,
3151 2688 3275 2743 Caeli
3302 2706 3452 2744 enar-

1856 2791 2004 2847 ‘rnnt,
2039 2779 2297 2834 Exaudiat
2328 2790 2397 2858 te,
2432 2780 2704 2844 Dominus,
2741 2780 2956 2834 Domine
2982 2823 2997 2847 ,
3044 2781 3096 2834 in
3124 2781 3303 2833 virtute
3330 2791 3452 2838 tuo:

1873 2872 2002 2927 feria
2034 2871 2087 2939 7,
2128 2870 2339 2924 Domini
2361 2880 2434 2925 est
2465 2881 2600 2924 terra
2619 2911 2635 2936 ,
2667 2870 2747 2924 Ad
2775 2879 2850 2935 te,
2882 2869 3117 2934 Domine,
3149 2870 3336 2933 levari,
3365 2868 3471 2922 Jun

1873 2965 1989 3016 dica
2021 2979 2120 3028 me,
2153 2963 2261 3034 29
2287 2961 2506 3014 Domine
2529 3000 2544 3024 ,
2575 2962 2814 3030 quoniam
2841 2961 2893 3014 in
2922 2961 3234 3015 innocentia.
3267 2961 3396 3014 ltcm
3429 2976 3456 3011 ει

1867 3053 2076 3108 Pascha
2107 3067 2276 3122 usque
2311 3053 2363 3104 in
2389 3060 2606 3106 octavas
2632 3052 2698 3103 ad
2728 3064 2918 3106 omnes
2958 3064 3145 3104 cursus
3175 3065 3280 3104 non
3317 3064 3454 3102 can-

189 3159 293 3214 per
317 3145 496 3198 omnia
530 3148 922 3229 praecaventes,
947 3146 1004 3194 ut
1039 3138 1142 3229 hoc
1172 3136 1573 3229 nonnegligant
1596 3178 1611 3203 ,
1643 3136 1768 3205 quia
1797 3165 1842 3229 ο
1875 3154 2017 3199 tatur
2066 3142 2485 3212 Respunsorium
2513 3183 2527 3206 ,
2577 3155 2684 3196 nec
2731 3141 2890 3196 lectio
2914 3140 3190 3204 lecitatur,
3233 3140 3327 3194 sed
3363 3155 3458 3207 pro

184 3243 320 3289 tunc
358 3246 517 3287 omne
547 3231 869 3299 baptismum
913 3225 1205 3298 legitimum
1251 3225 1653 3282 cltristianitatts
1675 3240 1771 3280 uo-

193 3325 345 3380 niine
372 3322 735 3377 confirmatur.

262 3411 355 3465 45.
389 3409 602 3466 Interim
635 3423 762 3464 vero
805 3407 987 3463 schola
1014 3407 1158 3476 iussa
1189 3403 1320 3461 facit
1369 3403 1607 3459 litaniam
1647 3415 1775 3458 ante

188 3502 398 3567 altare,
485 3501 707 3570 primam
761 3495 788 3536 ἀ
855 3509 1172 3568 septenum;
1249 3504 1304 3550 et
1385 3494 1556 3564 spatio
1636 3493 1776 3548 facto

191 3594 399 3652 faciunt
424 3595 646 3646 alteram
679 3591 929 3661 quinam;
961 3592 1069 3660 28
1093 3587 1285 3644 iterum
1333 3587 1506 3657 spatio
1529 3587 1670 3642 facto
1701 3586 1777 3641 fa-

189 3686 343 3740 ciunt
393 3694 603 3749 ternas;
649 3693 701 3739 et
745 3683 869 3737 dum
921 3682 1114 3737 dicitur
1166 3681 1340 3750 Agnus
1362 3679 1491 3744 Dei,
1525 3678 1779 3750 magister

197 3774 402 3829 schola:
431 3775 562 3829 dicit
595 3774 882 3838 Accendite,
906 3781 959 3828 et
984 3780 1108 3826 tunc
1133 3771 1457 3826 ill-ominatur
1483 3778 1506 3807 °
1524 3769 1776 3824 ecclesia.

210 3865 281 3922 Et
313 3865 551 3935 procedit
578 3865 811 3935 pontifex
835 3863 903 3918 de
930 3863 1164 3917 sacrario
1185 3875 1304 3916 cum
1327 3860 1431 3916 duo
1453 3868 1776 3924 cereostata,

195 3957 362 4025 unde,
377 3956 513 4011 sicut
528 3956 768 4026 superius
787 3955 1035 4020 diximus,
1061 3961 1224 4018 stant,
1241 3951 1378 4008 sicut
1405 3961 1584 4018 antea,
1606 3968 1634 4005 a
1650 3951 1784 4006 dex-

200 4053 302 4105 tris
316 4058 410 4105 eta
438 4049 670 4106 sinistris
687 4049 892 4103 altaris.
919 4047 1121 4102 Litania
1141 4047 1371 4115 expleta,
1400 4044 1529 4100 dicit
1544 4044 1779 4114 pomifex

199 4141 387 4198 Gloria
416 4141 469 4194 in
494 4140 707 4195 excelsis
730 4139 861 4206 Deo,
889 4138 1084 4194 deinde
1114 4139 1304 4207 legitur
1335 4137 1568 4207 Epistula
1594 4181 1608 4205 ,
1641 4136 1782 4190 Alle-

205 4231 336 4295 luia,
369 4229 690 4300 Conﬁtemiui
717 4229 958 4294 Domino,
987 4236 1187 4283 tractus
1224 4229 1452 4282 Laudate
1479 4226 1779 4294 Dominum,

201 4338 380 4378 omnes
408 4332 597 4391 gentes.
620 4321 734 4377 Non
768 4329 985 4380 cantant
1009 4321 1311 4388 Olfertoria,
1341 4336 1440 4376 nec
1457 4322 1630 4392 Agnus
1656 4321 1782 4389 Dei,

201 4431 304 4472 nec
341 4415 964 4471 Communionem.Ante
1013 4413 1379 4483 Evangelium,
1425 4428 1531 4469 non
1568 4420 1783 4483 portant

200 4507 387 4567 lumen
423 4505 441 4545 ί
469 4507 520 4560 itt
554 4507 663 4576 ipsa
698 4516 872 4570 nocte,
903 4504 996 4559 sed
1027 4503 1326 4559 incensum.

273 4598 368 4656 46.
403 4598 535 4654 Illud
563 4602 740 4653 autem
770 4599 837 4652 de
868 4596 1100 4665 parvulis
1130 4594 1510 4665 providendum
1536 4603 1647 4658 est,
1681 4603 1737 4648 ut
1759 4635 1775 4659 ,

185 4699 489 4764 postquam
518 4689 771 4758 baptizati
795 4689 1009 4755 fuerint,
1040 4689 1242 4744 nullum
1273 4687 1450 4744 cibum
1480 4687 1778 4756 accipiant,

277 4834 307 4864 ⁸
348 4827 579 4882 Libellus
625 4827 881 4895 septimus
928 4823 1167 4877 meminit
1213 4821 1375 4878 solius
1420 4821 1629 4876 diaconi
1678 4836 1774 4891 pro

206 4899 504 4956 ministerio
527 4895 792 4965 baptismi,
825 4911 970 4948 nunt.
1003 4895 1090 4948 1'2.

276 4967 303 5007 ιι
338 4968 410 5020 Ita
435 4961 609 5022 etiatn'
628 4968 678 5018 in
707 4965 888 5019 libello
917 4965 1159 5032 septimo.
1193 4961 1250 5016 In
1282 4961 1548 5032 pleriSque
1577 4962 1694 5015 aliis
1717 4961 1771 5014 fit

204 5039 408 5095 nn-ntio
440 5048 639 5090 tantum
674 5037 740 5089 de
761 5036 879 5088 alba
905 5031 1048 5087 veste
1079 5044 1132 5087 et
1161 5031 1452 5088 chriamali.
1480 5031 1620 5086 Idem
1647 5034 1778 5086 ritus

206 5109 375 5161 fusior
404 5107 454 5160 in
485 5105 777 5175 appendicc
807 5106 1070 5175 sequenti.

280 5187 303 5214 ε
338 5171 666 5240 Αιιιπιείτῖυε,
699 5175 796 5229 sub
828 5171 1006 5238 linem,
1034 5187 1152 5241 cap.
1192 5171 1260 5224 27
1288 5189 1300 5224 :
1338 5172 1472 5224 Dicit
1518 5172 1778 5226 Romanus

201 5247 425 5310 libellus,
456 5247 520 5300 de
547 5263 647 5309 quo
675 5261 810 5313 saepe
839 5243 1336 5313 commemoravimus
1361 5258 1379 5295 :
1411 5243 1657 5294 Oratione
1687 5257 1779 5293 ea:-

203 5319 340 5387 pleta
368 5317 493 5385 facit
523 5312 755 5387 crucem,
777 5324 878 5370 etc.
899 5354 916 5382 ,
948 5329 1068 5382 qua:
1095 5313 1252 5367 verba
1283 5312 1532 5382 leguntur
1557 5313 1610 5365 in
1652 5313 1779 5365 sub-

199 5386 343 5458 jecta
373 5386 690 5458 appendice,

275 5454 303 5492 ά
339 5447 659 5520 Antalarius,
679 5454 730 5507 in
756 5452 1120 5510 finesecundze
1142 5451 1468 5521 prmfationis
1494 5451 1558 5504 ad
1586 5447 1778 5521 librum

202 5526 272 5579 de
304 5519 674 5581 ecclesiasticis
701 5527 903 5580 Officiis
923 5565 938 5589 ,
982 5519 1226 5576 meminit
1251 5522 1470 5589 hujusce
1502 5522 1637 5574 ritus
1667 5519 1783 5572 lita-

203 5598 416 5649 tiiarum
461 5605 580 5664 post
613 5595 958 5661 baptismum,
986 5609 1075 5660 per
1103 5602 1440 5664 septenartum
1464 5630 1478 5653 ,
1528 5600 1571 5643 et
1590 5592 1786 5664 quina-

202 5668 364 5746 rium,
395 5676 442 5719 et
463 5661 741 5788 leIrétart'ttm
773 5680 1057 5720 numerum.
1094 5663 1222 5719 Vide
1250 5661 1621 5717 commentarii
1653 5677 1787 5730 pra:-

206 5746 281 5788 γη
314 5747 472 5788 caput
502 5759 504 5761 ν
578 5785 587 5788 ,

206 5738 281 5791 \‘ii
314 5747 472 5805 caput
502 5738 589 5800 15,

1882 3237 2045 3291 Ver~u
2074 3246 2098 3281 κ
2126 3245 2179 3290 et
2209 3234 2573 3304 Responsorio
2599 3241 2848 3286 cantatur
2877 3231 3129 3296 Gradale,
3161 3229 3288 3284 Hice
3309 3230 3416 3284 dies
3440 3269 3456 3295 ,

1877 3337 2079 3380 tantum
2115 3325 2307 3395 prima.
2343 3325 2471 3380 Post
2498 3332 2717 3378 octavas
2746 3336 2874 3378 vero
2915 3322 3133 3376 Pascha:
3167 3336 3328 3390 super
3359 3319 3458 3375 νεα

1876 3420 2090 3486 uite,et
2137 3432 2298 3486 super
2336 3429 2523 3471 omnes
2571 3412 2810 3468 Psalmos
2856 3411 3079 3466 Alleluia
3131 3420 3366 3467 cantant.
3399 3411 3461 3466 In

1876 3513 2108 3570 secunda
2153 3512 2284 3568 feria
2329 3510 2396 3566 ad
2442 3508 2641 3574 Venite,
2676 3518 2730 3563 et
2754 3521 2915 3577 super
2943 3517 3052 3561 tota
3095 3506 3457 3574 liebdutnada,

1863 3605 2114 3661 Surrexit
2142 3603 2393 3656 Dominus
2420 3616 2552 3666 vere,
2582 3597 2814 3653 alleluia.

1879 3695 2013 3752 'V'III.
2059 3693 2208 3760 Quod
2239 3691 2466 3762 sequitur
2489 3690 2705 3744 habetur
2718 3689 2782 3762 in
2808 3689 2980 3762 eodem
3012 3704 3109 3762 ms.
3131 3686 3336 3753 Codice,
3358 3687 3445 3742 sed

2073 3759 2285 3817 dimidio
2301 3759 2443 3831 ffolio
2473 3777 2502 3812 a
2529 3759 2923 3828 prwcedentibus
2954 3759 3259 3828 sejunctum.

1955 3855 2046 3911 48.
2087 3856 2140 3910 In
2185 3855 2373 3908 diebus
2403 3851 2572 3915 festis,
2606 3849 2657 3904 id
2687 3858 2790 3913 est,
2819 3849 3059 3912 Paschae,
3091 3848 3456 3916 Pentecostes,

1880 3949 2048 4003 sancti
2079 3944 2249 4006 Petri,
2277 3940 2578 3996 Nativitalis
2611 3939 2842 4004 Domini,
2876 3953 2970 4008 per
2997 3937 3092 3991 bas
3114 3947 3343 4006 quatuor
3369 3951 3458 3992 so-

1882 4038 2184 4094 lemnitates
2213 4035 2412 4088 habent
2439 4030 2769 4099 colligendas
2810 4029 3102 4098 presbyteri
3133 4029 3452 4094 cardinales,

1887 4127 2250 4197 unusquisque
2273 4133 2459 4178 tenens
2485 4119 2821 4188 corporalem
2846 4117 2901 4171 in
2927 4132 3088 4171 manu
3111 4131 3204 4172 sua
3228 4135 3242 4183 ;
3275 4128 3330 4172 et
3368 4133 3459 4172 vo-

1887 4220 1963 4275 nit
1992 4216 2426 4280 archidiaconus,
2458 4220 2512 4266 et
2534 4209 2756 4281 porrigit
2782 4208 3070 4276 unicuique
3096 4222 3280 4263 eorum
3309 4207 3460 4261 obla-

1886 4323 1972 4368 tas
1999 4322 2128 4366 tres.
2160 4309 2230 4364 Et
2255 4306 2541 4362 accedente
2569 4302 2820 4374 pontifice
2840 4300 2908 4354 ad
2929 4301 3114 4364 altare,
3147 4300 3330 4354 dextra
3362 4298 3465 4353 Ia:-

1885 4421 2058 4475 vaquc
2087 4399 2420 4457 circumdant
2448 4398 2636 4460 altare,
2670 4403 2725 4450 et
2752 4394 2906 4448 simul
2929 4408 3048 4448 cuin
3079 4393 3168 4446 illo
3197 4405 3456 4445 cauonem

1808 4517 1864 4580 ι)
1887 4499 2089 4560 dicunt,
2121 4500 2364 4549 tenentes
2403 4487 2611 4542 oblatas
2644 4487 2695 4540 in
2737 4483 2997 4546 manibus,
3047 4497 3150 4536 non
3182 4497 3341 4550 super
3379 4480 3461 4534 al-

1887 4601 2019 4657 tare,
2059 4598 2114 4641 ut
2140 4601 2241 4640 vox
2269 4581 2531 4653 pontilicis
2556 4579 2820 4633 valentius
2846 4577 3090 4630 audiatur
3114 4591 3130 4640 ;
3159 4584 3214 4629 et
3237 4573 3394 4628 simul
3420 4570 3450 4612 ιι

1885 4689 2203 4740 consecrant
2226 4691 2418 4746 corpus
2446 4683 2499 4728 et
2528 4673 2841 4742 sanguinem
2870 4667 3098 4734 Domini,
3129 4665 3225 4720 sed
3255 4674 3467 4719 tantum

1951 4825 1974 4854 ο
2008 4815 2152 4870 Idem
2181 4851 2196 4876 ,
2245 4811 2295 4863 in
2339 4825 2459 4877 cap.
2503 4807 2571 4859 50
2602 4823 2616 4859 :
2648 4804 2796 4877 Quod
2823 4803 3131 4877 illumiuutio
3162 4815 3422 4856 cereorum
3445 4846 3460 4877 ε

1863 4890 2148 4944 secundum
2171 4872 2394 4937 libellum
2408 4872 2863 4933 llamaniUrtlinis
2881 4883 3195 4944 exspectetur
3215 4887 3373 4940 usque
3393 4872 3464 4944 ad

1861 4942 2054 5027 Agnus
2077 4956 2191 5018 Dei,
2213 4955 2306 5005 ltoc
2338 4952 2667 5027 demonstrat.
2691 4946 2831 5026 .quotl
2855 4960 2943 5027 per
2973 4942 3120 4996 ilum
3137 4944 3346 5027 .Agnum
3360 4943 3460 5027 ‘qtti

1980 5031 2013 5079 it
2049 5011 2252 5091 peccata
2282 5022 2460 5073 mundi
2485 5011 2824 5091 unusquisque
2853 5017 3020 5091 lumen
3036 5018 3263 5091 occipere
3293 5011 3455 5091 debet.

1960 5097 1975 5136 ί
2015 5082 2350 5153 Α’τηίιιθτίιιε,
2405 5091 2504 5143 sub
2554 5082 2788 5138 medium
2837 5100 2956 5151 eap.
2989 5084 3049 5136 51
3089 5101 3100 5135 :
3140 5082 3205 5136 Ut
3254 5082 3458 5153 Opinor,

1863 5179 2086 5238 ‘pr0p3er
2119 5151 2389 5238 mulierum
2414 5158 2752 5238 imitationem
2791 5155 3218 5238 dicitnlloma'nuls
3262 5151 3464 5238 libellus
3538 5168 3545 5212 ς

1885 5222 1990 5292 non
2037 5235 2231 5306 portari
2260 5235 2355 5285 hac
2381 5238 2526 5284 nocte
2555 5236 2672 5279 ante
2702 5223 3034 5298 Et'angclium
3060 5223 3203 5276 aliud
3232 5222 3328 5275 nisi
3353 5222 3462 5289 thy-

1887 5313 2279 5430 ""gniiiniiclte
2313 5372 2412 5425 boc
2442 5369 2681 5422 Romano
2713 5364 2815 5418 ritu
2836 5365 3086 5420 observat
3122 5360 3448 5426 Amalarius,

1883 5448 1937 5503 in
1971 5449 2062 5502 lib.
2097 5461 2168 5509 iv,
2192 5458 2308 5507 cap.
2339 5441 2429 5496 59..

1957 5498 2442 5582 iinlluc'per'tinent
2474 5508 2727 5582 Amalarii
2753 5506 2912 5582 verba
2938 5505 2989 5582 in
3020 5505 3111 5582 lib.
3144 5517 3184 5565 ι.
3214 5516 3332 5581 cap.
3371 5498 3457 5567 l2,

1885 5589 1984 5641 sub
2013 5574 2243 5640 medium
2272 5599 2284 5634 :
2317 5579 2430 5634 Mos
2459 5589 2531 5632 est
2570 5580 2816 5646 lli-mana:
2850 5575 3110 5639 Ecclesitc,
3149 5585 3200 5646 ut
3250 5574 3301 5624 in
3334 5587 3462 5646 conj

1896 5637 2114 5730 fec-tione
2136 5653 2498 5730 immolationis
2529 5649 2716 5730 Christi
2745 5637 3282 5730 adsint‘presbyteriﬁt
3313 5637 3466 5698 simul

1900 5716 2016 5784 cum
2043 5724 2279 5799 pontiﬁce
2298 5722 2457 5779 verbis
2481 5732 2526 5777 et
2558 5720 2785 5775 manibus
2813 5716 3104 5787 coit/icium.

3335 301 3534 361 θῦε-
