4042 6298
680 305 787 365 955

1359 307 1701 361 ΔΡΡΕΝΙῊΧ
1742 307 1833 361 AD
1872 306 1931 362 S.
1970 306 2298 365 GliEGUlill
2340 307 2554 365 MACNI
2595 308 2967 369 Ll'l‘lJliClCA
3005 313 3254 371 unum.

3846 320 3939 373 ιο]

676 422 925 490 pontifex
950 419 1077 472 facit
1109 433 1269 487 super
1299 419 1469 474 altare
1498 435 1713 474 crucem
1756 420 1944 475 dextra
1985 422 2244 491 lmvaque.
2278 431 2320 484 Α
2352 433 2502 491 parte
2528 424 2743 479 sinistra
2772 426 3244 499 archipresbyteri,
3278 436 3330 485 et
3364 430 3635 486 secundus
3669 433 3756 486 vel
3781 451 3936 504 quar.

674 513 815 567 Cum
840 510 1074 579 acolytlti
1113 509 1418 579 acceperint
1442 511 1653 564 llostias
1684 513 1751 565 ab
1778 513 2155 569 archidiacono
2187 514 2254 570 de

674 604 865 666 altare,
897 601 1095 653 vadunt
1136 600 1202 653 ad
1252 601 1611 669 presbyteros,
1644 602 1965 671 accipientes
2005 605 2253 661 ealices"

678 702 788 753 tres
826 692 917 760 qui
960 690 1164 759 priores
1201 699 1347 745 sunt.
1380 692 1699 747 Diaconibus
1736 709 1862 748 vero
1888 694 2253 764 frangentibus

673 783 725 835 in
757 788 1025 850 patenam,
1070 781 1230 835 vertit
1267 797 1326 838 se
1367 782 1774 838 archidiaconus
1803 785 1868 839 ad
1900 786 2163 856 scholam,
2195 798 2253 843 ut

626 902 629 905 ν
674 874 929 945 incipiant
955 879 1127 947 Agnus
1155 875 1274 943 Dei,
1298 880 1436 946 quod
1463 878 1640 933 tandiu
1667 888 1910 935 cantatur
1934 895 2099 950 usque
2119 881 2248 935 dum

669 968 943 1034 complent
978 969 1313 1024 fractionem.
1352 968 1506 1035 Nam,
1543 970 1589 1025 si
1632 986 1849 1027 necesse
1890 967 2072 1037 fuerit,
2117 973 2245 1028 licet

677 1057 1058 1114 archidiacono
1086 1060 1375 1129 quemlibet
1401 1075 1594 1115 vocare
1631 1061 1695 1116 ad
1732 1060 2166 1131 confringendum
2195 1063 2247 1118 in

673 1158 947 1216 patenum.
981 1151 1052 1205 lbi
1084 1159 1261 1206 tamen
1286 1152 1385 1206 ubi
1406 1152 1636 1221 pontifex
1678 1168 1783 1208 non
1828 1154 2005 1219 fuerit,
2040 1169 2162 1208 mox
2191 1162 2248 1209 ut

674 1238 1027 1308 perfregerint
1064 1239 1269 1294 diaconi
1316 1240 1555 1295 excussis
1593 1241 1836 1296 manibus
1874 1242 1926 1296 in
1976 1251 2243 1311 patenam,

669 1330 961 1396 aspexerit,
1006 1332 1183 1383 statim
1247 1330 1370 1387 facit
1412 1332 1622 1403 signum
1663 1347 1784 1387 cum
1826 1348 1986 1388 manu
2037 1334 2245 1407 primus

666 1420 885 1483 scholae,
915 1431 969 1475 et
995 1421 1203 1477 finiunt.

737 1512 827 1566 49.
859 1513 1082 1577 Quando
1108 1515 1301 1571 dixerit
1330 1518 1393 1569 ab
1420 1518 1557 1571 omni
1577 1517 1861 1571 turbatione
1889 1518 2073 1585 securi,
2115 1528 2239 1573 tunc

665 1601 754 1669 qui
798 1602 847 1655 in
867 1604 1053 1659 ordine
1084 1602 1241 1660 fuetit
1264 1607 1519 1661 diaconus
1545 1608 1724 1675 junior
1756 1610 1914 1662 vertit
1943 1623 2025 1676 se,
2073 1617 2127 1663 et
2156 1624 2242 1663 re-

664 1688 790 1756 cipit
821 1699 1061 1754 patenam
1094 1692 1161 1747 de
1198 1694 1550 1758 subdiacono,
1579 1695 1894 1751 deosculans
1933 1704 2078 1752 tenet
2115 1712 2234 1751 eam

664 1777 717 1835 in
743 1780 959 1835 brachio
980 1797 1113 1849 suo;
1144 1793 1196 1838 et
1226 1785 1350 1838 dum
1382 1785 1575 1841 dixerit
1610 1787 1709 1840 Per
1739 1789 1910 1845 omnia
1938 1788 2125 1842 stccula
2146 1804 2237 1843 διε·
2266 1791 2313 1852 Β

663 1873 913 1939 culorum,
967 1878 1163 1945 rumpit
1200 1878 1429 1936 oblatam
1482 1895 1514 1934 a
1564 1880 1728 1935 latere
1776 1882 1989 1947 dextro,
2027 1882 2135 1951 30
2181 1889 2236 1936 et

668 1973 867 2030 partem
900 1972 1305 2037 quamruperit,
1337 1985 1454 2025 cum
1496 1970 1629 2027 dicit
1664 1970 1783 2026 Pas:
1810 1972 2034 2041 Domini,
2078 1973 2238 2033 mittit

662 2069 711 2107 tu
734 2056 976 2123 calicem,
1003 2057 1241 2115 faciendo
1270 2075 1485 2116 crucem
1519 2073 1620 2117 ter.

732 2144 821 2197 50.
863 2145 1011 2209 Tunc
1050 2147 1128 2203 sic
1178 2150 1374 2217 agitur,
1402 2152 1614 2221 quando
1656 2153 1923 2224 a‘gritndo
1966 2153 2233 2223 pontificis

659 2248 763 2287 non
798 2232 974 2290 fuerit.
1005 2237 1120 2297 Stat
1161 2241 1395 2308 pontifex
1425 2251 1547 2298 ante
1576 2244 1765 2302 altare.
1794 2246 2058 2301 Diaconus
2089 2245 2235 2314 ponit

658 2332 1093 2396 patenamtsnper
1118 2331 1301 2387 altare.
1331 2332 1572 2389 Pontifex
1608 2351 1735 2391 vero
1763 2336 2063 2391 oblationes
2095 2350 2226 2405 quas

657 2416 991 2487 eonfriugere
1020 2421 1165 2475 solus
1196 2423 1351 2477 debet
1381 2426 1528 2494 ponit
1558 2426 1611 2479 in
1641 2435 1854 2493 patena,
1896 2435 1951 2481 ct
1988 2425 2226 2482 confrin-

657 2516 762 2585 get.
813 2508 1013 2567 Deinde
1051 2522 1194 2568 stant
1241 2515 1490 2574 diacones
1530 2518 1583 2573 in
1615 2528 1763 2589 parte
1808 2520 2034 2589 dextraL
2072 2528 2127 2577 et
2172 2518 2229 2580 in

2358 522 2461 579 tus,
2487 517 2567 570 vel
2609 532 2769 586 quem
2812 518 3038 573 voluerit
3086 519 3359 588 pontifex;
3403 531 3458 576 et
3498 522 3589 577 dat
3641 524 3933 594 unicuique

2354 619 2540 660 eorum
2574 607 2808 677 singulas
2850 609 3172 677 oblationes,
3203 621 3255 666 et
3282 611 3630 683 confringttnt
3658 630 3791 670 cum
3829 617 3934 686 ipso

2351 709 2513 765 super
2533 697 2699 753 altare
2740 699 2791 753 in
2827 702 3137 768 corporale;
3180 713 3404 759 caeteras
3436 705 3770 772 oblationes,
3812 723 3936 776 qus

2350 790 2648 858 superfluas
2688 790 2958 858 habuerit,
2997 794 3146 862 ponit
3183 795 3489 864 episcopus,
3534 810 3631 851 seu
3662 797 3935 851 archidia-

2350 894 2541 947 conus,
2572 881 2654 936 vel
2688 882 2775 952 qui
2795 882 2951 937 fuerit
2972 884 3039 939 de
3060 884 3390 955 diaconibus,
3424 888 3475 942 in
3501 889 3767 955 sacculis,
3802 906 3933 960 quos

2353 976 2539 1026 tenent
2596 972 2861 1042 aculytlti;
2919 987 2967 1028 et
3016 975 3095 1030 sic
3151 976 3253 1046 ipsi
3296 977 3545 1034 deferunt
3590 980 3664 1034 ad
3705 992 3935 1037 exteros

2349 1064 2712 1134 presbyteros,
2744 1067 2833 1136 qui
2865 1068 3139 1124 subterius
3180 1078 3326 1125 stant
3354 1071 3420 1127 ad
3457 1073 3932 1143 confringendutn.

2348 1154 2403 1209 Si
2435 1165 2610 1210 autem
2658 1159 2915 1227 mgritudo
2961 1159 3124 1215 fuerit
3172 1163 3480 1230 pontificis,
3527 1166 3783 1222 ordinem
3828 1182 3931 1236 quo

2347 1261 2505 1317 agere
2532 1247 2724 1304 debeat
2751 1251 2993 1319 superius
3014 1252 3267 1322 scriptum
3298 1254 3576 1311 habemus.

2415 1359 2504 1414 5f.
2548 1361 2708 1431 Igitur
2739 1362 2993 1419 diacOnus
3022 1366 3235 1432 quando
3261 1367 3457 1422 dixerit
3488 1367 3589 1422 Per
3619 1372 3801 1423 omnia
3825 1387 3925 1425 sc-

2343 1450 2459 1505 cula
2496 1455 2823 1520 surculorum,
2868 1466 2984 1524 post
3014 1455 3194 1511 Gloria
3230 1459 3282 1510 in
3312 1458 3523 1513 excelsis
3558 1458 3693 1527 Deo,
3748 1462 3925 1518 levant

2342 1545 2585 1613 planetas
2611 1546 2662 1600 in
2711 1547 2975 1616 scapulas,
3026 1559 3078 1603 et
3105 1556 3245 1604 stant
3273 1549 3423 1619 juxta
3472 1551 3816 1618 pontificem;
3853 1555 3928 1608 si-

2343 1634 2539 1689 militer
2568 1635 2741 1691 levant
2781 1645 2838 1691 et
2862 1636 3192 1701 subdiaconi,
3224 1637 3319 1692 sed
3353 1654 3475 1692 cum
3512 1642 3648 1693 sinu.
3680 1640 3927 1695 Subdia-

2340 1740 2507 1781 conus
2530 1741 2658 1781 vero
2682 1727 2749 1782 de
2769 1728 2979 1797 schola,
3002 1728 3181 1782 statim
3207 1729 3294 1783 ubi
3324 1728 3629 1799 imposuerit
3649 1732 3926 1801 Antipho-

2340 1833 2460 1872 uam
2510 1819 2575 1871 ad
2624 1818 2939 1882 introitum,
2989 1819 3132 1874 levat
3166 1820 3432 1889 planetam
3479 1835 3599 1876 cum
3639 1824 3781 1879 sinu.
3829 1826 3920 1880 Ad

2338 1908 2745 1978 completionem
2773 1910 2996 1966 Alleluia
3024 1911 3108 1967 vel
3134 1912 3513 1983 Responsoria,
3541 1927 3694 1983 parat
3719 1932 3782 1972 se
3801 1919 3918 1971 dia-

2336 2013 2505 2055 conus
2528 2000 2593 2054 ad
2636 1998 2979 2070 Evangelium
3008 2002 3307 2072 legendum.
3356 2003 3412 2060 Si
3442 2014 3626 2062 autem
3655 2008 3920 2065 diaconus

2328 2088 2524 2143 ibidem
2569 2106 2674 2144 non
2708 2090 2897 2158 fuerit,
2935 2092 3232 2163 presbyter,
3277 2095 3417 2151 sicut
3459 2096 3717 2153 diaconus
3742 2140 3757 2165 ,
3805 2109 3918 2153 stat

2323 2177 2473 2246 juxta
2524 2179 2849 2248 pontificem,
2908 2184 3001 2237 sed
3052 2199 3158 2239 non
3199 2185 3369 2241 levata
3408 2188 3643 2257 planeta.
3692 2190 3767 2244 At
3814 2193 3911 2247 ubi

2335 2271 2675 2340 Evangelium
2706 2272 2977 2343 relegerit,
3023 2274 3092 2330 ibi
3120 2290 3180 2331 se
3215 2293 3320 2333 non
3349 2290 3502 2349 parat
3525 2281 3616 2335 ubi
3641 2290 3697 2336 et
3720 2282 3901 2336 diaco-

2336 2373 2457 2425 nus,
2499 2360 2593 2413 Sed
2632 2360 2808 2415 statim
2854 2363 3000 2416 venit
3045 2376 3169 2420 ante
3210 2367 3378 2426 altare
3418 2370 3647 2427 vestitus
3675 2370 3909 2441 planeta,

2334 2456 2490 2505 ornat
2511 2448 2696 2517 altare,
2728 2450 2868 2506 sicut
2894 2451 3169 2511 diaconus.

1929 2680 2573 2775 APPENDIX.

720 2831 763 2885 l;
808 2831 880 2887 De
907 2836 1091 2904 officiis
1115 2838 1164 2891 in
1191 2840 1418 2962 ttoctigtts
1433 2858 1484 2963 ah
1500 2839 1651 2897 Cana
1683 2841 1894 2897 Domini
1917 2858 2075 2912 usque
2096 2843 2149 2896 in

1364 2927 1452 2963 asc
1490 2929 1543 2963 a.

1364 2927 1543 2966 ascna.

720 2995 768 3047 l.
811 2996 976 3064 Igitur
1009 3014 1036 3051 a
1086 3001 1358 3057 Dominiea
1388 3019 1547 3073 quam
1582 3005 1734 3059 sedes
1776 3006 2070 3073 apostolica
2113 3005 2221 3060 Me-

650 3084 863 3139 dianam
890 3088 1055 3143 voluit
1101 3094 1419 3162 nuncupari,
1449 3110 1599 3150 usum
1645 3096 1999 3153 observantia:
2045 3098 2224 3154 credi-

651 3190 770 3231 mus
801 3177 1187 3246 intimandum;
1221 3184 1362 3238 unde
1390 3194 1444 3238 et
1473 3200 1536 3241 ea
1567 3201 1684 3255 quin
1713 3187 1830 3255 ipso
1858 3187 1950 3242 die
1973 3188 2225 3244 dicuntur

653 3281 936 3322 numerum
968 3270 1170 3324 dierum
1204 3289 1236 3326 υ
1271 3274 1512 3340 tendunt,
1542 3286 1598 3330 ut
1627 3285 1711 3332 est
1740 3278 1890 3342 illud,
1912 3279 2108 3345 Quarta
2136 3280 2225 3334 de-

648 3362 781 3416 cima
810 3364 892 3418 die
926 3367 995 3418 ad
1025 3382 1287 3438 resperum
1319 3388 1337 3424 :
1359 3382 1410 3425 et
1443 3372 1599 3438 paulo
1630 3383 1768 3441 post,
1792 3383 1838 3429 et
1866 3376 1917 3428 in
1935 3377 2118 3446 quinta
2132 3378 2224 3431 de-

646 3454 779 3507 cima
817 3457 1187 3513 solemnitatem
1224 3462 1555 3529 celebrabitis.
1598 3466 1644 3520 A
1683 3481 1790 3535 quo
1828 3454 1919 3523 die
1948 3481 2116 3539 usque
2155 3469 2220 3524 ad

648 3546 881 3615 vigiliam
910 3549 1198 3606 Dominica:
1230 3552 1649 3612 Resurrectionis
1671 3557 1726 3613 in
1751 3560 1894 3614 nullo
1916 3559 2222 3630 Responso-

644 3636 723 3690 rio
751 3637 1064 3694 decantetnr
1089 3640 1293 3699 Gloria.
1327 3648 1367 3698 Α
1394 3645 1557 3702 Cmna
1598 3663 1725 3704 vero
1772 3651 2004 3718 Domini,
2038 3667 2138 3709 nec.
2164 3652 2219 3707 in

649 3725 898 3795 Psalmis,
925 3746 1020 3785 nec
1044 3732 1093 3785 in
1118 3734 1266 3788 nullo
1292 3736 1409 3792 loco
1432 3737 1743 3794 decantatur
1764 3740 1943 3796 Gloria
1966 3758 2137 3813 usque
2164 3744 2217 3799 in

645 3815 868 3873 Pascha.
896 3819 1095 3885 Eadem
1138 3840 1267 3879 veto
1309 3835 1463 3881 nocte
1506 3836 1725 3897 surgent
1749 3831 1811 3884 ad
1852 3831 2057 3900 vigilias
2089 3831 2215 3886 hora

643 3910 819 3964 noctis
845 3922 1054 3979 oetava,
1102 3922 1165 3968 et.
1183 3924 1307 3970 tunc
1338 3917 1440 3995 31
1474 3919 1700 3973 ecclesia
1746 3921 1989 3976 sit'ontni
2020 3923 2218 3979 lumine

645 3996 915 4057 decorata.
946 4002 1053 4059 Nec
1083 4020 1233 4060 »ηοω
1260 4007 1419 4061 solito
1453 4008 1588 4063 Deus
1615 4010 1668 4063 in
1699 4012 2013 4080 adjutorium
2049 4029 2215 4067 meum

641 4088 842 4157 dicent,
896 4109 995 4150 nec
1038 4095 1424 4166 Invitatorium,
1462 4114 1560 4155 ncc
1591 4100 1853 4164 Gloriam,-
1892 4103 1983 4155 sed
2030 4111 2217 4156 cantor

641 4179 827 4251 iucipit
865 4183 916 4238 in
948 4184 1172 4242 Psalmis
1217 4189 1594 4255 Antiphouam,
1645 4189 1786 4243 sicut
1828 4190 2216 4259 Autiplumario

639 4274 964 4332 continetur.
1000 4278 1108 4334 Sed
1139 4289 1192 4334 et
1236 4281 1287 4335 in
1322 4283 1426 4336 fine
1472 4292 1745 4339 nocturnas
1780 4285 1948 4339 lector
1993 4285 2215 4340 Benedi—

646 4369 877 4425 ctionem
909 4386 1014 4431 non
1047 4373 1196 4439 petit,
1230 4389 1328 4429 nec
1359 4377 1639 4447 presbyter
1677 4392 1825 4432 more
1858 4379 2017 4433 solito
2046 4378 2204 4433 Bene-

638 4460 922 4516 dictionetn
952 4464 1212 4532 complet;
1251 4474 1307 4520 et
1335 4469 1546 4536 quando
1582 4469 1701 4523 finit
1727 4469 1914 4534 lector,
1950 4484 2051 4523 non
2079 4469 2222 4524 dicit.

636 4551 717 4611 T‘u
738 4565 927 4622 autem,
964 4555 1199 4626 Domine,
1227 4559 1415 4619 διδάξει
1432 4562 1605 4617 verbis
1635 4562 1877 4619 lectionis
1896 4562 2109 4632 iubetur
2135 4566 2210 4619 fa-

632 4659 757 4700 cere
790 4646 967 4702 linem.

704 4738 759 4791 s.
799 4737 1001 4795 Lumen
1032 4750 1207 4798 autem
1238 4744 1571 4801 ecclesiae.th
1599 4746 1958 4801 inittocantus
1987 4755 2206 4802 noctur-

636 4829 720 4881 nz'e
746 4826 1027 4883 inchoatur
1053 4832 1339 4901 exstingui,
1375 4834 1475 4889 hoc
1498 4843 1673 4889 tamen
1695 4836 1903 4902 ordine,
1935 4844 1999 4891 ut
2019 4836 2086 4891 ab
2116 4836 2202 4891 in-

639 4916 796 4974 troitu
828 4916 991 4986 ipsius
1022 4920 1260 4977 ecclesia:
1291 4923 1509 4991 incipiat
1550 4924 1798 4992 paulatim
1831 4926 1990 4980 tutari
2018 4924 2109 4997 [Id
2127 4936 2202 4982 est

629 5004 940 5079 exstingui],
975 5019 1053 5076 ut,
1077 5012 1225 5067 verbi
1251 5015 1443 5082 gratia,
1475 5023 1690 5082 perat-to
1719 5016 1889 5084 primo
1917 5026 2197 5084 nocturno,

632 5100 877 5155 videatur
901 5116 1086 5156 eorum
1115 5117 1236 5172 pars
1264 5103 1419 5158 tertia
1447 5118 1565 5160 esse
1591 5106 1885 5173 exstincta;
1909 5106 2085 5163 medio
2108 5122 2202 5162 no-

633 5199 823 5246 cturno
872 5192 1060 5249 iterum
1107 5192 1289 5262 tertia;
1332 5195 1489 5250 tertio
1529 5211 1656 5251 vero
1697 5197 1933 5268 expleto,
1962 5199 2200 5267 exceptis

631 5292 837 5350 septem
879 5285 1229 5355 lampadibus,
1262 5287 1395 5341 nihil
1425 5287 1604 5343 lumen
1635 5288 1961 5359 relinquunt.
1987 5288 2115 5357 Qua:
2145 5289 2199 5345 in

621 5373 902 5431 Ilatutiuis
952 5377 1364 5448 exstinguuntur
1418 5379 1520 5435 hoc
1568 5380 1777 5438 ordine.
1831 5381 1989 5436 Initio
2043 5381 2199 5451 primi

697 5520 722 5585 ξ
763 5511 816 5565 ld
843 5522 946 5585 est,
975 5513 1588 5585 calicesministeriales,
1612 5515 1698 5583 qui
1717 5515 1822 5569 alio
1844 5516 2056 5571 nomine
2075 5530 2195 5585 sey-

626 5581 715 5653 phi
746 5582 1097 5653 appellantur.
1130 5584 1274 5639 Alias
1305 5585 1590 5653 Gregorius
1623 5581 1685 5650 ll,
1710 5586 1760 5638 in
1794 5585 2018 5651 epistola
2062 5587 2093 5640 9
2125 5581 2192 5638 ad

626 5652 951 5704 Bunifacium
974 5654 1276 5720 episcopum
1302 5652 1647 5719 Moguntiutn,
1667 5670 1769 5708 non
1794 5656 2046 5711 scrihct‘ut
2070 5671 2195 5709 ton-

623 5736 813 5781 cruum
842 5735 945 5774 non
973 5736 1090 5776 esse
1122 5723 1244 5778 duos
1270 5724 1345 5779 rel
1372 5733 1468 5778 tres
1496 5725 1675 5779 calices
1698 5725 1747 5778 in
1776 5725 1961 5779 altario
1983 5742 2187 5797 ponere,

2330 2834 2526 2893 Psalmi
2555 2836 2626 2890 sit
2650 2842 2833 2891 custos
2858 2850 3073 2907 semper
3102 2848 3316 2908 paratus
3337 2840 3542 2897 its-luco
3562 2843 3764 2900 dextra:
3787 2862 3909 2917 par-

2331 2931 2398 2983 tis
2424 2928 2663 2983 CCCICSiiC
2702 2943 2867 2998 prope
2903 2929 3254 2999 lampadibus,
3286 2941 3344 2988 ut
3377 2933 3467 2989 ubi
3494 2936 3725 2992 audierit
3754 2940 3908 2995 Anti-

2328 3018 2579 3088 phonam,
2614 3027 2802 3074 tenens
2842 3034 3067 3076 cannam
3100 3022 3149 3076 in
3181 3038 3342 3079 manu
3373 3039 3490 3093 sua,
3529 3036 3664 3084 tutet
3693 3030 3902 3100 lampa-

2327 3111 2448 3164 dasn
2490 3126 2671 3177 unam,
2714 3112 2767 3166 in
2802 3112 2907 3168 line
2959 3128 3088 3168 vero
3132 3114 3322 3169 l’sahni
3354 3115 3521 3185 ipsius
3566 3128 3701 3175 tutet
3741 3124 3900 3177 aliam

2327 3202 2493 3271 partis
2523 3204 2775 3259 sinistrae.
2808 3205 2862 3258 ln
2893 3205 3129 3264 secundo
3159 3206 3388 3275 Psalmo,
3413 3224 3537 3265 cum
3567 3213 3904 3284 Antiphoms

2327 3294 2575 3361 audierit,
2610 3303 2745 3351 tutet
2773 3294 2959 3351 dextra
2994 3306 3141 3366 parte
3162 3299 3343 3353 aliam.
3371 3299 3460 3357 Sic
3498 3317 3606 3357 una
3646 3320 3709 3360 ex
3749 3318 3902 3376 parte

2325 3402 2451 3453 una,
2485 3386 2586 3440 alia
2613 3403 2675 3442 ex
2709 3387 2810 3441 alia
2844 3396 3080 3444 tutantur
3107 3404 3273 3459 usque
3300 3391 3366 3446 ad
3394 3390 3423 3430 δ
3448 3393 3826 3466 Evangelium,
3849 3402 3899 3454 in

2323 3478 2747 3546 cvangeliovero
2779 3486 2979 3533 tutatur
2998 3481 3242 3535 mediana
3269 3482 3529 3551 lampada.
3559 3486 3633 3539 Ea
3654 3470 3899 3544 die‘vcro

2321 3568 2483 3625 Ccena
2517 3570 2748 3637 Domini,
2788 3572 2916 3626 hora
2951 3587 3111 3638 nona,
3166 3573 3375 3629 faciunt
3406 3577 3589 3630 excuti
3630 3578 3808 3647 ignem
3834 3582 3899 3636 de

2326 3660 2520 3730 lapide,
2569 3661 2624 3716 in
2664 3661 2783 3716 loco
2824 3662 2951 3717 foris
2993 3663 3240 3729 basilica;
3286 3666 3330 3719 si
3374 3666 3568 3721 ibidem
3598 3671 3893 3723 oratorium

2327 3748 2591 3817 habuerit,
2639 3751 2690 3804 in
2716 3761 2923 3820 portam
2964 3751 3034 3804 ibi
3072 3753 3379 3819 excutiunt;
3420 3756 3664 3811 sinvcro
3693 3758 3747 3812 in
3779 3760 3897 3813 loc»

2320 3856 2425 3909 quo
2454 3842 2870 3898 consideraverit
2891 3843 3056 3911 p'ior,
3084 3844 3155 3899 ita
3190 3854 3248 3898 ut
3280 3861 3344 3900 ex
3377 3861 3443 3903 eo
3473 3848 3645 3916 possit
3670 3852 3894 3904 randi-Ea

2322 3935 2562 3989 accendi.
2605 3936 2733 4003 Qua:
2778 3936 3001 3990 candela
3030 3938 3081 3991 in
3116 3938 3377 3992 arundine
3400 3939 3558 3996 debet
3588 3943 3737 4010 poni,
3782 3953 3839 3997 et
3867 3960 3893 3992 a

2318 4025 2680 4081 mansionario
2701 4026 2943 4083 ecclesiae
2971 4030 3166 4096 portari
3198 4039 3459 4096 prtesente
3485 4034 3723 4101 populo;
3750 4044 3808 4089 et
3830 4036 3894 4089 de

2317 4118 2432 4186 ipso
2462 4119 2582 4186 igne
2619 4119 2871 4174 continuo
2921 4121 2971 4173 in
3019 4121 3203 4175 eadem
3251 4123 3477 4177 ecclesia
3510 4123 3632 4179 loco
3677 4139 3892 4182 secreto

2315 4213 2637 4267 accendatur
2666 4214 2909 4281 lampada
2955 4229 3084 4282 una,
3125 4225 3181 4271 et
3216 4226 3461 4273 servetur
3494 4234 3667 4287 usque
3697 4221 3751 4274 in
3779 4222 3890 4276 sab-

2315 4305 2439 4359 bato
2462 4314 2646 4361 sancto
2674 4306 2739 4360 ad
2771 4305 3175 4362 illuntinandnm
3200 4323 3434 4373 cereum,
3459 4311 3548 4380 qui
3576 4311 3769 4366 eodem
3798 4313 3885 4365 die

2314 4394 2715 4451 benedicendus
2775 4406 2860 4451 est
2915 4397 3103 4452 ordine
3154 4412 3261 4466 quo
3308 4399 3358 4452 in
3413 4398 3885 4453 Sacramentornm

2310 4486 2633 4541 eontinetur.
2669 4486 2732 4541 Et
2771 4485 2859 4542 hic
2887 4487 3019 4542 ordo
3056 4489 3199 4542 cerei
3226 4488 3572 4544 benedicendi
3614 4492 3669 4542 in
3691 4491 3885 4545 subur-

2316 4575 2467 4630 banis
2506 4575 2807 4631 civitatibus
2833 4576 3023 4644 agitur.

2384 4665 2438 4720 ὂ.
2481 4667 2611 4721 Nam
2638 4665 2690 4721 in
2719 4666 2980 4721 catholica
3014 4650 3251 4722 Ecclesia
3298 4665 3435 4723 infra
3464 4670 3739 4727 civitatem
3784 4673 3888 4727 ιιθ-

2308 4780 2539 4833 manam,
2584 4780 2739 4822 mane
2766 4765 2953 4835 prima,
3000 4765 3233 4821 Sabbato
3262 4774 3471 4830 sancto,
3510 4768 3565 4821 in
3598 4768 3882 4823 Laterani:

2304 4856 2458 4911 venit
2493 4856 2900 4911 archidiaconus
2942 4857 2995 4911 in
3037 4858 3286 4922 ecclesia,
3310 4866 3366 4912 et
3396 4859 3569 4913 fundit
3597 4876 3784 4915 ceram
3832 4863 3882 4915 in

2308 4960 2401 5000 vas
2448 4946 2706 5001 mundum
2742 4946 3021 5015 majorem,
3057 4955 3112 5002 et
3141 4946 3377 5003 miscitst
3412 4948 3608 5003 ibidem
3654 4950 3803 5016 oleo,
3837 4960 3891 5003 et

2312 5035 2579 5091 benedicit
2623 5050 2821 5101 ceram,
2871 5045 2926 5093 et
2963 5051 3027 5091 ex
3072 5052 3133 5092 ea
3174 5035 3346 5095 fundit
3379 5038 3432 5092 in
3473 5038 3888 5096 similitudinem

2304 5142 2581 5198 agnorum,
2613 5134 2677 5184 et-
2713 5134 2893 5182 servat
2937 5141 3030 5182 eos
3058 5125 3111 5180 in
3159 5126 3277 5182 loco
3319 5128 3537 5182 mundo.
3577 5129 3633 5182 In
3666 5139 3891 5182 octavas

2304 5232 2434 5274 vero
2467 5219 2685 5275 Pascha:
2722 5218 2918 5274 dantur
2945 5219 3044 5288 ipsi
3065 5219 3184 5288 agni
3220 5219 3291 5274 ab
3309 5220 3692 5274 archidiacono
3723 5222 3775 5274 in
3800 5236 3892 5274 ec-

2304 5310 2462 5365 clesia
2490 5320 2605 5381 post
2650 5308 2837 5365 Missas
2876 5318 2932 5365 et
2984 5309 3411 5364 communionem
3468 5311 3689 5378 populo,
3736 5320 3793 5363 ct
3824 5326 3890 5363 ex

2302 5405 2383 5459 eis
2421 5403 2624 5459 faciunt
2652 5404 2756 5474 32
2787 5403 2841 5458 in
2867 5402 3057 5458 domos
3085 5416 3211 5457 suas
3243 5402 3519 5457 incensum
3540 5402 3608 5456 ad
3635 5402 3891 5459 suffumi-

2301 5530 2416 5567 cum
2448 5512 2724 5566 Missarum
2752 5512 2997 5566 solemnia
3018 5511 3351 5565 celebrantur.

2372 5582 2399 5621 ιι
2442 5583 2494 5635 ΙιΙ
2524 5593 2602 5635 est
2624 5623 2639 5643 ,
2666 5596 2832 5650 usque
2859 5583 2923 5634 ad
2952 5582 3214 5635 canticum
3244 5580 3563 5644 Benedictus,
3599 5596 3669 5635 ex
3704 5582 3887 5634 Evan-

2300 5653 2438 5717 gelia
2468 5653 2620 5706 l.nc.c
2650 5651 3006 5719 desumptntn.
3053 5652 3184 5704 Eum
3228 5653 3294 5705 al
3341 5651 3558 5708 modum
3606 5657 3886 5707 canticum

2302 5724 2598 5793 Magnificat
2628 5721 2936 5792 designatur
2966 5720 3099 5776 infra
