4042 6292
93 324 203 381 96!

91 436 341 506 gandum
371 448 468 505 pro
509 431 865 502 qualicunque
901 430 981 486 eis
1019 427 1302 486 eveniente
1342 428 1685 484 necessitate.
1715 428 1768 489 Α

88 526 375 582 Similiter
397 525 450 580 in
487 522 814 577 suburbanis
856 518 1165 575 civitatibus
1192 519 1260 574 de
1307 532 1428 574 cera
1477 518 1683 572 faciunt.

172 618 238 672 4.
281 618 395 673 Hoc
422 616 656 684 expleto,
681 612 875 681 accipit
902 610 1295 667 mansionarius
1318 608 1464 680 prior
1489 608 1599 677 jam
1620 607 1696 662 fa-

89 714 217 760 tam
258 704 537 761 candelam
574 703 626 755 in
661 716 822 754 manu
866 714 961 755 sua
1010 700 1362 754 illuminatam
1410 698 1463 753 in
1502 712 1700 763 canna,

90 804 472 866 prosequente
498 809 620 849 eum
654 792 848 861 populo
866 806 986 845 cum
1019 792 1244 859 supplici
1274 789 1506 850 silentio,
1536 790 1608 843 ita
1640 798 1697 841 ut

91 890 395 943 summitas
434 884 675 940 candela:
724 898 843 953 quae
885 880 1222 935 illuminatur
1244 880 1308 934 ad
1346 881 1515 932 altare
1542 893 1699 932 versa

93 979 366 1034 inclinata
389 974 644 1044 respiciat
670 972 817 1026 illam
846 970 1129 1025 ecclesiam
1154 984 1312 1039 quam
1341 975 1467 1021 sunt
1496 969 1698 1036 ingres-

94 1074 250 1140 suri,
276 1085 395 1140 qua:
428 1078 606 1123 tamen
640 1066 790 1136 prius
810 1063 1013 1133 absque
1055 1063 1256 1116 lumine
1292 1061 1418 1123 erit,
1452 1074 1710 1129 praepara-

99 1166 175 1219 tis
208 1173 337 1219 ante
357 1162 526 1217 altare
557 1168 760 1227 septem
794 1155 1149 1225 lampadibus,
1178 1154 1248 1207 ita
1282 1152 1617 1219 compositis,
1647 1160 1705 1205 ut

97 1256 316 1325 absque
348 1253 458 1309 ullo
489 1251 875 1322 impedimento
916 1247 1284 1317 cujuscunque
1320 1243 1703 1298 retardationis

105 1361 280 1400 manu
323 1341 667 1398 mansionarii
697 1354 818 1394 cum
870 1336 1057 1394 eadem
1106 1335 1325 1391 candela
1370 1333 1575 1402 possint
1614 1348 1706 1386 ac-

101 1430 299 1502 cendi,
351 1451 413 1490 ac
441 1435 699 1503 deinceps
742 1431 1059 1503 praeparatis
1098 1428 1408 1483 custodibus
1434 1428 1579 1481 omni
1626 1427 1706 1480 lu-

102 1528 260 1581 mine
314 1525 606 1580 decoretur
642 1502 929 1577 ecclesia.’
966 1520 1032 1573 Et
1085 1518 1152 1572 ita
1208 1518 1582 1585 ingrediuntur
1638 1518 1706 1571 ad

106 1622 332 1685 Missas,
356 1619 495 1673 sicut
537 1618 589 1671 in
623 1617 1099 1672 Sacramentorum
1142 1613 1449 1665 continetur
1480 1610 1562 1664 vel
1602 1612 1710 1664 An-

108 1700 444 1778 tiphonario.
478 1706 634 1761 Missa
662 1705 901 1774 expleta,
931 1702 1328 1757 communicant
1358 1701 1548 1755 ordine
1577 1716 1707 1753 con-

1362 304 1624 370 ROMANI
1662 302 1974 367 ORDINES.
2018 338 2085 350 —
2124 309 2172 368 Ι.

3276 302 3382 367 θᾱει

2182 422 2268 478 lll.
2312 419 2469 477 Furia
2492 420 2526 476 5
2559 420 2728 479 Coeum
2761 420 2990 476 Domini.

1877 533 1929 587 6.
1972 532 2113 588 liora
2153 530 2305 587 tertia
2346 531 2574 603 ingressi
2607 532 2903 588 sacrarium
2944 530 3236 587 induuntur
3257 532 3382 587 dal-

1805 625 2037 691 maticis,
2091 634 2198 680 tam
2246 625 2516 695 pontifex,
2570 640 2730 695 quam
2771 638 2961 679 omnes
3011 624 3260 691 diaconi,
3300 625 3387 680 vel

1803 718 1948 772 omni
1975 727 2316 783 ornamento,
2358 716 2583 770 sedente
2622 715 2871 784 pontifice
2911 714 2965 769 in
3002 713 3133 769 sella
3176 727 3305 780 sua;
3337 724 3390 768 et

1804 819 2170 878 praeparantur
2193 808 2441 876 ampulltc
2466 807 2583 861 dua:
2607 821 2730 862 cum
2762 806 2906 872 oleo,
2937 821 3162 874 quarum
3195 806 3302 860 mel
3325 820 3389 859 οι·

1805 899 2042 953 defertur
2073 898 2329 966 pontifici,
2373 907 2431 951 ut
2469 905 2687 962 accepto
2720 896 2959 951 balsamo
2992 907 3045 950 et
3074 896 3383 951 commisci-

1806 995 1917 1041 tato
1943 1002 2064 1041 cum
2107 988 2228 1042 oleo
2275 1003 2434 1040 manu
2476 1001 2568 1039 sua
2618 986 2837 1054 impleat
2872 1000 3017 1040 eam.
3076 985 3223 1040 illam
3254 1000 3384 1041 vero

1805 1078 1964 1129 aliam
2007 1077 2238 1130 ministri
2276 1078 2542 1131 retineant
2590 1076 2824 1143 plenam.
2883 1076 2951 1129 Et
2993 1076 3227 1144 pontifex
3268 1077 3391 1131 lotis

1808 1168 2057 1222 manibus
2087 1167 2324 1233 procedit
2344 1182 2465 1219 cum
2505 1174 2711 1235 septem
2742 1173 3047 1220 cereostata
3080 1166 3145 1220 ad
3174 1166 3387 1222 Missas.

1813 1259 1956 1312 llicta
2013 1258 2321 1326 Antipliona
2380 1258 2445 1311 ad
2502 1257 2825 1324 introitum,
2873 1257 3007 1311 dicit
3046 1259 3390 1322 Orationem.

1812 1349 2030 1419 Legitur
2066 1350 2309 1417 Apostoli
2343 1349 2504 1403 lectio
2531 1365 2544 1402 :
2573 1348 2805 1411 Fratres,
2856 1350 3273 1403 convenientibus
3304 1366 3395 1405 vo-

1809 1444 1881 1495 bis
1917 1444 1971 1494 in
2001 1457 2180 1505 unum,
2214 1456 2382 1507 usque
2428 1440 2495 1494 Ut
2528 1456 2629 1493 non
2667 1457 2781 1493 cum
2823 1444 2918 1495 hoc
2962 1441 3151 1493 mundo
3177 1442 3394 1496 damne-

1811 1550 1948 1586 ntur.
1995 1531 2251 1600 Sequitur
2296 1531 2464 1586 Grad.
2519 1531 2752 1585 Christus
2784 1535 2947 1601 [actus
2998 1541 3070 1585 est
3104 1547 3200 1601 pro
3231 1533 3394 1586 nobis.

1814 1627 2028 1696 Legitur
2080 1624 2424 1695 Evangelium
2473 1624 2767 1680 secundum
2816 1625 3076 1679 Joannem
3118 1639 3237 1693 cap.
3289 1638 3395 1679 exn

1811 1721 1946 1792 [Αι.,
1976 1735 2101 1775 οχνι
2127 1717 2170 1789 ].
2202 1718 2268 1773 1η
2303 1719 2395 1773 illo
2436 1730 2680 1784 tempore,
2732 1720 2895 1774 sciens
2918 1717 3074 1773 Iesus
3117 1720 3236 1788 quia
3266 1718 3398 1772 venit

109 1801 327 1864 ειὶιυιο,
370 1807 428 1853 el
470 1806 689 1852 εθτνίιηῐ
739 1795 807 1849 de
862 1794 1057 1849 sane“
1099 1807 1273 1882 υεαιιολ
1309 1792 1361 1882 in
1413 1789 1703 1882 (Ὗθδίίηυηξ
1741 1793 1783 1852 Β
1811 1789 1939 1866 liora
1965 1814 2097 1882 ejus,
2150 1825 2317 1879 usque
2346 1810 2776 1879 quemadmodum
2811 1828 2903 1881 ego
2940 1813 3035 1881 feci
3066 1811 3227 1877 vobis,
3256 1812 3397 1865 itaet

111 1890 263 1959 iuxta
289 1886 755 1943 consuetudinem.
785 1882 891 1938 Sed
941 1893 995 1937 et
1024 1883 1136 1951 ipsa
1166 1880 1390 1935 ecclesia
1432 1894 1601 1948 usque
1638 1880 1704 1933 ad

112 1982 333 2051 vigilias
369 1977 665 2033 illuminata
715 1980 1049 2043 permaneat,
1098 1982 1151 2027 et
1195 1974 1336 2025 sicut
1383 1971 1434 2025 in
1486 1970 1588 2025 isto
1621 1970 1706 2024 die

112 2070 448 2133 taxavimus,
480 2068 558 2121 sic
594 2074 647 2120 et
685 2063 1003 2137 sexta.feria
1039 2060 1342 2116 faciendum
1376 2071 1489 2125 est;
1517 2059 1710 2114 simili-

115 2172 201 2215 ter
239 2170 296 2214 et
324 2158 572 2223 sabbato,
598 2171 660 2211 ea
689 2164 894 2209 tantum
934 2153 1162 2221 ratione,
1202 2160 1259 2205 ut
1289 2150 1354 2205 ad
1383 2150 1569 2205 horam
1604 2165 1704 2204 no-

116 2266 244 2305 nam
290 2248 569 2304 excutiant
597 2247 770 2317 ignem
817 2246 885 2300 de
916 2243 1112 2312 laiide,
1154 2245 1290 2297 sicut
1321 2243 1574 2307 diximus,
1599 2253 1651 2297 ct
1679 2256 1708 2296 a

116 2341 492 2396 tuansionario
540 2338 729 2408 quinta
773 2336 903 2391 feria
955 2345 1216 2404 portetur,
1263 2344 1413 2388 sexta
1462 2332 1593 2386 feria
1643 2333 1711 2386 ab

117 2430 537 2495 archidiacono;
577 2430 629 2482 in
651 2426 885 2483 Sabbato
910 2437 1097 2479 sancto
1126 2424 1194 2478 ab
1219 2422 1710 2497 episcopojuniore

118 2528 390 2591 portetur.
440 2520 497 2576 Si
543 2534 672 2575 vero
723 2517 809 2572 hic
850 2517 982 2572 ordo
1026 2518 1077 2570 in
1126 2514 1468 2568 monasteriis
1511 2512 1705 2582 agitur,

119 2615 311 2682 quinta
345 2612 474 2666 feria
509 2612 622 2681 ipse
649 2610 783 2678 ignis
814 2623 841 2660 a
890 2608 1115 2661 custode
1146 2605 1387 2660 ecclesim
1434 2612 1707 2673 portetur;

123 2716 280 2759 sexta
330 2696 459 2757 feria
507 2718 536 2756 a
589 2704 915 2771 ira'pos‘to;
955 2702 1191 2755 Subhato
1239 2712 1365 2751 vero
1420 2706 1606 2751 sancto
1645 2695 1713 2750 ab

121 2800 322 2858 abbate
356 2805 612 2864 portetur.

298 2906 363 2960 ll.
409 2903 566 2959 Feria
588 2902 644 2969 4,
667 2902 805 2974 quod
835 2911 907 2955 est
926 2901 1093 2972 pridie
1118 2898 1286 2956 Caerite
1314 2899 1537 2955 Domini.

199 3018 254 3071 5.
302 3018 443 3071 Ιιοιει
484 3019 639 3070 tertia
675 3014 1003 3068 conveniunt
1034 3026 1219 3066 omnes
1253 3009 1572 3080 presbyteri,
1605 3017 1713 3064 tam

127 3110 386 3172 civitatis,
435 3124 591 3175 quam
632 3115 688 3161 et
726 3105 796 3160 de
848 3102 1190 3167 suburbanis,
1220 3110 1277 3156 et
1321 3102 1498 3153 omnis
1536 3099 1713 3153 clerus

1810 1918 1897 1956 ros
1925 1902 2156 1970 faciatis.
2191 1901 2259 1954 Et
2288 1900 2544 1969 deinceps
2575 1903 2847 1969 peragitur
2879 1902 3037 1955 Missa
3060 1902 3249 1957 ordine
3276 1917 3396 1957 suo.

1817 1994 1930 2061 Qua
1961 1993 2195 2061 expleta,
2224 1993 2585 2046 communicat
2615 1992 2763 2046 solus
2785 1991 3024 2061 pontifex
3055 2004 3179 2047 ante
3202 1993 3393 2056 altare,

1810 2097 1866 2140 et
1905 2085 2163 2139 diaconus
2194 2085 2480 2137 continuat
2523 2097 2643 2136 cum
2684 2097 2804 2137 cmn
2845 2083 3012 2136 calice
3038 2084 3126 2136 illa
3164 2090 3399 2137 tantum-

1814 2175 1975 2229 modo
2002 2175 2109 2228 die.
2134 2174 2421 2242 Postquam
2454 2172 2950 2239 communicaverit,
2980 2185 3141 2242 ponet
3172 2174 3395 2231 calicem

1813 2279 1971 2334 super
1997 2264 2186 2319 altare.
2224 2264 2425 2319 Deinde
2473 2272 2692 2333 accepta
2734 2280 2763 2317 a
2805 2265 3135 2319 subdiacono
3174 2276 3394 2334 patena,

1815 2357 1962 2423 ponit
1985 2354 2139 2423 juxta
2168 2353 2387 2410 calicem
2415 2354 2484 2409 de
2509 2359 2674 2410 latere
2704 2354 2947 2422 sinistro,
2996 2365 3049 2410 et
3089 2356 3269 2411 statim
3299 2372 3396 2412 co-

1816 2446 2062 2513 operitur
2087 2460 2115 2496 a
2162 2443 2373 2498 duobus
2408 2444 2717 2498 diaconibns
2760 2452 3045 2514 utrumque
3072 2445 3138 2499 de
3174 2445 3400 2501 sindone

1819 2538 2043 2607 munda,
2079 2553 2236 2606 quam
2270 2538 2427 2605 prius‘
2458 2546 2895 2607 praeparaverant
2937 2539 2988 2592 in
3020 2553 3114 2593 ora
3140 2540 3325 2596 altaris
3364 2554 3398 2596 θ

1744 2682 1745 2687 η
1818 2602 2038 2699 regione
2069 2630 2356 2699 pontificis.

1890 2724 1942 2778 7.
1986 2724 2111 2779 Post
2134 2726 2472 2793 corporalem
2499 2736 2815 2793 expensam,
2844 2725 3104 2780 cont-inoo
3134 2728 3240 2779 duo
3268 2728 3399 2780 aco-

1820 2816 1952 2885 Iytlii
2002 2817 2269 2869 involutas
2317 2818 2581 2885 ampullas
2610 2831 2731 2871 cum
2773 2816 2997 2870 sindone
3035 2816 3155 2870 alba
3204 2816 3399 2879 serico,

1819 2908 1895 2961 ita
1936 2917 1991 2961 ut
2024 2908 2189 2960 videri
2218 2908 2446 2975 possint,
2471 2923 2500 2960 a
2540 2908 2719 2962 medio
2750 2917 2932 2961 tenent
2955 2908 3008 2961 in
3037 2906 3252 2962 brachio
3281 2922 3403 2976 pro-

1816 2997 1979 3068 jcctis
2023 2999 2339 3052 sindnnilnts
2387 3014 2547 3067 snpet'
2576 2999 2847 3067 Scapulam
2899 2999 3192 3059 sinistram,
3228 2998 3301 3051 ita
3345 3006 3404 3050 ut

1826 3093 2133 3161 pertingant
2161 3092 2432 3158 scopulum
2472 3090 2741 3155 dextram,
2774 3099 3034 3158 quatenus
3068 3089 3275 3156 possint
3306 3090 3401 3142 de-

125 3218 254 3255 cum
291 3200 486 3268 populo
517 3199 567 3251 in
598 3197 832 3252 ecclesia
875 3204 1074 3248 statuta
1126 3193 1261 3245 intra
1291 3195 1474 3245 urbem
1520 3204 1718 3259 exspe-
1746 3175 1792 3236 C
1826 3186 2112 3254 pendenta
2153 3183 2405 3248 retineri;
2451 3199 2479 3235 a
2511 3182 2703 3250 quibus
2735 3183 2835 3234 sub
2867 3182 3092 3234 humero
3139 3180 3406 3235 stantibus

128 3304 341 3347 ctantes
380 3289 708 3359 pontificem,
761 3286 849 3353 qui
889 3299 1105 3353 semper
1143 3284 1194 3336 in
1245 3282 1469 3336 ecclesia
1514 3283 1717 3350 majore

130 3398 228 3452 per
260 3398 320 3435 se
342 3383 629 3436 Oratitnes
659 3378 928 3432 solemnes
964 3377 1080 3444 ipso
1109 3376 1217 3440 die,
1262 3375 1403 3427 sicut
1450 3374 1500 3426 in
1530 3372 1721 3428 Sacra-

130 3481 441 3525 tnentorum
474 3470 796 3531 eontinetur,
829 3466 1082 3534 complet.
1116 3464 1214 3529 Qui
1247 3463 1372 3516 dum
1400 3463 1620 3516 veniens
1652 3461 1720 3514 de

129 3564 374 3617 sacrario
415 3563 739 3631 processerit
769 3568 895 3613 ante
943 3556 1109 3610 altare
1149 3554 1214 3608 ad
1249 3556 1509 3608 orandum
1557 3566 1721 3618 super

128 3656 454 3717 oratorium,
487 3668 606 3707 mox
647 3661 703 3707 nt
732 3649 1048 3714 surrexerit,
1082 3648 1213 3701 dcit
1260 3647 1496 3709 Oremus,
1521 3654 1578 3699 et
1607 3644 1723 3698 dia-

135 3761 310 3803 conus
337 3745 631 3799 Flectamus
660 3759 845 3814 genua,
871 3752 1055 3810 postea
1081 3741 1204 3794 dicit
1229 3739 1429 3792 Let'ute.
1460 3740 1525 3789 Et
1552 3738 1725 3805 potiti-

133 3840 225 3895 fex
265 3838 403 3910 [Al.,
427 3834 725 3905 presbyter]
757 3833 885 3887 dicit
922 3832 1160 3896 Oremus,
1195 3830 1508 3883 dilectissimi
1554 3828 1723 3894 nobis,

133 3931 188 3981 in
222 3928 407 3995 primis
438 3942 532 3998 pro
566 3923 795 3977 Ecclesia
826 3921 939 3987 Dei,
984 3929 1038 3975 et
1067 3930 1287 3973 cieteras
1324 3935 1415 3985 per
1446 3918 1723 3978 ordinem;

135 4021 516 4077 tantummodo
547 4034 643 4089 pro
664 4033 721 4073 se
748 4015 1083 4078 intermittit;
1128 4016 1192 4065 ad
1228 4011 1477 4065 ultimum
1512 4026 1609 4079 pro
1635 4010 1728 4063 lu-

134 4119 280 4175 datis
311 4131 420 4170 non
456 4117 674 4169 ﬂectunt
711 4124 909 4180 genua.
941 4106 1147 4175 Quibus
1177 4107 1426 4174 expleis,
1458 4106 1731 4157 osrnlatur

135 4211 337 4273 altare,
369 4218 420 4261 et
441 4204 733 4275 egreditur.
759 4199 1068 4270 Presbyteri
1094 4212 1223 4254 vero
1252 4196 1596 4251 ecclesiarum
1621 4193 1731 4249 sive

137 4304 212 4357 de
241 4301 397 4361 urbe.
444 4314 537 4353 seu
568 4298 636 4352 de
690 4294 1035 4355 suburbanis.
1086 4292 1285 4345 vadunt
1329 4305 1427 4357 per
1472 4288 1731 4343 ecclesias

140 4410 301 4460 suas,
330 4401 389 4448 ut
420 4392 520 4447 hoc
550 4390 737 4445 ordine
766 4396 955 4442 cuncta
982 4383 1178 4439 faciant
1221 4383 1350 4437 feria
1388 4390 1560 4445 sexta,
1604 4380 1732 4431 liora

139 4487 332 4553 tertia,
364 4484 465 4538 hoc
492 4484 743 4544 scientes,
769 4478 875 4548 33
906 4486 963 4530 ut
990 4475 1078 4529 ubi
1118 4472 1350 4542 pontifex
1386 4471 1451 4523 de
1480 4484 1537 4522 se
1567 4470 1735 4521 inter-

1828 3278 1973 3331 Venit
2004 3278 2384 3339 subdiaconus,
2429 3274 2695 3341 etatrcipit
2742 3272 3032 3344 ampullam
3073 3271 3408 3326 commistam

1828 3386 1984 3424 unam
2018 3384 2138 3425 cum
2173 3370 2424 3433 sindone,
2455 3378 2508 3422 ct
2536 3368 2621 3422 dat
2657 3382 2774 3420 eam
2804 3366 3202 3429 archidiacono,
3234 3374 3285 3419 et
3320 3364 3410 3419 ille

1826 3461 1997 3514 defert
2032 3461 2265 3528 pontifici
2293 3471 2419 3513 ante
2450 3459 2638 3513 altare.
2669 3458 2819 3511 Tune
2852 3458 3085 3524 pontifex
3115 3456 3410 3524 respiciens

1826 3552 1893 3605 ad
1932 3553 2224 3617 Orientem,
2256 3549 2365 3621 3a
2393 3559 2445 3604 et
2479 3551 2738 3604 diaconus
2793 3548 2927 3620 [Al.,
2971 3545 3403 3617 archidiaconus]

1829 3652 1975 3697 tenet
1997 3653 2123 3695 ante
2150 3641 2324 3710 ipsum
2354 3642 2642 3705 ampullam
2671 3639 2722 3691 in
2750 3638 2975 3691 sinistro
3006 3636 3169 3691 bracli
3196 3653 3225 3686 o
3254 3652 3408 3686 revo-

1837 3734 2001 3787 lutam
2033 3734 2284 3794 sindone,
2314 3742 2371 3785 ut
2401 3746 2559 3799 sttpta
2596 3731 2941 3798 prarliximus.
2977 3729 3038 3780 Et
3069 3727 3197 3780 dicit
3231 3730 3414 3793 ponti-

1832 3826 1918 3878 lex
1948 3823 2169 3877 Sursum
2209 3822 2388 3875 corda.
2435 3818 2804 3888 Respondetur
2835 3816 3099 3870 Habemus
3137 3818 3204 3867 ad
3238 3814 3416 3867 Denti-

1832 3931 1978 3967 num.
2016 3914 2081 3966 Et
2114 3913 2275 3965 intrat
2326 3912 2380 3965 in
2410 3911 2821 3963 consecratione
2851 3908 3157 3962 chrismatis
3203 3909 3415 3960 excelsa

1836 4020 1990 4057 voce.
2038 4003 2143 4058 Sed
2182 4016 2467 4069 antequam
2504 4001 2873 4068 bent-dicatur,
2908 4000 3052 4053 halat
3101 4008 3181 4053 ter
3223 4001 3273 4052 in
3306 4015 3420 4052 am-

1837 4099 2059 4166 pullam.
2092 4096 2207 4162 Qua
2248 4095 2484 4164 expleta,
2527 4093 2796 4147 benedicit
2832 4091 3122 4160 ampullam
3170 4091 3274 4144 olei
3301 4099 3324 4124 ἀ
3350 4100 3419 4142 ta-

1836 4194 1961 4253 cite,
1993 4191 2181 4243 ordine
2211 4204 2316 4256 quo
2339 4202 2497 4254 supra
2536 4186 2790 4249 delatam,
2831 4192 2884 4237 et
2918 4184 3163 4236 similiter
3195 4183 3336 4234 halat
3364 4186 3413 4233 in

1838 4284 1953 4350 ipsa
1984 4290 2087 4335 ter.
2147 4280 2391 4347 Ampulla
2433 4286 2610 4331 autem
2659 4290 2780 4345 qua:
2816 4289 2936 4329 cum
2979 4275 3273 4327 chrianate
3313 4283 3419 4337 est,

1838 4375 2017 4429 statim
2061 4381 2119 4426 ut
2160 4370 2438 4427 benedicta
2468 4369 2650 4431 fuerit,
2684 4366 3011 4436 c0operitur,
3045 4376 3105 4420 ut
3144 4381 3171 4418 a
3209 4365 3423 4419 nemine

1843 4470 1979 4520 nuda
2031 4465 2310 4529 rideatur;
2351 4461 2443 4515 sed
2502 4467 2721 4515 tenente
2767 4474 2884 4513 eam
2926 4457 3195 4528 acolytlio,
3236 4469 3424 4508 omnes

141 4579 321 4641 misit,
353 4575 453 4642 ipsi
482 4576 630 4629 illum
671 4573 967 4626 nominent.
1005 4568 1191 4621 Postea
1216 4580 1343 4618 vero
1377 4566 1503 4614 liora
1545 4573 1732 4615 octava
1767 4547 1815 4607 D
1842 4575 1958 4614 eam
1991 4575 2085 4628 per
2112 4556 2353 4609 ordinem
2383 4554 2639 4607 salutant.
2670 4552 2799 4605 Nam
2820 4548 3103 4618 episcopus
3131 4556 3181 4600 et
3211 4543 3423 4598 diaconi

143 4667 286 4741 ML,
321 4662 482 4735 nona]
517 4662 888 4732 ingrediuntur
916 4658 978 4712 ad
1006 4658 1215 4710 Missam
1251 4659 1349 4707 hoc
1390 4652 1599 4706 ordine.
1640 4650 1733 4705 Di-

144 4762 227 4813 cit
254 4759 436 4813 schola
468 4756 824 4825 Antiphonam
857 4752 922 4806 ad
956 4751 1256 4813 introitum,
1291 4760 1339 4799 et
1377 4746 1616 4815 pontifex
1648 4746 1740 4799 dat

143 4853 489 4909 Orationem.
536 4852 757 4921 Legitur
804 4849 964 4905 lectio
995 4863 1118 4910 una,
1162 4848 1305 4898 sicut
1348 4841 1740 4912 in.Capitulare

147 4957 634 5001 commemoratur.
667 4943 916 5008 Sequitur
961 4937 1190 4993 Gradule
1223 4934 1304 4989 Ne
1332 4945 1529 4987 arertas
1556 4933 1739 4998 [aciem

151 5052 326 5093 tuam.
384 5037 634 5108 Sequitur
681 5034 849 5088 altera
892 5031 1072 5092 lectio,
1107 5037 1227 5097 post
1272 5042 1428 5095 quam
1473 5024 1736 5078 canticum

151 5132 422 5195 Domine,
477 5128 685 5194 exaudi,
738 5141 860 5181 cum
912 5123 1165 5179 Versibus
1208 5123 1338 5176 suis.
1401 5116 1739 5184 Evangelium

155 5222 592 5292 pronuntiabitur
625 5222 697 5274 ita
724 5237 737 5272 :
764 5217 948 5272 Passio
981 5216 1189 5271 Domini
1237 5212 1397 5266 nostri
1423 5208 1547 5261 Jesu
1591 5207 1741 5261 Chri-

150 5317 224 5370 sti
268 5314 546 5368 secundum
576 5310 789 5366 Lucam.
840 5310 953 5378 Qua
997 5307 1254 5377 perleCta,
1298 5302 1543 5370 expletur
1581 5298 1741 5351 Missa

153 5407 357 5462 ordine
394 5419 510 5459 suo.

241 5605 269 5634 ⁸
312 5596 469 5649 flccst
498 5592 647 5645 tacite
673 5589 725 5643 in
774 5587 971 5644 Ordine
1017 5581 1297 5652 superiori,
1350 5592 1499 5652 num.
1690 5573 1748 5627 in

156 5646 480 5722 annuerint)
511 5680 525 5716 :
561 5661 821 5713 Benedicit
865 5646 1156 5711 chrismatis
1187 5649 1464 5722 ampullam
1507 5646 1626 5722 olei,
1664 5659 1748 5722 or:

157 5713 604 5803 diiieiqtidsuitra
626 5731 876 5795 delatum;
908 5738 953 5781 et
994 5724 1226 5780 similiter
1257 5713 1396 5775 lialnt
1428 5719 1477 5772 in
1503 5716 1636 5785 ipsa,
1660 5713 1748 5769 sed

1847 4651 1990 4720 ptius
2020 4664 2136 4701 eam
2168 4646 2364 4699 nudam
2388 4646 2638 4699 salutant.
2675 4643 2785 4695 lloc
2811 4640 3051 4708 expleto,
3081 4636 3275 4690 ablutis
3308 4651 3422 4687 ma-

1845 4742 2000 4795 nibus
2048 4740 2282 4808 pontifex
2330 4736 2477 4789 venit
2523 4744 2648 4787 ante
2698 4726 2909 4795 aliane,
2963 4737 3017 4782 et
3064 4726 3425 4780 communicat

1844 4834 2019 4888 omnis
2051 4832 2276 4901 populus
2324 4829 2513 4884 ordine
2557 4842 2675 4881 suo.
2726 4830 2763 4879 Α
2800 4822 2934 4878 feria
2976 4826 3160 4890 quinta
3201 4833 3425 4884 vespere

1847 4926 1986 4982 nuda
2010 4926 2121 4980 sint
2144 4924 2330 4978 altaria
2362 4936 2530 4991 usque
2560 4935 2712 4974 mane
2739 4915 2980 4981 Subbati,
3011 4924 3065 4969 et
3097 4914 3207 4982 ipsa
3238 4911 3325 4966 die
3355 4910 3425 4964 ad

1852 5021 2113 5087 Vesperas
2145 5032 2251 5072 non
2291 5025 2535 5071 cantatur
2568 5013 2657 5068 Re
2678 5010 3008 5081 ponsoiium.

1916 5114 1973 5168 8.
2014 5110 2169 5165 Fet-ia
2194 5116 2370 5174 sexta,
2393 5104 2419 5142 ι)
2447 5106 2574 5161 liora
2598 5106 2774 5169 tertia,
2802 5099 3040 5169 procedit
3063 5094 3318 5166 pontifex,
3345 5092 3428 5145 vel

1847 5205 1933 5273 qui
1970 5203 2140 5255 vicem
2184 5200 2325 5252 illius
2376 5196 2628 5259 tenuerit,
2672 5194 2728 5259 in
2778 5190 3010 5244 ecclesia
3042 5196 3240 5261 statuta
3292 5184 3427 5236 intra

1850 5294 2070 5357 Urbem,
2105 5305 2211 5345 non
2243 5299 2420 5342 tamen
2451 5287 2500 5339 in
2535 5283 2737 5353 majore
2773 5275 3025 5336 ecclesia.
3058 5278 3157 5344 Qui
3181 5276 3308 5329 dum
3343 5289 3429 5327 re.

1852 5388 2001 5439 niens
2024 5384 2092 5438 de
2115 5380 2351 5436 sacrario
2382 5376 2701 5445 processerit
2730 5374 2853 5428 ante
2878 5371 3045 5425 altare
3069 5367 3137 5421 ad
3164 5364 3426 5423 orandum

1851 5541 2002 5623 iacite
2042 5568 2207 5631 ipsum
2245 5554 2825 5631 benedicatampulfam,
2855 5564 2968 5620 qua:
3008 5563 3121 5602 εει-η
3162 5545 3433 5601 chrismate

1850 5651 1943 5695 est.
1975 5628 2162 5697 Statim
2189 5634 2530 5689 uﬁbcnedictu
2560 5628 2731 5697 fuerit,
2763 5635 2866 5697 etc.

1926 5689 1951 5749 ίτ
1983 5689 2215 5766 Culbet‘t.
2249 5724 2261 5760 :
2299 5704 2342 5757 F
2349 5706 2453 5759 cria
2476 5702 2527 5771 6,
2554 5689 2678 5753 liora
2723 5693 2895 5764 tertia,
2927 5689 3225 5748 conveniunt
3258 5700 3429 5741 omnes
