4042 6298
651 328 765 397 ’θῧξό

1333 328 1679 388 AP’PENDIX
1720 334 1812 389 AD
1850 333 1910 388 S‘.
1949 324 2280 389 CREGORII
2325 326 2548 388 MAGNI
2583 326 2957 392 LITURGICA
2992 333 3245 393 OPERA.

3847 334 3942 395 θαι

654 457 793 531 {Al.,
827 437 1180 519 adorandum]
1223 460 1385 516 super
1423 446 1741 512 oratorium,
1787 446 1927 501 sicut
1971 462 2089 501 mos
2138 456 2241 510 est,
2274 449 2322 508 Α
2355 453 2481 500 tunc
2539 446 2905 502 illuminantur
2941 447 3049 502 duo
3086 449 3263 515 cerei,
3320 448 3632 505 tenentibus
3673 460 3698 490 ε
3736 448 3944 508 duobus

660 549 839 603 statim
871 551 925 596 ut
972 539 1293 601 surrexerit,
1336 550 1461 593 cum
1509 537 1725 592 silentio
1755 537 1996 593 ascendit
2043 539 2108 592 ad
2158 553 2246 593 se-

658 639 802 692 dem.
835 635 950 700 Quo
978 632 1217 696 sedente,
1251 634 1432 687 statim
1474 630 1833 686 subdiaconus
1885 632 2132 687 ascendit
2177 632 2247 686 ad

658 725 938 794 legendum
967 740 980 786 ;
1012 732 1067 776 et
1094 731 1209 791 post
1241 722 1522 776 icctionem
1555 731 1803 776 cantatur
1818 721 2094 776 canticum
2132 721 2244 775 Bo-

649 818 811 879 mine,
848 814 1044 878 audivi,
1092 829 1213 867 cum
1261 813 1505 867 versibus
1552 814 1684 868 suis.
1734 814 1805 868 Et
1836 812 1963 868 dicit
2009 814 2245 882 pontifex

660 906 899 965 Oremus.
928 901 1192 957 Diaeonus
1233 898 1537 957 Flectamus
1578 914 1763 973 genua,
1800 902 2001 960 Levate.
2048 906 2114 959 Et
2148 908 2244 961 'dat

647 996 961 1049 “Orationem
1001 994 1135 1047 Deus
1164 1010 1310 1063 aquo
1335 1002 1380 1047 et
1405 990 1596 1048 ludas.
1633 994 1836 1049 Deinde
1874 996 2113 1062 sequitur
2142 995 2241 1049 alia

654 1088 824 1141 lectio
849 1128 865 1153 ,
923 1095 1041 1153 post
1080 1099 1249 1155 quam
1296 1085 1535 1152 sequitur
1563 1084 1790 1139 Tractus
1814 1092 1837 1119 ιι
1868 1083 1967 1149 Qui
2024 1084 2237 1138 habitat.

655 1180 774 1245 Quo
821 1177 993 1243 linito,
1047 1175 1241 1245 legitur
1270 1175 1454 1228 Passio
1498 1174 1709 1229 Domini
1753 1172 2045 1228 secundum
2079 1173 2241 1227 Joan-

651 1282 805 1324 nem.
826 1270 938 1335 Qua
970 1268 1199 1338 perlecta
1224 1277 1389 1334 usque
1414 1263 1582 1332 Super
1597 1274 1787 1318 vestem
1812 1280 1973 1319 meam
1994 1265 2240 1318 miserunt

650 1372 869 1425 sortem,
902 1362 1082 1415 statim
1115 1359 1221 1412 duo
1264 1356 1477 1411 diaconi
1535 1354 1737 1409 nudant
1766 1357 1936 1411 altare
1983 1355 2230 1419 sindone,

656 1467 775 1520 quae
813 1453 959 1519 prius
1009 1449 1177 1502 fuerat
1217 1446 1316 1500 sub
1352 1445 1641 1515 Evangelio
1687 1445 1880 1513 pesita,
1914 1445 1964 1498 in
2019 1445 2236 1497 modum

648 1541 903 1594 iurantis.
939 1539 1114 1592 Finito
1145 1537 1457 1608 Ev:ingelio,
1494 1548 1617 1591 tunc
1642 1535 1790 1590 venit
1837 1536 2077 1604 pontifex
2110 1545 2235 1590 ante

648 1633 845 1698 uitare,
899 1640 949 1684 ct
980 1630 1110 1683 dicit
1159 1628 1398 1695 Oremus,
1434 1637 1496 1683 et
1540 1629 1799 1682 diaconus
1835 1626 2126 1682 Fiet-tamus
2153 1642 2240 1698 ge-

649 1738 784 1785 nua,
815 1730 871 1776 et
890 1731 1013 1776 orat
1038 1719 1360 1785 diutissime,
1404 1728 1465 1776 et
1490 1718 1621 1773 dicit
1653 1717 1855 1774 chatc.
1885 1719 2127 1782 Oremus,
2159 1719 2238 1771 di-

2351 536 2592 601 notariis,
2624 551 2764 591 unus
2789 538 2842 592 in
2870 538 3060 593 dextro
3084 554 3247 594 cornu
3279 539 3481 606 altaris,
3517 551 3572 596 et
3605 541 3754 596 alter
3777 542 3833 596 in
3873 546 3943 599 si-

2350 627 2539 682 nistro.
2570 628 2631 682 Et
2661 626 2900 683 ascendit
2929 629 3101 686 lector
3124 632 3176 685 in
3202 633 3455 688 amboue.
3484 632 3603 688 Non
3627 637 3941 704 pronuntiat

2354 714 2530 769 Lectio
2557 716 2674 770 libri
2698 716 2932 782 Genesis,
2963 719 3056 773 sed
3100 720 3311 775 inchoat
3344 719 3410 776 In
3442 725 3730 794 principio,
3769 723 3939 794 plane.

2347 807 2615 863 Similiter
2644 815 2698 862 et
2743 810 2875 863 alias
2908 810 3185 866 lectiones.
3242 815 3380 867 Ante
3431 812 3499 869 In
3539 816 3815 887 principio
3847 834 3945 873 nou

2353 897 2485 952 dicit
2526 899 2863 955 Orationem.
2910 900 3039 956 Post
3083 903 3320 972 expletas
3345 906 3637 963 Orationes
3667 918 3728 964 et
3760 910 3944 966 lectio

2342 1002 2464 1054 nes,
2496 992 2677 1045 statim
2710 994 2929 1047 veniens
2969 1008 3106 1048 unus
3150 996 3412 1062 minister,
3442 1006 3637 1054 tenens
3675 1001 3942 1070 ampullas

2344 1077 2395 1131 in
2430 1079 2674 1136 manibus
2720 1083 2862 1148 suis,
2915 1092 3063 1137 stans
3104 1084 3158 1139 in
3196 1084 3390 1141 dextro
3417 1101 3587 1142 cornu
3636 1090 3866 1156 altaris;
3896 1105 3945 1146 et

2342 1175 2475 1222 tunc
2513 1171 2755 1224 ascendit
2784 1171 2900 1240 ipse
2940 1173 3253 1241 praecedens
3288 1177 3601 1245 pontiﬁcem
3634 1179 3706 1233 ad
3742 1180 3940 1236 fontes.

2342 1256 2494 1314 Tunc
2523 1259 2716 1315 deinde
2745 1260 2928 1316 schola
2968 1263 3246 1319 descendit
3276 1266 3344 1319 ad
3380 1266 3556 1323 fontes
3594 1269 3670 1322 ad
3697 1270 3941 1327 litaniam

2338 1348 2664 1415 faciendam,
2723 1362 3096 1421 exspectantes
3146 1357 3475 1425 parationem
3514 1361 3833 1430 pontiﬁcis;
3887 1364 3944 1420 et

2344 1457 2451 1496 non
2514 1444 2706 1498 finiunt
2746 1446 3010 1515 litaniam,
3053 1448 3294 1515 dicentes
3329 1450 3506 1523 Agnus
3544 1452 3648 1508 Dei
3690 1470 3937 1525 semper,

2346 1534 2642 1604 usquedum
2685 1537 2921 1604 pontifex
2948 1541 3174 1607 venerit,
3206 1549 3261 1596 et
3287 1553 3490 1603 annuat
3515 1545 3597 1599 eis
3624 1556 3684 1601 ut
3710 1546 3934 1602 sileant.

2338 1627 2448 1699 36
2465 1628 2745 1685 Secundus
2772 1644 2901 1686 vero
2922 1632 3123 1689 scholae
3152 1643 3292 1691 tenet
3318 1651 3411 1691 vas
3439 1651 3654 1693 aureum
3686 1641 3747 1694 in
3771 1653 3939 1694 manu

2340 1734 2436 1773 sua
2484 1720 2703 1776 sinistra
2753 1736 2915 1792 super
2963 1725 3249 1793 planetam,
3297 1728 3439 1783 unde
3467 1730 3701 1799 pontifex
3749 1732 3939 1786 mittat

651 1815 918 1869 lectissimi
948 1815 1114 1878 nobis,
1141 1814 1192 1866 in
1214 1814 1393 1884 primis
1421 1828 1519 1882 pro
1546 1808 1776 1866 Ecclesia
1813 1810 1929 1875 Dei,
1959 1821 2014 1865 et
2043 1819 2237 1864 cmlera
2272 1809 2316 1869 Β
2338 1812 2578 1868 chrisma
2637 1814 2689 1868 in
2746 1815 2911 1871 fonte.
2973 1817 3176 1873 Deinde
3231 1819 3464 1888 pontifex
3513 1822 3759 1889 procedit
3805 1837 3938 1876 cum

656 1920 753 1972 per
790 1903 1055 1971 ordinem,
1107 1904 1243 1958 sicut
1286 1916 1446 1971 supra
1476 1903 1528 1955 in
1574 1912 1761 1972 quarta
1813 1901 1941 1956 feria
1972 1900 2231 1955 diximus.

650 2000 799 2065 Quas
836 2006 895 2051 ut
931 1996 1151 2059 finierit,
1201 2009 1390 2049 omnes
1416 1995 1580 2049 tacite
1609 2003 1806 2049 exeunt
1837 1993 1998 2048 foras.
2040 1991 2066 2030 δ
2114 1993 2241 2048 Pre-

656 2089 864 2161 shy'eri
918 2103 1043 2143 vero
1080 2086 1457 2153 ecclesiarum,
1491 2087 1603 2142 sive
1629 2087 1695 2142 de
1724 2086 1885 2150 Urbe,
1917 2086 2024 2158 35
2053 2098 2145 2139 seu
2173 2084 2241 2138 de

657 2181 1000 2246 suburbanis,
1034 2180 1229 2233 vadunt
1267 2193 1361 2246 per
1382 2178 1661 2245 ecclesias,
1689 2185 1743 2231 et
1772 2177 1871 2231 hoc
1898 2178 2087 2231 ordine
2108 2190 2239 2229 cun-

648 2280 740 2325 ω
786 2271 851 2323 ad
882 2284 1165 2338 vesperum
1191 2267 1414 2333 faciant,
1454 2267 1557 2323 hoc
1599 2278 1803 2322 tantum
1854 2276 2140 2335 undantes,
2178 2276 2240 2323 ut

651 2362 747 2417 ubi
801 2361 1035 2431 pontifex
1092 2363 1336 2415 meminit
1388 2360 1762 2430 apostolicum,
1814 2360 1912 2426 ip~i
1963 2360 2239 2413 nominent

654 2468 834 2509 suum.
881 2455 959 2509 Ad
996 2468 1281 2523 vesperum
1333 2465 1457 2507 vero
1489 2460 1595 2506 tam
1648 2454 1699 2507 in
1750 2452 1999 2515 ecclesia,
2050 2454 2103 2506 in
2136 2466 2237 2521 qua

653 2544 897 2613 pontifex
945 2544 1075 2598 dicit
1116 2543 1424 2606 Orationes,
1456 2557 1614 2610 quam
1654 2541 1707 2595 in
1746 2542 1956 2595 caneris
1995 2540 2237 2594 ecclesiis

654 2639 1115 2708 presbyterorum,
1148 2645 1265 2703 post
1289 2634 1571 2690 Orationes
1597 2644 1927 2704 prteparatur
1956 2648 2082 2688 crux
2113 2644 2236 2687 ante

652 2728 841 2795 altare,
874 2727 1192 2796 interposito
1222 2729 1398 2795 spatio
1427 2727 1563 2779 inter
1602 2726 1772 2795 ipsam
1823 2735 1877 2779 et
1910 2726 2102 2787 altare,
2145 2740 2235 2777 su-

652 2832 885 2876 stentata
924 2821 1050 2876 hinc
1090 2820 1213 2875 inde
1243 2834 1272 2873 a
1316 2820 1523 2875 duobus
1566 2818 1851 2888 acolythis.
1890 2819 2073 2873 Posito
2113 2828 2236 2873 ante

654 2925 771 2966 eam
809 2910 1045 2966 oratorio
1073 2908 1205 2981 [Αι.,
1240 2909 1418 2964 Posita
1470 2923 1533 2963 ea
1579 2917 1703 2962 ante
1743 2906 2061 2980 oratorium]
2093 2909 2239 2963 venit

653 3000 912 3069 pontifex,
957 3010 1009 3055 et
1053 2999 1328 3055 adoratam
1374 2999 1717 3054 deosculatur
1749 3014 2002 3065 erucem;
2039 2999 2235 3056 deinde

648 3091 913 3161 episeOpi,
951 3092 1275 3163 presbyteri,
1306 3091 1535 3156 diaconi,
1560 3100 1615 3146 et
1636 3092 1815 3146 ca-teri
1847 3107 1941 3161 per
1966 3091 2230 3159 ordinem,

651 3182 848 3238 deinde
870 3182 1120 3252 populus.
1153 3183 1391 3238 Pontifex
1428 3198 1558 3237 vero
1597 3183 1750 3238 sedet
1781 3184 1832 3238 in
1872 3184 2002 3238 sede
2028 3199 2232 3253 usque-

650 3274 778 3326 dum
824 3286 1015 3327 omnes
1062 3273 1314 3328 salutent.
1356 3273 1662 3344 Presbyteri
1721 3288 1852 3328 vero
1876 3273 1988 3328 duo
2029 3274 2234 3343 priores

588 3398 591 3401 -
654 3376 777 3416 mox
830 3370 888 3416 ut
934 3361 1307 3427 salutaverint,
1339 3363 1541 3417 intrant
1581 3364 1634 3418 in
1676 3364 1998 3431 sacrarium,
2032 3364 2115 3418 vel
2142 3364 2233 3419 ubi

657 3456 885 3522 positum
914 3452 1092 3508 fuerat
1134 3468 1329 3521 corpus
1368 3453 1596 3520 Domini,
1631 3454 1770 3523 quod
1812 3454 1985 3523 pridie
2020 3470 2234 3510 reman-

653 3544 746 3603 sit,
776 3552 1035 3612 ponentes
1056 3556 1180 3596 eum
1206 3542 1258 3596 in
1288 3552 1555 3611 patenum,
1580 3550 1636 3597 et
1664 3542 2022 3599 subdiaconus
2054 3552 2233 3599 teneat

650 3646 781 3689 ante
807 3635 950 3702 ipsos
976 3635 1202 3688 calicem
1230 3648 1351 3689 cum
1395 3634 1516 3690 vino
1546 3650 1650 3689 non
1699 3644 2037 3701 consecrato,
2070 3646 2123 3691 et
2149 3636 2232 3693 alc-

650 3732 738 3777 ter
767 3722 1124 3778 subdiaconus
1155 3732 1400 3793 patenum
1428 3738 1548 3779 eum
1579 3740 1806 3794 corpore
1838 3726 2070 3781 Domini.
2103 3727 2232 3795 Qui-

652 3813 754 3867 bus
794 3814 1124 3876 tenentibus,
1176 3814 1371 3883 accipit
1413 3831 1547 3870 unus
1595 3816 1876 3888 presbyter
1901 3818 2049 3887 prior
2085 3830 2234 3889 pate-

652 3920 799 3973 nam,
830 3915 885 3960 et
933 3908 1067 3960 alter
1090 3908 1339 3975 calicem,
1371 3918 1420 3963 et
1450 3907 1698 3964 deferunt
1743 3924 1907 3978 super
1936 3916 2104 3968 altare
2143 3929 2233 3968 nu-

653 3999 863 4053 datum.
894 3999 1133 4054 Pontifex
1164 4014 1291 4055 vero
1317 4000 1468 4055 sedet
1496 4003 1622 4056 dum
1667 4004 1959 4071 persalutat
2003 4007 2231 4073 populus

648 4101 887 4144 crucem.
918 4089 1071 4154 Nam,
1100 4091 1362 4146 salutante
1390 4093 1640 4161 pontifice
1663 4094 1744 4148 vel
1777 4094 1970 4165 populo
1992 4110 2227 4163 crucem,

648 4182 857 4235 canitur
901 4196 1115 4250 semper
1171 4181 1669 4252 AntiphonazEcce
1707 4184 1899 4255 lignum
1944 4187 2129 4253 crucis",
2176 4190 2231 4241 in

649 4273 701 4324 in
730 4288 829 4335 quo
857 4273 997 4325 salus
1020 4275 1199 4326 mundi
1230 4275 1489 4345 pependit,
1518 4276 1681 4329 venite
1706 4277 2001 4331 adoremus.
2028 4278 2232 4334 Dicitur

648 4362 714 4413 ad
742 4362 1091 4428 repetendum
1116 4364 1354 4431 psalmus
1379 4380 1561 4418 cxvm.
1588 4364 1702 4430 Qua
1725 4365 1951 4419 salutata
1976 4375 2031 4421 et
2075 4383 2229 4437 repo-

646 4453 749 4505 sita
782 4453 833 4506 in
879 4454 998 4507 loco
1049 4467 1167 4519 suo,
1199 4453 1476 4508 descendit
1521 4455 1759 4523 pontifex
1791 4465 1914 4510 ante
1941 4459 2129 4523 altare,
2172 4469 2227 4515 et

645 4543 814 4596 dicit:
847 4544 1081 4597 Oremus.
1124 4542 1405 4615 Prwceptis
1450 4547 1780 4601 salutaribus.
1825 4547 1989 4601 Pater
2031 4561 2222 4606 noster.

646 4633 919 4703 Sequitur,
951 4634 1133 4689 Libera
1163 4653 1276 4701 nos,
1298 4652 1606 4704 quwsumus,
1636 4638 1876 4693 Domine.
1916 4640 2049 4693 Cum
2078 4642 2227 4697 dixe-

648 4732 755 4782 rint
783 4728 963 4793 Amen,
989 4739 1163 4784 sumet
1182 4730 1249 4784 de
1278 4730 1496 4797 Sancta,
1520 4742 1571 4787 et
1604 4741 1767 4802 ponet
1793 4734 1843 4785 iu
1873 4734 2062 4798 calice,
2089 4736 2226 4790 nihil

647 4820 860 4886 dicens,
888 4829 942 4874 et
967 4822 1362 4876 communicant
1388 4836 1578 4877 omnes
1611 4838 1731 4876 cum
1771 4824 2005 4891 silentio,
2039 4833 2091 4878 et
2131 4840 2226 4880 ex-

646 4917 789 4980 pleta
817 4920 942 4964 sunt
971 4910 1237 4968 universa.

721 5005 774 5056 ll.
815 5000 1254 5057 Sabbatosancto
1286 5002 1507 5056 veniunt
1533 5016 1722 5055 omnes
1756 5003 1806 5056 in
1832 5003 2137 5075 ecclesiam,
2166 5019 2220 5063 et

647 5140 947 5209 presbyteri,
971 5148 1074 5191 tam
1101 5139 1317 5192 civitatis
1344 5154 1496 5205 quam
1524 5141 1588 5191 de
1610 5140 1939 5203 suburbanis,
1972 5152 2018 5195 et
2064 5147 2228 5198 omnis

649 5212 814 5262 νισι-ηδ
838 5228 950 5261 cuin
980 5211 1165 5280 papula
1190 5210 1243 5262 in
1270 5211 1481 5283 ecclesia
1508 5219 1701 5265 statuta
1724 5212 1861 5283 infra
1891 5212 2097 5279 Urbem,
2121 5231 2223 5267 non

649 5295 815 5334 "inter:
844 5283 895 5333 in
925 5285 1121 5350 majm'e
1140 5281 1373 5343 ecclesia,
1402 5291 1449 5332 et
1497 5281 1787 5349 exspectent
1825 5283 2117 5349 pontiﬁcem
2148 5287 2227 5338 vel

647 5357 733 5417 qui
760 5354 911 5405 vicem
940 5352 1339 5406 illiustenuerit.
1376 5351 1475 5415 Qui
1497 5352 1620 5406 dum
1653 5354 1852 5406 veniens
1880 5354 1944 5407 de
1970 5357 2223 5422 sacrario,

649 5428 753 5472 etc.

721 5500 743 5526 ⁸
791 5492 841 5544 In
871 5489 1101 5545 Colbert.
1159 5509 1174 5547 :
1233 5490 1387 5559 Eripe
1432 5508 1531 5556 me,
1564 5491 1820 5563 Domine:
1864 5494 1915 5548 in
1961 5493 2225 5563 anteriori

650 5571 775 5633 vero
790 5563 1031 5633 Ordine:
1073 5562 1172 5627 Qui
1195 5563 1406 5633 habitat,
1434 5564 1513 5615 vel
1547 5562 1704 5633 Eripe
1737 5578 1836 5616 me.

724 5630 759 5703 ι’-
788 5632 911 5703 ll:I-_c
939 5632 1126 5684 desunt
1162 5634 1212 5686 in
1251 5632 1445 5688 (lodice
1491 5630 1730 5687 ltouiano
1778 5648 1947 5703 usque
1994 5634 2059 5690 ad
2109 5636 2226 5693 hate

651 5699 832 5762 verba,
856 5701 932 5751 At!
955 5715 1215 5767 vesperum
1242 5711 1493 5767 t'era,ete.
1862 5699 1889 5739 ἰ

725 5780 748 5805 ιο
792 5768 912 5824 Ilazc
943 5773 1157 5824 totidem
1211 5773 1387 5827 verbis
1429 5785 1493 5826 ex
1538 5768 1717 5828 libello
1770 5774 2013 5832 Romano
2060 5774 2222 5833 refert

1798 5869 1823 5906 ε

2348 1903 2498 1956 “omni
2530 1902 2747 1967 decore.
2781 1914 3112 1962 sustentatus
3143 1908 3349 1963 duobus
3376 1910 3727 1978 diaeonibus;
3758 1923 3810 1969 et
3841 1916 3931 1971 illa

2343 1990 2452 2047 duo
2480 2005 2776 2049 cereostata
2801 2010 2919 2065 qua:
2964 2006 3090 2053 ante
3134 1998 3348 2054 fuerunt
3376 2001 3676 2056 illuminat:
3714 2018 3932 2073 semper

2347 2091 2477 2139 ante
2528 2084 2699 2153 ipsum
2751 2088 3092 2156 praet-edunt,
3134 2092 3426 2161 usquedum
3494 2095 3677 2149 omnia
3726 2095 3933 2153 ﬁnierit

2343 2174 2475 2247 [Al.,
2512 2175 2708 2232 fuerint
2737 2178 3048 2252 completa].
3078 2179 3196 2235 Mox
3230 2191 3284 2235 ut
3326 2184 3537 2238 venerit
3570 2194 3696 2240 ante
3726 2186 3929 2253 fontes,

2340 2273 2489 2318 stans
2513 2264 2782 2321 benedicit
2806 2266 3001 2334 fontes,
3035 2279 3091 2324 ut
3132 2285 3249 2325 mos
3273 2282 3377 2327 est.
3410 2272 3509 2328 llic
3538 2276 3772 2344 primum
3804 2290 3932 2332 (τοι

2340 2368 2456 2407 cem
2500 2354 2645 2422 facit,
2681 2356 2786 2422 Qui
2806 2357 2942 2412 lianc
2964 2377 3167 2430 aquam,
3200 2376 3321 2419 cum
3352 2380 3512 2419 manu
3554 2380 3650 2420 sua
3679 2367 3932 2423 dividens

2341 2458 2533 2513 aquam
2573 2446 2623 2499 in
2653 2448 2867 2503 modum
2894 2451 3099 2516 crucis;
3127 2453 3456 2519 secundam:
3493 2454 3645 2510 Unde
3682 2459 3931 2515 benedice

2334 2541 2416 2599 te;
2439 2535 2683 2591 similiter
2708 2540 2920 2592 tertiam
2945 2557 2958 2593 :
2990 2540 3242 2597 Benedico
3264 2552 3312 2598 te
3331 2561 3420 2615 per
3445 2538 3623 2599 Jesum
3645 2547 3929 2606 Christum.

2342 2622 2467 2676 l‘ost
2490 2625 2665 2680 fontes
2696 2626 3027 2695 benedictus,
3062 2632 3221 2687 mittit
3250 2634 3477 2689 chrisma
3510 2652 3632 2690 cum
3669 2653 3802 2694 vase
3831 2655 3932 2695 au-

2340 2727 2456 2779 reo,
2511 2727 2565 2771 et
2606 2721 2839 2790 aspergit
2873 2719 3006 2791 [Al.,
3048 2723 3321 2796 expandit]
3368 2740 3560 2793 aquam
3600 2742 3728 2783 cum
3766 2746 3930 2788 manu

2339 2820 2502 2876 super
2538 2812 2817 2880 p0pulum.
2863 2814 3013 2870 Tunc
3055 2817 3310 2884 baptizat,
3360 2829 3412 2872 et
3459 2818 3597 2873 redit
3644 2820 3698 2876 in
3748 2838 3931 2878 sacra-

2338 2900 2499 2964 rium,
2553 2913 2892 2973 exspcetans,
2932 2915 2989 2959 ut
3033 2920 3155 2962 cum
3214 2908 3397 2962 vestiti
3429 2907 3631 2964 fuerint
3671 2910 3924 2980 infantes.

2337 2994 2618 3050 confirmet
2647 3010 2763 3051 eos.

2411 3085 2499 3139 l0.
2545 3086 2743 3142 Deinde
2765 3086 2944 3142 schola
2970 3086 3121 3157 jussu
3146 3087 3274 3144 facit
3301 3089 3535 3147 litaniam
3564 3103 3693 3147 ante
3715 3092 3920 3151 altare:

2336 3175 2563 3243 primam
2604 3185 2914 3245 septenum;
2952 3178 3123 3248 spatio
3156 3178 3294 3234 facto
3323 3179 3524 3235 faciunt
3551 3184 3778 3238 alteram
3808 3190 3929 3255 qni-

2335 3280 2493 3334 nam;
2546 3268 2822 3324 intervailo
2869 3269 3008 3325 facto
3051 3270 3252 3325 faciunt
3308 3273 3522 3327 tertiam
3574 3287 3805 3330 lernam.
3860 3279 3923 3330 Et

2332 3358 2459 3414 dum
2506 3358 2698 3414 dzcitttr
2740 3360 2915 3432 Agnus
2947 3360 3059 3427 Dei,
3112 3360 3365 3430 magister
3401 3362 3606 3419 scholae
3648 3359 3787 3418 dicit
3834 3380 3922 3420 ex-

2338 3450 2481 3505 celsa
2514 3464 2647 3504 voce
2676 3451 2970 3517 Accendite,
2996 3461 3049 3506 et
3072 3459 3195 3506 tunc
3222 3452 3558 3507 illuminatur
3575 3454 3833 3509 ecclesia.
3860 3455 3924 3508 Et

2336 3541 2581 3610 procedit
2609 3540 2845 3610 pontifex
2883 3542 2951 3597 de
2976 3542 3210 3598 sacrario
3234 3558 3357 3598 eum
3397 3542 3608 3599 duobus
3646 3555 3920 3600 ccreosta-

2335 3633 2427 3699 tis,
2466 3633 2609 3689 unde
2648 3635 2893 3704 superius
2935 3634 3183 3700 diximus,
3228 3644 3285 3690 et
3323 3644 3466 3690 stant
3494 3636 3634 3691 sicut
3681 3644 3844 3691 ante:
3887 3652 3918 3690 a

2333 3724 2536 3778 dextris
2583 3734 2639 3779 et
2686 3725 2921 3779 sinistris
2969 3724 3177 3779 altaris.
3235 3725 3439 3778 Litania
3491 3725 3729 3793 expleta,
3792 3725 3919 3780 dicit

2334 3816 2570 3886 pontifex
2614 3815 2793 3869 Gloria
2818 3817 2873 3869 in
2905 3816 3115 3870 excelsis
3155 3816 3291 3881 Deo,-
3332 3816 3526 3872 deinde
3558 3817 3756 3889 legitur
3783 3820 3920 3886 Apo-

2332 3908 2524 3974 stolus,
2556 3908 2801 3972 Alleluia,
2831 3907 3155 3977 Con/itemini
3178 3905 3422 3963 Domino.
3460 3907 3642 3962 Tract.
3688 3908 3919 3963 Laudato

2338 3998 2634 4064 Dominum,
2685 4015 2857 4053 omnes
2913 4006 3106 4068 gentes.
3142 3998 3543 4054 Nondesntent
3595 3998 3909 4063 Oll'erenda,

2337 4106 2435 4146 nec
2478 4093 2652 4161 Agnus
2698 4090 2816 4159 Dei,
2851 4106 2948 4147 nec
2986 4090 3451 4147 Communionem.
3504 4092 3646 4147 Ante
3678 4093 3915 4163 Evange.

2337 4185 2460 4238 lium
2494 4200 2599 4238 non
2644 4192 2858 4252 portant
2888 4184 3084 4238 lumina
3115 4184 3169 4238 in
3206 4183 3318 4252 ipsa
3353 4196 3532 4249 nocte,
3571 4186 3669 4240 sed
3709 4194 3910 4240 tantum

2345 4276 2639 4329 incensum.
2703 4274 2999 4342 Episcopus
3041 4274 3201 4329 debet
3249 4275 3429 4330 dicere
3477 4276 3697 4345 quando
3756 4280 3916 4329 mittit

2319 4351 2566 4417 chrisma
2613 4364 2663 4415 in
2711 4361 2978 4417 frontibus
3022 4363 3327 4418 infantum:
3359 4363 3426 4418 In
3471 4366 3679 4419 nomine
3717 4364 3916 4429 Patris,

2332 4466 2376 4506 et
2406 4450 2557 4519 Filii,
2595 4464 2641 4508 et
2674 4452 2901 4522 Spiritus
2939 4455 3125 4520 sancti,
3166 4472 3269 4525 pax
3315 4464 3502 4510 tecum.
3540 4456 3919 4526 Respondetur

2335 4543 2402 4598 Et
2433 4560 2546 4597 cum
2575 4545 2758 4609 spiritu
2790 4554 2898 4598 tuo.

2410 4639 2496 4693 ll.
2538 4636 2580 4691 A
2616 4636 2817 4690 Pascha
2852 4650 3021 4706 usque
3050 4637 3101 4690 in
3129 4637 3357 4691 Octavas
3378 4636 3590 4692 Domini
3623 4638 3690 4692 ad
3727 4652 3919 4692 nmmo-5

2333 4747 2522 4787 cursus
2557 4744 2663 4782 non
2705 4740 2951 4787 cantatur
2992 4730 3432 4799 Responsorium,
3464 4744 3563 4785 nec
3590 4730 3753 4784 lectio
3791 4732 3921 4787 reci-

2337 4832 2504 4888 tatur;
2536 4823 2629 4885 scd
2664 4838 2760 4895 pro
2802 4823 2969 4878 Versu
2999 4832 3053 4876 et
3097 4821 3459 4890 Responsorio
3498 4831 3751 4877 cantatur
3785 4820 3920 4876 Gra-

2333 4918 2453 4973 dale
2483 4917 2610 4971 Ilwc
2648 4916 2754 4969 dies
2780 4931 2932 4986 quam
2979 4914 3094 4979 fecit
3128 4913 3394 4976 Dominus,
3441 4921 3646 4968 tantum
3678 4924 3703 4951 ο
3726 4914 3916 4969 semel.

2329 5010 2388 5066 lu
2439 5012 2773 5065 Dominicum
2834 5008 3052 5063 Pascha:
3107 5022 3271 5076 super
3324 5007 3508 5063 Venite
3558 5008 3760 5063 dicitur
3817 5011 3916 5062 Ali.

2333 5144 2653 5206 Amalaritts,
2685 5144 2774 5198 lib.
2809 5159 2856 5209 ι,
2891 5156 3008 5211 cap.
3033 5141 3123 5208 20,
3153 5151 3210 5196 ut
3248 5143 3492 5211 superius
3534 5146 3917 5211 przrmisimus.

2407 5216 2430 5253 ἀ
2473 5218 2728 5283 Apposite
2756 5215 2821 5267 ad
2853 5215 2992 5268 hunc
3020 5216 3190 5267 locum
3248 5212 3572 5283 Walufridus
3613 5216 3839 5278 Strabo,
3872 5220 3917 5267 in

2330 5300 2449 5355 Cap.
2480 5282 2583 5348 22,
2605 5286 2872 5339 existimat
2920 5286 3102 5351 priscis
3143 5285 3454 5352 temporibus
3496 5282 3686 5337 Patres
3713 5296 3918 5339 sanctus

2329 5358 2529 5410 silentio
2550 5354 2793 5409 obtulisse
2824 5355 2900 5407 vel
2943 5355 3373 5414 communicasse,
3401 5356 3537 5422 quod
3557 5355 3715 5406 etiam
3739 5358 3918 5407 hacte~

2330 5444 2448 5494 nus,
2472 5425 2660 5493 inquit,
2702 5427 2754 5477 in
2781 5424 3004 5478 Sabbato
3030 5433 3207 5478 sancto
3239 5421 3456 5477 Pascha:
3486 5424 3847 5478 observamus.

2407 5507 2428 5534 θ
2474 5498 2526 5551 In
2555 5495 2867 5562 quibusdam
2897 5496 3017 5547 Mss.
3046 5496 3233 5564 legitur
3251 5509 3437 5563 prima,
3464 5496 3605 5561 quod
3624 5499 3918 5563 Scriptores

2331 5569 2470 5623 male
2498 5567 2824 5623 reddiderint
2870 5578 2885 5631 (
2912 5573 2970 5618 ut
2998 5566 3209 5633 quidem
3239 5566 3409 5631 puto)
3441 5568 3579 5617 hanc
3629 5579 3819 5618 notam
3870 5572 3913 5623 t.

2328 5654 2447 5707 qua:
2477 5655 2654 5704 mnun,
2678 5637 2902 5708 primum
2941 5646 2993 5692 et
3020 5634 3171 5689 tentet
3204 5646 3299 5703 pro
3327 5637 3406 5689 rei
3439 5644 3579 5690 nata:
3627 5636 3916 5691 occasione

2329 5713 2446 5781 sign
2471 5712 2617 5767 ficit.
