4042 6332
203 359 309 422 965

1436 363 1697 420 ROMANI
1737 363 2049 421 URDINES.
2092 394 2158 403 —-
2197 360 2235 419 1.

3373 367 3485 439 966

203 494 339 540 ante
369 485 790 551 I’rwmcupemus
827 482 1014 553 faciem
1038 484 1170 553 ejus,
1208 488 1261 537 ct
1302 494 1397 551 per
1429 494 1615 541 omnes
1647 482 1791 539 Psal-
1818 488 1868 549 Α
1896 485 1967 540 ris
1994 486 2099 539 All.
2136 484 2314 538 Venite
2357 484 2665 539 exsttltemtts
2697 479 2938 540 Domino.
2971 480 3131 540 νει-ε.
3170 482 3234 553 2,
3274 483 3485 540 Pra‘oc-

210 591 337 630 tuos
368 582 614 629 cantatur
643 572 892 626 Alleluia.
922 574 975 626 ltt
1003 574 1235 629 secunda
1270 573 1399 630 feria
1428 574 1497 631 ad
1534 575 1712 631 Venite
1742 585 1798 631 et

209 680 316 730 per
370 674 535 718 totam
572 661 960 716 hebdomadam
1014 663 1199 719 dicunt
1258 663 1617 734 Antiphonem
1663 665 1797 721 Sur-

205 760 347 811 rexit-
373 756 619 809 Dominus
658 770 790 817 vere,
816 754 920 807 All.

284 847 373 902 12.
416 846 496 900 Ad
528 858 779 911 vesperas
800 843 907 896 diei
931 843 1151 898 Pas-elue
1178 854 1371 911 sancti,
1395 847 1753 903 conveniente
1772 855 1796 882 °

204 938 399 991 schola
429 936 532 1007 37
564 933 856 1000 temporius
882 947 1005 988 cum
1033 935 1299 1004 episcopis
1326 945 1381 990 et
1404 936 1715 991 diaconibus
1746 940 1797 991 in

204 1027 442 1081 ecclesia
462 1025 664 1094 majore
685 1023 755 1078 ad
795 1024 968 1078 locum
996 1023 1022 1062 ι’
1056 1024 1319 1091 cruciﬁxi,
1349 1025 1611 1095 incipiunt
1640 1026 1803 1097 Kyrie

204 1115 425 1178 eleison,
466 1121 522 1168 et
566 1114 791 1168 veniunt
831 1126 1001 1182 usque
1029 1112 1096 1166 ad
1141 1115 1333 1168 altare.
1371 1115 1802 1171 Aseendentibus

204 1204 530 1260 diaconibus
569 1204 627 1259 in
649 1216 670 1244 ε
702 1204 943 1274 pogium,
972 1202 1208 1273 episcopi
1259 1212 1319 1258 et
1348 1204 1644 1275 presbyteri
1686 1212 1799 1260 sta-

207 1303 439 1350 tuuntur
467 1294 519 1349 in
550 1293 686 1349 locis
708 1290 737 1331 ἀ
766 1292 900 1360 suis,
924 1301 979 1346 et
1004 1292 1190 1347 schola
1217 1302 1343 1349 ante
1366 1293 1554 1349 altare.
1583 1293 1760 1350 Finito
1776 1305 1800 1332 θ

207 1383 382 1455 ιιίτὶε
403 1384 611 1449 eleison,
639 1384 826 1439 annuit
852 1382 1259 1439 archidiaconus
1285 1384 1455 1452 primo
1481 1385 1716 1453 scholae;
1745 1396 1804 1443 et

217 1475 316 1529 ille
364 1473 625 1528 inclinans
668 1487 729 1529 se
769 1473 864 1539 illi,
920 1473 1109 1543 incipit
1157 1474 1383 1529 Alleluia
1410 1488 1545 1530 cum.
1588 1476 1802 1533 Psaltno

207 1563 365 1626 Dixit
403 1562 659 1619 Dominus
703 1560 923 1617 Domino
951 1578 1084 1618 meo.
1138 1563 1269 1619 Post
1311 1564 1455 1620 hunc
1491 1567 1680 1620 annuit
1709 1579 1803 1621 se-

206 1656 415 1725 cundo,
442 1657 528 1712 vel
557 1656 642 1710 cui
678 1655 906 1711 voluerit
935 1673 949 1708 :
983 1655 1078 1711 sed
1112 1671 1167 1710 et
1204 1657 1454 1713 omnibus
1486 1657 1801 1728 incipienti-

208 1749 322 1805 bus
371 1748 475 1805 hoc
511 1748 676 1805 modo
715 1747 976 1819 praecipit.
1030 1749 1165 1805 Dicit
1206 1748 1366 1819 igitur
1407 1751 1635 1805 Alleluia
1681 1767 1802 1807 eum

1897 591 2138 642 cupentus
2165 576 2351 644 [aciem
2396 577 2527 646 ejus.
2565 575 2713 631 Vera.
2743 572 2799 641 ὅ,
2831 574 3006 629 Hodie
3042 576 3088 629 si
3132 590 3308 630 vocem
3346 579 3482 646 ejus.

1900 664 2031 719 Post
2062 665 2161 719 hoc
2187 664 2427 734 sequitur
2451 666 2709 719 diaconus
2731 666 2852 719 Ant.
2884 664 2998 721 Cito
3024 672 3203 719 euntes
3226 665 3380 720 dicite
3406 665 3488 721 di.

1900 756 2115 824 stipulis
2160 757 2293 830 ejus.
2350 757 2554 813 Deinde
2591 757 2777 813 Oratio
2817 771 3033 826 semper
3075 755 3279 826 absque
3326 754 3487 824 και-ἔα

1892 846 2112 913 eleison,
2150 858 2207 903 et
2247 856 2377 903 tunc
2416 849 2619 903 vadunt
2677 846 2744 902 ad
2788 856 3032 903 sanetum
3056 842 3084 882 ¹³
3114 845 3385 902 Andream
3420 845 3487 901 ad

1898 950 2138 1004 ctucem,
2182 946 2438 995 canento-s
2487 943 2612 994 Ant.
2661 936 2785 991 Vidi
2812 953 3002 1006 aquam
3049 937 3390 1007 egredientem
3427 936 3489 990 de

1902 1028 2091 1094 tentplo
2117 1042 2150 1079 a
2178 1027 2338 1079 latere
2365 1024 2546 1079 dextro
2576 1025 2705 1092 All.,
2738 1035 2786 1079 et
2822 1041 2995 1080 omnes
3017 1026 3089 1079 ad
3112 1042 3237 1095 quos
3265 1025 3489 1096 pervenit

1901 1129 2037 1183 aqua
2077 1114 2175 1167 ista
2222 1112 2350 1166 salvi
2396 1112 2522 1181 [acti
2562 1120 2702 1179 sunt,
2747 1123 2797 1168 et
2840 1116 3007 1169 dicent
3047 1114 3176 1181 All.,
3215 1114 3310 1170 all.
3360 1116 3490 1171 Post

1904 1201 2041 1257 hanc
2065 1204 2246 1257 dicant
2274 1202 2381 1256 All.
2403 1217 2528 1258 cum
2561 1203 2769 1259 Psalmo
2794 1218 2937 1259 cstv.
2961 1205 3085 1271 Quo
3107 1205 3283 1273 linito,
3304 1206 3488 1262 schola

1904 1290 2091 1361 incipit
2118 1291 2223 1344 All.
2258 1290 2440 1344 Venite
2469 1292 2780 1346 essaltemus
2811 1290 3055 1361 Domino,
3098 1302 3152 1348 et
3192 1294 3397 1365 reliqua
3430 1302 3493 1351 ut

1905 1401 2087 1453 supra.
2119 1384 2246 1439 Post
2274 1384 2467 1439 dicitur
2494 1383 2623 1439 Ant.
2654 1382 2768 1440 Cito
2817 1395 3013 1451 euntes,
3053 1385 3252 1442 deinde
3274 1386 3489 1444 Oratio.

1901 1475 2107 1532 Deinde
2153 1474 2495 1531 descendunt
2528 1474 2781 1543 primates
2823 1475 3066 1531 ecclesiae
3108 1474 3176 1530 ad
3224 1476 3489 1543 aecubita,

1904 1565 2171 1621 invitante
2234 1565 2445 1621 notario
2506 1565 2850 1634 vieedomtto,
2907 1575 2965 1623 et
3024 1565 3214 1623 bibunt
3261 1573 3363 1635 ter,
3422 1566 3492 1624 de

1903 1657 2093 1714 Graeco
2127 1655 2142 1694 ί
2167 1656 2362 1725 semel,
2396 1656 2463 1712 de
2491 1656 2670 1712 Paetis
2699 1656 2890 1723 semel,
2911 1656 2979 1713 de
3017 1656 3277 1713 Procoma
3301 1657 3492 1714 semel.

1908 1748 2196 1818 Postquam
2230 1746 2463 1802 biberint
2485 1761 2675 1804 omnes
2715 1745 3040 1819 presbyteri,
3069 1754 3123 1803 et
3151 1761 3338 1803 omnes
3377 1748 3493 1804 dia-

209 1838 432 1897 Psalmo
459 1856 550 1896 cx.
582 1841 836 1909 Sequitur
866 1848 988 1911 post
1023 1841 1165 1896 hunc
1195 1841 1398 1911 primus
1433 1843 1635 1899 schola:
1677 1860 1801 1899 cum
1838 1854 1880 1913 Β
1909 1840 2052 1904 coni,
2086 1854 2181 1894 seu
2211 1837 2544 1903 subdiaconi,
2580 1838 2663 1894 vel
2695 1853 2886 1894 omnes
2913 1837 3148 1910 acolytlti
3178 1852 3274 1909 per
3307 1839 3493 1909 singu~

210 1933 615 2003 paraplsoni~tis
646 1932 939 1988 infantibus
977 1932 1235 1999 Alleluia;
1262 1942 1318 1988 et
1346 1935 1673 2004 respondent
1704 1950 1798 2004 pa-

208 2022 567 2091 raphonistae.
629 2023 881 2093 Sequitur
917 2023 1283 2079 subdiaconus
1335 2038 1459 2079 cum
1508 2016 1800 2081 infantibus

206 2113 468 2182 Alleluia,
497 2113 749 2169 Dominus
773 2116 1017 2185 regnavit,
1046 2125 1102 2169 et
1132 2114 1365 2182 reliqua;
1395 2124 1449 2171 et
1479 2131 1691 2185 semper
1716 2132 1803 2171 rec

206 2209 485 2278 spondent
511 2209 717 2279 paraplt
739 2210 927 2274 enistat,
959 2218 1013 2263 et
1035 2210 1353 2267 annuntiat“
1380 2210 1532 2267 Vere.
1558 2210 1595 2263 2
1623 2211 1786 2266 infan-

209 2297 389 2361 tibus,
421 2296 617 2351 Parata
647 2298 789 2352 sedes
818 2309 909 2352 tua
932 2298 1082 2352 Deus.
1118 2297 1249 2355 Item
1281 2299 1433 2355 Vers.
1463 2301 1516 2368 5,
1563 2302 1804 2357 Elevare-

208 2393 601 2463 runt/lumina,
643 2392 881 2452 Domine.
928 2393 1057 2448 Post
1085 2394 1185 2448 bos-
1223 2394 1414 2450 Versus
1456 2396 1651 2450 salutat
1694 2396 1802 2465 pri-

210 2498 341 2538 mus
369 2485 579 2540 scholae.
604 2485 1059 2551 archidiaconum,
1100 2496 1153 2541 et
1192 2487 1284 2542 illo
1314 2500 1583 2544 annuente
1617 2491 1802 2559 incipit

210 2573 446 2628 Alleluia
484 2591 604 2630 cum
639 2577 889 2631 melodiis
932 2577 1236 2633 infantium.
1282 2579 1401 2646 Qua
1444 2581 1679 2648 expleta,
1720 2598 1806 2636 τε*

210 2665 489 2733 spondent
550 2666 944 2735 paraphonistae
998 2668 1188 2722 semel.
1244 2668 1374 2723 Post
1422 2671 1562 2723 hanc
1618 2673 1804 2742 incipit

214 2764 294 2809 tet
308 2756 413 2809 tius
442 2755 664 2811 Alleluia
693 2771 811 2811 cum
845 2757 1057 2813 Psalmo
1086 2773 1196 2814 CXI.
1247 2760 1401 2815 nunc
1428 2763 1670 2831 sequitur
1712 2763 1797 2816 Al.

212 2847 399 2902 leluia.
432 2845 637 2901 Pascha
669 2857 899 2902 nostrum
929 2849 1221 2903 immolatus
1246 2860 1323 2905 est
1355 2851 1608 2906 Christus.
1649 2852 1800 2907 Vers.

216 2935 512 3005 Epulemur
537 2939 589 2992 in
611 2940 825 3010 azymis.
862 2941 973 2996 lloe
1015 2942 1234 3012 expleto
1254 2944 1443 2998 ordine
1483 2961 1589 3013 quo
1618 2959 1801 3015 supra,

216 3019 411 3095 incipit
481 3029 895 3085 archidiaconus
944 3031 999 3085 in
1045 3029 1065 3070 τ
1108 3032 1393 3103 Evangelia
1444 3033 1804 3104 Aulipbonam

216 3116 349 3170 Scio
372 3119 510 3189 quod
537 3119 718 3174 Jesum
742 3122 994 3191 quterJtis,
1036 3122 1119 3177 vel
1159 3122 1339 3177 Jesum
1387 3140 1531 3193 quem
1558 3127 1802 3195 quaeritis.

1907 1933 1987 1987 los
2014 1931 2221 1996 titulos,
2257 1930 2491 1985 redeunt
2516 1929 2583 1984 ad
2612 1928 2889 1985 faciendos
2916 1928 3203 2000 Vesperas,
3225 1938 3282 1984 et
3310 1929 3493 1987 bibent

1902 2022 1972 2077 de
2002 2023 2128 2075 dato
2174 2019 2506 2091 presbyteri.
2550 2018 2677 2074 llaec
2701 2020 2836 2075 ratio
2860 2033 2958 2090 per
2996 2026 3165 2075 totam
3194 2018 3473 2076 hebdoma-

1903 2114 2029 2168 dam
2061 2113 2366 2168 servabitur
2392 2125 2560 2182 usque
2584 2112 2636 2166 in
2670 2111 3005 2167 Dominicam
3033 2112 3088 2166 in
3118 2110 3287 2166 Albis.

1977 2225 2061 2279 l3.
2087 2223 2239 2279 Feria
2267 2221 2500 2279 secunda
2536 2221 2603 2276 ad
2638 2222 2898 2291 Vesperas
2943 2222 3138 2278 iterum
3168 2220 3235 2276 ad
3262 2220 3488 2277 Latera-

1904 2315 1987 2369 nis
2004 2313 2191 2368 ordine
2214 2327 2320 2383 quo
2346 2325 2508 2381 supra
2538 2311 2924 2381 ingrediuntur,
2959 2311 3063 2379 his,
3089 2310 3193 2365 All.
3224 2321 3492 2367 mutantes

1904 2411 2027 2474 post
2082 2402 2349 2457 Psaltnutu
2379 2415 2490 2455 cst.
2533 2400 2638 2454 All.
2669 2398 2885 2455 Domine
2930 2400 3184 2472 refugium
3223 2404 3388 2469 {actus
3435 2417 3491 2456 es

1902 2495 2051 2547 nobis
2075 2511 2106 2547 a
2168 2493 2493 2564 generatione
2522 2501 2569 2545 et
2624 2493 2881 2563 progenie.
2934 2491 3085 2546 Vers.
3116 2491 3152 2544 2
3183 2488 3493 2562 Priusquam

1904 2593 2100 2636 montes
2140 2584 2319 2651 ﬁerent
2349 2567 2437 2635 aut
2472 2583 2762 2649 firmaretur
2790 2581 2924 2635 orbis
2968 2589 3135 2648 teme,
3167 2596 3198 2633 a
3227 2580 3417 2635 seculo
3448 2589 3493 2634 et

1905 2664 2062 2741 usque
2107 2672 2160 2724 in
2199 2672 2446 2726 sarculum
2499 2680 2552 2724 tu
2589 2687 2666 2735 es,
2722 2669 2880 2725 Deus.
2932 2671 2986 2724 ln
3028 2670 3318 2738 Evangelio
3364 2669 3495 2726 dicit

1904 2761 2158 2816 diaconus
2208 2768 2332 2817 Aut.
2368 2759 2555 2814 Nonne
2600 2760 2671 2813 sic
2719 2759 2943 2827 apertuit
2983 2758 3091 2830 pati
3118 2757 3400 2824 Christum,
3443 2768 3495 2813 et

1904 2855 2097 2908 intrare
2125 2854 2179 2906 in
2219 2854 2437 2924 gloriam
2483 2869 2627 2907 suam
2658 2852 2764 2907 All.
2802 2854 2929 2907 Data
2959 2852 3216 2907 Oratione
3259 2853 3488 2908 descen-

1905 2944 2037 2999 dunt
2061 2945 2125 2999 ad
2149 2941 2323 2998 fontes
2354 2958 2474 2997 cum
2504 2946 2628 2996 Attt.
2656 2943 2902 3014 Lapidem
2931 2958 3078 3011 quem
3102 2944 3496 3010 reprobaverunt

1906 3037 2236 3105 testiﬁcantes,
2268 3035 2349 3087 Itic
2380 3039 2542 3103 [actus
2582 3044 2653 3087 est
2682 3036 2731 3085 in
2759 3041 2912 3102 caput
2958 3033 3162 3104 anguli.
3194 3032 3235 3086 A
3270 3033 3491 3087 Domino

1910 3130 2103 3197 factum
2147 3134 2239 3190 est,
2271 3134 2315 3176 et
2358 3134 2430 3178 est
2462 3124 2694 3177 mirabile
2721 3125 2773 3175 in
2814 3124 2973 3176 oculis
3004 3126 3192 3176 nostris
3232 3123 3363 3185 All.,
3395 3122 3491 3178 all.

219 3207 355 3263 Post
385 3211 499 3263 Ita-c
523 3210 656 3265 dicit
677 3216 926 3267 sacerdos
946 3210 1274 3281 Orationem,
1303 3224 1359 3269 et
1382 3215 1713 3271 descendunt
1739 3218 1805 3272 ad
1836 3222 1880 3283 C
1913 3216 2138 3282 Deinde,
2168 3226 2286 3283 post
2318 3215 2585 3268 Psalntutn
2637 3227 2768 3280 cxtt,
2802 3212 3044 3282 sequitur
3076 3212 3179 3266 All.
3210 3224 3264 3266 ιο
3292 3216 3489 3272 ποιμαί-

218 3298 399 3355 lontes
446 3315 568 3357 eum
621 3303 927 3372 Antiphone
978 3301 1046 3359 In
1103 3304 1188 3359 die
1233 3308 1614 3362 resurrectionis
1661 3323 1804 3364 metr.

212 3389 394 3457 Quam
423 3401 483 3447 ut
502 3394 759 3464 finierint,
789 3397 918 3451 dicit
948 3397 1150 3467 primus
1187 3398 1389 3454 schola:
1416 3401 1605 3456 Allelui
1623 3422 1659 3471 ι,
1688 3419 1808 3459 cum

221 3483 443 3540 Psalmo
465 3502 593 3543 CXII.
620 3488 870 3559 Sequitur
898 3490 1143 3558 Alleluia,
1174 3502 1229 3547 '0
1252 3494 1430 3567 κύριος
1456 3496 1808 3556 ἕϐασίλευσεν.

221 3574 356 3629 Item
390 3577 613 3633 Versum
645 3584 725 3635 καὶ
750 3583 847 3657 γὰρ
878 3583 1158 3653 Eat-spicea!
1198 3589 1288 3644 τήν
1310 3588 1621 3658 οἰκουμένην,
1657 3592 1690 3648 ἦ
1716 3612 1810 3651 re;

213 3669 287 3722 ποὺ
325 3669 709 3730 σαλευθήσεθαι.
746 3674 922 3728 Finito
952 3674 1138 3730 ordine
1177 3690 1283 3745 quo
1314 3693 1493 3747 supra,
1528 3691 1646 3752 post
1673 3681 1810 3737 huic

230 3761 480 3828 sequitur
514 3762 773 3817 diaconus
804 3764 1069 3819 secundus
1116 3766 1171 3820 in
1225 3767 1513 3837 Evangelia
1541 3773 1666 3825 Ant.
1716 3772 1817 3827 Vr-

223 3852 336 3904 m'te
376 3863 423 3907 et
471 3855 631 3909 videte
661 3857 825 3909 locum
877 3856 963 3910 ubi
1016 3857 1210 3925 positus
1256 3868 1363 3911 erat
1395 3860 1643 3916 Dominus
1681 3863 1808 3932 All,

224 3942 327 3994 all.
362 3942 558 3998 Deinde
580 3944 706 3999 dicit
729 3946 982 4001 sacerdos
1011 3949 1342 4015 Orationem,
1371 3960 1422 4004 et
1458 3961 1581 4005 tunc
1613 3953 1814 4006 vadunt

224 4032 295 4085 ad
353 4042 596 4089 sanctum
640 4037 901 4091 Joannem
940 4048 964 4085 ε
992 4038 1056 4091 ad
1110 4038 1350 4104 Vestem,
1404 4050 1659 4096 canentes
1703 4044 1813 4113 38

227 4125 367 4183 Ant.
402 4126 646 4196 Lapidem
679 4143 828 4197 quem
867 4128 1283 4198 reprobat'eruut,
1324 4129 1521 4185 deinde
1556 4133 1660 4189 All.
1691 4149 1810 4188 cunt

227 4221 444 4278 Psalmo
473 4233 624 4275 cxm.
658 4218 859 4274 Deinde
891 4220 1094 4289 primus
1139 4219 1338 4276 scholae
1377 4222 1506 4277 dicit
1531 4238 1655 4278 cum
1683 4241 1815 4296 pue-

303 4388 329 4415 °
369 4378 564 4434 Confer
593 4378 865 4450 vulgatum
895 4376 1145 4450 Ordinem
1174 4376 1488 4443 Romanum,
1509 4394 1538 4432 a
1570 4395 1689 4450 p-tg.
1713 4381 1803 4448 80,

226 4450 320 4504 ubi
370 4451 532 4504 multa
580 4463 698 4514 qua:
725 4447 811 4502 hic
843 4448 1163 4513 referuntur,
1194 4450 1409 4502 omnino
1437 4464 1565 4503 vero
1595 4447 1800 4507 Grates.
1846 4489 1851 4493 ς

305 4519 333 4557 δ
358 4520 413 4573 Id
444 4529 525 4572 est
554 4518 620 4573 ad
646 4519 819 4573 locum
848 4518 938 4572 ubi
964 4519 1203 4572 cruciﬁxi
1236 4528 1406 4572 statua
1433 4521 1565 4577 trahi
1590 4521 1641 4574 in
1664 4523 1802 4577 basi-

1912 3330 2006 3364 νων
2026 3310 2109 3364 τ’ὁν
2146 3308 2353 3382 Ἰσραὴλ
2390 3304 2650 3383 πρόσχες,
2682 3305 2707 3361 ὁ
2738 3303 2930 3377 ὁδηγῶν
2969 3306 3091 3359 ὡσεὶ
3117 3305 3374 3379 πρόϐατον
3409 3305 3494 3360 τὸν

1915 3401 2121 3474 Ἰωσήφ.
2142 3400 2199 3454 Ὀ
2222 3402 2493 3470 καθήμενος
2510 3402 2593 3453 ἐπὶ
2614 3402 2700 3454 τὸν
2725 3399 2984 3473 χιρουϐὶμ
2999 3399 3257 3472 ἐμφάνιθι,
3280 3400 3497 3453 ἐναντίαν

1914 3494 2111 3566 Εφραὶμ
2136 3494 2223 3544 καὶ
2253 3492 2477 3559 ὺεναμὶν,
2512 3492 2598 3542 καὶ
2627 3494 2877 3547 Μανασσῆ
2913 3485 3083 3555 (Psal.
3117 3501 3299 3550 LXXIX,
3338 3487 3386 3551 1,
3417 3487 3499 3556 2),

1915 3584 2146 3655 Atta-sitast
2186 3583 2234 3645 ἐξ
2262 3582 2522 3653 Δεγῦπτου
2568 3585 2810 3652 μετῇρας.
2846 3576 3104 3641 Ἐξέϐαλις
3132 3578 3241 3633 ἔθνη
3282 3579 3366 3630 καὶ

1916 3676 2297 3743 κατεφύτευσας
2329 3673 2508 3729 αὐτὴν
2549 3668 2867 3728 Ωδοποίησκς
2890 3666 3179 3741 ἔμπροσθεν
3215 3666 3391 3731 αὐτῆς,
3419 3675 3502 3723 καὶ

1916 3768 2175 3841 ἐπλήρωσε
2205 3770 2294 3823 τήν
2322 3763 2462 3838 νῆι(
2490 3761 2629 3815 Ibid.
2654 3761 2709 3829 9,
2760 3761 2872 3831 10).
2906 3759 3032 3815 l’ost
3077 3759 3217 3813 hunc
3247 3759 3299 3813 in
3326 3758 3509 3815 Evan—

1914 3855 2056 3926 gelio
2088 3857 2211 3908 Ant.
2254 3855 2610 3923 Cognoverunt
2661 3851 2939 3904 Dominum
2984 3851 3114 3916 All.,
3154 3852 3204 3902 in
3249 3850 3499 3920 fractione

1921 3949 2092 4018 panis,
2119 3948 2225 4001 All.
2253 3947 2321 4000 Et
2348 3928 2469 3999 data
2493 3945 2741 3998 Oratione
2769 3958 2890 3998 cum
2916 3942 3221 4011 Antiphone
3245 3960 3259 4008 ;
3285 3942 3496 4011 qualem

1918 4040 2148 4095 volueris
2181 4052 2276 4107 pro
2316 4037 2455 4101 loco,
2481 4036 2809 4090 descendunt
2848 4034 2915 4089 ad
2942 4043 3182 4089 sanctum
3208 4034 3497 4101 Andream,

1918 4130 2169 4199 dictoque
2215 4128 2417 4197 psalmo
2459 4139 2607 4191 eam,
2669 4130 2913 4194 sequitur
2951 4124 3193 4188 Alleluia,
3238 4122 3305 4177 In
3361 4127 3499 4178 exitu

1921 4221 2091 4276 Israel
2121 4235 2184 4273 ea:
2212 4217 2465 4288 Egypto,
2498 4215 2679 4268 domus
2723 4213 2885 4267 Iacob
2917 4213 2980 4266 tle
3023 4210 3214 4285 papula
3263 4212 3498 4267 barbaro.

1987 4392 2012 4430 Β
2046 4381 2204 4436 Deest
2244 4380 2295 4434 itt
2327 4377 2642 4447 quibusdam
2670 4377 2749 4447 ad
2785 4374 3005 4429 Vestem.
3038 4374 3188 4447 Apud
3227 4375 3495 4446 vulgatum

1913 4454 2219 4515 Alcuiutttn,
2267 4446 2605 4503 adstrictum
2650 4446 2906 4500 Joannem
2954 4447 3021 4497 ad
3070 4446 3262 4498 Fontis
3301 4462 3389 4499 seu
3428 4449 3496 4500 ad

1920 4524 2140 4577 Vestem.
2174 4522 2361 4575 Exstat
2393 4534 2529 4571 nunc
2558 4533 2768 4587 quoque
2794 4519 3082 4571 oratorium
3118 4518 3286 4569 sancti
3315 4515 3495 4571 Joan-

228 4588 336 4641 lica
362 4598 688 4665 transversae
710 4590 953 4665 imposita
977 4590 1226 4665 eratthti
1255 4590 1386 4642 ritus
1413 4588 1572 4646 hodie
1599 4606 1807 4665 quoque
1839 4603 1890 4659 ι)
1917 4596 1998 4648 nis
2029 4594 2207 4660 Bthtis
2233 4608 2279 4645 te
2307 4590 2370 4643 ad
2405 4586 2598 4643 Fontes
2631 4586 3039 4665 Literattettnses,
3065 4602 3093 4639 a
3125 4586 3279 4665 beato
3317 4586 3497 4665 llilaro

228 4660 374 4724 apud
408 4672 503 4712 nos
526 4669 788 4723 servatur,
823 4660 905 4712 vix
929 4660 1069 4725 apud
1102 4660 1394 4713 Romanos.

313 4729 509 4800 FPogii
562 4732 775 4800 nomine
814 4729 898 4783 hic
939 4727 1387 4800 intelligelocutu
1424 4731 1807 4796 cancellorum,

233 4798 839 4867 qnibtts'sanctuarium
887 4812 915 4850 a
960 4799 1127 4851 choro
1164 4798 1458 4865 dirimitur,
1505 4803 1583 4855 sic
1611 4803 1808 4855 dictum

232 4873 381 4938 quod
408 4883 500 4933 per
528 4870 721 4938 gradus
743 4867 940 4922 sensim
968 4878 1293 4937 assurgeret.

310 4936 339 5011 tl
362 4940 415 4993 ld
440 4936 686 5009 est'pone
715 4942 885 4992 altare
908 4940 958 4991 in
988 4936 1213 5011 circuitu
1234 4938 1453 5011 apsldae,
1481 4940 1567 4993 ubi
1593 4941 1813 5011 presby-

234 5008 431 5064 terium
482 5008 619 5075 erat,
670 5018 951 5078 exstatque
991 5009 1174 5062 Roma:
1220 5009 1551 5064 etiamnunc
1587 5013 1638 5065 iu
1686 5008 1816 5066 ειιιὶξ-

276 5079 511 5133 uinrtbtts
534 5080 785 5134 basilicis.

231 5096 511 5151 qumrtnus
534 5096 785 5134 nasutus.

312 5161 329 5181 ⁸
362 5151 500 5203 Idem
543 5149 734 5219 legitur
774 5150 825 5203 in
870 5150 1081 5221 vulgato
1124 5149 1323 5221 Ordine
1374 5151 1634 5213 Romano,
1687 5166 1805 5221 pag.

233 5221 325 5288 80,
352 5222 455 5274 col.
484 5221 535 5273 l.
566 5221 877 5289 Quanquam
926 5220 1024 5274 l'toc
1054 5220 1258 5273 videtur
1296 5223 1629 5289 contrarium
1653 5220 1812 5275 Amn-

235 5294 395 5354 lat'io,
428 5292 581 5360 cujus
615 5288 916 5344 hmc’verba
953 5301 1075 5343 sunt
1110 5293 1161 5342 in
1192 5291 1282 5344 lib.
1318 5307 1391 5353 tv,
1425 5306 1542 5358 cap.
1565 5288 1636 5342 ‘23
1662 5308 1674 5343 :
1702 5291 1816 5344 Ha-

231 5365 411 5417 bemus
435 5364 681 5426 scriptum
709 5362 761 5432 in
801 5362 1027 5432 Romano
1059 5361 1248 5413 Ordine
1272 5371 1323 5412 ttt
1360 5378 1459 5413 rtmt
1492 5364 1691 5429 dicatur
1716 5362 1820 5432 Ky-

236 5436 319 5488 rie
348 5436 429 5487 ele
452 5446 548 5483 Son
579 5432 689 5483 sive
720 5429 929 5483 Christe
960 5431 1161 5484 cleistm
1206 5432 1273 5483 ad
1310 5434 1470 5484 ullum
1514 5447 1719 5485 cursum
1762 5429 1819 5485 in

236 5502 531 5556 memoratis
557 5500 755 5565 diebus,
777 5501 865 5553 sed
886 5517 991 5554 sme
1017 5503 1368 5554 retractatione
1395 5510 1655 5554 cantemus
1680 5502 1802 5556 Hmc

232 5573 376 5635 dies,
413 5580 507 5621 (ιε.
549 5570 745 5623 Confer
794 5585 940 5623 nutu.
984 5569 1067 5635 1‘2,
1119 5570 1271 5623 intra.
1321 5570 1536 5625 Numeri
1577 5565 1799 5626 Romani

234 5652 361 5712 post
393 5641 590 5694 Versus
617 5648 827 5712 exstant
859 5648 1059 5693 tantum
1088 5642 1138 5693 iu
1166 5641 1498 5712 Colbertino.

314 5710 333 5749 ί
372 5712 723 5783 tloc_l_oco_t_et
765 5709 817 5763 itt
853 5714 1299 5778 consequentibus
1343 5711 1676 5783 Evangtlium
1706 5725 1804 5782 pro

232 5782 450 5843 coutico
477 5779 526 5833 Μ
535 5778 772 5851 agniﬁcat
796 5788 1099 5851 usurpatur.

1922 4680 2051 4733 papa
2100 4654 2199 4733 cn
2237 4672 2502 4733 trttt'tttnt;
2554 4658 2877 4733 ψιοιΙηίιιιίει
2920 4658 3146 4733 fortasse
3191 4654 3492 4733 balinea-udi

1917 4728 2093 4789 iteSIcs
2122 4732 2188 4784 tbi
2230 4730 2591 4797 deputtubattt,
2620 4730 2940 4797 easdemque
2965 4730 3074 4796 j=ttu
3116 4728 3363 4792 ltaplizati
3392 4730 3490 4782 ibi-

1915 4806 2034 4857 dum
2097 4796 2477 4866 resuntebattt,
2537 4800 2735 4853 dictum
2799 4796 2881 4852 est
2932 4800 3094 4853 sancti
3143 4796 3364 4850 Joannis
3425 4802 3494 4851 ad

1925 4873 2144 4929 Vestem.

1993 4945 2016 4983 ἰ
2045 4945 2322 5011 Templum
2349 4941 2514 4994 sancti
2539 4940 2764 4993 Andreas
2790 4939 3091 5007 proximum
3115 4948 3226 4991 erat
3260 4938 3493 4995 basilicm

1920 5014 2210 5074 Vaticatnc,
2237 5029 2264 5063 a
2296 5011 2619 5082 Synttnu-ho
2651 5026 2781 5082 papa
2809 5016 3197 5082 constructum.

1994 5084 2009 5121 ί
2044 5086 2097 5137 ltt
2133 5077 2364 5152 Vulgati}
2412 5084 2469 5143 lc,
2496 5082 2599 5134 itur
2627 5083 2691 5133 de
2735 5079 2930 5152 Crarca
2962 5079 3157 5152 primo,
3192 5079 3254 5152 de
3297 5077 3491 5134 Paetisi

1917 5155 2162 5217 seettudo,
2217 5148 2280 5205 de
2324 5152 2572 5205 Procovt’a
2605 5152 2773 5203 tertio.
2808 5151 2861 5203 ltt
2894 5150 3084 5202 Codice
3119 5148 3392 5209 Vaticano,
3431 5155 3491 5204 de

1919 5224 2099 5277 (ἐνίεεο
2132 5229 2177 5287 l,
2206 5224 2267 5275 de
2288 5221 2504 5281 Pactisi,
2529 5233 2573 5273 et
2597 5238 2698 5273 uno
2726 5221 2790 5273 de
2814 5219 3066 5272 Procoma
3092 5233 3106 5272 :
3128 5229 3181 5271 at
3208 5220 3259 5272 in
3283 5220 3492 5274 Colber-

1921 5296 2030 5347 lino
2063 5294 2333 5354 distincte,
2379 5296 2441 5346 de
2473 5291 2650 5345 (ἕνα)εο
2682 5294 2726 5349 l.
2770 5291 2819 5344 id
2866 5299 2966 5348 est,
2998 5289 3185 5352 semel,
3215 5289 3279 5342 de
3311 5289 3491 5343 Paetis

1922 5366 1972 5429 l,
2000 5364 2063 5415 de
2090 5362 2345 5415 Proconta
2372 5362 2421 5415 l.
2457 5362 2691 5427 Denique
2722 5362 2771 5412 in
2802 5360 3005 5413 Viudoc
3029 5360 3200 5424 uensi,
3221 5360 3284 5413 tle
3304 5360 3490 5413 Graeco

1922 5436 2106 5502 primo,
2146 5433 2210 5485 de
2231 5431 2427 5485 Pactisi
2465 5433 2707 5492 secundo.
2749 5432 2811 5484 de
2840 5429 3294 5502 Procoviotertio.
3336 5431 3483 5484 Pacti

1911 5500 1966 5558 et
1988 5505 2243 5557 Procottta
2267 5519 2360 5555 seu
2388 5502 2700 5556 Procoviutn
2732 5502 2845 5555 loca
2872 5510 3047 5571 crant,
3075 5500 3161 5553 ubi
3188 5503 3287 5554 hoc
3313 5515 3485 5571 genus

1914 5573 2027 5627 viui
2058 5578 2393 5627 nascebatur.
2422 5572 2477 5626 In
2509 5572 2664 5626 editis
2694 5580 2748 5627 et
2775 5573 2826 5625 in
2854 5570 3050 5626 Codice
3071 5570 3374 5624 Colberttuo
3400 5572 3490 5625 de-

1912 5654 2032 5698 sunt
2063 5644 2175 5697 hzcc
2218 5643 2400 5708 verba,
2429 5644 2541 5697 bibu
2582 5652 2598 5696 ι
2631 5645 2695 5698 de
2735 5645 2854 5697 dato
2900 5641 3201 5712 presbyteri,
3232 5656 3349 5711 qua:
3396 5639 3490 5696 ha-

1913 5715 2101 5771 b.-nlur
2129 5715 2182 5770 in
2211 5712 2479 5769 Vaticano.
