4042 6306
1937 268 2703 295 ...υ-..Ἢ

1194 372 1526 473 ORDO
1604 371 2061 473 ROMAN
2073 373 2229 475 US
2312 376 2348 475 Ι
2364 379 2387 475 l
2404 451 2430 478 .

1353 553 1452 611 DF.
1510 553 1737 613 MISSA
1799 551 2328 616 PONTIFICALI.

279 689 385 761 ιω
416 690 465 743 1.
511 688 822 743 “enuntiata
875 691 1102 745 statione
1142 690 1328 746 diebus
1378 691 1554 755 festis,
1612 692 1780 759 primo
1808 694 1859 749 Α
1960 691 2013 744 4.
2039 690 2188 746 Tunc
2206 696 2439 762 pontifex
2462 700 2679 754 elevans
2703 716 2779 767 se,
2806 703 2897 755 dat
2928 717 3137 759 manum
3166 706 3446 768 dexteram

201 794 367 833 mane
397 778 647 845 prrecedit
668 776 841 829 omnis
865 779 1040 832 clerus
1063 780 1363 847 pontiﬁcem
1387 780 1451 832 ad
1474 780 1777 845 ecclesiam,

205 871 454 937 exceptis
480 870 566 937 qui
595 868 848 935 obsequio
894 868 1034 923 illius
1068 870 1421 934 comitantur,
1463 872 1551 939 qui
1595 870 1781 923 ordine

202 975 305 1012 suo
330 959 652 1020 scribuntur,
686 968 1061 1024 exspectantes
1105 960 1403 1026 pontiﬁcem
1443 959 1493 1011 in
1525 960 1771 1013 ecclesia.

200 1048 311 1102 Sed
345 1049 466 1099 dum
495 1048 701 1100 venerit
738 1047 969 1113 pontifex
999 1062 1160 1115 prope
1192 1048 1493 1109 ecclesiam,
1517 1056 1774 1100 exeuntes

208 1136 443 1207 acolytbi
475 1145 527 1189 et
556 1137 863 1189 defensores
891 1151 954 1189 ex
982 1136 1196 1204 regione
1226 1136 1346 1203 illa,
1385 1138 1534 1204 cujus
1560 1137 1677 1190 dies
1712 1138 1776 1189 ad

200 1226 441 1279 ofﬁcium
483 1225 643 1278 fuerit
686 1222 737 1277 in
770 1225 1061 1293 obsequio,
1091 1225 1463 1293 prmstolantur
1511 1240 1630 1278 eum
1656 1225 1776 1278 loco

216 1325 435 1380 statuto,
465 1325 744 1383 antequam
774 1316 947 1369 veniat
990 1314 1076 1369 ubi
1108 1314 1458 1369 descensurus
1484 1325 1583 1368 est.
1617 1314 1780 1368 Simi-

209 1408 336 1461 liter
365 1418 414 1460 et
438 1407 715 1475 presbyter
745 1406 881 1459 tituli
909 1406 991 1459 vel
1023 1405 1263 1460 ecclesia:
1294 1404 1381 1457 ubi
1411 1404 1570 1458 statio
1601 1404 1777 1470 fuerit,

209 1516 313 1553 una
348 1516 466 1551 cum
497 1498 784 1568 majoribus
822 1498 1012 1552 domus
1040 1499 1182 1551 illius
1222 1497 1472 1565 civitatis,
1516 1496 1598 1551 vel
1629 1496 1783 1551 Patre

204 1591 461 1644 diaconiae
484 1591 547 1659 (si
574 1600 749 1642 tamen
780 1590 863 1641 illa
892 1591 1116 1643 ecclesia
1140 1589 1394 1642 diaconite
1421 1588 1628 1653 fuerit),
1661 1603 1779 1642 cum

202 1679 420 1734 subdito
464 1679 565 1732 sibi
611 1680 922 1748 presbytero
953 1690 1006 1733 et
1036 1681 1425 1743 mansionario,
1462 1680 1782 1750 thymiama—

205 1770 339 1821 teria
372 1767 732 1822 deferentibus
764 1769 815 1821 in
865 1769 1175 1835 obsequium
1211 1768 1371 1831 illius,
1407 1770 1660 1822 inclinato
1687 1784 1776 1823 ca-

207 1860 317 1925 pite
338 1858 462 1910 dum
493 1859 714 1911 venerit.
745 1860 983 1927 Acolyttii
1010 1858 1220 1926 quidem
1252 1872 1372 1911 cum
1405 1859 1775 1912 defensoribua

209 1951 464 2016 primum,
498 1948 689 2002 deinde
724 1949 1013 2019 presbyteri
1060 1966 1178 2002 cum
1211 1951 1319 2002 suis
1365 1950 1523 2016 petita
1556 1950 1778 2003 Benedi-

1886 778 2093 871 duobus
2126 784 2486 855 presbyteris;
2516 798 2572 841 et
2595 791 2688 855 illi,
2714 795 2963 848 osculatis
2993 799 3235 853 manibus
3260 804 3447 871 ipsius,

1884 870 2179 936 procedunt
2199 888 2319 927 cum
2343 876 2458 943 ipso
2485 889 2839 936 sustentantes
2865 900 3007 949 cum,
3034 870 3450 953 prtecedentibns

1882 970 2003 1055 ante
2029 975 2121 1015 eos
2150 963 2460 1055 diaconihus
2487 978 2711 1037 septem.
2742 972 2889 1027 'l‘onc
2917 977 3143 1032 ministri
3175 994 3292 1035 cum
3326 984 3449 1055 thy—

1888 1046 2217 1136 miamaterio
2246 1060 2300 1105 et
2343 1053 2627 1109 thuribolis
2657 1072 2759 1111 non
2790 1062 3020 1129 amplius
3047 1066 3232 1132 ternis,
3268 1046 3455 1136 proce-

1884 1132 2016 1185 dunt
2038 1145 2164 1190 ante
2198 1138 2368 1204 ipsum
2399 1141 2669 1197 mittentes
2702 1148 2994 1217 incensum,
3021 1158 3074 1203 et
3096 1132 3300 1217 septem
3330 1172 3451 1212 aco-

1889 1219 2018 1287 lytlti
2052 1231 2324 1289 portantis
2362 1241 2564 1298 septem
2607 1243 2900 1288 cereostata
2943 1247 2968 1274 ι
3005 1238 3147 1293 foras
3172 1245 3453 1303 ecclesiam

1883 1330 2139 1383 accensa,
2177 1324 2472 1390 procedunt
2509 1336 2629 1380 ante
2668 1330 2968 1395 pontificem
3011 1349 3177 1402 usque
3223 1338 3275 1390 in
3324 1340 3453 1392 cho-

1885 1422 2020 1461 rum.
2074 1409 2196 1463 Post
2241 1413 2504 1467 tlturibola
2555 1427 2793 1482 portatur
2849 1421 3189 1489 Evangelium
3238 1428 3453 1495 propius

1884 1498 2151 1567 episcopo.
2204 1502 2397 1556 Eadem
2438 1514 2612 1558 autem
2647 1507 2920 1563 l’rocessio
2958 1514 3013 1564 lit
3050 1512 3118 1566 ab
3160 1517 3358 1569 Austro
3400 1519 3451 1569 in

1884 1587 2340 1655 Septentrionem.
2368 1593 2516 1647 Tunc
2545 1597 2781 1662 procedit
2812 1600 3069 1665 pontifex,
3095 1612 3148 1657 et
3176 1612 3453 1673 antequam

1884 1677 2067 1730 veniat
2089 1679 2151 1730 atl
2180 1679 2437 1745 scholam,
2470 1682 2772 1737 dividuntur
2797 1698 3113 1753 cerr05tata,
3140 1702 3364 1758 quatuor
3389 1694 3454 1745 ad

1884 1764 2179 1831 dexteram,
2210 1768 2306 1820 tria
2335 1769 2399 1822 ad
2422 1771 2709 1826 sinistram.
2746 1775 2809 1826 Et
2837 1778 3121 1840 pertransit
3149 1779 3379 1847 pontifex
3407 1784 3454 1833 in

1883 1865 2035 1921 capo!
2073 1854 2292 1913 scitolte.
2321 1867 2370 1910 et
2409 1859 2454 1910 in
2486 1862 2653 1927 gradu
2677 1865 2969 1928 superiore.
3006 1866 3255 1920 inclinato
3284 1869 3455 1937 capite

1884 1944 1946 1994 ad
1978 1946 2162 2011 altare,
2196 1948 2366 2014 primo
2392 1950 2579 2003 adorat
2605 1949 2631 1990 ιι
2663 1953 2881 2018 Sancta,
2913 1966 2965 2009 et
2995 1965 3098 2011 stat
3128 1973 3339 2028 semper
3364 1960 3451 2014 itt-

208 2042 412 2098 ct'tone.
442 2039 627 2092 divisis
675 2039 795 2092 bFnc
845 2041 967 2093 inde
1018 2041 1281 2107 partibus.
1334 2050 1489 2108 prout
1532 2041 1777 2105 militant,
1813 2028 1855 2085 Β
1883 2033 2108 2087 Clinalus
2132 2051 2299 2105 usque
2326 2041 2389 2091 ad
2420 2054 2630 2095 versom
2658 2055 2679 2082 ο
2712 2046 3098 2112 propltetalem.

216 2130 530 2195 praecedunt
565 2127 861 2196 pontiﬁcem
895 2145 1060 2198 usque
1088 2131 1151 2181 ad
1174 2130 1472 2183 ecclesiam.

279 2219 335 2270 2.
369 2216 496 2270 Cum
549 2233 675 2271 vero
716 2220 1000 2272 ecclesiam
1047 2220 1311 2273 introierit
1354 2222 1626 2287 pentil'ex,
1674 2238 1777 2274 non

211 2307 453 2360 ascendit
480 2309 729 2361 continuo
758 2309 821 2361 ad
846 2310 1028 2370 altare,
1057 2311 1146 2363 sed
1175 2310 1316 2375 prius
1345 2310 1505 2362 intrat
1528 2316 1577 2362 in
1604 2327 1783 2365 secre-

210 2397 424 2461 larium,
458 2406 788 2451 sustentatus
820 2413 848 2450 a
894 2398 1199 2452 diaconihus
1220 2440 1234 2463 ,
1265 2401 1349 2465 qui
1383 2414 1500 2452 eum
1530 2414 1782 2467 suscepe-

216 2487 325 2539 rint
357 2486 423 2540 de
449 2471 619 2542 sellari
647 2488 1085 2553 descendentem;
1115 2491 1203 2542 ubi
1231 2504 1351 2541 cum
1376 2490 1671 2550 intraverit,
1699 2506 1785 2544 se-

211 2578 311 2630 det
342 2579 393 2631 in
423 2580 551 2631 sella
582 2594 694 2631 sua.
733 2581 794 2631 Et
824 2580 1053 2643 diaconi,
1085 2580 1309 2632 salutato
1335 2581 1604 2647 pontifice,
1634 2595 1786 2648 egre-

212 2669 433 2722 diuntur
460 2685 491 2723 e
518 2671 824 2734 secretario,
853 2680 904 2722 et
944 2680 1066 2723 ante
1116 2669 1256 2723 fores
1288 2669 1547 2738 ejusdem-
1580 2678 1786 2724 mutant

211 2762 530 2814 vestimenta
563 2776 675 2813 sua.
714 2761 772 2813 Et
823 2770 971 2829 parat
1018 2760 1358 2828 Evangelium
1415 2762 1503 2828 qui
1553 2762 1785 2815 lecturus

212 2861 317 2917 cst,
355 2862 587 2905 reserato
627 2853 798 2921 sigillo
828 2867 892 2904 ex
926 2863 1189 2919 przecepto
1235 2852 1597 2906 archidiaconi
1626 2868 1785 2921 super

214 2944 481 3009 planetam
515 2944 766 3011 acolythi.
820 2943 1061 2997 Pontifex
1106 2954 1278 2996 autem
1324 2960 1415 3011 per
1446 2959 1631 2997 manus
1660 2944 1785 2997 sob-

210 3035 558 3089 diaconorum
603 3035 1019 3103 regionariorom
1073 3046 1281 3087 mutans
1324 3035 1639 3088 vestimenta
1696 3050 1785 3089 so-

222 3126 443 3191 lemnia,
485 3126 848 3180 ordinabiliter
885 3125 1194 3193 compositis
1218 3140 1312 3193 per
1350 3124 1704 3191 primicerium
1731 3133 1785 3178 et

214 3217 641 3270 seeoodiceriom
670 3216 999 3270 vestimentis
1022 3215 1159 3281 ejus,
1185 3224 1239 3267 ut
1266 3215 1398 3267 bene
1420 3214 1661 3279 sedeant,
1689 3230 1784 3269 no-

214 3308 435 3360 vissime
463 3322 558 3375 per
580 3306 863 3360 diaconuu
900 3306 975 3359 vel
1008 3305 1411 3370 subdiaconum,
1436 3305 1518 3357 cui
1550 3304 1782 3372 ipsejus-

214 3399 370 3455 serit.
404 3397 561 3465 pallio
588 3395 1001 3463 superinduitur,
1049 3402 1103 3448 et
1148 3394 1428 3461 configitur
1454 3409 1547 3460 per
1575 3407 1703 3447 acus
1734 3397 1783 3447 in

218 3488 431 3555 planeta
464 3496 606 3541 retro
634 3494 687 3540 et
719 3496 861 3550 ante,
892 3493 945 3537 et
975 3484 1025 3536 in
1060 3484 1280 3537 humero
1306 3482 1545 3536 sinistro.
1584 3482 1784 3538 Deinde

216 3576 571 3629 subdiaconus
603 3575 929 3642 regionarios
953 3572 1174 3643 porrigit
1194 3573 1242 3626 ei
1273 3572 1599 3641 mappolam,
1624 3574 1782 3627 incli-

217 3680 353 3719 nans
378 3680 435 3719 se
465 3666 530 3718 ad
562 3680 726 3733 genua
758 3666 941 3733 ipsius.
1658 3656 1669 3661 ”

291 3759 344 3810 ὃ.
374 3756 464 3809 His
489 3757 555 3807 ita
580 3754 907 3821 compositis,
933 3755 1186 3807 invitante
1208 3753 1272 3806 ad
1294 3753 1489 3821 regiam
1512 3755 1785 3809 secretarii

218 3849 440 3916 praefato
464 3846 788 3900 subdiacouo
803 3844 908 3915 b3
927 3844 1189 3909 scholam,
1212 3854 1427 3912 quartus
1448 3844 1665 3911 scholae,
1695 3847 1784 3913 qui

213 3951 433 4002 semper
459 3936 667 3989 tntntiat
714 3934 951 4004 pontiﬁci
997 3934 1063 3987 de
1088 3934 1395 3987 cantoribus
1414 3973 1428 3997 ,
1461 3941 1640 3986 astans
1662 3943 1786 3987 ante

221 4026 412 4079 faciem
442 4025 728 4092 pontiﬁcis,
768 4032 824 4078 et
864 4033 1044 4076 nutum
1073 4022 1189 4090 ejus
1226 4023 1290 4074 ad
1338 4022 1665 4087 psallendum
1694 4037 1786 4077 ex-

216 4127 495 4182 spectans,
524 4115 705 4167 statim
736 4115 859 4167 tlotn
889 4115 1057 4166 innuit
1079 4116 1159 4176 ei,
1184 4113 1453 4181 egreditur
1491 4122 1611 4166 ante
1645 4113 1786 4167 fores

218 4203 518 4267 secretarii,
542 4212 595 4257 et
622 4202 749 4257 dicit
794 4203 1079 4258 Accendite.
1131 4203 1381 4268 Quidum
1427 4203 1782 4270 incenderint,

219 4292 399 4345 statim
427 4292 781 4345 subdiaconus
806 4306 1057 4357 sequens.
1086 4300 1273 4344 tenens
1299 4290 1785 4359 thymiamaterium

217 4395 441 4434 aureum
473 4397 566 4449 pro
599 4381 817 4445 foribus,
861 4382 1006 4449 ponit
1036 4382 1330 4444 incensum,
1365 4392 1421 4433 ut
1462 4392 1643 4450 pergat
1668 4395 1789 4437 ante

218 4471 547 4538 pontificem.
575 4470 636 4522 Et
667 4471 756 4523 ille
782 4480 999 4539 quartus
1030 4470 1224 4523 schola:
1247 4470 1310 4522 ad
1335 4472 1564 4538 priorem
1599 4472 1678 4525 vel
1707 4487 1789 4525 se-

217 4565 452 4614 cundum
485 4562 596 4613 sive
644 4559 879 4624 tertium,
910 4560 1164 4613 inclinato
1194 4562 1388 4626 capite,
1426 4561 1551 4614 dicit
1587 4562 1792 4614 Domini

218 4649 410 4713 iubete.
435 4648 587 4700 Tunc
610 4658 913 4702 Statouutur
933 4649 1051 4702 dum
1081 4650 1221 4701 acies
1252 4650 1301 4701 in
1328 4649 1491 4701 choro
1522 4665 1614 4717 pt-r
1641 4652 1784 4704 ordi-

1956 2126 2009 2179 5.
2042 2127 2189 2181 Tunc
2217 2143 2457 2199 surgens,
2493 2141 2544 2185 et
2571 2133 2770 2188 faciens
2799 2151 3008 2189 crucem
3040 2136 3089 2189 in
3116 2137 3294 2195 fronte
3330 2156 3443 2205 sua,

1884 2213 1974 2268 dat
2001 2229 2186 2285 pacem
2216 2222 2537 2301 presbyteris
2582 2224 2818 2289 duobus,
2849 2237 2900 2281 et
2947 2228 3255 2284 diaconihus
3283 2236 3450 2287 omni-

1886 2306 2000 2371 bus,
2035 2309 2121 2374 qui
2151 2308 2366 2364 dextera
2398 2312 2634 2381 laevaque
2672 2324 2814 2379 sunt,
2848 2315 2915 2371 de
2940 2318 3129 2372 altiore
3158 2321 3322 2386 gradu
3356 2339 3453 2374 mt-

1886 2413 2034 2453 mero
2062 2400 2286 2466 minori;
2319 2413 2371 2455 et
2411 2403 2477 2457 de
2505 2402 2778 2471 inferiore,
2814 2407 3033 2475 majori;
3077 2418 3129 2462 et
3168 2412 3454 2478 respiciens

1884 2488 1948 2540 ad
1981 2489 2203 2554 priorem
2235 2490 2452 2556 scholae,
2490 2494 2773 2558 annuitei,
2810 2504 2864 2548 ut
2893 2495 3033 2549 dicat
3077 2495 3253 2549 Gloria
3283 2498 3450 2551 Patri.

1889 2575 1950 2626 Et
1995 2579 2136 2643 prior
2172 2576 2369 2630 schola:
2412 2579 2668 2633 inclinans
2706 2595 2764 2634 se
2791 2580 3053 2648 pontiﬁci,
3107 2584 3196 2635 dat
3229 2584 3450 2651 gloriam

1885 2661 2150 2718 Trinitati.
2179 2664 2242 2717 Et
2278 2667 2510 2732 pontifex
2534 2682 2564 2721 a
2605 2670 2903 2737 saepedictis
2935 2674 3257 2740 presbyteris
3288 2674 3337 2727 in
3362 2690 3453 2728 su-

1890 2756 2150 2819 periorem
2193 2756 2469 2811 docendos
2494 2766 2577 2813 est
2612 2760 2865 2827 gradum,
2895 2778 2997 2815 non
3030 2764 3245 2817 omnino
3282 2765 3348 2817 ad
3378 2766 3451 2818 alo

1890 2854 2023 2899 tare.
2060 2847 2112 2898 ln
2144 2862 2248 2913 quo
2274 2848 2432 2900 etiam
2466 2850 2582 2903 loco
2607 2847 2843 2919 ﬁgendos
2871 2861 2952 2906 est
2991 2867 3224 2923 gressus,
3254 2869 3451 2921 usque-

1890 2949 1996 3001 quo
2037 2937 2329 3005 presbyteri
2374 2937 2600 3004 primum
2620 2979 2635 3002 ,
2662 2948 2716 2993 et
2745 2950 2866 2994 tunc
2894 2941 2997 2995 duo
3023 2950 3078 2995 et
3114 2943 3219 2996 duo
3247 2942 3453 2997 diaconi

1886 3024 2065 3076 altaris
2090 3039 2284 3077 cornua
2316 3025 2640 3094 osculentur,
2670 3027 2780 3098 Μ
2804 3038 2856 3083 et
2882 3031 3165 3085 novissime
3184 3033 3448 3086 archidia-

1886 3124 2053 3166 conus
2093 3114 2261 3167 solus.
2297 3116 2637 3185 Evangelium
2670 3132 2826 3181 vero,
2856 3121 3033 3174 statim
3081 3132 3355 3189 postquam
3386 3128 3454 3176 ad

1886 3203 2049 3255 altare
2067 3213 2276 3256 ventum
2304 3204 2479 3269 fuerit,
2504 3209 2898 3276 superponitur.
2925 3209 3247 3265 Subdiaconi
3268 3224 3445 3266 autent

1887 3293 2035 3361 quasi
2059 3296 2280 3363 quadam
2316 3297 2450 3351 linea
2481 3300 2728 3365 porrecti,
2755 3316 2921 3370 usque
2950 3303 3013 3355 ad
3039 3303 3204 3359 altare
3230 3320 3447 3375 progre-

1813 3364 1858 3427 C
1889 3381 2117 3450 dientes,
2146 3385 2302 3439 simul
2325 3401 2383 3440 se
2415 3364 2671 3441 inclinant
2699 3364 2876 3443 coram
2906 3407 2993 3456 eo,
3022 3402 3180 3461 atque
3209 3364 3448 3461 Evange-

1892 3472 1961 3525 lio
1988 3473 2069 3542 (ut
2094 3473 2400 3542 praedictum
2424 3478 2527 3546 est)
2553 3479 2909 3547 superposito,
2942 3480 3223 3536 redeuntes
3251 3484 3302 3536 in
3325 3483 3454 3537 cho-

1889 3578 2027 3628 rum,
2055 3574 2281 3633 quatuor
2324 3566 2374 3618 in
2418 3567 2661 3635 dextera,
2690 3578 2745 3624 et
2793 3581 2899 3624 tres
2948 3572 2999 3625 in
3040 3573 3253 3626 Slllisll'a
3303 3585 3452 3642 parte

1886 3655 2201 3708 consistunt.
2251 3655 2463 3711 Diactini
2511 3675 2655 3725 vero,
2689 3659 2824 3714 sicut
2873 3664 3037 3729 prius,
3081 3675 3281 3718 stantes
3308 3678 3453 3719 retro

1890 3744 2191 3813 episc0pum
2210 3745 2468 3811 inclinati,
2493 3749 2703 3817 quando
2723 3750 2914 3805 dicitur
2939 3751 3085 3806 Sicut
3104 3762 3214 3805 erat
3240 3753 3292 3805 in
3311 3755 3454 3821 priu-

1891 3834 2045 3899 cipio.
2071 3845 2291 3903 surgunt
2319 3844 2377 3889 ut
2415 3838 2644 3892 salutent
2690 3839 2848 3893 latera
2879 3841 3058 3894 altaris
3087 3842 3253 3909 prius,
3283 3843 3333 3897 id
3374 3854 3459 3898 est

1891 3933 2012 3977 ante
2042 3923 2066 3960 ἀ
2110 3927 2449 3994 episcopum,
2478 3927 2584 3980 duo
2615 3938 2666 3981 et
2692 3929 2798 3983 duo
2832 3930 3064 3984 vicissim
3085 3972 3099 3994 ,
3133 3941 3187 3986 et
3232 3934 3457 3988 redeunt

1891 4013 1955 4065 ad
1992 4013 2318 4081 episcopum.
2353 4014 2586 4069 Tandem
2613 4020 2891 4085 episcOpos
2917 4021 3185 4074 osculatur
3214 4022 3455 4092 Evange-

1897 4100 2026 4153 lium
2056 4109 2111 4154 et
2139 4104 2334 4167 altare,
2362 4113 2414 4157 et
2462 4114 2633 4172 pergit
2659 4105 2724 4158 ad
2767 4107 3039 4160 dexteram
3068 4109 3251 4162 altaris
3278 4111 3343 4163 ad
3373 4128 3456 4165 se-

1896 4190 2015 4244 dem
2046 4206 2217 4253 soam,
2261 4203 2314 4246 et
2360 4202 2465 4247 stat
2492 4205 2698 4249 erectos
2728 4209 2911 4249 versos
2940 4195 3242 4263 Orientem;
3265 4210 3319 4253 et
3343 4200 3454 4253 dia-

1894 4282 2018 4335 coni
2061 4291 2207 4336 relro
2259 4284 2425 4349 illum,
2485 4301 2620 4339 unus
2662 4297 2782 4355 post
2827 4303 2989 4340 unum
3029 4297 3230 4342 stantes
3271 4292 3462 4353 erecti,

1892 4373 2073 4439 plures
2104 4374 2169 4425 ad
2200 4374 2472 4428 dexteram
2494 4416 2509 4437 ,
2544 4376 2818 4441 pauciores
2857 4377 2923 4431 ad
2949 4377 3216 4432 sinistram
3255 4381 3457 4433 altaris.

1896 4462 2087 4515 Schola
2141 4480 2270 4516 vero
2324 4463 2389 4516 ad
2446 4474 2627 4517 nutum
2683 4467 2890 4520 diaconi
2941 4468 3161 4535 imponit
3224 4470 3459 4525 litutiatn

1895 4551 2055 4621 Kyrie
2093 4552 2301 4621 eleioon,
2329 4553 2524 4608 Christe
2548 4556 2757 4619 eleison,
2784 4566 2836 4609 et
2866 4559 3083 4625 reliqua.
3116 4558 3183 4611 Et
3206 4561 3459 4613 continuo

1894 4642 2122 4712 acolythi
2155 4654 2355 4710 ponunt
2405 4654 2699 4699 eereostata
2751 4646 2800 4698 in
2853 4650 3154 4714 pavimento
3193 4649 3457 4710 ecclesia,

215 4754 342 4789 nem
375 4737 442 4789 ab
471 4748 691 4805 utroque
729 4738 910 4797 latere.
945 4747 998 4790 et
1029 4753 1150 4788 mox
1204 4738 1386 4804 incipit
1418 4739 1559 4801 prior
1586 4738 1783 4793 schola:
1820 4720 1868 4777 Ῑ)
1898 4744 2125 4803 quatuor
2148 4735 2361 4801 quidem
2393 4736 2443 4789 in
2472 4736 2745 4790 dexteram
2786 4747 3008 4804 partem,
3036 4747 3088 4793 et
3116 4738 3214 4790 tria
3244 4740 3293 4792 in
3321 4740 3457 4793 sini-

222 4826 583 4893 Antipbonam
609 4828 672 4878 ad
704 4827 1003 4879 lntroitum.
1029 4824 1347 4879 Subdiaconi
1374 4840 1499 4879 vero
1520 4826 1586 4880 de
1606 4815 1787 4881 sclioia

218 4919 402 4971 levant
428 4917 666 4985 planetas
710 4931 827 4970 cum
873 4916 989 4968 sinu
1025 4932 1037 4966 :
1087 4930 1311 4983 quorum
1362 4930 1542 4968 vocem
1580 4916 1790 4970 diaconi

217 5007 348 5059 dum
374 5006 659 5070 audierint,
682 5010 935 5059 continuo
961 5004 1160 5058 intrant
1186 5003 1252 5055 ad
1280 5005 1580 5071 pontificem
1621 5004 1673 5059 in
1705 5020 1790 5060 se-

217 5098 533 5151 eretariom.

295 5220 320 5245 υ
354 5211 673 5275 Atnalarius,
706 5212 758 5262 in
786 5211 1024 5280 Eglogar:
1051 5210 1289 5263 Candelte
1318 5211 1482 5279 primo
1522 5210 1585 5263 ab
1613 5209 1789 5279 acoly-

220 5281 326 5332 tltis
352 5283 707 5332 illuminantur
733 5292 874 5332 extra
902 5279 1185 5341 ecclesiam,
1217 5294 1320 5332 etc.

298 5347 323 5383 δ
357 5349 410 5401 Id
448 5360 550 5409 est.
585 5349 1000 5411 Eucharistiam,
1035 5349 1283 5401 Amalarii
1318 5349 1515 5417 Egloga
1550 5348 1617 5400 ad
1650 5348 1790 5401 hunc

222 5418 402 5471 locum
434 5435 448 5469 :
491 5417 773 5487 Episcopus
809 5419 1006 5470 veniens
1048 5427 1166 5468 ante
1186 5417 1347 5469 altare
1368 5458 1382 5481 ,
1414 5421 1596 5470 adorat
1623 5418 1789 5485 primo

223 5488 447 5551 Sancta,
479 5497 526 5540 et
554 5496 725 5555 postea
754 5503 924 5555 pacem
948 5488 1034 5538 dat
1073 5487 1373 5556 presbyteris
1391 5527 1404 5551 ,
1426 5496 1533 5540 etc.

512 5578 780 5637 Ριτιιοι.
818 5578 1156 5637 LXXVIII.

1892 4833 2078 4888 stram,
2099 4825 2178 4878 vel
2206 4827 2284 4893 (ut
2310 4825 2395 4879 alii
2422 4826 2650 4891 volunt),
2675 4827 2906 4881 lioeatim
2929 4830 2995 4881 ab
3011 4829 3205 4882 Austro
3228 4828 3281 4881 in
3310 4827 3421 4894 Sep
3436 4858 3459 4869 -

1896 4916 2234 4970 tentrionem.

1965 5006 2018 5061 6.
2061 5007 2262 5059 Litania
2293 5007 2460 5070 ﬁnita,
2493 5008 2676 5075 incipit
2716 5009 2860 5062 solos
2898 5008 3128 5076 pontifex
3160 5010 3300 5063 clara
3329 5023 3461 5063 voce

1898 5097 2161 5167 Hymnum
2203 5094 2381 5150 Gloria
2408 5098 2460 5149 in
2507 5097 2718 5150 excelsis
2760 5097 2905 5161 Deo,
2938 5098 2981 5151 si
3031 5108 3237 5166 tempus
3284 5100 3458 5153 fuerit.

1971 5220 1991 5246 ο
2021 5207 2074 5260 Id
2104 5218 2207 5271 est,
2239 5222 2405 5273 usque
2440 5207 2506 5260 ad
2544 5206 2914 5273 repetitionem
2945 5206 3141 5261 Versus
3181 5220 3273 5261 seu
3306 5209 3427 5259 Anti
3453 5236 3460 5245 -

1896 5281 2086 5345 pltonze
2113 5279 2176 5327 ad
2208 5277 2515 5333 lntroitum.
2544 5290 2662 5341 qua:
2711 5277 3018 5343 Autiphona
3062 5290 3130 5330 ex
3175 5275 3457 5342 Propheta.-

1899 5346 2119 5400 Psalmis
2149 5360 2360 5409 semper
2390 5345 2667 5411 desumpta
2695 5353 2797 5397 est.

1895 5484 1910 5537 Ι
1949 5413 1994 5537 ιιι
2023 5414 2132 5469 lloc
2157 5413 2369 5469 nomine
2408 5414 2641 5481 pontifex
2681 5429 2786 5468 non
2832 5428 2954 5470 raro
2993 5414 3238 5470 absolute
3276 5414 3462 5483 appet--

1913 5499 1943 5537 a
1973 5499 2050 5537 ur.

1913 5492 2050 5539 ator.

3071 5575 3137 5634 3|
