4042 6290
626 312 710 366 37!

1289 304 1631 359 APPENDIX
1673 305 1761 359 AD
1799 304 1854 359 S.
1897 301 2221 357 GREUUIHI
2264 300 2475 355 MAGNI
2518 302 2884 357 LITUIIGICA
2927 306 3176 359 OI‘EIH.

3781 309 3887 362 971

622 426 812 475 Deinde
846 436 968 471 vero
1004 430 1142 473 totus
1169 421 1453 487 respondet
1480 420 1674 472 chorus
1721 416 1789 470 Et
1828 418 1882 470 in
1927 426 2061 468 terra
2089 431 2191 484 pax
2223 415 2266 472 A
2296 413 2521 467 redeunt
2568 424 2711 467 stare
2756 426 2879 468 ante
2925 420 3147 481 gradum
3195 418 3560 471 descensinnis
3609 419 3885 474 anilmnis.

619 509 937 572 hominibus;
965 519 1016 564 et
1049 524 1151 562 non
1185 509 1334 564 sedet
1381 510 1525 577 prius
1563 509 1876 577 episcopus,
1910 516 2191 575 antequam

618 599 791 652 dicant
838 609 960 665 post
987 600 1292 652 Orationem
1342 599 1564 665 ptimam
1612 600 1791 651 Amen.
1834 597 2018 651 Postea
2048 597 2191 651 salu-

619 699 735 741 tans
764 687 1022 755 pupulum
1057 687 1291 753 pentil'ex
1321 688 1453 743 dicit
1485 687 1600 740 Pax
1626 688 1903 751 vobiscum,
1933 688 2044 740 sive
2078 686 2195 739 Pan:

621 777 778 832 vobis.
804 786 828 813 ⁸
862 778 1021 845 Resp,
1068 778 1134 830 Et
1164 793 1280 832 eum
1311 779 1493 839 spiritu
1525 787 1629 829 tuo.
1680 776 1878 829 Deinde
1907 776 2034 828 dicit
2064 774 2193 828 Ore-

619 876 749 921 mus.
771 864 1024 936 Sequitur
1050 868 1233 922 Uratio
1262 868 1455 934 prima,
1488 881 1645 932 quam
1675 865 1964 919 Collectam
1988 865 2189 926 dicunt,

616 979 783 1034 usque
817 962 918 1015 Per
947 959 1217 1011 Dominum
1249 968 1475 1009 nostrum
1499 954 1677 1009 Iesum
1707 954 1964 1008 Christum
2000 953 2191 1006 Filium

617 1067 778 1119 tuum,
809 1053 894 1120 qui
924 1060 1087 1103 terum
1114 1048 1230 1101 vivit
1262 1056 1308 1098 et
1342 1054 1518 1115 regnat
1552 1043 1689 1099 Deus
1716 1046 1767 1097 in
1795 1045 1988 1097 unitate
2016 1043 2189 1114 Spiri-

617 1159 695 1201 tus
723 1145 904 1209 sancti,
938 1158 1029 1209 per
1053 1141 1224 1193 omnia
1252 1138 1443 1192 uacula
1469 1138 1793 1191 sa’culorum.
1824 1135 1986 1204 Resp.
2010 1137 2189 1187 Amm.

617 1239 765 1290 Tunc
794 1234 1047 1287 tolluntur
1077 1238 1373 1285 cereostata
1400 1228 1465 1281 de
1501 1228 1619 1281 loco
1649 1226 1698 1280 in
1728 1241 1831 1294 quo
1854 1226 1996 1294 prius
2025 1232 2190 1278 stete-

621 1335 762 1387 rant,
805 1332 861 1376 ut
889 1329 1152 1391 ponantur
1180 1321 1232 1372 iu
1264 1332 1366 1371 una
1399 1319 1536 1371 linea
1567 1317 1635 1370 ab
1672 1316 1890 1370 Oriente
1931 1316 1981 1369 in
2034 1314 2189 1369 Occi-

615 1417 828 1470 dentem
864 1426 959 1480 per
986 1410 1212 1465 mediam
1242 1408 1546 1463 ecclesiam.
1583 1407 1705 1459 Post
1749 1406 1975 1474 primam
2015 1415 2191 1457 autem

615 1508 788 1559 datam
821 1503 1126 1557 Orationem
1148 1540 1161 1563 ,
1195 1498 1432 1568 pontifex
1462 1498 1612 1551 Sedet
1652 1496 1678 1533 ι)
1707 1511 1892 1550 versus
1922 1496 1988 1549 ad
2026 1510 2191 1563 p0on

617 1596 747 1655 lu.n,
779 1601 835 1647 et
863 1590 1159 1659 presbyteri
1181 1602 1299 1641 cum
1330 1601 1395 1640 eo
1425 1586 1491 1640 ad
1522 1595 1705 1638 nutum
1738 1586 1874 1653 ejus,
1904 1596 1955 1639 et
1984 1584 2189 1638 diacOni

615 1693 756 1737 stant
785 1689 909 1736 ante
959 1679 1285 1748 pontiﬁcem.
1323 1677 1643 1731 Subdiaconi
1686 1684 1863 1729 autem
1900 1674 2193 1729 ascendunt

2296 505 2387 559 Ille
2415 513 2589 560 autem
2632 506 2832 573 absque
2864 508 3298 577 thymiamaterio
3328 520 3541 562 vertens
3583 522 3644 561 se
3676 509 3743 559 ad
3774 510 3888 561 dia-

2295 609 2511 653 conum.
2547 596 2769 664 porrigit
2792 596 2839 649 ei
2875 596 3148 650 brachium
3180 612 3332 650 suum
3364 598 3665 662 εἰιιίειτυηι,
3701 599 3755 651 in
3785 616 3890 667 quo

2298 682 2443 751 ponit
2477 684 2846 751 Evnngelium,
2898 694 2955 737 ut
2987 702 3141 738 manu
3181 687 3493 740 subdiaconi
3530 688 3813 755 aperiatur
3840 691 3888 742 ei

2296 775 2443 827 locus
2472 773 2521 827 in
2554 790 2658 841 quo
2688 776 2894 845 signum
2930 776 3171 831 lectionis
3205 779 3431 845 positum
3465 779 3657 843 luerit;
3696 780 3887 833 inven-

2296 878 2453 936 toque
2494 868 2608 921 loco
2654 868 2915 931 lectionis,
2946 868 3185 923 ascendit
3214 870 3265 923 in
3298 871 3582 923 ambonem
3636 871 3689 923 in
3723 887 3887 937 ειιιιεο

2296 959 2489 1010 rioretn
2522 958 2767 1026 gradum,
2802 967 2853 1012 et
2882 957 3009 1012 dicit
3040 957 3286 1013 Dominus
3332 958 3611 1013 vobiscum.
3645 961 3896 1028 Respon-

2295 1048 2422 1102 dent
2447 1063 2633 1103 omnes
2663 1049 2727 1102 Et
2756 1066 2870 1102 cum
2899 1052 3085 1119 spritu
3111 1061 3219 1104 tuo.
3252 1052 3369 1114 Ouo
3401 1052 3606 1117 audito,
3640 1057 3807 1107 vertit
3835 1071 3894 1108 se

2296 1140 2529 1207 pontifex
2556 1182 2569 1203 ,
2605 1150 2657 1192 et
2683 1141 2857 1194 omnis
2906 1141 3251 1195 sacerdotalis
3297 1142 3515 1210 gradus,
3563 1144 3683 1195 sive
3713 1145 3894 1197 omnis

2298 1229 2517 1295 populus
2548 1228 2718 1281 lidcls
2766 1228 2829 1281 ad
2877 1238 2900 1266 ε
2939 1229 3232 1285 Orientem.
3289 1232 3350 1283 Et
3402 1240 3687 1299 postquam
3733 1234 3873 1286 dixe.

2299 1317 2367 1369 rit
2435 1317 2705 1383 Sequentia
2758 1319 2923 1371 sancti
2991 1316 3253 1388 Evangelii
3310 1321 3587 1373 secundum
3655 1320 3890 1382 Lucam,

2295 1412 2406 1463 sive
2462 1408 2737 1476 Marcum,
2792 1420 2844 1464 et
2892 1408 3133 1479 reliqua,
3181 1408 3305 1464 facit
3352 1412 3530 1465 crucis
3581 1412 3795 1479 signum
3836 1415 3891 1466 in

2299 1499 2474 1553 fronte
2519 1514 2610 1552 sua
2660 1502 2796 1554 idem
2844 1501 3140 1564 diaconus,
3189 1512 3241 1555 et
3276 1504 3327 1556 in
3383 1503 3401 1540 ι
3440 1513 3687 1571 pectore;
3741 1509 3895 1560 simi-

2297 1592 2519 1660 Iiterque
2567 1594 2847 1660 episcopus
2895 1603 2949 1647 et
3002 1593 3111 1663 46
3152 1596 3327 1649 omnis
3390 1597 3645 1665 populus;
3698 1610 3754 1651 et
3804 1616 3894 1650 re-

2297 1692 2581 1736 vertuntur
2632 1685 2695 1737 ad
2732 1684 3092 1752 Evangeliutu.
3142 1684 3247 1739 Sed
3299 1696 3353 1740 et
3383 1696 3409 1733 κ
3443 1688 3612 1742 baculi
3637 1689 3890 1742 omnium

616 1773 679 1825 ad
704 1772 894 1834 altare,
929 1777 1224 1823 statuentes
1254 1782 1310 1820 se
1340 1767 1405 1819 ad
1429 1767 1732 1828 dexteram,
1762 1766 1878 1818 sive
1900 1766 2188 1818 sinistram.

2301 1774 2637 1842 deponuntur
2674 1774 2740 1827 de
2787 1775 3048 1837 inanibus,
3081 1784 3135 1828 et
3164 1775 3217 1829 in
3250 1775 3361 1845 ipsa
3407 1776 3561 1843 hora,
3595 1793 3763 1845 neque
3790 1795 3893 1832 co-

691 1859 741 1913 7.
781 1858 1145 1912 Subdiaconus
1177 1870 1302 1909 vero
1331 1855 1419 1923 qui
1455 1856 1685 1909 lecturus
1724 1863 1804 1906 est
1828 1893 1843 1917 ,
1871 1869 1992 1906 mox
2026 1862 2081 1906 ut
2111 1855 2191 1906 vi-

616 1950 753 2003 derit
804 1959 920 2014 post
964 1946 1261 2014 pontificem
1315 1943 1422 2014 45
1476 1943 1818 2014 presbyteros
1872 1943 2191 2010 residentes,

617 2039 853 2092 ascendit
881 2037 931 2091 in
976 2037 1256 2089 ambonein
1289 2047 1343 2087 ut
1392 2036 1550 2101 legat,
1596 2049 1699 2087 non
1735 2044 1910 2087 tamen
1943 2034 1993 2087 in
2026 2050 2191 2102 supe-

619 2130 811 2182 riorem
864 2128 1127 2196 gradum,
1177 2140 1335 2193 quem
1382 2126 1531 2179 solus
1583 2126 1719 2179 solet
1766 2128 2058 2181 ascendere
2106 2129 2193 2195 qui

622 2218 959 2286 Evangelium
1001 2218 1234 2271 lecturus
1276 2224 1379 2270 est.
1414 2216 1698 2284 Postquam
1750 2218 1966 2286 legerit,
2009 2229 2195 2273 cantor

625 2325 742 2363 cum
774 2308 1013 2361 cantorio
1041 2306 1156 2359 sine
1182 2306 1356 2374 aliqua
1388 2316 1411 2344 α
1447 2308 1763 2361 necessitate
1794 2311 2052 2376 ascendit,
2088 2326 2192 2363 non

619 2396 885 2467 superius,
925 2396 1019 2451 sed
1049 2404 1157 2449 stat
1205 2397 1256 2450 in
1286 2396 1476 2450 eodem
1530 2396 1645 2450 loco
1678 2399 1763 2450 ubi
1805 2407 1857 2451 et
1914 2398 2100 2465 lecmr,
2140 2410 2196 2454 et

621 2486 765 2540 solus
796 2486 1009 2540 inchoat
1048 2486 1464 2554 Responsorinm
1484 2528 1498 2550 ,
1530 2495 1582 2541 et
1618 2487 1793 2540 cuncti
1838 2488 1888 2541 in
1918 2489 2083 2543 choro
2112 2506 2193 2546 re-

621 2576 905 2644 spondent,
936 2585 991 2629 et
1021 2576 1162 2629 idem
1189 2575 1337 2630 solus
1374 2575 1591 2630 Versum
1624 2574 1965 2644 Responsorii
1992 2590 2189 2634 cantat.

623 2668 677 2722 Si
711 2667 866 2722 fuerit
895 2677 1100 2735 tempus
1146 2677 1201 2721 ut
1233 2667 1440 2720 dici-tur
1479 2667 1727 2733 Alleluia,
1766 2670 1928 2733 bene;
1976 2674 2057 2723 sin
2101 2687 2193 2725 au-

622 2772 752 2825 tem,
773 2759 1027 2824 Tractus;
1048 2759 1128 2812 sin
1146 2760 1340 2823 minus,
1368 2759 1734 2813 tantummodo
1753 2759 2188 2829 Responsorium.

618 2851 817 2905 Cantor
846 2865 973 2903 vero
1020 2847 1111 2918 qni
1156 2850 1367 2902 inchoat
1396 2847 1651 2910 Alleluia,
1695 2849 1807 2915 ipse
1837 2850 1985 2903 solus
2014 2860 2193 2905 cantat

622 2942 839 2994 Versum
870 2939 936 2994 de
964 2940 1205 2992 Alleluia.
1240 2939 1356 3007 Ipse
1388 2939 1578 2992 iterum
1609 2938 1828 2994 Alleluia
1858 2940 2007 3010 dit-it,
2039 2952 2191 2999 stans

620 3033 669 3084 in
696 3032 880 3084 eodem
909 3031 1100 3099 gradu,
1132 3030 1183 3082 id
1211 3041 1292 3082 est
1326 3029 1578 3084 inferiore
1608 3026 1660 3083 ἀ.

2296 1880 2425 1918 rona
2445 1904 2458 1928 ,
2491 1879 2662 1932 neque
2693 1864 2834 1918 aliud
2866 1864 3252 1939 Operimentum
3285 1881 3447 1935 super
3478 1870 3653 1936 capita
3688 1886 3880 1923 eorum

2298 1956 2540 2011 habetur.
2572 1956 2685 2023 Ipse
2713 1970 2839 2009 vero
2868 1955 3128 2010 diaconus
3161 1966 3264 2010 stat
3293 1974 3479 2011 versus
3523 1960 3589 2011 ad
3641 1957 3668 1994 δ
3718 1961 3881 2012 πιοττί-

2297 2051 2459 2114 diem.
2506 2051 2573 2104 ad
2622 2065 2778 2118 quam
2810 2061 3016 2119 partem
3046 2050 3147 2103 viri
3190 2051 3367 2104 solent
3414 2052 3724 2115 conﬂuere,
3757 2054 3887 2107 alias

2296 2149 2471 2193 autem
2516 2140 2582 2193 ad
2615 2139 3067 2206 Septentrionem.
3121 2139 3240 2217 Sed.
3270 2152 3320 2194 et
3367 2141 3603 2194 candela:
3649 2143 3701 2195 in
3755 2144 3890 2209 pavi-

2298 2242 2505 2296 mento,
2538 2229 2858 2297 prmdicaute
2887 2244 2949 2282 eo
2979 2229 3343 2298 Evangelium,
3376 2234 3445 2285 de
3488 2231 3743 2286 manibus
3768 2250 3885 2285 acn-

2296 2317 2564 2387 lythorum
2600 2318 2748 2386 juxta
2782 2318 3062 2372 ambonem
3095 2318 3433 2383 deponuntur
3467 2336 3640 2390 usque
3682 2322 3881 2374 (initum

2296 2415 2503 2473 tempus
2527 2407 2816 2477 Evangelii.
2846 2408 3086 2463 Perlecto
3104 2410 3399 2480 evangelio,
3425 2412 3623 2467 iterum
3643 2430 3704 2467 se
3732 2415 3880 2483 signo

2295 2505 2491 2550 sanctae
2535 2499 2709 2551 crucis
2758 2498 2988 2566 populus
3036 2499 3246 2553 munire
3278 2501 3487 2554 festinat
3516 2544 3527 2564 ,
3561 2512 3619 2557 et
3665 2506 3884 2557 descen-

2294 2585 2453 2639 dente
2481 2585 2704 2638 diacono
2735 2586 2802 2640 de
2845 2587 3113 2652 amboue,
3144 2589 3504 2644 subdiaconus
3551 2594 3647 2659 qui
3694 2594 3747 2645 in
3803 2596 3885 2646 lito

2297 2683 2426 2740 stat,
2476 2677 2663 2743 recipit
2692 2677 3068 2746 Evangelium;
3114 2681 3255 2746 quod
3304 2688 3491 2734 tenens
3531 2694 3663 2734 ante
3702 2696 3884 2751 pectus

2297 2778 2452 2818 suum
2482 2780 2643 2835 super
2674 2767 2964 2835 planetam,
3002 2770 3223 2838 porrigit
3265 2771 3620 2824 osculandum
3656 2775 3883 2839 primum

2299 2855 2548 2922 episcopo
2598 2853 2640 2922 ί,
2684 2856 2877 2911 deinde
2919 2858 3163 2911 omnibus
3194 2874 3287 2926 per
3332 2860 3577 2914 ordinem
3620 2865 3884 2929 graduum

2296 2945 2383 3013 qui
2427 2946 2693 3008 steterint,
2725 2954 2779 3000 et
2808 2946 3057 3000 universo
3086 2948 3249 3013 clero,
3287 2964 3385 3004 nec
3416 2964 3522 3005 non
3555 2959 3615 3005 et
3650 2954 3882 3021 populo,

2297 3033 2491 3089 deinde
2520 3034 2765 3088 conditur
2803 3036 2855 3089 in
2887 3035 3005 3089 loco
3036 3051 3155 3090 suo.

691 3121 745 3174 8.
786 3119 988 3173 Deinde
1015 3120 1269 3172 diaconus
1301 3117 1549 3172 osculans
1581 3116 1741 3186 pedes
1775 3119 2068 3195 pontiﬁcis,
2100 3137 2194 3191 pe-
2219 3122 2265 3184 C
2369 3124 2423 3180 9.
2458 3124 2582 3178 Post
2610 3127 2808 3180 lectum
2841 3126 3210 3197 Evangeliutn,
3238 3129 3253 3177 l
3292 3131 3530 3185 cande'ae
3562 3132 3617 3185 in
3646 3132 3768 3185 loco
3790 3149 3885 3187 sua

622 3213 824 3280 titaqtte
854 3210 1249 3271 Benedictione,
1285 3209 1431 3265 venit
1473 3221 1597 3267 ante
1633 3210 1821 3275 altare,
1863 3222 1919 3268 et
1947 3217 2194 3269 osculans

625 3302 988 3370 Evangelium,
1045 3302 1183 3354 levat
1228 3300 1279 3353 in
1330 3312 1519 3353 manus
1547 3312 1670 3353 suas
1698 3298 1946 3355 (Iudicem
1994 3302 2045 3355 in
2087 3317 2193 3371 quo

624 3395 852 3446 lecturus
887 3399 989 3455 est,
1034 3402 1086 3444 et
1118 3399 1319 3458 partem
1363 3389 1479 3458 ejus
1508 3390 1558 3443 in
1598 3390 1740 3444 dexti
1760 3404 1820 3445 ro
1846 3390 2066 3445 humero
2098 3407 2193 3461 po.

622 3502 775 3553 nens,
816 3484 960 3539 vadit
994 3484 1058 3537 ad
1099 3483 1401 3537 umbonem.
1453 3481 1520 3535 Et
1550 3482 1843 3549 procedunt
1868 3492 1988 3537 ante
2015 3485 2186 3552 ipsum

619 3579 719 3629 duo
740 3573 1047 3630 subdiaconi
1089 3587 1206 3626 cum
1233 3571 1439 3625 duobus
1465 3570 1766 3636 thuribnlis,
1800 3572 1910 3626 sive
1940 3587 2077 3637 uno,
2112 3574 2186 3628 le-

620 3673 801 3717 vantes
830 3661 1309 3732 thymiamatetinm
1335 3661 1402 3714 de
1429 3676 1588 3713 manu
1616 3660 1927 3714 subdiaconi
1959 3676 2189 3729 sequen-

622 3758 709 3819 tis,
753 3757 1023 3809 mittentes
1068 3755 1360 3807 ineensum.
1412 3753 1474 3806 Et
1503 3755 1609 3807 duo
1657 3752 1887 3824 acolythi
1920 3765 2188 3821 pontantes

620 3846 726 3898 duo
747 3853 1061 3904 cereostata,
1096 3847 1370 3898 venientes
1401 3852 1523 3896 ante
1550 3843 1852 3911 ambonem,
1883 3844 2190 3901 d-vitluutur

618 3951 648 3988 a
671 3950 748 3998 se,
792 3944 849 3989 et
890 3944 1164 3988 transeunt
1194 3931 1502 3986 subdiaconi
1535 3942 1585 3986 et
1612 3933 1818 3985 diaconi
1862 3950 1979 3987 cum
2015 3936 2186 3989 Evan-

619 4026 759 4094 gelia
788 4040 878 4093 pcr
900 4025 1129 4078 medium
1153 4039 1357 4078 eorum.
1386 4023 1704 4078 Subdiacuni
1735 4034 1908 4077 autem
1937 4025 2042 4078 duo
2068 4042 2187 4081 cum

623 4112 904 4166 thttribulis
928 4122 1051 4166 ante
1080 4111 1423 4180 Evatzgelium
1449 4112 1499 4164 in
1523 4112 1804 4165 ambonem
1829 4127 1889 4166 ex
1922 4130 2021 4167 una
2044 4106 2189 4183 parte

618 4204 990 4269 ascendentes,
1023 4213 1075 4258 et
1105 4217 1168 4258 ex
1199 4204 1363 4258 altera
1393 4215 1542 4273 parte
1566 4206 1745 4260 statim
1776 4207 2184 4277 descendentes,

2301 3215 2731 3283 exstinguuntur,
2761 3223 2812 3269 et
2837 3215 2905 3267 ab
2927 3217 3179 3285 episcopo
3210 3215 3237 3253 ι
3261 3217 3425 3272 Credo
3452 3219 3506 3271 in
3536 3237 3699 3272 unum
3729 3219 3884 3274 Deum

2300 3314 2578 3371 cantatur;
2619 3315 2673 3360 et
2702 3306 2966 3361 thuribula
3017 3323 3113 3376 per
3157 3310 3345 3364 altaria
3376 3320 3677 3379 portantur,
3709 3327 3763 3369 et
3797 3330 3883 3379 po-

2300 3408 2409 3449 stea
2442 3396 2507 3449 ad
2537 3410 2691 3450 nares
2734 3395 3001 3450 hominum
3036 3398 3294 3463 feruntur,
3328 3410 3381 3455 et
3423 3416 3518 3468 per
3550 3420 3768 3457 tuattum
3800 3404 3873 3457 iu-

2298 3500 2417 3539 mus
2463 3484 2529 3539 ad
2568 3499 2629 3540 os
2676 3486 2925 3543 tiahitur.
2958 3487 3155 3542 Deinde
3183 3489 3373 3545 salutat
3402 3494 3687 3561 episcopus
3720 3511 3889 3561 popu-

2299 3573 2409 3627 lum
2438 3573 2622 3627 dicens
2654 3573 2900 3628 Dominus
2944 3577 3230 3642 vobiscum;
3259 3589 3439 3645 postea
3470 3580 3600 3635 dicit
3637 3582 3878 3634 Oremus.

2295 3664 2445 3717 Tunc
2471 3665 2680 3717 canitur
2709 3663 3050 3718 Olfertorium
3080 3679 3199 3719 cum
3236 3665 3512 3721 Versibus.
3541 3667 3691 3722 Tunc
3734 3671 3877 3723 venit

2295 3754 2677 3820 subdiaconus,
2714 3752 2888 3809 ferens
2915 3756 2968 3808 in
3001 3755 3217 3809 brachio
3239 3757 3427 3812 dextro
3453 3766 3724 3824 patenatn,
3749 3770 3803 3812 et
3826 3762 3879 3813 in

2298 3845 2517 3899 sinistro
2546 3845 2792 3912 calicem,
2825 3845 2876 3897 in
2920 3859 3026 3912 quo
3053 3845 3381 3913 recipiuntur
3421 3849 3614 3901 amula?
3652 3850 3878 3917 populo-

2300 3952 2445 4000 rum;
2481 3948 2531 3989 et
2584 3951 2745 4004 super
2774 3935 2995 3990 calicem
3027 3937 3325 4003 corporale,
3355 3938 3406 3991 id
3456 3948 3540 3992 est
3567 3940 3877 4001 sindouem.

2292 4026 2430 4096 quod
2461 4025 2726 4092 accipiens
2751 4025 3003 4079 diactmus
3025 4027 3171 4093 ponit
3199 4040 3363 4095 super
3389 4028 3558 4082 altare
3586 4046 3612 4081 a
3642 4030 3870 4092 dextris,

2294 4115 2529 4185 projecto
2575 4115 2747 4182 capite
2794 4115 2961 4167 altero
3009 4114 3077 4167 ad
3120 4114 3399 4171 diaconem
3447 4118 3743 4193 secundum
3772 4159 3787 4179 ,
3824 4131 3875 4169 ut

2291 4204 2621 4274 expandant.
2660 4202 2864 4259 Deinde
2895 4204 3087 4259 transit
3130 4206 3381 4261 sacerdos
3411 4206 3477 4260 ad
3508 4207 3879 4276 suscipiendas

687 4370 711 4397 ³
742 4360 960 4415 Addunt
987 4360 1122 4414 Editi
1154 4373 1169 4414 :
1209 4359 1461 4414 SacerdOs
1490 4368 1695 4423 autent,
1723 4359 1975 4414 Dominus
2009 4364 2183 4416 vobis-
2218 4378 2262 4434 υ
2291 4363 2343 4415 in
2373 4359 2571 4434 ca_p.r9.

614 4446 755 4486 cum.

685 4498 711 4537 δ
743 4500 957 4553 Addunt
981 4498 1095 4552 libri
1121 4498 1269 4559 editi,
1304 4498 1460 4550 tribus
1491 4498 1648 4561 horis,
1686 4496 1778 4552 scd
1802 4512 2101 4564 perperam,
2128 4512 2186 4555 ut

618 4568 829 4636 quidem
874 4569 1101 4621 videtur.
1144 4569 1302 4637 certe
1342 4567 1640 4637 Amalarius
1668 4607 1681 4629 ,
1727 4568 1776 4618 in
1824 4568 2016 4637 Egloga
2067 4586 2183 4637 sua,

613 4639 741 4692 nihil
770 4640 837 4693 de
866 4639 972 4691 illis
995 4639 1155 4688 tribus
1182 4636 1318 4687 horis
1352 4636 1529 4689 habet.
1560 4636 1686 4687 [dco
1718 4649 1843 4687 vero
1864 4636 2018 4689 altior
2044 4636 2183 4691 locus

617 4710 811 4777 positus
837 4720 910 4761 est
949 4706 1194 4777 episcopis
1216 4745 1232 4770 ,
1262 4716 1315 4757 ut
1354 4707 1451 4772 ipsi
1492 4706 1935 4775 superintendant,
1981 4717 2084 4761 etc.
2113 4710 2184 4762 Ita

612 4780 726 4833 ille.

684 4859 705 4883 ι’
744 4845 923 4909 Forte,
954 4846 1065 4898 sine
1107 4846 1275 4908 aliqua
1305 4844 1602 4897 cessatione.
1642 4845 1952 4913 Quanquam
1997 4846 2181 4914 egloga

611 4916 779 4969 innuit
805 4927 1077 4969 cautorem
1111 4914 1455 4981 indifferenter
1487 4929 1639 4980 [thSC
1683 4918 1975 4970 ascendere
2014 4931 2183 4984 supe-

612 5001 738 5043 IIIIS.

679 5054 703 5090 *³
760 5055 895 5108 Editi
945 5054 1183 5108 inserunt
1223 5052 1337 5105 haec
1385 5050 1546 5124 verba
1579 5066 1591 5102 :
1627 5052 1872 5124 Sequitur
1912 5053 2178 5124 jubilatio,

607 5140 756 5184 quam
788 5124 1112 5192 Sequentiam
1141 5130 1342 5176 vocant.
1387 5125 1449 5173 At
1493 5121 1560 5173 de
1591 5122 1671 5174 his
1712 5124 1838 5176 nihil
1881 5121 1931 5175 iu
1964 5125 2178 5191 Egloga.

608 5194 763 5264 tlerte
800 5208 896 5249 nec
924 5193 1223 5261 Sequenti-ie
1254 5193 1406 5260 (quas
1428 5194 1641 5264 vocant)
1672 5192 1721 5243 id
1753 5204 1831 5264 est
1864 5192 2179 5264 rhythmictc

610 5263 709 5312 illae
754 5273 1027 5316 ωιιιιοηευ
1071 5277 1193 5332 quas
1228 5263 1365 5314 inter
1409 5260 1628 5313 Alleluia
1673 5270 1727 5314 et
1780 5260 2119 5330 Evatigvliutu
2149 5276 2178 5315 a

612 5332 762 5385 nobis
789 5333 1106 5400 quandoque
1136 5333 1462 5397 inseruntur,
1493 5345 1597 5383 non
1642 5340 1797 5384 erant
1826 5332 1875 5383 in
1919 5348 2017 5383 usu
2054 5344 2180 5386 ante

612 5400 894 5453 Netkernm
928 5401 1237 5471 Italbulum,
1263 5400 1351 5471 qui
1385 5415 1568 5454 earum
1616 5410 1799 5453 auctor
1845 5403 2173 5469 perhibetur,

612 5480 850 5523 mortuus
876 5486 1017 5523 anno
1038 5470 1167 5525 912.

686 5548 708 5610 ς
743 5538 812 5589 Ita
844 5543 1093 5593 observat
1120 5541 1313 5610 Eglnga
1344 5537 1634 5610 saepissime
1664 5538 1895 5594 laudata.

686 5606 701 5640 ί
741 5610 930 5674 Eglnga
960 5613 1155 5660 nullam
1168 5606 1309 5660 Tacit
1350 5609 1669 5661 mentionem
1709 5610 1775 5661 de
1805 5618 2016 5675 pectore
2035 5647 2050 5669 .
2079 5609 2173 5663 sed

615 5683 819 5728 tantum
843 5680 908 5730 de
933 5678 1127 5730 I'route.
1169 5677 1485 5746 Micrologus
1510 5688 1682 5733 tamen
1706 5688 1985 5750 utrumque
2013 5679 2171 5733 habet

2363 4441 2386 4477 it
2420 4432 2628 4497 Eglogm
2678 4438 2903 4482 auctor:
2965 4428 3084 4483 Post
3129 4432 3237 4484 licet:
3288 4430 3457 4483 baculi
3496 4432 3825 4497 deponuntur
3851 4449 3877 4484 e

2288 4500 2548 4561 manibus,
2585 4509 2686 4552 etc.
2736 4499 2799 4551 Ili
2850 4511 3003 4552 erant
3051 4501 3222 4552 baculi
3270 4501 3457 4561 quibus
3508 4501 3875 4556 innitebantur

2290 4580 2490 4622 stantes
2520 4570 2583 4619 ad
2608 4571 2863 4620 orandum
2898 4586 2963 4621 ne
2994 4571 3152 4621 statio
3182 4580 3323 4623 esset
3355 4572 3647 4622 molestior.
3686 4571 3752 4622 Et
3784 4573 3877 4622 in-

2289 4638 2365 4690 I'ra
2399 4656 2409 4689 :
2448 4636 2624 4708 Neque
2650 4652 2912 4701 coronam,
2948 4654 3106 4705 neque
3131 4639 3278 4690 aliud
3308 4640 3621 4708 operimentu
3645 4657 3676 4690 ιι
3717 4656 3876 4708 super

2286 4718 2434 4775 caput
2457 4707 2636 4783 eadem
2676 4707 2803 4759 liora
2832 4716 3077 4761 tenentes.
3112 4708 3283 4761 Pluria
3327 4707 3550 4761 inferius
3573 4714 3639 4761 de
3669 4723 3875 4762 corona

2291 4777 2736 4897 posll‘iici‘iiliiotat
2776 4844 3072 4899 Amalatius
3101 4847 3151 4897 in
3179 4846 3395 4914 Egloge.
3428 4846 3599 4899 Verba
3633 4862 3872 4914 sequen-

2286 4916 2377 4978 tia,
2406 4915 2535 4966 alias
2563 4925 2731 4985 autem
2775 4915 2843 4966 ad
2892 4916 3321 4985 Septentrionem,
3356 4916 3601 4970 videntur
3642 4918 3744 4970 huc
3797 4919 3875 4970 in-

2286 4996 2453 5038 trusa.
2483 4983 2684 5037 Confer
2715 4983 2983 5054 Microlog'i
3014 4996 3171 5050 caput
3196 4985 3249 5037 9.

2363 5053 2377 5090 ί
2414 5056 2466 5107 lu
2500 5054 2731 5118 Vulgatis
2761 5053 2995 5123 addjtnin
3025 5064 3115 5107 aut
3138 5056 3462 5123 presbytero.

2358 5123 2369 5171 i
2406 5123 2706 5197 Atnalarius
2752 5124 2803 5175 in
2846 5121 3040 5193 Egluga
3074 5142 3085 5175 :
3118 5122 3243 5176 Post
3292 5121 3477 5178 lectum
3526 5123 3869 5197 Evangelith

2283 5192 2511 5261 caydela:
2536 5193 2956 5261 exstinguuntur.

2354 5258 2375 5296 ll
2413 5263 2486 5330 lix
2516 5258 2766 5312 Amala'rii
2813 5263 3005 5329 Egloga
3036 5261 3381 5330 intelligimus
3411 5262 3587 5314 locum
3629 5263 3772 5313 hunc
3797 5264 3861 5314 de

2279 5328 2532 5398 Symbo'o
2554 5344 2656 5382 uoti
2682 5345 2800 5383 esse
2823 5328 3231 5398 interpolatum,
3252 5331 3353 5385 etsi
3382 5333 3491 5384 alio
3520 5331 3657 5385 lerat
3686 5332 3858 5384 Bernc

2279 5400 2589 5466 Augiensis,
2634 5404 2727 5469 qni
2763 5402 2833 5451 ait
2882 5400 3189 5469 Symbolum
3234 5400 3284 5452 in
3331 5400 3568 5453 Ecclesia
3619 5400 3858 5453 Romani

2277 5477 2544 5520 cantatum
2572 5482 2673 5519 non
2707 5467 2867 5522 fuisse
2892 5467 3015 5524 aute
3038 5471 3206 5523 sancti
3233 5469 3442 5523 lieurici
3469 5472 3858 5537 principatum.

2277 5537 2416 5590 Nihil
2447 5544 2624 5587 tamen
2657 5536 2722 5589 de
2750 5539 3004 5605 Sytttbolo
3033 5539 3187 5593 habet
3219 5539 3564 5608 Micrologus,
3596 5536 3687 5605 qui
3721 5542 3865 5593 hunc

2277 5608 2529 5661 Ordinem
2560 5620 2774 5660 secutus
2805 5619 2901 5660 est.
