4042 6304
201 339 306 394 973

1438 337 1692 392 ROMANI
1732 335 2043 390 ORDINES.
2081 364 2151 375 —
2191 334 2250 388 ll.

3347 339 3447 394 97-]

201 454 526 506 oblationes.
555 450 768 502 lutetitn
789 458 1038 506 Cantores
1062 460 1282 504 cantant
1296 451 1634 505 Otl’crtorium
1659 465 1778 504 cum
1816 459 1850 506 Α
1887 446 1968 499 bis
2000 448 2254 514 repetitur
2282 444 2548 500 "osanna.
2585 447 2693 517 48
2722 449 2846 513 Qua:
2871 448 2996 500 dum
3029 455 3049 480 α
3081 447 3449 518 expleverint,

208 541 490 604 Versibus,
521 550 577 593 et
599 541 823 607 populus
851 539 942 594 dat
970 539 1271 597 oblationes
1303 555 1446 606 suas,
1480 542 1528 594 id
1565 551 1666 606 cst,
1689 556 1783 609 pa-

205 650 330 685 nem
364 643 414 685 et
447 630 653 691 vinum,
687 639 742 683 et
777 628 1011 682 oll'erunt
1051 645 1170 685 cum
1213 631 1494 684 tannnibus
1521 630 1780 694 candidis,

207 728 381 792 primo
411 721 654 785 masculi,
696 721 890 774 deinde
921 720 1152 784 fontium,
1206 725 1490 775 novissime
1543 738 1668 776 vero
1699 736 1784 774 sa-

201 817 451 869 cerdotes
480 824 534 866 et
562 811 771 864 diaconi
820 811 1072 876 oiTcrunt,
1106 814 1198 865 sed
1249 815 1420 866 Solum
1476 828 1690 880 panem,
1731 821 1784 864 et

204 905 310 958 hoc
329 913 451 958 ante
489 905 673 956 aitaie.
708 901 1076 956 Subdiaco-.us
1107 918 1235 956 vero
1262 917 1382 956 cum
1414 904 1578 956 calice
1613 917 1786 956 vacuo

203 1000 450 1066 sequitur
475 993 578 1066 47
621 993 1081 1053 archidiaconum,
1109 1002 1163 1046 et
1194 994 1446 1062 pontiﬁce
1485 994 1784 1047 oblationes

206 1085 520 1154 populorum
572 1081 929 1148 suscipiente,
965 1081 1374 1134 archidiacmius
1415 1083 1633 1148 suscipit
1667 1089 1786 1148 post

205 1192 328 1231 eum
359 1178 579 1239 atuulas,
605 1185 657 1229 et
686 1173 918 1228 refundit
940 1172 990 1226 in
1013 1173 1233 1228 calicem
1265 1173 1541 1241 majorem,
1571 1181 1787 1226 tem-nte

205 1282 332 1321 eum
361 1266 711 1327 snhdiacono,
744 1279 900 1332 quem
945 1263 1185 1334 sequitur
1213 1277 1332 1315 cum
1381 1261 1585 1330 scypho
1625 1275 1786 1329 super

210 1360 476 1426 planetam
505 1355 805 1426 acolythus,
830 1354 882 1408 in
918 1369 1078 1424 quem
1106 1354 1241 1408 calix
1274 1354 1522 1420 impletus
1552 1353 1788 1407 refundi-

210 1461 318 1503 tur.
350 1449 656 1502 Oblationes
684 1458 861 1500 autem
892 1460 922 1499 a
965 1446 1210 1516 pontiﬁce
1256 1447 1478 1515 suscipit
1509 1447 1786 1500 subdiaco-

211 1553 335 1602 nus,
369 1548 422 1591 et
455 1537 602 1602 ponit
635 1538 685 1589 in
718 1537 998 1590 sindonem
1028 1551 1148 1605 quae
1177 1551 1300 1590 eum
1331 1537 1592 1605 sequitur,
1623 1550 1781 1602 quam

212 1637 400 1683 tenent
426 1629 532 1680 duo
555 1627 809 1696 acolythi.
837 1626 987 1680 Tunc
1015 1627 1320 1680 tenentibus
1339 1627 1546 1682 duobus
1575 1630 1786 1698 preshy-

211 1721 346 1772 teris
390 1732 575 1770 manus
604 1718 740 1784 ejus,
774 1717 1056 1784 episcopus
1088 1718 1221 1770 tedit
1250 1716 1302 1770 in
1331 1717 1534 1782 sedem,
1567 1727 1620 1772 et
1645 1719 1786 1771 lavat

1890 541 2062 609 surgit
2086 542 2233 592 solus
2263 541 2522 608 pontifex,
2557 553 2609 594 et
2641 539 2665 575 δ
2700 540 2856 593 ιιιιίιθ
2885 539 3043 592 intrat
3081 541 3130 592 itt
3160 538 3452 603 Canonem,

1885 645 1936 685 et
1962 631 2235 684 diacouie
2270 631 2420 682 subdi
2443 634 2575 685 vc0ni
2607 643 2660 684 ct
2693 631 2988 701 presbyteri
3027 633 3076 682 in
3131 632 3461 700 presbyterio

1885 735 2071 774 omnes
2107 733 2411 787 permanent
2443 723 2698 776 inclinati.
2733 724 2786 777 In
2813 741 2916 791 quo
2942 726 3100 776 etiam
3123 722 3340 777 Canoue
3364 739 3457 776 scx

1885 814 2100 866 ordines
2119 823 2142 850 ο
2157 814 2387 867 cruciuiu
2404 816 2768 878 observantur,
2785 831 3007 884 quorum
3033 817 3228 880 primus
3248 828 3348 880 est,
3368 815 3458 868 ubi

1887 905 2077 958 dicitur
2111 903 2175 957 Ut
2204 915 2410 969 accepta
2431 907 2615 957 habeas
2635 949 2646 968 ,
2673 917 2718 958 et
2741 908 3002 958 benedicas
3030 906 3136 958 Ita'c
3165 905 3323 970 dona,
3349 906 3458 958 luco

1887 1013 2116 1061 munera,
2137 997 2244 1048 Ita'c
2264 1007 2437 1048 sancta
2463 999 2712 1063 sacriﬁcia
2734 999 2949 1050 illibata.
2969 997 3240 1050 Secundus
3257 998 3456 1064 quippe

1887 1097 1990 1150 est,
2015 1088 2100 1139 ubi
2131 1112 2140 1135 ι
2167 1089 2178 1138 i
2219 1089 2320 1141 itur
2352 1090 2514 1154 Quam
2546 1091 2850 1141 oblationem
2881 1100 2934 1141 tu
2963 1131 2975 1150 ,
3031 1089 3185 1155 Dens,
3220 1107 3270 1141 tn
3293 1089 3459 1142 enuti-

1886 1176 1977 1230 bus
2006 1193 2290 1245 qumsumus
2319 1179 2657 1246 benedictum,
2682 1181 2958 1246 ascriptam
2983 1217 2997 1240 ,
3030 1190 3215 1232 rotant.
3247 1179 3458 1232 Tertius

1889 1283 2117 1334 namque
2148 1269 2424 1320 estcrucis
2476 1268 2628 1331 ordo,
2664 1268 2749 1320 ubi
2798 1278 3039 1321 narratur
3092 1268 3157 1319 Et
3206 1269 3460 1326 accipiens

1886 1372 2068 1426 panem
2101 1356 2151 1407 in
2175 1365 2372 1406 sanctas
2401 1371 2460 1407 ac
2491 1356 2793 1408 venerabiles
2816 1373 2996 1408 manus
3018 1372 3159 1417 suos,
3184 1356 3460 1409 benedixit.

1890 1447 2038 1506 Item,
2095 1443 2206 1496 Tibi
2245 1445 2435 1512 gratias
2484 1461 2667 1512 agens,
2716 1445 2992 1498 benedixit.
3061 1446 3322 1511 Quartus,
3371 1445 3461 1499 ubi

1886 1537 1964 1588 sul
1988 1536 2213 1590 infertur
2237 1536 2469 1588 Hostiam
2492 1553 2690 1604 puram,
2711 1535 2941 1590 Hostiam
2959 1549 3204 1603 sanctam,
3228 1537 3466 1591 Hostiam

1885 1629 2289 1688 intutam/aiant,
2325 1644 2507 1693 panem
2534 1620 2765 1679 sanctum
2791 1629 2907 1678 vitta
2933 1637 3156 1691 (sternte,
3187 1637 3232 1680 et
3253 1627 3466 1680 calicem

1887 1717 2068 1770 salutis
2097 1729 2376 1787 perpetuat.
2406 1717 2650 1783 Quintus,
2676 1718 2763 1770 ttbi
2810 1718 3008 1772 dicitur
3040 1717 3142 1772 Per
3176 1736 3322 1786 quem
3357 1721 3464 1771 ha’c

206 1822 397 1860 manus
427 1821 489 1860 su
522 1799 585 1870 ιζ
617 1805 807 1859 deinde
834 1804 1048 1872 respicit
1073 1806 1480 1860 archidiaconus
1512 1806 1562 1860 in
1591 1807 1780 1861 facient
1819 1793 1864 1852 Β
1893 1813 2082 1876 omnia,
2116 1811 2352 1875 Domine,
2377 1827 2573 1880 semper
2602 1811 2730 1862 bona
2764 1827 2930 1874 creas,
2962 1811 3284 1878 salicti/iras,
3310 1812 3465 1879 viviﬁ-

211 1897 506 1965 pontiﬁcis,
538 1907 591 1950 et
625 1896 795 1949 innuit
824 1897 896 1950 ei.
932 1896 997 1949 Et
1025 1897 1118 1949 ille
1150 1898 1458 1956 resalutato.
1487 1907 1543 1952 et
1571 1907 1790 1951 cantan-

208 1989 355 2041 tibus
375 1988 546 2040 adhuc
575 1985 900 2051 cantoribus,
932 1987 1142 2040 accedit
1169 1987 1234 2039 ad
1266 1987 1455 2041 altare.
1488 1989 1643 2042 Tunc
1671 1989 1791 2042 Sub-

211 2079 426 2132 diaconi
457 2077 692 2130 levantes
723 2075 924 2128 oblatas
947 2075 1016 2128 de
1047 2090 1204 2129 manu
1229 2075 1535 2130 subdiaconi
1558 2091 1789 2141 sequen-

209 2170 300 2230 tis,
327 2169 594 2237 porrigunt
627 2182 699 2218 ar.
722 2165 1022 2232 hidiacono,
1049 2175 1105 2218 et
1146 2166 1234 2220 ille
1275 2167 1549 2235 componit
1599 2168 1786 2221 altare.

211 2261 421 2312 Ornato
480 2271 606 2311 vero
654 2255 842 2322 altari,
896 2254 1306 2309 archidiaconus
1347 2257 1510 2309 sumit
1557 2256 1788 2308 ainulam

209 2352 475 2419 pontiﬁcis
501 2365 621 2404 cum
654 2354 778 2401 vino
806 2349 872 2402 de
900 2347 1336 2425 subdiaconopet
1364 2348 1598 2402 refundit
1629 2361 1791 2416 super

210 2443 388 2495 enimn
416 2441 466 2494 in
497 2439 739 2494 calicem.
777 2435 978 2491 Deinde
1005 2436 1280 2492 descendit
1318 2437 1675 2490 subdiaconus
1701 2452 1790 2491 se-

209 2547 381 2601 quens
413 2533 464 2585 in
495 2533 753 2594 scholam,
783 2539 836 2583 et
861 2527 1053 2597 accipit
1084 2527 1282 2582 fontem
1332 2527 1400 2581 de
1428 2543 1586 2581 manu
1613 2527 1790 2582 archi-

213 2621 641 2690 paraphtnistaa,
702 2628 756 2673 et
810 2618 984 2673 defert
1029 2618 1440 2681 archidiacono;
1487 2625 1543 2671 et
1599 2619 1686 2671 ille
1726 2634 1791 2671 ex

213 2716 390 2767 amula
431 2713 660 2766 infundit
707 2714 903 2764 iaciens
927 2725 1138 2764 crucem
1174 2711 1222 2761 in
1247 2709 1498 2773 calicem;
1528 2718 1581 2762 et
1612 2724 1794 2762 ascen-

215 2807 351 2860 dunt
378 2807 586 2859 diaconi
617 2805 680 2857 ad
714 2803 1036 2872 pontiﬁcem.
1071 2801 1218 2854 Tunc
1249 2815 1473 2868 surgens
1501 2797 1738 2868 pontifex
1761 2815 1792 2852 a

211 2897 360 2962 sede,
395 2906 449 2948 et
479 2893 815 2948 cantantibus
843 2892 1016 2946 adhuc
1061 2890 1391 2953 catitoribus,
1418 2891 1697 2944 descendit
1727 2891 1793 2944 ad

212 2989 402 3050 altare,
435 2996 488 3040 ct
513 2996 650 3052 orat,
676 2995 728 3037 et
755 2985 952 3038 salutat
981 2984 1168 3047 altare.
1212 2992 1268 3035 et
1305 2981 1529 3048 suscipit
1577 2981 1788 3034 oblatas

211 3076 282 3130 de
299 3091 455 3129 manu
478 3077 904 3144 presbyterorum
925 3079 982 3126 et
1001 3071 1242 3125 diaconoi
1257 3086 1366 3135 um,
1385 3072 1574 3139 quibus
1592 3070 1789 3123 licitum

1891 1918 1999 1967 cas,
2031 1900 2300 1954 bcnedicis.
2339 1901 2530 1954 Sestus
2559 1901 2769 1967 quidem
2800 1902 2929 1953 ordo
2956 1900 3220 1967 sequitur,
3251 1904 3464 1970 quando

1896 1990 2163 2058 profertur
2197 1990 2297 2041 l’er
2324 1989 2513 2056 ipsum,
2546 1999 2593 2042 et
2619 2005 2733 2042 cum
2763 1990 2892 2058 ipso,
2925 2001 2967 2041 et
2997 1990 3050 2042 in
3078 1990 3209 2058 ipso,
3255 1991 3467 2058 quando

1893 2094 2014 2132 com
2045 2078 2220 2131 oblata
2244 2080 2379 2132 calix
2415 2078 2665 2146 tangitur.
2699 2078 2752 2132 lo
2799 2079 2988 2132 eodem
3035 2079 3212 2132 ofﬁcio
3257 2081 3466 2134 diaconi

1894 2168 2069 2222 adhuc
2104 2168 2342 2223 inclinati
2371 2183 2463 2236 per
2491 2169 2843 2224 ministerium
2885 2170 3252 2236 acolythnrnm
3292 2171 3467 2225 lavant

1895 2274 2084 2312 manus
2111 2274 2255 2315 suas.
2303 2259 2366 2312 Et
2415 2260 2663 2312 sacerdos
2701 2260 2910 2326 quando
2956 2261 3083 2313 dicit
3129 2261 3400 2330 Supplices
3423 2271 3467 2315 te

1892 2363 2156 2414 rogamus,
2202 2349 2476 2402 humiliato
2505 2350 2694 2417 capite,
2722 2349 2938 2404 inclinat
2968 2364 3026 2404 se
3051 2359 3175 2404 ante
3190 2351 3375 2404 altare.
3401 2350 3465 2403 Et

1894 2450 2013 2488 cum
2045 2435 2237 2490 dixerit
2260 2446 2443 2504 aperta
2473 2441 2706 2490 clamans
2732 2454 2860 2492 voce
2885 2438 3047 2491 Nolis
3073 2456 3267 2510 quoqu?
3294 2455 3468 2508 pecca-

1897 2528 2112 2591 toribus,
2141 2539 2362 2597 surgunt
2391 2531 2716 2592 subdiaconi,
2747 2540 2801 2582 ct
2826 2539 2966 2582 stant
2989 2531 3040 2584 in
3074 2530 3208 2594 loco,
3234 2530 3318 2583 ubi
3343 2539 3468 2584 ante

1894 2625 2190 2682 steterunt,
2219 2630 2272 2670 et
2299 2631 2508 2674 sursum
2560 2620 2818 2686 aspiciunt
2851 2621 2904 2674 in
2952 2620 3137 2674 faciem
3185 2621 3468 2691 pontiﬁcis.

1896 2703 2025 2758 Cum
2050 2705 2246 2759 dixerit
2278 2705 2377 2759 Per
2397 2723 2548 2776 quem
2576 2709 2682 2762 lucc
2713 2709 2903 2772 omnia,
2941 2708 3157 2761 Domine
3179 2748 3195 2772 ,
3227 2711 3384 2777 erigit
3411 2722 3469 2763 so

1895 2796 2304 2854 archidiaconus
2332 2798 2509 2860 solus;
2540 2807 2590 2850 et
2635 2812 2754 2850 cum
2798 2796 2991 2850 dixerit
3029 2796 3132 2855 Per
3168 2799 3336 2864 ipsmu
3362 2839 3376 2859 ,
3418 2807 3470 2851 et

1897 2901 2010 2937 cum
2039 2887 2171 2953 ipso,
2209 2887 2342 2940 levat
2371 2899 2491 2938 cum
2521 2885 2792 2942 oll‘crtnrio
2813 2887 3034 2940 calicem
3067 2902 3159 2954 per
3187 2902 3362 2950 ansas,
3410 2894 3469 2942 ct

1899 2984 2044 3029 tenet
2067 2974 2306 3028 exaltans
2329 2974 2471 3026 illum
2492 2973 2641 3045 juxta
2667 2973 2990 3042 pontiﬁcem.
3015 2975 3250 3029 Pontifex
3291 2987 3471 3031 autem

1898 3069 2116 3137 tangite
2145 3069 2312 3120 latere
2336 3067 2576 3129 calicem,
2607 3082 2726 3120 cum
2759 3066 2951 3120 oblatis
2971 3066 3101 3119 duas
3133 3067 3330 3120 iaciens
3351 3082 3471 3120 cru-

211 3176 298 3221 est
321 3169 577 3222 accedere
600 3167 664 3219 ad
693 3165 876 3218 altare.
912 3163 1111 3218 Deinde
1139 3163 1548 3216 archidiaconus
1571 3163 1792 3230 suscipit
1819 3150 1867 3210 C
1904 3176 2014 3222 ces,
2037 3169 2090 3213 et
2119 3159 2325 3221 dicens,
2361 3157 2460 3213 Per
2485 3158 2652 3227 ipsum
2678 3197 2695 3223 ,
2745 3168 2791 3209 et
2834 3173 2950 3210 cum
2994 3159 3102 3226 ipso
3129 3197 3142 3220 ,
3175 3171 3340 3225 u-que
3370 3154 3471 3209 Per

219 3257 430 3312 oblatas
456 3258 590 3311 duas
617 3257 686 3310 de
729 3254 1085 3308 ohlationario
1106 3292 1122 3318 ,
1154 3263 1208 3306 et
1237 3254 1328 3304 dat
1368 3253 1630 3321 pontiﬁci;
1665 3268 1797 3321 quas

215 3350 347 3404 dum
378 3349 616 3416 posuerit
645 3346 878 3415 pontifex
907 3344 959 3397 in
988 3343 1174 3408 altare,
1208 3343 1346 3396 levat
1373 3344 1594 3398 calicem
1626 3344 1796 3397 archi-

218 3439 476 3492 diaconus
501 3437 568 3490 de
595 3451 753 3488 manu
794 3432 1136 3498 subdiaconi,
1185 3443 1239 3486 et
1281 3434 1429 3501 ponit
1466 3448 1586 3486 cum
1633 3448 1797 3499 super

217 3530 386 3584 altare
402 3526 550 3595 juxta
591 3526 884 3578 oblationes
923 3521 1188 3592 [muniﬁcis
1215 3538 1242 3573 a
1270 3522 1500 3588 dextris,
1538 3523 1795 3576 involutis

217 3619 367 3670 ansis
393 3631 512 3670 cum
535 3613 807 3668 odertorio
835 3627 954 3676 suo,
979 3610 1123 3680 quod
1153 3611 1312 3664 etiam
1346 3611 1495 3679 ponit
1527 3612 1580 3663 itt
1602 3612 1793 3665 dextro

217 3720 389 3759 cornu
435 3703 636 3757 altaris.
691 3702 816 3757 Post
868 3701 1195 3754 oblationem
1254 3699 1466 3767 ponitur
1520 3700 1796 3753 incensum

217 3811 382 3864 sup-1'
411 3796 595 3856 altare,
642 3801 698 3847 et
735 3793 971 3863 pontifex
1020 3791 1284 3844 inclinans
1329 3805 1390 3844 se
1431 3792 1698 3857 paululum
1729 3791 1794 3844 ad

218 3887 413 3949 altare,
437 3885 657 3952 respicit
686 3883 946 3947 scholam,
971 3892 1025 3936 et
1053 3882 1238 3934 annuit
1273 3890 1328 3932 ut
1356 3880 1567 3946 sileant,
1596 3893 1645 3934 et
1669 3895 1798 3934 con-

221 3976 384 4029 vertit
423 3989 482 4028 se
507 3974 572 4026 ad
600 3975 849 4041 p0pu|um
878 3972 1067 4025 dicens
1095 3969 1270 4024 Orate.

296 4063 383 4116 10.
412 4063 560 4114 Tunc
610 4062 760 4114 linito
804 4060 1088 4112 Otl‘vrtorio
1135 4058 1450 4111 ordinantur
1497 4058 1795 4128 presbyteri

220 4163 345 4222 post
374 4149 673 4220 pontiﬁrettt
701 4191 716 4216 ,
763 4158 816 4203 et
843 4147 1250 4201 archidiaconus
1280 4161 1309 4198 a
1337 4148 1538 4200 dextris
1566 4163 1749 4202 eorum
1777 4166 1792 4212 ;

221 4240 488 4296 secundus
517 4241 771 4292 diaconus
800 4254 828 4290 a
857 4237 1112 4301 sinistris.
1143 4247 1197 4291 et
1224 4238 1401 4290 caeteri
1433 4252 1525 4305 per
1556 4239 1795 4292 ordinem

219 4332 480 4398 disposita
511 4329 644 4385 acie.
679 4328 1000 4382 Subdiaconi
1033 4329 1191 4380 etiam
1219 4367 1233 4389 ,
1285 4327 1433 4380 ﬁnito
1475 4327 1792 4394 Oﬁ‘ertorio,

219 4422 423 4473 vadunt
443 4431 586 4472 retro
604 4418 791 4483 altare,
814 4418 1135 4486 aspicientes
1157 4416 1223 4469 ad
1251 4418 1576 4484 pontiﬁcem,
1593 4430 1795 4472 stantes

1901 3254 2072 3307 omnia
2099 3253 2286 3308 swcala
2306 3253 2630 3307 amaturum.
2656 3249 2721 3303 Et
2745 3249 2892 3318 ponit
2921 3247 3154 3318 pontifex
3177 3248 3472 3303 oblationes

1903 3347 1954 3398 in
1983 3346 2098 3399 loco
2126 3359 2224 3398 sua
2250 3386 2264 3408 ,
2317 3351 2372 3396 et
2417 3340 2823 3395 archidiaconus
2867 3339 3081 3394 calicem
3136 3338 3280 3406 juxta
3328 3351 3422 3392 eas
3453 3343 3477 3401 .‘

1900 3435 2120 3489 dimisso
2149 3433 2420 3488 otfert0rio
2442 3433 2493 3486 in
2524 3447 2682 3484 ansas
2706 3430 2970 3498 ejusdem.

1975 3528 2060 3580 Η.
2093 3526 2342 3594 Sequitur
2372 3524 2423 3577 in
2457 3523 2622 3577 altum
2653 3520 2898 3578 Praelatio
2932 3519 3216 3578 Dominica:
3256 3515 3471 3577 Oratio-

1903 3613 2004 3678 nis,
2031 3624 2086 3668 et
2134 3612 2321 3668 Oratio
2353 3612 2620 3666 Dominica
2668 3626 2786 3666 cum
2816 3610 3012 3666 emboli
3041 3607 3066 3647 δ
3105 3626 3199 3664 sua
3223 3653 3237 3676 ,
3290 3612 3340 3662 in
3369 3625 3470 3678 qua

1902 3713 2011 3758 tres
2038 3703 2244 3757 articuli
2263 3703 2530 3756 Orationis
2556 3702 2910 3756 inveniuntur.
2928 3700 3245 3756 Subdiaconi
3269 3708 3467 3766 autem,

1903 3803 2179 3862 postquam
2211 3793 2441 3847 viderint
2467 3792 2685 3848 calicem
2713 3832 2728 3856 ,
2778 3793 2828 3844 itt
2875 3806 2982 3861 quo
3013 3791 3229 3860 sanguis
3262 3790 3467 3842 Dotnioi

1901 3893 2000 3948 est,
2030 3883 2220 3936 lunone
2248 3882 2655 3948 circumdatum,
2688 3889 2742 3934 et
2769 3880 2876 3952 49
2900 3881 3163 3934 audierint
3188 3879 3294 3932 Sed
3315 3880 3470 3931 libera

1902 3991 1992 4028 nos
2019 3990 2050 4026 a
2077 3974 2232 4038 malo,
2258 3973 2450 4026 vadunt
2476 3982 2528 4025 et
2551 3982 2852 4042 pra‘parant
2873 3973 3065 4026 calices
3087 3975 3200 4024 sive
3221 3971 3471 4024 sindone-8

1902 4062 2152 4126 mundus,
2186 4063 2234 4114 iu
2281 4062 2473 4130 quibus
2519 4062 2773 4132 recipiant
2797 4075 2990 4128 corpus
3023 4060 3262 4122 Domini,
3310 4075 3372 4112 ne
3419 4062 3468 4112 in

1903 4164 2094 4208 terram
2127 4153 2303 4216 cadat,
2325 4160 2375 4204 et
2411 4155 2460 4205 in
2493 4152 2762 4218 pulvercm
2799 4158 2819 4182 ε
2851 4158 3102 4210 vertatur,
3145 4159 3261 4216 post
3291 4149 3472 4201 diaco-

1903 4256 2000 4294 nos
2022 4250 2242 4299 stantes,
2276 4242 2445 4292 donec
2470 4254 2532 4292 ex
2566 4252 2630 4291 co
2662 4239 2882 4305 populus
2915 4238 3031 4289 vita?
3062 4247 3233 4289 sumat
3261 4238 3471 4291 contor-

1903 4329 2154 4382 tationem
2187 4338 2422 4380 ceterum.
2456 4330 2584 4379 Nam
2610 4327 2746 4394 quod
2773 4326 3147 4378 intermisimus
3168 4328 3232 4379 de
3258 4335 3467 4392 pateua,

1903 4420 2116 4489 quando
2137 4420 2413 4472 inchoatur
2437 4421 2640 4483 Canon,
2664 4417 2807 4471 venit
2827 4416 3471 4486 acolythus,Subltumero

220 4512 395 4568 erecti
439 4511 731 4580 usquedum
782 4510 923 4562 dicta
984 4509 1238 4562 Oratione
1292 4523 1453 4576 super
1499 4510 1798 4564 oblationes
1825 4494 1874 4554 ι)
1907 4512 2108 4566 habens
2138 4510 2412 4562 sindonem
2438 4508 2488 4560 in
2521 4509 2659 4560 collo
2689 4507 2899 4574 ligatam
2928 4549 2943 4572 ,
2990 4518 3175 4559 tenens
3224 4514 3466 4574 patenant

221 4604 467 4664 Secreta,
519 4609 572 4654 et
600 4600 851 4667 episcopo
878 4597 982 4650 alta
1010 4612 1144 4652 voce
1173 4599 1458 4664 incipiente
1491 4597 1593 4651 Per
1629 4602 1799 4652 omnia

221 4693 417 4746 secula
437 4690 738 4744 saeculorum
761 4729 776 4752 ,
809 4698 928 4755 post
974 4688 1350 4742 salutationem
1393 4702 1447 4740 et
1475 4687 1801 4741 exhortatio-

222 4799 350 4836 nem
380 4823 396 4843 ,
446 4782 586 4836 ﬁnita
625 4780 938 4835 Pratlatione
969 4821 984 4846 ,
1030 4779 1289 4845 incipiant
1335 4778 1515 4832 dicere
1546 4779 1797 4848 hymnum

224 4873 550 4942 angelicum,
584 4873 636 4926 id
667 4881 746 4927 est
773 4871 1016 4936 Sanctus,
1049 4871 1289 4936 Sanctus,
1325 4870 1578 4934 Sanctus,
1613 4872 1663 4926 in
1694 4887 1801 4941 quo

267 5033 272 5037 λ
303 5016 331 5044 ⁸
373 5006 462 5060 His
492 5013 846 5060 censentanea
873 5003 1056 5056 statuit
1082 5001 1341 5055 lleraldus
1381 5003 1664 5069 cpiscopus
1693 5003 1799 5058 Tu.

223 5076 476 5133 ronensis
505 5115 521 5140 ,
568 5090 690 5142 cap.
739 5072 843 5125 t6:
900 5071 968 5126 Ut
995 5082 1204 5131 secreta,
1244 5070 1291 5123 id
1321 5079 1399 5123 est
1426 5111 1442 5134 ,
1492 5068 1758 5142 Cauouem
1781 5114 1797 5141 ,

228 5146 512 5217 presbyteri
556 5139 656 5197 non
693 5144 948 5217 inchoent,
991 5149 1277 5217 antequam.
1310 5141 1534 5217 §anctus
1562 5139 1796 5217 ﬁniatur.

309 5216 336 5253 ι)
377 5205 492 5267 Non
519 5228 648 5282 ergo
669 5213 804 5282 elata
833 5226 964 5282 voce
989 5249 1004 5274 ,
1045 5217 1100 5261 ut
1123 5205 1280 5282 ἐψυιῇ
1312 5205 1524 5282 Gnaeos
1552 5205 1590 5282 ,_
1617 5207 1802 5282 Conon

226 5277 736 5339 recitabaturfllide
760 5280 1013 5348 Eglogam
1043 5288 1098 5331 et
1127 5277 1419 5346 Remigium
1468 5279 1803 5336 Antissiodo'

224 5368 468 5409 rensetn.

305 5433 329 5460 ε
377 5425 450 5474 lle
478 5420 557 5472 his
584 5419 747 5487 signis
790 5417 1024 5470 crucium
1076 5415 1427 5487 interrogatus
1473 5429 1505 5487 a_
1534 5416 1802 5487 Bonifacio

227 5491 487 5557 episcopo
512 5483 810 5560 ΔΖςωῐρειινῇςιε
841 5483 1295 5560 paperespondet
1340 5484 1394 5538 in
1423 5484 1644 5552 epistola
1675 5501 1794 5560 quae

222 5551 309 5614 eét
342 5551 482 5612 inter
508 5551 876 5612 Bonifaciana's
901 5551 1238 5608 crdine’lﬂ.

303 5626 330 5664 ιι
377 5629 428 5682 Id
455 5640 533 5680 est
572 5641 693 5680 cum
736 5624 1082 5689 subseqttettti
1118 5620 1358 5680 oratione
1383 5666 1397 5690 ,
1443 5621 1623 5678 Libera
1663 5640 1793 5692 nos,

224 5712 542 5764 maritatas,
577 5694 808 5760 Domine,
837 5703 942 5750 etc.

1905 4613 2024 4653 ante
2049 4611 2231 4668 pectus
2272 4612 2423 4650 suum
2473 4597 2523 4649 in
2577 4605 2724 4662 patte
2767 4597 2982 4652 dextera
3032 4611 3195 4664 usque
3239 4596 3468 4649 medium

1903 4690 2195 4744 Canoncm.
2228 4687 2377 4740 Tunc
2416 4686 2768 4738 subdiaconus
2815 4701 3044 4753 sequens
3094 4688 3313 4754 suscipit
3352 4701 3470 4739 eam

1902 4795 2063 4850 super
2094 4781 2355 4848 planetam
2385 4816 2400 4839 ,
2446 4787 2494 4828 et
2551 4777 2695 4830 venit
2743 4791 2868 4830 ante
2908 4779 3110 4839 altare,
3155 4785 3470 4844 etSpectans

1905 4873 2117 4945 quando
2136 4886 2252 4924 eam
2277 4870 2530 4940 suscipiat
2546 4867 2900 4922 subdiaconus
2920 4869 3269 4936 regionarius.
3297 4866 3471 4921 Finito

1981 5015 2005 5044 ο
2046 5006 2246 5071 Nempe
2277 5017 2371 5065 per
2419 5002 2884 5068 contractionem,
2926 5001 2993 5054 de
3027 5017 3128 5070 qua
3173 5003 3225 5054 in
3271 5003 3471 5060 Ordine

1907 5075 2189 5144 superiori.
2241 5074 2536 5144 Obscurum
2587 5082 2669 5125 est
2717 5071 2857 5138 quod
2889 5071 3066 5144 habet
3095 5071 3314 5144 __Egloga
3368 5075 3472 5130 hoc

1909 5140 2062 5200 loco:
2091 5142 2273 5194 Postea
2293 5181 2307 5203 ,
2355 5143 2563 5193 scilicet
2593 5150 2713 5206 post
2757 5142 3059 5194 Orationem
3093 5140 3419 5196 DOmiuicam
3450 5185 3466 5204 ,

1909 5214 2224 5267 commistum
2252 5226 2432 5277 corpus
2485 5210 2687 5261 Domini
2716 5225 2832 5260 cum
2860 5209 2974 5261 vino
2997 5246 3014 5272 ,
3052 5210 3305 5274 simulque
3347 5229 3469 5277 pace

1908 5279 2495 5346 annuntiatahaufertur
2515 5279 2827 5330 dominicum
2874 5292 3053 5346 corpus
3091 5279 3154 5330 de
3196 5280 3370 5332 altari.
3407 5281 3468 5334 Et

1913 5355 2043 5405 intra
2071 5367 2083 5400 :
2121 5349 2183 5401 Et
2204 5336 2464 5414 ideo'quia
2494 5358 2628 5398 totus
2659 5348 2808 5402 Itonia
2836 5336 3073 5408 surrexit,
3103 5347 3257 5399 simul
3286 5352 3368 5415 [as
3396 5362 3469 5402 est

1908 5431 1960 5473 ut
2007 5419 2148 5471 illico
2193 5433 2309 5469 cum
2355 5417 2608 5468 obtutibus
2649 5416 2788 5468 entia:
2841 5415 3045 5471 Domini
3098 5421 3362 5482 auferatur
3405 5420 3469 5471 de

1903 5489 2098 5551 altari,
2129 5501 2318 5552 nempe
2345 5485 2409 5539 ad
2455 5486 2951 5537 counnunicandutn
2983 5488 3061 5552 (ut
3084 5487 3297 5552 quidem
3328 5488 3468 5541 vide-

1905 5563 2013 5626 tur)
2045 5557 2350 5626 pontiﬁcem
2374 5595 2389 5620 ,
2441 5555 2529 5629 qui
2577 5553 2644 5611 ad
2674 5555 2856 5612 sedem
2886 5569 3035 5610 suam
3068 5561 3466 5618 communicare

1903 5629 2058 5687 solet.
