4042 6316
602 314 700 369 975

1278 304 1615 361 APPENDIX
1658 304 1745 356 AD
1787 303 1842 357 S.
1889 297 2212 351 GliEGURIl
2258 296 2465 351 MAGNI
2509 294 2871 349 LlTllRGlCA
2914 293 3163 347 OPERA.

3738 290 3844 344 976

603 441 781 486 autem
828 430 1041 483 Canone
1065 468 1077 490 ,
1128 425 1482 479 subdiaconus
1523 422 1853 490 regionarins
1899 427 2003 472 stat
2046 430 2164 469 cum
2196 418 2239 473 Α
2271 429 2455 469 omne;
2487 414 2777 467 ascendunt
2807 420 2862 464 ut
2891 409 3368 464 communicentad
3398 409 3586 462 altare.
3624 408 3850 475 Episco—

606 530 793 588 patena
823 518 956 571 nuda
991 524 1105 583 post
1136 512 1580 567 archidiaConem.
1613 509 1835 574 Quando
1862 509 2087 571 dixerit,
2120 518 2163 560 et

608 608 670 661 ab
699 608 833 661 omni
855 605 1231 681 perturbatione
1255 601 1436 663 securi,
1469 600 1625 652 vertit
1659 613 1716 649 se
1746 597 2164 661 archidiaconus,

606 710 661 753 et
686 697 920 750 osculata
957 703 1146 762 paterra
1176 693 1265 744 dat
1313 704 1427 742 eam
1478 687 1759 742 tenendam
1812 687 2035 739 diacono
2084 698 2167 739 se-

614 786 786 841 cundo
814 795 858 835 ⁸.

684 876 763 929 12.
790 877 920 928 Cum
954 874 1149 926 dixerit
1174 869 1288 924 Paa:
1321 868 1523 922 Domini
1551 869 1616 920 sit
1651 881 1843 936 semper
1877 864 2129 916 vobiscum
2154 902 2168 923 ,

609 967 763 1021 mittit
795 968 844 1017 in
876 965 1094 1017 calicem
1127 964 1192 1017 de
1212 962 1405 1017 Sancta
1428 960 1621 1013 oblata.
1648 956 1753 1011 Sed
1773 955 2173 1009 archidiaconus

607 1057 695 1110 dat
724 1068 902 1123 pacem
936 1051 1188 1120 cpisco;ro
1221 1049 1416 1117 priori;
1447 1046 1639 1101 deinde
1678 1045 1855 1099 (επιετί
1907 1058 1998 1111 per
2026 1041 2173 1093 ordi-

611 1161 770 1208 nem,
816 1152 871 1195 et
900 1142 1123 1210 pupulus
1150 1183 1161 1195 .
1215 1138 1495 1203 separatim
1542 1134 1639 1187 viri
1670 1141 1723 1186 et
1763 1131 1989 1185 feminte.
2028 1130 2176 1182 Tunc

612 1233 841 1303 pontifex
875 1230 1069 1297 rumpit
1098 1229 1327 1282 oblatam
1359 1242 1423 1280 cx
1455 1227 1618 1279 latere
1638 1222 1849 1287 dextro,
1869 1229 1923 1274 et
1949 1220 2178 1287 particu-

613 1332 712 1376 lam
747 1337 901 1391 quam
936 1321 1160 1387 rumpit,
1206 1333 1364 1385 super
1412 1317 1579 1368 altare
1628 1311 1912 1379 relinquit;
1951 1309 2177 1377 reliquas

614 1431 739 1469 vero
767 1414 1061 1465 oblationes
1090 1425 1211 1464 suas
1242 1409 1389 1476 ponit
1420 1409 1472 1460 in
1507 1415 1780 1474 patenam,
1831 1415 1989 1471 quam
2035 1406 2179 1452 tenet

614 1504 889 1563 diaconus,
922 1510 975 1551 et
1001 1498 1137 1552 redit
1166 1498 1229 1550 ad
1258 1496 1460 1550 sedem.
2098 1534 2105 1541 .

686 1591 770 1642 15.
804 1589 917 1641 .lam
948 1587 1352 1641 archidiaconus
1387 1585 1524 1637 levat
1562 1582 1775 1634 calicem
1801 1619 1813 1637 ,
1859 1586 1909 1631 et
1940 1577 2029 1630 dat
2060 1590 2179 1631 eum

617 1677 1132 1740 arclrisubdiacono,
1181 1688 1333 1739 quem
1389 1680 1532 1724 tenet
1593 1670 1738 1735 juxta
1785 1681 1948 1721 cornu
2002 1665 2181 1718 altaris

2271 518 2366 572 pus
2397 513 2571 557 autem
2632 502 2831 570 primus
2881 501 3072 567 accipit
3116 500 3338 551 calicem
3368 498 3437 552 de
3480 512 3643 550 manu
3673 498 3838 550 archi-

2269 594 2515 657 diaconi,
2570 601 2621 647 et
2670 600 2770 644 stat
2820 592 2872 642 in
2925 604 3092 643 cornu
3149 590 3379 650 altaris,
3441 596 3499 640 ut
3556 588 3843 641 conﬁrmes

2271 693 2552 752 sequentes
2583 684 2819 736 ordines.
2854 681 3053 734 Deinde
3082 681 3508 743 archidiaconus,
3536 686 3763 746 accepto
3783 679 3854 732 de

2276 787 2435 826 manu
2465 774 2605 825 illirrs
2634 771 2821 835 calice,
2852 770 3082 823 refundit
3112 769 3163 821 in
3190 767 3393 837 scypho
3416 810 3431 831 ,
3463 782 3625 835 quem
3681 780 3847 833 supra

2273 864 2525 928 diximus,
2580 870 2634 917 et
2666 862 2830 915 tradit
2857 861 3077 926 calicem
3127 858 3455 912 subdiacono
3499 857 3809 925 regionario
3838 896 3854 917 ,

2274 956 2362 1025 qui
2396 955 2552 1007 tradit
2575 953 2620 1006 ei
2654 951 2986 1021 pugillarem,
3011 965 3252 1016 cumquo
3271 948 3553 1003 conﬁrmet
3572 948 3856 1015 populum.

2277 1046 2507 1099 Calicem
2538 1052 2715 1096 autem
2745 1041 3103 1095 subdiaconus
3148 1039 3341 1107 accipit
3367 1052 3620 1106 sequens,
3656 1044 3713 1090 et
3760 1036 3856 1089 dat

2279 1135 2556 1205 acolyrho,
2606 1143 2656 1186 et
2690 1135 2777 1187 ille
2831 1140 3046 1186 revocat
3070 1132 3119 1184 in
3154 1131 3498 1199 paratorium.
3531 1129 3680 1194 Quos
3728 1127 3855 1181 dum

2279 1226 2695 1286 confirmaverit,
2722 1224 2772 1277 id
2797 1232 2878 1276 est
2900 1236 3034 1291 quos
3063 1235 3195 1290 papa
3222 1220 3603 1282 communicat,
3637 1217 3863 1272 descen-

2280 1317 2356 1370 dit
2406 1313 2638 1383 pontifex
2690 1328 2719 1366 a
2745 1313 2873 1366 sede
2900 1353 2916 1378 ,
2960 1310 3261 1364 tenentibus
3289 1309 3337 1362 ei
3369 1323 3561 1361 manus
3594 1307 3683 1375 qui
3732 1320 3856 1359 eum

2281 1404 2548 1467 duxerint,
2576 1412 2632 1455 ut
2666 1400 3026 1455 communicet
3053 1414 3146 1452 eus
3187 1399 3274 1465 qui
3308 1399 3358 1450 in
3389 1396 3666 1450 senatorio
3692 1404 3863 1457 sunt,

2285 1505 2401 1564 post
2425 1510 2582 1564 quem
2612 1493 3017 1546 archidiaconus
3058 1490 3360 1544 confirmat.
3396 1489 3590 1542 Postea
3616 1486 3861 1556 episcOpi

2284 1588 2674 1642 communicant
2696 1586 2947 1656 populum
2971 1583 3228 1637 innuerrte
3255 1580 3527 1649 pontiﬁce,
3550 1588 3607 1634 et
3630 1588 3751 1645 post
3769 1594 3868 1632 ws

2285 1680 2490 1733 diaconi
2515 1678 2849 1733 conﬁrmant.
2876 1675 3173 1744 Presbyteri
3205 1680 3381 1725 autem
3415 1673 3564 1737 jussu
3589 1668 3867 1737 pontiﬁcis

616 1769 892 1830 dextrum;
922 1778 972 1821 et
1012 1766 1324 1819 accedentes
1369 1760 1680 1814 subrliacoui
1710 1775 1827 1813 eum
1874 1756 2133 1827 acolythis
2158 1797 2173 1821 ,

2295 1770 2669 1823 :ommunicant
2701 1767 2985 1835 populum,
3017 1772 3071 1819 et
3116 1762 3214 1832 ipsi
3245 1761 3477 1815 vicissim
3508 1760 3855 1814 conﬁrmant.

615 1861 704 1930 qui
737 1859 975 1913 sacculos
1003 1865 1229 1925 portant,
1266 1869 1294 1906 a
1320 1853 1519 1907 dextris
1547 1860 1601 1904 et
1628 1865 1655 1901 a
1680 1848 1910 1903 sinistris
1934 1888 1948 1911 ,
1996 1857 2181 1901 exten-

617 1949 865 2003 rlcntibus
912 1944 1169 2015 acolythis
1220 1943 1432 1996 brachia
1491 1955 1610 1993 cum
1663 1938 1926 1998 sacculis,
1969 1944 2113 1988 stant
2153 1949 2182 1987 a

620 2039 813 2094 fronte.
848 2046 905 2090 ut
936 2043 1120 2103 parent
1148 2033 1297 2086 sinus
1324 2030 1653 2084 sacculoruru
1683 2026 2086 2092 archidiacono,
2118 2025 2181 2078 ad

621 2128 889 2196 ponendas
914 2123 1226 2185 oblationes,
1260 2122 1401 2187 prius
1448 2133 1476 2171 a
1506 2117 1706 2170 dextris
1732 2157 1745 2179 ,
1777 2114 1966 2179 deinde
1998 2130 2027 2167 a
2058 2114 2187 2167 sini-

619 2219 762 2268 stris.
816 2216 961 2267 Tunc
992 2212 1221 2281 acolytlri
1277 2208 1473 2262 vadunt
1521 2206 1735 2259 dextera
1769 2205 2009 2269 ltevaque
2066 2214 2185 2269 post

536 2326 558 2344 -
620 2306 897 2371 epi<copos
921 2304 1058 2357 circa
1088 2303 1282 2363 altare,
1311 2298 1498 2365 reliqui
1530 2295 1857 2349 descendunt
1883 2294 1946 2347 ad
1972 2295 2190 2363 presby-

624 2404 785 2455 teros,
836 2401 888 2443 ut
930 2390 1172 2458 frangant
1214 2388 1441 2441 Hostias.
1492 2386 1689 2439 Patena
1738 2384 1990 2452 prrccedit
2034 2383 2182 2452 juxta

624 2484 839 2547 Sedeut,
872 2480 1234 2534 deferentibus
1275 2493 1389 2530 cam
1433 2477 1637 2529 duobus
1668 2476 2077 2530 subdiacouibus
2125 2476 2189 2528 ad

623 2574 876 2626 diaconus
920 2578 978 2623 ut
1024 2570 1287 2636 frangant.
1334 2567 1436 2621 Sed
1470 2565 1543 2619 illi
1589 2564 1848 2629 aspiciunt
1884 2564 1949 2617 ad
1999 2565 2185 2618 faciem

628 2660 912 2730 pontiﬁcis,
946 2667 1001 2711 ut
1028 2657 1108 2711 eis
1153 2658 1339 2709 innuat
1362 2654 1625 2721 frangere.
1658 2649 1726 2704 Et
1768 2652 1890 2705 dum
1921 2652 2152 2704 innuerit
2179 2692 2191 2712 ,

628 2750 916 2805 resalutato
939 2746 1184 2816 pontiﬁce
1208 2746 1311 2814 50
1332 2743 1689 2810 curfringunt,
1714 2748 1769 2794 et
1790 2739 2193 2793 archidiaconus

626 2847 880 2891 evacuato
907 2834 1059 2889 altari
1091 2832 1471 2890 oblationibus,
1505 2829 1719 2897 respicit
1746 2828 1805 2881 in
1835 2830 2074 2881 scholam
2100 2869 2113 2891 ,
2145 2842 2198 2882 et

630 2932 801 2984 innuit
827 2929 904 2981 eis
933 2936 991 2980 ut
1019 2926 1198 2978 dicant
1226 2926 1400 2993 Agnus
1441 2922 1534 2975 Dei
1562 2963 1574 2985 ,
1608 2930 1662 2974 et
1691 2920 1835 2973 vadit
1864 2919 1927 2972 ad
1954 2928 2195 2987 patenam

631 3036 750 3075 cum
783 3020 1011 3072 emeris.
1047 3016 1265 3082 Expleta
1310 3010 1676 3067 confractione
1700 3051 1714 3072 ,
1744 3009 1998 3062 diaconus
2027 3009 2200 3062 minor

640 3114 864 3165 levatam
897 3108 962 3159 de
989 3102 1315 3165 subdiacono
1347 3113 1590 3168 patenam
1615 3097 1787 3152 defert
1813 3097 1878 3149 ad
1908 3097 2109 3161 sedem,
2143 3106 2199 3149 ut
2226 3111 2269 3170 ί)

633 3195 989 3255 communicet
1018 3192 1291 3262 pontifex;
1325 3191 1410 3259 qui
1440 3188 1563 3242 dum
1594 3186 2068 3242 commurricaverit
2089 3226 2104 3250 ,
2136 3186 2203 3240 de

638 3290 751 3357 ipsa
793 3286 987 3341 Sancta
1026 3296 1184 3351 quam
1238 3278 1598 3333 momorderat
1637 3277 1787 3346 ponit
1837 3277 1973 3330 inter
2014 3290 2205 3330 manus

639 3373 998 3432 archidiaconi
1022 3372 1072 3425 in
1099 3371 1341 3437 calicem,
1368 3369 1564 3423 faciens
1584 3381 1794 3421 crucem
1819 3374 1921 3431 ter,
1946 3365 2203 3420 dicendo:

642 3465 765 3520 Fiat
794 3464 1076 3519 commistio
1124 3471 1170 3514 et
1219 3459 1528 3513 consecratio
1571 3458 1793 3522 corporis
1846 3464 1890 3508 et
1944 3456 2205 3525 sanguinis

642 3560 852 3613 Domini
880 3557 1036 3610 nostri
1064 3552 1185 3607 Iesu
1210 3552 1397 3606 Christi
1425 3550 1782 3619 accipientibus
1808 3548 1948 3602 nobis
1977 3548 2029 3601 in
2056 3548 2206 3600 vitam

641 3666 902 3707 wternam.
927 3649 1090 3717 Resp.
1121 3648 1301 3700 Amen.
1328 3644 1442 3697 Pax
1469 3653 1653 3698 tecum.
1687 3640 1848 3709 Resp.
1882 3639 1948 3692 Et
1972 3655 2085 3692 cum
2104 3641 2207 3708 spi-

643 3747 745 3795 ritu
776 3752 879 3794 tuo.

719 3831 805 3885 M.
829 3830 1027 3883 Deinde
1046 3828 1188 3882 venit
1208 3827 1609 3880 archidiaconus
1631 3837 1750 3877 cum
1774 3822 1940 3876 calice
1957 3821 2020 3874 arl
2043 3835 2208 3874 cornu

646 3922 846 3988 altaris,
874 3930 927 3974 et
961 3919 1234 3973 annuntiat
1282 3918 1597 3979 stationem;
1627 3922 1680 3967 et
1727 3912 1910 3966 refuso
1942 3925 2124 3979 parum
2158 3910 2209 3963 in

646 4016 865 4069 calicem
893 4013 960 4067 de
1006 4010 1207 4081 scypho
1238 4011 1372 4063 inter
1422 4021 1610 4060 manus
1650 4002 1876 4072 acolytbi
1905 4045 1920 4069 ,
1952 4002 2212 4055 accedunt

650 4107 875 4172 primum
934 4102 1169 4171 episcopi
1227 4101 1291 4154 ad
1340 4099 1522 4154 sedem
1554 4136 1570 4161 ,
1618 4107 1675 4149 ut
1713 4097 2107 4167 communicent
2149 4093 2214 4146 de

652 4210 808 4249 manu
832 4193 1098 4263 pontiﬁcis
1119 4190 1410 4245 secundum
1435 4188 1699 4242 ordinem.
1722 4184 1827 4239 Sed
1844 4192 1893 4237 et
1919 4182 2213 4251 presbyteri

792 4321 917 4374 Post
946 4320 1058 4373 hmc
1084 4317 1296 4371 additur
1326 4318 1377 4368 in
1411 4315 1576 4368 Editis
1603 4330 1615 4366 :
1652 4312 1777 4365 Post
1820 4313 2013 4364 solutas
2055 4310 2131 4377 (ιιι
2162 4313 2211 4361 in

655 4397 731 4444 his
759 4392 985 4460 partibus
1029 4404 1133 4440 mos
1181 4387 1271 4460 est)
1318 4384 1633 4460 pontiﬁcales
1678 4382 2064 4460 benedicriones_
2096 4396 2210 4456 cum

654 4447 833 4512 dixerit
862 4498 877 4522 ,
937 4469 1038 4510 r~tc.
1094 4447 1692 4522 Quod'additamentum
1723 4467 1840 4504 esse
1897 4464 1998 4522 non
2027 4447 2217 4522 dubito

656 4516 907 4581 Gallicani
940 4532 1016 4579 vel
1051 4516 1350 4579 Germanici
1383 4520 1677 4588 scriptoris.
1708 4535 1826 4573 cum
1857 4519 1991 4583 apud
2024 4516 2218 4569 Roma-

659 4614 753 4650 nos
787 4598 837 4649 in
867 4613 961 4648 usu
1013 4611 1116 4647 non
1170 4602 1347 4646 essent
1376 4590 1634 4659 ejusmodi
1688 4589 2131 4659 Benedictiones,
2164 4595 2218 4638 ut

656 4669 897 4733 superius
926 4665 1244 4723 notavimus,
1282 4676 1377 4714 nec
1399 4657 1680 4729 quidquam
1712 4658 1779 4711 de
1808 4658 1909 4710 illis
1942 4657 1991 4709 iu
2023 4657 2217 4725 Egloga

1282 4811 1494 4823 ψ

2082 4807 2106 4817 .-

2107 4805 2326 4817 -ι--ω-

2286 1864 2413 1915 Nam
2446 1878 2565 1914 nrox
2598 1870 2653 1911 nt
2681 1858 2918 1929 pontifex
2939 1856 3162 1923 cmperit
3184 1852 3583 1908 communicare
3608 1848 3865 1919 populum

2285 1954 2337 2007 in
2368 1951 2658 2013 senatorio,
2691 1951 2870 2003 Statim
2901 1947 3085 2001 schola
3135 1944 3321 2012 incipit
3375 1942 3747 2009 Antiphonam
3796 1940 3864 1991 ad

2285 2043 2750 2104 Communionem,
2784 2048 2837 2092 et
2870 2038 3101 2106 psallunt
3132 2033 3424 2102 usquedum
3467 2028 3869 2084 communicato

2287 2135 2429 2188 omni
2481 2132 2720 2200 populo,
2780 2129 2936 2182 etiam
2997 2128 3047 2179 in
3100 2133 3249 2192 parte
3292 2122 3597 2184 mulierum,
3650 2117 3789 2172 redit
3818 2120 3869 2170 in

2287 2225 2495 2288 sudem,
2528 2234 2580 2276 ct
2609 2221 2835 2289 repetito
2870 2218 3034 2270 Versu
3066 2216 3363 2283 quiescunt.
3397 2212 3523 2265 Post
3554 2223 3750 2263 omnes
3774 2207 3875 2260 hos

2290 2311 2648 2368 communicat
2675 2310 2739 2362 ad
2777 2307 2959 2361 sedem
3006 2302 3333 2374 regionarios
3360 2315 3453 2369 per
3496 2297 3749 2352 ordinem
3774 2336 3791 2361 ,
3821 2308 3874 2349 et

2291 2421 2385 2460 eos
2413 2406 2499 2473 qui
2530 2405 2581 2455 in
2618 2402 2705 2455 ﬁlo
2733 2404 3025 2457 steterant,
3059 2402 3113 2447 et
3138 2390 3507 2445 saccellarium
3536 2428 3551 2451 ,
3582 2397 3640 2442 et
3688 2385 3875 2455 acoly-

2295 2499 2469 2560 tlnrm,
2490 2494 2577 2561 qui
2612 2498 2855 2559 patenaru
2892 2494 3055 2548 tenet,
3080 2492 3134 2538 et
3162 2482 3250 2551 qui
3284 2478 3678 2547 manutergium
3707 2485 3875 2535 tenet,

2297 2596 2352 2640 et
2382 2585 2472 2651 qui
2502 2598 2690 2651 aquanr
2723 2581 2833 2644 dat,
2867 2589 2921 2633 et
2952 2584 3069 2645 post
3109 2573 3410 2644 pontiﬁcem
3458 2568 3878 2623 archidiaconus

2296 2690 2387 2729 ros
2417 2672 2717 2727 cooﬁrrnal.

2373 2786 2457 2840 15.
2496 2780 2735 2837 Pontifex
2766 2790 2939 2834 autr-m
2966 2774 3333 2842 contemplans
3355 2772 3608 2841 populum
3633 2783 3760 2822 com
3785 2782 3882 2820 nu-

2302 2878 2532 2931 niratum
2562 2889 2702 2937 esse,
2726 2872 2901 2926 innuit
2927 2884 3022 2939 per
3043 2867 3423 2922 sulrrliaconnm
3448 2863 3622 2932 primo
3643 2861 3881 2921 scholae,

2303 2976 2359 3022 et
2391 2965 2480 3019 ille
2500 2964 2787 3019 resalutato
2814 2975 2900 3023 eo,
2932 2958 3060 3012 dicit
3084 2956 3265 3010 Gloria
3288 2954 3454 3019 Patri,
3486 2962 3542 3007 et
3570 2953 3721 3008 Sicut
3750 2962 3887 3015 aut,

2304 3067 2357 3111 et
2379 3070 2611 3110 versum.
2647 3052 2714 3105 Et
2746 3051 2885 3104 ﬁnita
2916 3047 3218 3116 Antiphona
3244 3086 3259 3110 ,
3287 3045 3390 3114 51
3422 3044 3591 3111 surgit
3638 3039 3888 3110 pontifex

2302 3164 2422 3204 cum
2472 3145 2868 3200 archidiacono.
2923 3149 2976 3194 et
3025 3137 3245 3192 veniens
3273 3138 3338 3188 ad
3362 3136 3528 3187 altare
3554 3133 3644 3186 dat
3673 3132 3888 3186 Oratio-

2305 3253 2423 3293 nem
2470 3237 2534 3289 ad
2567 3231 2975 3301 Complendnm.
3034 3228 3145 3294 Qua
3198 3225 3341 3279 ﬁnita
3374 3264 3388 3290 ,
3435 3223 3519 3278 cui
3562 3222 3892 3291 pra-ceperit

2302 3327 2708 3381 archidiaconus
2739 3324 2806 3377 de
2835 3321 3171 3385 draconibus,
3204 3316 3388 3385 aspicit
3430 3315 3495 3368 ad
3526 3315 3842 3382 pontiﬁcem
3871 3352 3886 3372 ,

2305 3428 2361 3470 ut
2381 3418 2429 3471 ei
2451 3417 2655 3478 innuat,
2678 3424 2730 3469 et
2756 3411 2885 3467 dicit
2911 3410 2976 3464 ad
3007 3408 3258 3477 poprrlum
3282 3405 3384 3471 Ite,
3415 3404 3571 3456 missa
3590 3411 3685 3455 est.
3716 3401 3889 3467 BeSp.

2309 3509 2415 3561 Deo
2440 3507 2653 3578 gratias.
2686 3504 2837 3557 Tune
2868 3510 3072 3568 septem
3101 3504 3395 3553 cereostata
3422 3492 3732 3561 pr'azcedunt
3757 3506 3891 3561 pon-

2312 3598 2533 3660 tiﬁcern,
2562 3607 2613 3649 et
2644 3593 3001 3648 subdiaconus
3030 3603 3150 3643 cum
3179 3584 3444 3638 thuribulo
3469 3624 3484 3647 ,
3535 3582 3601 3635 ad
3651 3591 3893 3635 secreta-

2313 3691 2467 3743 rirrm.
2522 3685 2886 3741 Descendente
2938 3692 3113 3735 autem
3186 3677 3274 3731 illo
3347 3677 3398 3729 in
3455 3673 3892 3742 presbyterium,

2311 3780 2545 3849 episcOpi
2590 3780 2817 3847 primum
2849 3776 3031 3828 dicunt
3063 3771 3195 3823 Jube
3221 3812 3237 3833 ,
3279 3767 3483 3820 domine
3509 3805 3526 3827 ,
3573 3764 3890 3818 benedicere.

2317 3872 2475 3937 Resp.
2528 3866 2799 3919 Benedicat
2844 3879 2930 3916 vos
2971 3858 3241 3913 Dominus.
3314 3855 3475 3923 Resp.
3531 3856 3713 3906 Amen.
3767 3850 3894 3903 Post

2319 3960 2595 4026 episcopos
2628 3952 2951 4022 presbyteri,
2994 3949 3187 4005 deinde
3220 3945 3249 3985 δ
3279 3943 3565 4004 monachi,
3597 3940 3799 3996 deinde
3827 3940 3895 3993 de

2319 4049 2522 4110 schola,
2551 4044 2741 4098 deinde
2768 4054 2954 4095 omnes
3003 4050 3367 4103 processores,
3396 4043 3453 4089 et
3495 4032 3745 4085 mansion
3764 4030 3850 4082 ιι·ιὶ
3875 4070 3891 4093 ,

2322 4148 2376 4192 et
2407 4137 2569 4190 intrat
2600 4134 2651 4188 in
2683 4130 3050 4186 secretarium.

2321 4313 2542 4364 leaatur.

2372 4321 2701 4432 glimlllronaclri
2759 4377 2951 4445 quippe
2999 4385 3120 4428 tunc
3172 4372 3465 4445 temporis,
3522 4366 3737 4436 quando
3784 4366 3898 4445 haec

2322 4450 2517 4515 scripta
2573 4458 2726 4509 sunt,
2778 4434 3047 4513 degebant
3100 4442 3236 4515 apud
3292 4434 3614 4515 Lateranum
3652 4477 3668 4499 ,
3717 4445 3778 4488 et

2325 4501 2563 4635 sancru‘m
2598 4501 2827 4577 Petrum,
2853 4501 2950 4567 “cx
2994 4501 3151 4567 dictis
3202 4527 3356 4578 supra
3414 4512 3466 4562 in
3514 4501 3899 4561 Commentarii

2325 4601 2447 4635 can.
2536 4623 2549 4635 .

2325 4601 2447 4652 cap.
2495 4601 2549 4637 τ’».

2333 4801 2865 4813 -_.____.___——-——-
2887 4798 3103 4808 -ο--ι-ο»

1357 4892 1804 4954 ADMONITIO
1850 4893 1923 4950 IN
1972 4890 2329 4949 TERTIUM
2378 4885 2739 4947 ORDINEM
2784 4881 3203 4943 ROMANUM.

735 5021 839 5090 52
866 5018 983 5090 Quo
1013 5026 1251 5090 tempore
1280 5016 1506 5090 s_cri;.tus
1537 5013 1604 5090 sit
1634 5013 1968 5090 subsequens
1992 5008 2135 5090 Ordo
2167 5005 2457 5090 Romanus,
2492 5019 2596 5057 non
2632 5003 2783 5090 facile
2811 4997 3294 5090 dixerim.|Eadem
3330 4994 3443 5074 fere
3471 4990 3717 5090 continet
3739 4997 3900 5050 atque

662 5063 1256 5152 duxgup‘erioreston
1283 5063 1519 5152 defertur
1540 5063 1874 5152 Errclrarisiia
1907 5079 1972 5131 ad
2001 5080 2165 5130 altare
2195 5085 2315 5152 ante
2348 5063 2588 5152 Missam,
2617 5087 2714 5152 nec
2741 5072 2933 5152 duplex
2953 5108 2969 5132 ,
3001 5068 3092 5121 sed
3126 5068 3277 5152 unica
3311 5063 3585 5130 particula:
3611 5072 3903 5140 consecn-

666 5174 729 5212 ta:
759 5130 1057 5211 cortirnisﬁo
1084 5164 1205 5207 ante
1233 5151 1681 5206 communionem.
1715 5149 1864 5214 Quorl
1892 5130 2173 5214 utrumque
2205 5145 2255 5197 in
2289 5144 2524 5214 secundo
2551 5130 2750 5214 Ordine
2782 5130 3031 5214 [{omano
3050 5140 3210 5214 etiam
3240 5134 3430 5213 deeSse
3450 5130 3719 5214 superius
3750 5138 3901 5206 nota-

668 5233 859 5289 vimus,
884 5239 1037 5279 secus
1064 5238 1220 5293 quam
1253 5224 1304 5275 in
1331 5198 1855 5293 primo._MouasTerii
1879 5198 2192 5268 vocabulum
2227 5228 2319 5275 pro
2348 5213 2573 5264 ecclesia
2616 5209 2847 5277 majore.
2891 5207 3032 5271 quod
3066 5207 3116 5258 in
3163 5200 3653 5293 sequentipOrdin?
3685 5198 3898 5293 lggitur.

2010 5288 2019 5293 .
2394 5280 2431 5293 go
2478 5280 2508 5293 ιι
2632 5281 2641 5293 ι
2818 5277 2856 5293 ιι
2878 5292 2883 5293 ,
2908 5278 3028 5293 arms-
3062 5276 3072 5293 I
3095 5291 3101 5293 _
3122 5289 3228 5293 ,μμ
3263 5272 3413 5293 ,ε-..η
3442 5284 3586 5293 Α-Α-..
3646 5282 3711 5293 -.ι
3756 5274 3898 5293 ροισι.-

668 5313 815 5350 ιιιιιιι.
844 5266 913 5358 ἒ),
945 5310 1049 5347 non
1065 5266 1287 5346 “videtur
1317 5266 1368 5343 i'n
1402 5306 1497 5342 usu
1532 5290 1695 5341 fuisse
1722 5298 1843 5338 ante
1864 5288 2113 5358 saeculum
2148 5266 2367 5358 nonum:
2392 5280 2601 5358 Nullum
2622 5266 2788 5358 hujus
2816 5266 3032 5358 Ordinis
3062 5266 3588 5358 lrrc'uml'singularem
3624 5266 3900 5358 laudatpur

669 5365 882 5418 invenio
913 5377 1010 5417 nec
1039 5363 1174 5429 apud
1210 5361 1536 5414 Amalar‘rum
1565 5399 1580 5421 ,

1630 5334 2475 5422 nec‘a—pud'biicrolrrgrrm.7Unde
2514 5334 2818 5415 conjectura
2854 5354 2935 5398 est
2968 5346 3110 5397 hunc
3138 5334 3394 5396 Ordinem
3447 5354 3555 5392 non
3596 5349 3725 5391 esse
3772 5334 3904 5385 adeo

673 5435 941 5497 antiquum
971 5418 1130 5498 atque
1161 5432 1293 5483 alios
1319 5430 1454 5482 duos
1489 5418 1577 5491 qui
1608 5427 1674 5498 alr
1697 5418 1919 5498 utroque
1940 5418 2172 5498 auctore
2193 5419 2398 5498 laudati
2421 5418 2650 5469 fuerunt.

743 5472 1001 5554 Cancrum
1030 5472 1401 5552 r'url’lri-riivtei-tii
1428 5472 1581 5565 hujus
1612 5472 2199 5565 Ordivni—s'notiis'licuit
2229 5489 2463 5555 reperire
2493 5484 2941 5565 exempla‘rxquo,
2970 5481 3016 5534 si
3066 5495 3166 5565 qu‘a
3192 5486 3325 5561 sunt
3355 5478 3408 5530 in
3439 5490 3507 5529 eo
3533 5472 3864 5555 interpolata
3888 5508 3900 5527 ν

675 5572 997 5631 distinguere
1030 5569 1310 5631 possimus.
1342 5545 1568 5619 Dubium
1597 5545 1677 5617 est
1696 5545 1826 5615 nuru
1859 5562 2118 5630 ejusmodi
2147 5559 2254 5631 sint
2283 5545 2341 5610 ea
2367 5571 2486 5625 quae
2515 5545 2666 5606 unm:
2696 5554 2761 5605 18
2789 5545 3031 5631 leguntur
3055 5545 3237 5631 {Quia
3261 5550 3451 5631 uiuunt,
3475 5545 3754 5631 etiftmxnou
3786 5556 3901 5590 C0!-

679 5614 956 5695 »ιρι-αῶιιι,
982 5614 1066 5688 scrc!
1098 5639 1342 5699 sanqur'ne
1368 5636 1570 5688 Domini
1602 5614 1937 5697 comnrr‘stun'r,
1960 5630 2308 5696 saneti/icatur
2336 5614 2423 5695 per
2458 5639 2651 5678 omnem
2684 5614 2911 5676 modum.
2940 5614 3378 5687 Quandoquidem
3420 5616 3473 5668 in
3525 5614 3737 5667 duobus
3768 5623 3903 5676 prae-
