4042 6294
198 362 303 417 977

1402 356 1658 411 ROMANI
1696 353 2007 409 ORMNES.
2069 381 2108 390 —-
2158 353 2235 405 ill.

3347 355 3446 405 ἔ)ῖὸ

200 469 392 521 missis
426 466 617 521 libellis
639 465 770 519 nihil
800 465 978 520 simile
1010 465 1253 530 habetur,
1278 466 1379 517 etsi
1409 464 1595 518 eadem
1628 476 1747 517 sese
1781 460 1969 514 oderat
1997 460 2230 514 occasio.
2260 457 2363 512 Sed
2416 457 2513 511 hac
2558 459 2625 513 de
2646 476 2704 513 re
2744 459 2910 512 fusius
2950 455 3003 510 in
3046 462 3433 510 commentario

199 550 408 590 ιιοειιό.

280 608 412 659 llnic
441 602 622 657 Ordini
657 604 812 657 tertio
839 604 1185 671 subjiciemus
1210 604 1560 673 fragmentum
1585 600 1755 671 quarti
1784 598 1996 654 Ordinis
2023 598 2336 669 pontificalis
2357 611 2419 649 ex
2446 612 2546 651 ms.
2570 597 2786 663 Codice,
2806 595 2898 664 qui
2920 595 3019 650 fuit
3042 595 3167 649 olim
3189 594 3448 649 Constan-

202 678 301 729 lini
330 673 583 740 (Zajetani.

211 821 478 839 ’.ι--ι

1998 815 2174 828 ν--ι

1172 922 1509 1023 ΟΒῡο
1586 920 2216 1022 ROMANUS
2300 922 2471 1018 ΙΙΙ.

207 1116 275 1169 In
302 1113 503 1167 nomine
536 1109 745 1163 Domini
787 1106 977 1175 Incipit
1007 1107 1131 1159 liber
1178 1105 1514 1175 deifiom‘a‘uo
1557 1101 1768 1154 Ordine.
1803 1104 1851 1160 A
1878 1100 1973 1165 rii,
2001 1110 2211 1167 accepta
2251 1100 2555 1153 deferantur
2600 1117 2691 1169 per
2722 1103 2926 1169 bajulos
2956 1104 3023 1155 de
3062 1105 3248 1173 majori
3278 1114 3305 1142 ι
3337 1122 3451 1159 Illo-

388 1182 621 1244 Qualiter
659 1170 1015 1232 celebrandum
1047 1177 1108 1226 sit
1141 1174 1357 1241 ofﬁcium
1398 1170 1447 1221 Μ
1459 1173 1589 1223 issit.

280 1272 385 1342 53
437 1272 489 1324 l.
523 1270 699 1322 Primo
742 1267 972 1320 omnium
1010 1261 1397 1318 observandqu
1435 1269 1514 1313 est
1571 1269 1774 1326 septem

205 1377 329 1416 esse
360 1359 604 1427 regiones
649 1355 993 1410 ecclesiastici
1040 1352 1242 1406 ordinis
1273 1351 1417 1403 urbis
1464 1350 1676 1410 Ronue,
1725 1357 1779 1401 et

208 1463 633 1517 unamquamque
672 1446 941 1515 regionem
988 1445 1222 1512 singulos
1251 1443 1502 1495 diaconos
1534 1441 1776 1507 regiona-

212 1544 324 1595 rios
351 1540 569 1604 habere,
598 1548 650 1592 et
688 1537 1107 1605 uniuscujusque
1132 1535 1363 1604 regionis
1393 1532 1667 1601 acolythos
1689 1546 1780 1599 per

211 1647 430 1686 manum
479 1628 788 1684 subtiiaconi
815 1625 1097 1695 regionarii
1129 1624 1351 1678 diacono
1393 1623 1619 1690 regionis
1645 1637 1777 1689 suae,

208 1737 370 1775 eausa
396 1719 555 1774 officii
582 1718 817 1771 subditos
842 1731 997 1781 esse;
1029 1714 1329 1783 superiores
1355 1725 1529 1766 autem
1560 1713 1643 1765 vel
1672 1714 1782 1765 dia-

208 1827 493 1873 couorum,
522 1809 606 1863 vel
638 1807 1083 1861 subdiaconorum
1114 1805 1350 1867 ordines,
1375 1804 1777 1869 archidiacono,

209 1901 301 1970 qui
332 1898 555 1953 vicarius
575 1909 656 1951 est
680 1896 965 1964 pontificis,
995 1894 1235 1970 obedire,
1261 1905 1474 1947 servato
1503 1893 1785 1961 unicuique

214 2005 311 2057 per
338 2002 455 2043 eum
486 1986 680 2055 proprii
707 1985 901 2055 gradus
929 1964 1257 2036 ministeriali
1290 1982 1497 2034 ordine.

284 2077 339 2128 2.
384 2078 604 2145 Uportet
633 2084 808 2127 autem
842 2084 898 2126 ut
931 2084 1047 2140 post
1078 2087 1353 2125 numerum
1395 2069 1782 2123 ecclesiastica—

214 2181 334 2217 rum
385 2164 653 2231 regionum
714 2164 845 2217 sciat
878 2163 967 2230 qui
1001 2162 1225 2215 voluerit
1258 2176 1534 2215 numerum
1579 2160 1786 2214 dierum

215 2272 316 2324 per
346 2254 751 2317 licbiomadam,
784 2268 889 2320 quo
916 2252 1103 2305 ordine
1127 2250 1457 2305 circulariter
1483 2250 1783 2316 obsequan-

218 2356 306 2398 tur
331 2345 478 2411 juxta
505 2341 1208 2408 ordinationem.antiquitus
1223 2340 1584 2395 constitutam.
1617 2338 1787 2391 Prima

216 2436 360 2487 enim
402 2434 526 2485 feria
563 2432 775 2484 Pascha:
805 2430 1125 2483 ministrabit.
1154 2430 1297 2496 regio
1330 2429 1483 2481 tertia
1507 2468 1521 2492 ,
1553 2428 1788 2481 secunda

220 2525 351 2577 feria
397 2524 541 2591 regio
584 2532 805 2590 quarta,
858 2520 1008 2572 tertia
1042 2519 1171 2571 feria
1221 2521 1365 2587 regio
1400 2521 1617 2585 quinta,
1661 2518 1790 2570 feria

216 2622 404 2683 quarta
438 2613 579 2681 regio
606 2623 753 2663 sexta
774 2652 788 2673 ,
824 2611 951 2663 feria
986 2611 1168 2677 quinta
1194 2612 1338 2678 regio
1367 2608 1587 2674 Septima
1608 2650 1622 2671 ,
1664 2608 1795 2661 feria

221 2714 373 2757 sexta
406 2704 550 2771 rrgio
581 2701 772 2770 prima,
800 2700 1022 2753 sabbato
1048 2700 1277 2752 secunda
1309 2698 1476 2766 regio.
1506 2698 1644 2764 Ergo
1666 2714 1796 2749 una-

218 2808 444 2863 quaeque
475 2792 616 2860 rrgio
646 2791 859 2844 ordines
891 2790 1136 2858 proprios
1163 2834 1175 2857 ,
1206 2799 1313 2842 tam
1350 2788 1400 2842 in
1436 2789 1797 2856 processione,

220 2898 382 2949 quam
407 2881 460 2934 in
486 2880 709 2935 ecclesia
742 2879 989 2943 habebit,
1021 2880 1102 2933 vel
1132 2879 1431 2945 ubicunque
1457 2891 1550 2931 eos
1586 2878 1799 2944 prOpria

220 2968 339 3020 dies
370 2967 570 3020 ratione
600 2965 681 3018 sui
722 2964 935 3033 gradus,
968 2964 1257 3018 secundum
1290 2964 1512 3030 priscam
1541 2962 1800 3016 constitu-

223 3059 447 3117 tionem,
480 3056 555 3109 ire
579 3056 662 3110 vel
694 3054 994 3108 ministrare
1034 3053 1391 3119 compulerit,
1432 3061 1486 3105 et
1523 3052 1699 3104 nullus
1748 3053 1799 3105 in

262 3149 400 3215 liqua
424 3148 730 3214 designatus
762 3145 1000 3215 regione,
1027 3158 1056 3196 a
1081 3144 1375 3197 ministerio
1406 3144 1668 3210 pontificis
1685 3143 1802 3195 sine

224 3238 797 3294 excommunicationis
870 3237 949 3293 vel
1001 3236 1478 3291 animadversionis
1542 3236 1800 3289 sententia

226 3331 417 3385 deesse
444 3330 657 3399 poterit.

302 3423 356 3474 5.
398 3420 715 3474 Denuntiata
745 3426 975 3470 statione
997 3416 1188 3469 diebus
1217 3414 1367 3468 festis
1387 3454 1402 3478 ,
1444 3413 1617 3480 primo
1649 3428 1804 3466 mane

229 3509 405 3562 omnis
426 3510 600 3562 clerus
625 3507 784 3560 debet
811 3505 1155 3572 apostolicum
1193 3503 1258 3557 ad
1291 3503 1573 3558 ecclesiam
1602 3517 1802 3571 prmce-

228 3601 381 3662 dere,
404 3598 642 3666 exceptis
668 3598 984 3652 officialibus
1008 3597 1295 3661 ministris,
1324 3596 1413 3663 qui
1465 3597 1516 3649 in
1546 3597 1803 3663 obsequio

231 3690 377 3745 illius
409 3691 727 3743 comitantur
778 3704 872 3757 pro
901 3688 1186 3756 pontificali
1236 3689 1507 3756 dignitate,
1571 3699 1629 3741 ut
1682 3696 1807 3741 sunt

232 3781 485 3835 diacones
522 3779 815 3833 stationarii
837 3819 850 3841 .
879 3779 1187 3832 subdiaconi
1212 3821 1226 3845 ,
1269 3789 1322 3831 et
1352 3794 1537 3832 omnes
1574 3778 1804 3847 acolythi
1835 3809 1878 3868 Ο

233 3873 378 3927 illius
400 3873 655 3940 regionis,
687 3886 805 3938 qua}
833 3872 948 3939 ipso
973 3869 1057 3923 die
1089 3868 1323 3938 pontifici
1353 3869 1510 3921 debet
1538 3868 1806 3921 ministra-

233 3978 316 4018 re.
350 3962 455 4016 Sed
485 3961 808 4015 Cubicularia
839 3960 972 4013 laico
1003 3959 1115 4013 haec
1141 3974 1269 4012 cura
1290 3969 1373 4013 est
1396 3959 1724 4026 prmscripta,
1750 3968 1806 4011 ut

233 4053 366 4107 sella
398 4050 661 4119 pontificis
691 4051 741 4103 in
772 4052 1006 4103 sacrario
1036 4050 1104 4102 sit
1151 4058 1354 4117 parata,
1386 4048 1557 4101 donec
1598 4048 1686 4101 ille
1727 4063 1808 4101 ve-

234 4145 347 4197 niat
390 4142 749 4196 celebraturus
797 4142 971 4195 divina
1012 4141 1284 4211 mysteria.
1333 4139 1578 4207 Episcopi
1633 4149 1808 4192 autem

236 4241 395 4296 atque
426 4230 740 4300 presbyteri,
767 4237 1139 4296 exspectantes
1162 4229 1213 4281 in
1238 4229 1563 4298 presbyterio
1596 4230 1807 4296 pontifi-

236 4334 353 4373 cem
376 4359 390 4380 ,
418 4333 538 4371 cum
570 4319 651 4372 his
678 4319 765 4386 qui
798 4327 1097 4384 praeparant
1134 4316 1242 4387 54
1278 4324 1525 4369 ornatum
1558 4317 1810 4370 ecclesia-

235 4411 431 4464 sticum
462 4418 619 4477 atque
649 4424 769 4461 vasa
798 4409 1058 4469 ecclesite,
1081 4408 1335 4461 sedebunt
1366 4422 1427 4461 ea
1456 4407 1606 4461 locali
1634 4408 1814 4477 diSpo-

238 4500 468 4560 sitione.
518 4510 575 4551 ut
623 4499 943 4552 intrantibus
981 4498 1263 4551 ecclesiam
1315 4497 1550 4564 episcopi
1603 4498 1708 4551 sint
1744 4498 1809 4552 ad

238 4589 514 4641 sinistram
542 4630 558 4654 ,
594 4588 883 4658 presbyteri
914 4602 1042 4641 vero
1071 4587 1136 4640 ad
1164 4589 1433 4641 dexteram
1452 4627 1468 4652 ,
1503 4595 1563 4640 ut
1602 4589 1813 4655 quando

242 4678 482 4748 pontifex
510 4676 707 4730 sederit
731 4718 743 4739 ,
769 4686 823 4730 et
850 4677 913 4729 ad
945 4691 1037 4731 eos
1074 4676 1369 4746 respexerit
1389 4714 1406 4740 ,
1448 4676 1726 4745 episc0p05
1748 4678 1812 4730 ad

242 4767 553 4829 dexteram,
580 4775 634 4819 et
661 4766 1004 4835 presbyteros
1030 4777 1345 4820 contueatur
1374 4766 1440 4821 ad
1463 4767 1756 4820 sinistram.

316 4856 373 4907 4.
402 4856 701 4922 Suscipitur
722 4866 897 4907 autem
926 4855 1157 4922 pontifex
1189 4871 1282 4923 per
1313 4856 1647 4924 presbyteros
1679 4853 1814 4909 tituli

245 4944 329 4998 vel
353 4943 597 4997 ecclesia:
626 4942 713 4995 ubi
745 4942 938 4995 indicta
961 4952 1040 4994 est
1068 4943 1242 5007 statio,
1267 4958 1364 4994 una
1387 4958 1506 4996 cum
1530 4943 1816 5011 majoribus

242 5034 485 5103 ejusdem
530 5033 799 5097 ecclesiae;
856 5041 910 5087 et
953 5030 1171 5087 offertur
1214 5033 1266 5087 in
1312 5033 1619 5102 obsequium
1673 5033 1816 5086 illius

1881 1191 2116 1240 ttastcrio
2156 1191 2219 1242 ad
2251 1191 2584 1243 celebranda
2628 1193 2871 1244 stationis
2904 1193 3111 1259 locum,
3162 1212 3277 1262 quin
3327 1208 3449 1249 sunt

1880 1278 2235 1344 aquatnanile,
2264 1279 2363 1331 huc
2393 1289 2474 1332 est
2507 1295 2594 1332 vas
2626 1281 2892 1347 manuale,
2923 1293 3153 1348 patenaa,
3180 1285 3371 1338 calices
3401 1296 3456 1339 et

1882 1366 2088 1435 Scyphi,
2120 1377 2276 1434 atque
2305 1368 2612 1435 pugillares,
2645 1370 2790 1421 aurei
2821 1370 2930 1421 sive
2958 1371 3227 1437 argentei,
3256 1375 3448 1424 amuhn

1880 1464 2145 1523 argentea:
2173 1458 2237 1505 ad
2279 1457 2396 1506 vina
2438 1456 2702 1509 fundenda
2744 1468 2973 1524 paratae,
3012 1460 3323 1513 eulatorium
3362 1476 3453 1514 au-

1882 1559 2029 1597 reum
2056 1545 2168 1597 sive
2198 1554 2507 1610 argenteum
2535 1588 2549 1612 ,
2584 1553 2638 1599 et
2677 1548 3050 1600 cantatorium.
3084 1548 3452 1605 Subdiaconus

1882 1645 2056 1687 autem
2084 1637 2170 1702 qui
2204 1638 2434 1688 lecturus
2464 1646 2563 1698 est,
2592 1637 2690 1691 sub
2712 1652 2838 1690 cura
2866 1654 2957 1691 sua
2991 1638 3206 1693 habebit
3234 1644 3461 1710 Aposto-

1886 1725 2015 1788 lum,
2048 1736 2101 1778 et
2129 1726 2537 1780 archidiaconus
2568 1728 2928 1796 leangelium.

1956 1812 2009 1866 5.
2050 1814 2181 1867 Cum
2212 1830 2338 1867 vero
2388 1816 2623 1882 pontifex
2670 1819 2944 1872 intraverit
2986 1834 3303 1886 ecclesmm,
3358 1838 3462 1875 non

1885 1909 2138 1961 continuo
2160 1908 2224 1961 ad
2249 1910 2415 1961 altare
2440 1910 2699 1975 ascendit,
2724 1911 2815 1963 sed
2848 1911 2993 1979 prius
3020 1912 3178 1965 intrat
3207 1914 3257 1965 in
3286 1928 3463 1969 secre-

1889 1998 2107 2057 tarium,
2154 2006 2480 2051 sustentatus
2510 2017 2536 2049 a
2566 2000 2873 2053 diaconibus
2895 2040 2908 2063 ,
2952 2000 3039 2064 qui
3080 2018 3199 2055 eum
3228 2004 3448 2057 descen-

1889 2089 2101 2141 dentem
2126 2103 2155 2140 a
2179 2089 2393 2141 sellario
2410 2089 2674 2157 accipiunt
2693 2090 2862 2142 obviis
2887 2091 2967 2159 (ut
2994 2093 3160 2159 aiunt)
3187 2095 3460 2157 manibus;

1892 2179 1979 2232 ubi
2008 2179 2132 2232 dum
2177 2189 2413 2242 venerit,
2442 2191 2496 2233 et
2521 2179 2574 2232 in
2616 2181 2745 2234 sella
2776 2194 2869 2234 sua
2914 2183 3147 2250 sederit,
3181 2184 3429 2238 diacoues
3450 2224 3465 2247 .

1891 2268 2118 2320 salutato
2146 2268 2393 2333 pontifice
2417 2307 2433 2334 ,
2466 2269 2804 2336 egrediuntur
2827 2271 2892 2324 de
2917 2275 3205 2325 secretario
3234 2288 3352 2327 cum
3382 2289 3468 2327 or-

1893 2354 2112 2408 dinabili
2142 2358 2425 2425 disciplina
2454 2369 2507 2412 et
2529 2368 2654 2414 ante
2683 2359 2825 2413 fores
2855 2362 3022 2429 ipsius
3044 2363 3317 2417 secretarii
3353 2380 3440 2417 mu

1823 2458 1866 2514 Β
1896 2455 2004 2499 tant
2035 2450 2349 2502 vestimenta
2380 2466 2496 2503 sua.
2525 2450 2932 2518 Egredientibus
2960 2461 3134 2505 autem
3160 2454 3471 2508 diaconibus

1898 2538 1965 2591 de
2003 2543 2329 2602 secretario,
2386 2549 2801 2594 remanentcum
2845 2542 3091 2608 pontifice
3140 2542 3469 2609 primicerius

1899 2638 2055 2696 atque
2078 2631 2266 2683 notarii
2291 2631 2454 2697 ipsius
2476 2632 2739 2694 stationis,
2763 2642 2816 2685 et
2842 2634 3147 2687 subdiacoai
3174 2635 3281 2702 jam
3307 2637 3472 2702 parati

1903 2732 1997 2783 pro
2025 2733 2122 2771 suo
2152 2722 2356 2783 officio;
2392 2736 2614 2789 quorum
2650 2737 2783 2774 unus
2811 2722 3026 2788 pallium
3061 2724 3322 2789 pontificis
3348 2739 3468 2777 cum

1899 2822 1994 2861 acu
2026 2823 2187 2875 super
2216 2811 2481 2880 planetam
2517 2821 2691 2864 teneat
2728 2813 2778 2864 iu
2808 2812 3025 2864 brachio
3050 2812 3286 2875 sinistro,
3313 2822 3470 2880 atque

1904 2899 2137 2964 pontifex
2184 2915 2275 2967 per
2314 2916 2501 2953 manus
2550 2902 2999 2954 subdiaconorutn
3052 2903 3467 2968 regionariorutn

1905 3000 2073 3044 mutat
2093 3000 2146 3045 et
2168 2992 2278 3059 ipse
2295 2994 2609 3047 vestimenta
2624 2992 2900 3059 solemnia,
2920 2992 3057 3046 sicut
3079 2994 3254 3046 levita:
3278 2993 3475 3047 faciunt

1904 3081 1955 3134 in
1988 3093 2136 3150 parte
2167 3084 2354 3138 altera.

1976 3193 2031 3246 6.
2067 3192 2382 3247 Subdiaconi
2415 3193 2697 3261 regionarii
2734 3191 3024 3245 secundum
3052 3191 3295 3245 ordinem
3320 3205 3471 3243 suum

1905 3282 2171 3351 accipiunt
2200 3286 2264 3336 ad
2288 3283 2610 3337 induendum
2646 3284 2943 3350 pontificem
2974 3281 3089 3349 ipsa
3118 3284 3433 3335 vestimenta
3459 3324 3472 3344 ,

1906 3376 2036 3429 alius
2061 3375 2273 3441 lineam,
2301 3377 2434 3429 alius
2458 3376 2830 3445 ambolagium,
2860 3376 2906 3427 id
2936 3389 3016 3429 eSt
3042 3374 3314 3435 amictum,
3339 3376 3480 3443 quod

1906 3467 2094 3520 dicitur
2121 3466 2424 3529 humerale;
2457 3466 2590 3519 alius
2616 3466 2805 3518 lineam
2838 3466 3193 3529 dalmaticam,
3223 3480 3378 3533 quam
3404 3464 3480 3517 di-

1908 3556 2073 3608 timus
2104 3557 2298 3620 albam,
2335 3557 2470 3610 alius
2495 3557 2785 3626 cingulum,
2815 3557 2947 3610 alius
2972 3556 3327 3622 dalmaticam,
3351 3556 3483 3609 alius

1908 3648 2158 3713 orarium,
2192 3649 2326 3701 alius
2358 3649 2620 3717 planetam
2649 3666 2660 3711 ;
2694 3648 2801 3717 55
2831 3655 2884 3699 et
2907 3647 2985 3700 sic
3017 3662 3108 3715 per
3134 3646 3372 3699 ordinem
3401 3648 3483 3695 in-

1909 3739 2074 3791 duunt
2098 3741 2419 3808 pontificem.
2449 3739 2787 3792 Primieerius
2811 3747 2985 3791 autem
3009 3746 3063 3789 et
3090 3736 3484 3790 secundicerins

1912 3839 2239 3896 compownt
2264 3829 2576 3881 vestimenta
2622 3827 2884 3897 pontificis
2911 3865 2926 3891 ,
2974 3836 3032 3878 ut
3078 3841 3139 3878 ex
3188 3824 3481 3879 honorabili

1910 3923 2293 3991 compositione
2337 3923 2650 3977 exhibentur
2698 3920 3160 3974 circumstantibus
3213 3927 3483 3985 Spectacu-

1913 4014 2017 4065 lum
2045 4012 2349 4066 reverendae
2373 4012 2665 4079 dignitatis.
2691 4009 2987 4062 Novissime
3012 4015 3186 4061 autem
3219 4008 3301 4058 cui
3320 4006 3484 4074 jusse-

1911 4102 1980 4155 rit
2010 4101 2254 4155 dominus
2286 4100 2519 4168 pontifex
2552 4114 2615 4152 ex
2660 4098 2972 4151 diac0uibus
2999 4137 3012 4160 ,
3048 4098 3207 4151 sumit
3235 4098 3300 4148 de
3330 4112 3484 4148 manu

1914 4191 2223 4245 subdiacoui
2251 4192 2524 4257 sequentis
2551 4188 2787 4257 pallium,
2821 4195 2876 4241 et
2898 4202 3058 4253 super
3082 4186 3382 4254 pontificem
3408 4188 3485 4238 in-

1913 4284 2044 4345 duit,
2076 4295 2124 4337 et
2152 4282 2279 4336 illud
2309 4297 2426 4335 cum
2454 4297 2550 4335 acu
2583 4284 2635 4333 in
2672 4280 2876 4347 planeta
2907 4288 3050 4333 retro
3077 4289 3129 4332 et
3171 4290 3322 4342 ante,
3354 4287 3407 4333 et
3435 4279 3485 4332 iu

1916 4376 2135 4427 humero
2155 4375 2371 4427 sinistro
2391 4371 2624 4439 cculigit,
2649 4383 2700 4425 et
2724 4372 2919 4423 salutat
2945 4371 3244 4433 dominum,
3263 4370 3481 4436 etdicit;

1913 4465 2062 4533 lube,
2089 4465 2314 4531 domine,
2346 4465 2649 4518 benedicm'e.
2682 4462 2987 4530 ReSpondet
3011 4462 3181 4515 Solvet
3206 4479 3297 4515 nos
3320 4462 3484 4514 Domi.

1915 4575 2032 4611 nus.
2066 4557 2247 4609 Amen.

1986 4674 2038 4729 7.
2102 4669 2298 4724 Deinde
2344 4668 2702 4723 subdiaconus
2747 4665 3080 4735 regionarius
3135 4662 3376 4717 referens
3419 4663 3485 4714 ad

1917 4763 2219 4829 pontificem
2266 4759 2351 4827 qui
2401 4758 2629 4813 debeant
2696 4757 2874 4824 legere
2924 4766 3014 4807 aut
3050 4767 3287 4816 cantare,
3340 4754 3487 4819 ponit

1919 4852 2213 4917 mappulam
2248 4851 2296 4902 in
2324 4847 2543 4902 brachio
2564 4848 2783 4900 sinistro
2825 4844 3088 4912 pontificis
3117 4860 3273 4911 super
3307 4848 3488 4909 plane-

1920 4949 2047 5004 tam,
2079 4953 2198 4990 cum
2224 4937 2542 5006 disciplinali
2584 4937 2648 4989 ad
2678 4950 2848 5006 genua
2875 4935 2991 5003 ejus
3021 4935 3361 4987 inclinatione
3386 4973 3401 4997 ,
3435 4944 3488 4985 et

1920 5032 2223 5101 pronuntiat
2264 5034 2418 5084 talem
2471 5031 2851 5083 subdiaconum
2896 5026 3246 5094 regionarium
3278 5027 3465 5094 Episto

246 5121 732 5192 thymiamateriutn
753 5119 977 5185 incensi,
1002 5120 1597 5174 inclinatooﬂ‘erentium
1611 5122 1813 5189 capite;
1851 5162 1897 5218 υ
1922 5122 2024 5175 iam
2054 5122 2260 5188 legere;
2288 5130 2339 5172 et
2365 5120 2522 5171 talem
2549 5117 2985 5184 Responsorium,
3013 5125 3065 5170 et
3087 5118 3242 5170 talem
3268 5116 3491 5169 Alleluia

246 5224 408 5280 atque
431 5212 590 5281 petita
622 5210 999 5266 Benedictione
1023 5219 1077 5264 et
1103 5221 1346 5280 accepta,
1376 5212 1498 5266 hinc
1527 5212 1651 5266 inde
1683 5229 1818 5280 pon-

248 5301 444 5355 tiﬁcem
470 5300 770 5370 praecedunt
796 5300 859 5352 ad
887 5301 1187 5367 ecclesiam,
1223 5308 1375 5365 prout
1402 5316 1666 5369 quemque
1695 5317 1822 5355 con-

248 5393 369 5460 tigit
397 5391 684 5445 secundum
715 5390 954 5443 ordinem
986 5389 1232 5441 militare.
1274 5389 1377 5442 Sed
1410 5390 1525 5443 haec
1563 5404 1687 5443 cura
1720 5389 1821 5440 erit

249 5482 649 5551 acolythorum,
698 5491 756 5534 ut
802 5482 934 5534 sacri
978 5479 1256 5533 ministerii
1304 5496 1426 5533 vasa
1472 5495 1563 5547 per
1608 5493 1820 5531 manum

249 5572 407 5640 primi
436 5571 808 5636 mansionarii,
843 5572 930 5640 qui
958 5579 1043 5625 est
1062 5581 1242 5625 custos
1263 5570 1591 5623 dominicalis
1622 5570 1810 5624 veStia-

1922 5220 2173 5272 cantare;
2209 5218 2259 5262 et
2299 5219 2479 5277 postea
2514 5223 2617 5260 non
2643 5207 2765 5260 licet
2791 5207 2840 5258 in
2866 5207 2982 5259 loco
3007 5206 3219 5259 lectoris
3246 5205 3329 5259 vel
3358 5220 3488 5259 can-

1925 5301 2053 5352 toris
2080 5300 2302 5352 alterum
2334 5312 2536 5352 mutare
2562 5317 2574 5349 :
2605 5298 2745 5365 quod
2767 5297 2811 5350 si
2842 5297 3034 5350 factum
3064 5295 3239 5360 fuerit,
3273 5311 3487 5349 excarn-

1925 5388 2277 5442 tnunicabitur
2297 5387 2835 5456 archiparaphonista,
2855 5385 2902 5437 id
2925 5392 3240 5452 estquartus
3262 5382 3485 5446 scholae,

1926 5478 2016 5545 qui
2066 5492 2278 5543 semper
2330 5477 2485 5530 debet
2520 5477 2752 5542 pontifici
2784 5476 2849 5527 de
2879 5477 3182 5528 cantoribus
3222 5473 3485 5526 nuntiare.

1920 5567 2234 5621 Statuuntur
2263 5567 2401 5617 enim
2434 5581 2524 5633 per
2546 5565 2781 5617 ordinem
2812 5562 2952 5618 acies
2977 5565 3112 5629 duae,
3143 5576 3192 5618 et
3228 5562 3488 5631 paraphe-

328 5713 353 5739 ⁸
385 5704 483 5758 llic
531 5704 843 5759 monasterii
882 5703 1093 5756 nomine
1121 5702 1396 5758 ecclesiam
1447 5700 1676 5767 intelligo
1722 5716 1818 5764 pro
1857 5715 1951 5753 usu
1984 5707 2193 5762 recepto
2214 5713 2240 5751 a
2264 5699 2460 5753 sacculo
2490 5714 2646 5752 noiio.
