4008 6296
593 319 698 381 979

589 542 684 595 per
713 526 951 581 ordinem
979 526 1045 577 ab
1067 535 1286 593 utroque
1311 529 1493 582 latere.
1522 530 1800 596 Postquam
1824 539 1999 583 autem
2026 545 2158 599 pon-

586 621 711 673 tilex
739 618 804 671 ad
831 616 1155 684 psallendum
1178 619 1423 671 aunuerit
1446 618 2007 685 archiparaphonistze,
2029 622 2157 674 dicit

582 713 694 766 sive
733 711 991 778 acolythis
1034 712 1297 765 stantibus
1342 723 1466 766 ante
1526 712 1664 767 fores
1707 716 1979 769 secretarii
2034 731 2154 767 cum

581 800 891 854 rereostatis
914 841 928 863 ,
955 802 1067 853 sive
1097 802 1421 853 SlilitliaCtmO
1456 804 1791 868 regionario,
1825 806 1911 870 qui
1941 815 2065 857 ante
2095 818 2155 857 se

579 890 644 943 ad
678 891 1076 958 processionem
1102 891 1261 943 debet
1292 891 1777 961 thymiamaterium
1811 907 2044 963 portare,
2063 895 2154 948 Ac-

576 980 798 1033 condite.

644 1072 698 1127 8.
740 1072 843 1127 Sed
876 1073 960 1125 ille
988 1084 1205 1141 quartus
1230 1074 1429 1127 scholae
1463 1076 1771 1142 perveniens
1797 1079 1851 1130 in
1878 1076 2149 1145 presbyte-

572 1164 711 1214 rium
730 1204 744 1226 ,
778 1161 864 1213 ubi
893 1160 1088 1215 chorus
1117 1160 1170 1215 in
1199 1172 1423 1231 quatuor
1446 1164 1529 1229 (ut
1556 1163 1753 1216 dictum
1784 1165 1891 1234 θαι)
1939 1165 2150 1217 ordina-

575 1261 658 1306 tus
681 1253 884 1306 assistit
915 1253 1209 1307 reverenda
1240 1256 1607 1319 dispositiOuc,
1642 1267 1919 1321 postquam
1953 1256 2147 1309 dixerit

573 1342 827 1396 inclinato
864 1343 1035 1411 capite
1065 1344 1130 1396 ad
1158 1345 1388 1413 priorem
1428 1346 1625 1399 schola:
1650 1386 1667 1413 ,
1702 1346 1783 1398 vel
1812 1347 2101 1399 secundum
2128 1389 2142 1409 ,

571 1434 686 1489 sive
722 1435 932 1489 tertium
960 1475 976 1498 ,
1009 1434 1255 1499 Domini,
1291 1437 1498 1506 jubete,
1532 1451 1654 1488 mox
1691 1436 2049 1502 Antiphonem
2080 1437 2144 1489 ad

573 1526 846 1578 introitum
873 1524 1055 1592 incipit
1084 1527 1229 1594 prior
1260 1528 1475 1581 scholze.
1510 1527 1744 1594 Quorum
1775 1544 1902 1581 voco
1931 1530 2106 1582 audita
2126 1570 2139 1590 ,

570 1616 780 1670 diaconi
826 1618 1020 1670 intrant
1063 1612 1127 1669 ad
1173 1618 1473 1683 pontiﬁcem
1508 1620 1557 1671 in
1590 1620 1962 1683 secretarium,
1996 1629 2049 1673 et
2078 1619 2143 1672 ab

569 1705 945 1759 archidiacono
993 1715 1153 1775 atque
1199 1706 1518 1760 secundario
1549 1710 1779 1773 acceptis
1813 1710 2060 1777 utrinque
2088 1717 2142 1763 et

1273 324 1618 382 APPENDIX
1656 326 1747 381 AD
1786 326 1842 383 S.
1881 325 2204 384 GREGORII
2250 331 2460 385 MAGNI
2505 332 2872 391 LITURGICA
2913 334 3164 409 OPERA.

591 436 744 487 nistte
775 440 998 502 quatuor
1024 448 1050 485 a
1102 433 1233 485 foris
1263 434 1389 489 hinc
1418 436 1575 500 inde;
1626 438 1720 491 sed
1766 436 1992 491 infantes
2022 437 2155 491 infra
2190 451 2235 505 Α
2263 450 2317 494 et
2341 451 2553 511 arcepta
2592 446 2660 497 ab
2688 460 2753 499 eo
2777 446 2875 502 hac
2905 448 3281 504 Benedictione
3321 469 3335 505 :

3748 348 3856 402 980

3390 451 3643 509 Dominus
3685 458 3752 509 sit
3797 461 3847 511 in

2263 533 2415 584 corde
2444 543 2530 586 tuo
2558 544 2602 586 et
2628 536 2682 588 in
2711 536 2861 589 labiis
2887 538 3018 603 luis,
3053 541 3195 592 venit
3220 550 3340 595 ante
3365 543 3533 598 altare
3556 585 3572 609 ,
3602 554 3660 599 et
3691 562 3849 601 oscu-

2263 621 2380 674 latis
2426 622 2767 693 Evangeliis,
2822 627 2958 681 levat
3009 627 3257 685 Codit-em
3319 632 3374 685 in
3420 635 3666 689 manibus
3711 642 3845 695 suis.

2260 711 2411 766 Prior
2433 728 2606 768 autem
2628 717 2695 770 de
2722 719 2929 771 dnohns
2966 721 3306 775 subdiaconis
3327 763 3341 786 ,
3377 725 3466 790 qui
3497 727 3847 782 solummodo

2256 800 2452 855 debent
2478 803 2756 859 diaconum
2783 809 3101 874 praecedere,
3139 811 3414 868 incensum
3446 815 3606 870 mittit
3633 818 3689 871 in
3729 820 3847 889 thy-

2256 889 2645 947 miamaterium
2673 932 2687 956 ,
2731 897 2823 949 sed
2855 905 2991 951 alter
3015 916 3107 967 per
3146 903 3400 968 proxima:
3424 907 3675 960 stationis
3707 913 3842 963 sub-

2253 980 2533 1035 diacoomn
2564 987 2757 1053 accipit
2790 988 2914 1041 illud
2939 991 3002 1041 ad
3031 993 3362 1056 portandum.
3392 995 3695 1052 Procedunt
3718 1011 3845 1054 ante

2254 1071 2398 1138 ipsos
2427 1074 2532 1125 duo
2570 1077 2801 1146 acolythi
2834 1094 2952 1132 cum
2997 1080 3203 1136 duobus
3233 1088 3544 1141 cereostatis
3570 1130 3586 1155 ,
3634 1093 3838 1157 quibus

2250 1162 2513 1231 acolythis
2555 1175 2678 1220 ante
2716 1169 2998 1224 ambonem
3030 1171 3239 1239 divisis,
3276 1184 3549 1231 transeunt
3590 1194 3689 1247 per
3728 1198 3841 1236 meo

2250 1251 2393 1303 dium
2442 1254 2675 1320 ipsorum
2722 1259 3034 1313 subdiaconi
3061 1270 3112 1314 et
3142 1263 3397 1318 diaconus
3427 1281 3546 1319 cum
3592 1269 3837 1339 Evange~

2250 1340 2355 1393 liis.
2390 1343 2491 1396 Sed
2520 1343 2608 1398 ille
2630 1347 2989 1403 subdiaconus
3016 1353 3120 1423 57
3149 1356 3236 1421 qui
3271 1356 3474 1425 absque
3506 1360 3832 1429 thymiama-

2250 1436 2385 1488 terio
2414 1449 2515 1504 est,
2545 1442 2767 1511 porrigit
2794 1444 3069 1499 brachium
3098 1448 3375 1504 sinisrrum
3399 1493 3415 1518 ,
3445 1461 3505 1505 ut
3542 1468 3571 1505 a
3603 1456 3833 1508 diacono

2245 1529 2470 1596 accipiat
2505 1530 2698 1586 librum
2730 1536 3142 1605 Evangeliorum
3163 1579 3179 1606 ,
3211 1552 3267 1593 ut
3301 1557 3397 1609 per
3419 1543 3593 1607 ipsum
3620 1550 3832 1613 aperia—

2248 1625 2330 1669 tur
2352 1617 2578 1675 diacono
2607 1624 2771 1689 locus,
2810 1626 2863 1679 in
2890 1643 2997 1695 quo
3017 1628 3227 1697 signum
3263 1630 3507 1687 lectionis
3537 1634 3688 1690 fuerit
3729 1655 3823 1704 po-

2244 1706 2427 1762 situm.
2458 1709 2799 1768 Ascendenze
2828 1725 3005 1771 autem
3037 1718 3266 1774 diacono
3293 1721 3357 1774 ad
3393 1723 3695 1793 legendum,
3723 1731 3826 1798 ipsi

566 1796 820 1850 osculatis
860 1796 1101 1850 manibus
1149 1796 1413 1863 pontiﬁcis
1443 1837 1457 1860 .
1510 1799 1803 1865 procedunt
1858 1814 1977 1854 cum
2028 1802 2141 1869 ipso
2176 1817 2218 1873 Β
2246 1800 2350 1850 duo
2376 1801 2682 1856 subdiacoui
2726 1806 2945 1860 redeunt
2976 1818 3118 1863 stare
3148 1823 3272 1865 ante
3304 1814 3670 1871 descensionis
3699 1796 3825 1886 gra-

565 1897 927 1943 snsteutantes
973 1902 1115 1941 eum.
1149 1886 1356 1955 Reliqui
1381 1888 1595 1957 'gradus
1635 1890 1929 1956 procedunt
1970 1892 2019 1944 in
2048 1906 2134 1945 or-

563 1980 690 2032 dine
733 1992 830 2033 suo
855 2019 870 2042 ,
904 1987 1128 2045 excepto
1154 1979 1294 2045 quod
1326 1994 1460 2033 unus
1485 1978 1551 2034 de
1580 1981 1891 2048 regionariis
1921 1982 2138 2036 subdia-

564 2069 787 2124 rombus
815 2067 973 2121 debet
1002 2068 1301 2135 praecedere
1330 2084 1449 2122 cum
1485 2070 1931 2139 thymiamaterio.
1970 2073 2136 2138 Quem

561 2165 859 2225 sequuntur
896 2166 1099 2224 septem
1141 2157 1374 2227 acolythi
1416 2158 1555 2212 illius
1586 2162 1815 2229 regionis
1845 2160 1997 2229 cujus
2022 2163 2137 2217 dies

562 2247 742 2309 fuerit,
773 2254 1045 2314 portantes
1067 2254 1268 2316 septem
1300 2258 1597 2303 cereostata
1620 2265 1843 2305 accensa
1866 2261 1987 2306 ante
2006 2266 2129 2320 pon-

561 2335 779 2399 lilicem,
808 2350 976 2403 usque
1005 2336 1129 2389 dum
1158 2336 1222 2389 ad
1252 2337 1419 2392 altare
1458 2340 1682 2393 venerit.
1714 2340 1819 2395 Sed
1848 2349 2132 2409 antequam

559 2428 832 2495 perveniat
860 2427 1133 2480 Processio
1157 2427 1223 2480 ad
1246 2429 1482 2482 scholam
1504 2472 1518 2495 ,
1543 2429 1849 2485 dividuntur
1868 2441 2135 2485 cereosta-

561 2525 632 2581 ta,
657 2524 882 2584 quatuor
903 2516 967 2570 ad
992 2517 1268 2571 dexteram
1292 2528 1518 2585 partem,
1540 2526 1595 2572 et
1625 2521 1725 2572 tria
1751 2520 1816 2573 ad
1838 2521 2126 2575 sinistram.

559 2607 615 2661 in
643 2608 742 2663 hoc
767 2609 1061 2662 honorabili
1095 2610 1390 2663 ministerio
1413 2610 1572 2665 debet
1599 2611 1835 2681 pontifex
1868 2612 2048 2667 venire
2078 2613 2128 2665 in

560 2697 789 2751 tribunal
818 2699 1058 2752 ecclesiae
1083 2740 1098 2766 ,
1142 2708 1196 2752 et
1219 2700 1475 2755 inclinare
1498 2711 1659 2768 caput
1702 2703 1808 2773 53
1832 2713 2014 2756 contra
2047 2704 2127 2756 al-

558 2797 669 2839 tare
693 2824 709 2852 ,
741 2796 791 2839 et
822 2794 1099 2855 postquam
1130 2790 1462 2856 surrexerit,
1501 2790 1552 2843 in
1596 2790 1772 2845 fronte
1797 2808 1889 2846 sua
1916 2808 2125 2846 crucem

556 2876 749 2942 facere,
779 2886 832 2929 et
863 2877 948 2930 nui
982 2878 1352 2944 episcoporum
1384 2880 1452 2934 de
1480 2880 1927 2947 hebdomadariis,
1958 2894 2012 2937 et
2042 2899 2130 2935 ar-

555 2970 955 3039 chipreshytcro
981 3012 995 3033 ,
1029 2979 1082 3024 ct
1118 2970 1356 3025 diaconis
1379 2973 1627 3026 omnibus
1655 2988 1837 3041 pacem
1862 2974 2019 3037 dare;
2064 2990 2127 3027 ac

554 3058 746 3111 deinde
777 3058 1068 3124 respiciens
1095 3059 1159 3112 ad
1207 3060 1435 3127 priorem
1476 3061 1711 3125 schola},
1758 3063 1927 3117 innuit
1968 3066 2016 3117 ei
2066 3075 2124 3118 ut

2244 1887 2391 1940 dum.
2420 1888 2702 1958 Postquam
2728 1896 2932 1974 finitqm
2964 1899 3122 1952 fuerit
3142 1900 3510 1971 Evangelinm,
3535 1906 3667 1959 dicit
3693 1923 3725 1974 p
3750 1926 3825 1959 ιιιο

2244 1974 2367 2027 tifex
2420 1975 2537 2030 Pax
2578 1980 2685 2044 tibi,
2718 1983 2795 2035 vel
2842 1960 3092 2039 liominus
3134 1960 3408 2042 vobisr‘om.
3458 1960 3715 2061 sequitui'
3742 2014 3819 2050 re-

2238 2069 2458 2133 sponsio
2515 2067 2581 2122 Et
2648 2087 2762 2124 cum
2824 2075 3009 2140 spiritu
3063 2086 3151 2130 tuo
3224 2078 3593 2136 Descendente
3645 2096 3819 2138 autem

2238 2157 2497 2226 diacono,
2522 2162 2877 2218 subdiac0nus
2909 2167 2994 2220 ille
3015 2174 3102 2237 qui
3137 2170 3282 2235 prius
3312 2187 3590 2240 aperuerat
3622 2177 3812 2230 librum

2240 2248 2668 2317 Evangeliorum,
2701 2256 2890 2323 recipit
2913 2272 3031 2310 cum
3054 2274 3069 2323 ;
3095 2267 3151 2313 et
3172 2275 3419 2316 reversus
3446 2263 3499 2316 in
3533 2268 3811 2336 presbyte-

2240 2339 2399 2404 rium,
2433 2344 2651 2411 porrigit
2677 2343 2826 2397 illum
2858 2348 2945 2399 uni
2977 2347 3423 2404 subdiaconorum
3446 2392 3461 2415 ,
3495 2362 3552 2405 ut
3595 2355 3714 2423 ipse
3738 2357 3811 2421 nl?

2235 2428 2374 2482 ferat
2402 2432 2650 2487 omnibus
2679 2433 2744 2487 ad
2770 2437 3117 2491 osculandum
3145 2478 3158 2500 .
3190 2442 3278 2508 qui
3310 2452 3576 2497 steterunt
3610 2460 3707 2513 per
3730 2462 3815 2501 or-

2234 2519 2410 2572 dinem
2440 2524 2724 2590 graduum.
2778 2526 2904 2579 Post
2938 2528 3294 2597 evangelicum
3339 2547 3467 2602 ergo
3496 2536 3812 2603 lectionem,

2234 2613 2508 2676 reponitur
2529 2614 2663 2666 liber
2696 2614 3106 2686 EVangeliorum
3140 2621 3190 2673 in
3232 2626 3497 2690 paratorio
3535 2628 3767 2695 quodam
3794 2670 3809 2687 .

2234 2699 2345 2751 sive
2374 2699 2422 2751 in
2450 2705 2759 2757 secretario.

2308 2789 2393 2842 ll.
2435 2790 2538 2843 Sed
2584 2793 2862 2862 acolythus
2895 2805 3082 2852 tenens
3103 2800 3325 2854 calicem
3355 2803 3405 2855 in
3432 2802 3654 2859 brachio
3684 2810 3811 2860 sini-

2231 2887 2344 2930 stro
2368 2919 2380 2940 ,
2427 2883 2647 2950 porrigit
2688 2886 2965 2953 corporale
3012 2891 3405 2958 superpositum
3435 2895 3663 2949 diacono
3687 2940 3704 2963 ,
3756 2911 3810 2953 ut

2233 2969 2346 3037 ipse
2366 2970 2596 3040 desuper
2623 2977 2842 3030 calicem
2873 2979 3164 3048 accipiens,
3197 2982 3325 3036 illud
3350 2987 3618 3053 expandat
3647 3004 3809 3058 super

2230 3061 2428 3125 altare,
2474 3064 2710 3131 projecto
2739 3068 2804 3120 ad
2846 3080 3159 3137 sequentem
3199 3071 3484 3128 diaconum
3521 3076 3702 3145 capite
3732 3086 3807 3133 al-

553 3149 740 3202 debeat
792 3145 1021 3199 Gloriam
1058 3149 1259 3203 dicere.
1308 3144 1406 3214 Qui
1448 3164 1507 3204 se
1549 3151 1805 3204 inclinans
1853 3152 2120 3216 pontiﬁci,
2153 3160 2197 3219 c
2232 3157 2366 3202 tero.

554 3237 773 3303 imponit
808 3237 1067 3305 lly'nnum
1089 3278 1103 3302 ,
1138 3254 1243 3307 quo
1264 3238 1420 3292 datur
1439 3238 1605 3308 gloria
1636 3251 1831 3294 sanctae
1854 3241 2121 3296 Trinitati.

552 3326 658 3381 Sed
694 3326 926 3393 pontifex
950 3327 1285 3383 concelebrat
1319 3330 1528 3383 interim
1560 3341 1765 3385 secreto
1792 3332 2118 3397 Orationem,

552 3426 674 3468 ante
696 3416 861 3468 altare
884 3414 1191 3480 inclinatus,
1219 3432 1383 3486 usque
1410 3418 1474 3469 ad
1504 3419 1875 3486 repetitionem
1902 3419 2118 3472 Versus.

550 3505 678 3558 Nam
711 3506 916 3559 diaconi
942 3546 958 3572 ,
989 3507 1200 3577 quando
1226 3507 1416 3561 dicitur
1442 3507 1588 3562 Sicut
1615 3518 1721 3562 erat
1752 3510 1805 3562 in
1836 3510 2083 3578 principio
2104 3550 2120 3577 ,

549 3606 773 3664 surgunt
801 3598 868 3650 ab
896 3599 1236 3653 inclinatione
1257 3640 1272 3665 ,
1304 3610 1357 3653 et
1384 3600 1674 3655 salutantes
1700 3602 1819 3654 alta:
1839 3604 1883 3654 is
1918 3603 2080 3656 latera
2101 3641 2116 3666 ,

554 3688 697 3749 prius
720 3686 824 3739 duo
855 3696 909 3741 et
932 3689 1036 3741 duo
1068 3689 1298 3743 vicissim
1324 3690 1544 3744 redeunt
1574 3691 1637 3743 ad
1666 3692 1967 3758 pontiﬁcem
1994 3733 2009 3757 ,
2041 3702 2118 3747 te-

552 3787 737 3832 nentes
771 3778 941 3831 locum
965 3778 1185 3848 quisque
1208 3795 1304 3848 pro
1326 3795 1422 3834 suo
1451 3780 1657 3835 ordine.
1688 3781 1758 3835 At
1798 3780 2027 3847 pontifex
2051 3783 2117 3835 ad

550 3866 797 3933 repetitio
836 3881 920 3920 etn
955 3867 1148 3922 Versus
1171 3912 1186 3934 ,
1238 3869 1376 3922 sicut
1404 3869 1598 3923 dictum
1640 3880 1720 3923 est
1746 3911 1759 3933 ,
1792 3886 2015 3939 surgens
2053 3872 2119 3926 ab

548 3961 801 4013 Oratione
827 4002 841 4026 ,
867 3961 1135 4015 osculatur
1163 3963 1503 4033 Evangeliuin
1531 3973 1580 4018 et
1609 3965 1809 4029 altare;
1837 3982 1899 4019 ac
1925 3965 2117 4020 deinde

548 4048 752 4101 accedit
774 4050 836 4102 ad
865 4050 1068 4117 sedem,
1099 4061 1152 4104 et
1180 4063 1283 4105 stat
1313 4069 1494 4107 versus
1522 4054 1585 4107 ad
1619 4056 1910 4108 Orientem.

617 4138 668 4191 il.
710 4137 903 4192 Scho'a
951 4155 1106 4205 vero,
1151 4142 1292 4194 finita
1328 4143 1653 4212 Antiphona,
1692 4145 1915 4211 imponit
1956 4143 2117 4215 Kyrie

544 4229 773 4293 eleisan;
809 4236 898 4284 sed
926 4233 1069 4297 prior
1100 4233 1297 4287 schola:
1325 4235 1483 4289 debet
1504 4237 1566 4287 ad
1601 4236 1903 4302 pontificem
1936 4225 2108 4293 custo-

541 4316 690 4380 dire,
724 4319 935 4386 quando
961 4320 1227 4388 prmcipiat
1258 4333 1465 4376 mutare
1488 4339 1766 4377 numerum
1795 4325 1990 4379 litanias
2011 4367 2025 4387 ,
2058 4335 2113 4379 et

542 4404 777 4458 innueuti
802 4410 1018 4462 inclinat
1045 4425 1124 4464 se.
1156 4411 1282 4476 Quae
1312 4427 1431 4466 cum
1459 4413 1602 4468 ﬁnita
1636 4414 1823 4481 fuerit,
1873 4417 2106 4485 pontifex

2300 3239 2391 3296 l2.
2452 3242 2691 3298 Pontifex
2721 3256 2897 3300 autem
2938 3259 3267 3305 su5tentatus
3309 3250 3435 3306 hinc
3465 3254 3589 3307 inde
3618 3255 3802 3309 dextra

2227 3327 2463 3396 lmvaque
2509 3347 2537 3384 a
2584 3334 2887 3400 primicerio
2920 3340 3243 3393 notariorum
3274 3351 3326 3394 et
3372 3343 3680 3411 primicerio
3710 3346 3801 3398 de-

2226 3413 2497 3471 fensorum
2525 3462 2539 3484 ,
2567 3421 2843 3477 descendit
2874 3426 2939 3479 ad
2962 3430 3286 3483 senatorium
3314 3470 3329 3493 ,
3368 3434 3509 3499 quod
3540 3443 3624 3487 est
3652 3436 3800 3490 locus

2227 3507 2522 3577 principum
2552 3553 2566 3577 ,
2593 3525 2649 3567 ut
2679 3517 2933 3585 suscipiat
2955 3520 3253 3577 oblationes
3281 3536 3486 3577 eorum.
3522 3527 3798 3582 Archidia-

2222 3613 2387 3655 conus
2424 3617 2549 3657 vero
2577 3615 2692 3673 post
2717 3623 2836 3661 eum
2866 3612 3069 3665 amulas
3098 3615 3323 3682 suscipit
3350 3659 3363 3679 ,
3391 3626 3445 3669 et
3484 3616 3536 3670 in
3570 3620 3791 3673 calicem

2226 3691 2510 3762 majorem,
2559 3709 2715 3762 quem
2765 3697 3119 3754 subdiaconus
3175 3705 3505 3769 regionarius
3558 3720 3791 3774 sequens

2222 3790 2429 3847 portat,
2457 3798 2677 3838 vacuum
2711 3786 2980 3842 refundit:
3016 3789 3104 3857 qui
3146 3804 3264 3843 cum
3317 3794 3472 3846 fuerit
3500 3798 3749 3861 impletus
3776 3839 3789 3859 ,

2219 3871 2516 3927 refunditur
2562 3876 2615 3928 in
2661 3879 2955 3946 scyphum,
3005 3897 3163 3946 quem
3210 3882 3281 3935 ibi
3322 3886 3523 3939 tenebit
3560 3901 3795 3955 sequens

2220 3965 2522 4035 acolythus.
2571 3968 2880 4023 Oblationes
2922 3987 3049 4025 vero
3094 3975 3388 4042 principum
3433 3977 3791 4032 subdiaconus

2218 4054 2546 4124 regionarins
2576 4074 2602 4109 a
2638 4060 2886 4125 pontifice
2914 4062 3137 4129 suscipit
3165 4104 3181 4129 ,
3210 4079 3273 4117 ac
3301 4069 3545 4133 sequenti
3576 4067 3793 4120 subdia-

2217 4161 2352 4199 cono
2384 4148 2621 4216 porrigit.
2648 4159 2699 4202 et
2730 4150 2842 4215 ipse
2872 4153 2923 4203 in
2951 4152 3227 4206 sindonem
3254 4196 3267 4218 ,
3295 4172 3451 4219 quam
3478 4166 3658 4212 tenent
3683 4159 3793 4212 duo

2216 4236 2481 4305 acolylhi,
2513 4253 2604 4291 eas
2643 4244 2808 4306 ponit.
2867 4243 2970 4295 Sed
3013 4245 3294 4312 cpiscopus
3336 4246 3789 4302 helidomadarius

2215 4328 2439 4394 suscipit
2467 4337 2585 4395 post
2616 4332 2919 4395 pontiﬁcem
2948 4336 3242 4389 oblationes
3276 4338 3631 4407 reliquorum,
3654 4356 3787 4408 quas

2215 4417 2328 4483 ipse
2373 4434 2527 4472 manu
2577 4436 2673 4473 sua
2721 4424 2881 4478 mittit
2931 4429 2981 4479 in
3030 4429 3339 4492 sindonem,
3380 4445 3500 4498 qure
3543 4433 3787 4499 sequitur

544 4495 725 4565 incipit
755 4496 930 4553 Gloria
957 4501 1009 4553 in
1040 4501 1251 4554 excelsis
1284 4502 1424 4567 Deo,
1470 4505 1511 4555 si
1556 4514 1763 4573 tempus
1797 4506 1973 4559 fuerit.
2008 4507 2107 4561 Se-
2141 4515 2191 4572 D
2215 4522 2357 4560 eum.
2405 4508 2528 4563 Post
2559 4526 2714 4579 quem
2744 4513 2999 4570 diaconus
3027 4532 3255 4585 sequens
3282 4495 3493 4574 amulas
3527 4522 3782 4589 suscipit,

542 4585 669 4639 dere
700 4595 871 4638 autem
905 4602 1010 4639 non
1038 4597 1248 4655 oportet
1278 4591 1579 4657 pontiﬁcem
1609 4604 1890 4661 antequam
1928 4594 2111 4649 dicant

536 4672 695 4727 Amen
724 4718 736 4735 ,
773 4685 891 4741 post
913 4675 1136 4742 primam
1168 4677 1493 4734 Orationem.
1531 4682 1732 4735 Deinde
1759 4683 1953 4737 debent
1982 4687 2108 4737 sub-

536 4765 744 4818 diaconi
780 4768 1063 4832 rcg‘onarii
1096 4770 1419 4833 ascendere,
1451 4781 1503 4824 et
1533 4774 1597 4823 ad
1630 4774 1901 4826 dexteram
1925 4774 2108 4829 altaris

535 4863 590 4911 et
633 4857 698 4909 ad
739 4856 1008 4910 sinistram
1060 4874 1119 4913 se
1147 4870 1403 4918 statuere.
1446 4863 1551 4916 Sed
1599 4865 1685 4917 ille
1728 4864 2105 4929 subdiaconus,

537 4947 628 5015 qui
676 4948 907 5003 lecturus
935 4959 1054 5014 est,
1105 4961 1381 5019 postquam
1434 4954 1626 5007 viderit
1668 4957 1943 5024 episcopos
1992 4960 2104 5013 sive

534 5037 878 5108 presbyteros
908 5050 1027 5107 post
1050 5041 1350 5108 pontiﬁcem
1377 5042 1593 5103 sedere.
1627 5058 1759 5111 quos
1782 5044 1895 5110 ipse
1926 5048 2103 5112 ponti-

534 5127 616 5183 l'ex
648 5135 775 5181 nutu
815 5143 913 5182 suo
945 5128 1068 5184 facit
1100 5143 1281 5183 secum
1304 5130 1605 5193 considere,
1640 5141 1748 5185 tum
1780 5136 2017 5188 ascendit
2049 5136 2099 5190 in

529 5217 834 5282 umbonem,
852 5218 1034 5286 etlegit
1059 5219 1359 5272 lectionem.
1388 5219 1667 5288 Postquam
1703 5222 1868 5274 lector
1890 5224 2096 5293 legerit,

530 5316 716 5359 cantor
738 5321 856 5359 cum
887 5308 1129 5362 cantorio
1153 5309 1415 5372 ascendit,
1444 5320 1497 5363 et
1529 5314 1920 5378 responsorium
1943 5314 2099 5379 dicit,

528 5407 590 5443 ac
626 5394 818 5449 deinde
865 5411 958 5463 per
997 5396 1157 5449 alium
1187 5408 1456 5451 cautorem
1504 5398 1759 5464 Alleluia,
1804 5403 1846 5454 si
1890 5412 2097 5468 tempus

529 5478 708 5542 fuerit,
740 5482 852 5537 sive
876 5484 1101 5538 Tractus
1128 5489 1457 5552 concinitur;
1501 5490 1582 5542 sin
1616 5491 1822 5554 minus,
1856 5492 2094 5559 llcspon-

525 5571 723 5624 solium
758 5573 1123 5625 tannuumtnlo
1152 5586 1413 5629 cantatur.

598 5659 683 5717 tu.
727 5657 923 5715 Deilth
952 5662 1245 5730 diaconus,
1279 5665 1530 5721 osculatis
1564 5669 1784 5736 pedibus
1809 5670 2092 5740 pontiﬁcis,

2213 4603 2267 4648 et
2308 4597 2359 4649 in
2410 4600 2665 4667 scyphum
2713 4617 2870 4655 mann
2901 4619 2994 4658 sua
3046 4618 3166 4674 post
3217 4609 3653 4664 archidiaconum
3692 4627 3785 4666 eas

2212 4684 2463 4740 refundit.
2498 4689 2751 4746 Similiter
2784 4695 3051 4751 transiens
3083 4700 3319 4766 pontifex
3351 4703 3401 4754 in
3435 4714 3637 4769 partem
3671 4718 3787 4757 ma~

2212 4782 2509 4837 tronarum,
2533 4779 2708 4844 explet
2734 4784 2934 4849 omnia,
2967 4795 3019 4837 ut
3045 4799 3222 4853 supra.
3262 4780 3265 4781 ⁷

2284 4865 2367 4917 15.
2415 4865 2613 4922 Deinde
2640 4869 2778 4923 redit
2796 4872 2861 4924 ad
2894 4874 3097 4938 sedem,
3128 4878 3431 4932 tenentibus
3462 4881 3781 4947 primiceriis

2213 4966 2401 5007 manus
2430 4955 2564 5021 ejus.
2592 4958 3010 5014 Archidiaconns
3042 4973 3221 5018 autem
3250 4976 3401 5019 stans
3431 4977 3557 5021 ante
3586 4969 3776 5033 altare,

2208 5039 2348 5093 laVat
2378 5057 2565 5095 manus
2594 5060 2716 5098 suas
2741 5048 2952 5115 expleta
2997 5052 3355 5119 susceptione.
3406 5054 3532 5108 Post
3581 5060 3683 5110 hoc
3727 5059 3777 5109 in

2206 5130 2397 5185 faciem
2431 5135 2696 5201 pontiﬁcis
2728 5139 2966 5205 respicit.
3001 5150 3057 5195 et
3086 5157 3204 5194 cum
3230 5144 3277 5196 ei
3309 5146 3558 5197 annuerit
3581 5185 3597 5209 ,
3630 5162 3777 5199 resa-

2206 5221 2372 5274 lulato
2414 5238 2480 5275 eo
2510 5239 2606 5292 per
2635 5226 2892 5283 humilem
2927 5230 3324 5289 inclinationem
3350 5276 3364 5298 ,
3398 5236 3465 5289 ad
3496 5238 3666 5290 altare
3697 5254 3775 5290 ac-

2205 5314 2365 5368 cedit.
2391 5312 2542 5367 Tnnc
2572 5318 2837 5385 accipiens
2867 5334 2961 5388 per
2989 5322 3340 5377 sobdiacones
3368 5325 3609 5393 oblatas,
3654 5328 3774 5378 hinc

2207 5403 2330 5457 inde
2374 5406 2704 5473 porrigentes
2751 5426 2877 5476 eas,
2930 5412 3069 5478 ponit
3130 5426 3302 5467 tantas
3352 5431 3514 5483 super
3571 5419 3768 5478 altare,

2202 5505 2410 5560 quantm
2454 5496 2657 5562 possint
2699 5500 2894 5567 populo
2942 5502 3212 5555 sufﬁcere.
3256 5504 3565 5572 (ἶυιιιριδὶιιι
3620 5507 3766 5569 igitur

2202 5585 2355 5638 altari
2402 5596 2455 5638 ct
2502 5596 2709 5651 ornato,
2763 5589 2871 5658 58
2916 5591 3321 5647 archidiaconus
3369 5595 3564 5647 deinde
3612 5596 3762 5648 sumit

2203 5674 2433 5730 amulum
2466 5686 2589 5743 pont
2618 5678 2729 5733 llcis
2756 5678 2821 5733 de
2849 5679 3175 5737 subdiacono
3201 5682 3574 5745 oblationario,
3608 5696 3659 5736 ct
3690 5700 3763 5738 re-
