4008 6310
217 334 311 387 981

1427 327 1676 386 ROMANI
1716 329 2025 386 Ultimus.
2067 366 2135 374 —
2175 334 2255 388 ιιι.

3348 341 3448 393 0ἠὲ

211 442 384 498 fundit
417 443 468 495 in
500 441 716 495 calicem
761 456 919 508 super
950 442 1293 505 eolatorium;
1322 442 1514 496 deinde
1543 446 1788 497 diacono-
1818 457 1860 509 ἀ
1891 446 2033 500 dabit
2060 448 2206 514 juxta
2239 462 2297 501 se
2339 446 2520 513 stanti,
2558 460 2620 498 ac
2645 446 2833 500 deinde
2862 460 2954 517 per
2972 446 3209 502 ordinem
3239 454 3447 513 cieteri;

209 548 328 584 rum
350 572 364 595 ,
407 545 467 584 ac
500 529 694 583 deinde
736 532 1161 598 priiniceriorum
1188 539 1241 583 et
1269 532 1777 586 secundiceriorum.

215 624 408 676 Postea
462 630 640 674 autem
700 621 1054 673 subdiaconus
1114 636 1345 691 sequens
1393 625 1672 678 descendit
1730 628 1779 678 in

211 714 453 765 scholam
479 752 493 774 ,
528 720 577 760 ct
616 710 808 775 accipit
850 702 1045 764 fontem
1074 712 1140 763 de
1181 729 1338 765 manu
1379 714 1783 781 archiparapho-

211 804 388 863 nistze,
430 816 492 854 ac
521 801 689 854 defert
722 801 786 853 ad
828 802 1294 865 areliidiacnnum,
1339 812 1391 855 et
1436 804 1523 857 ille
1562 806 1784 860 infunth

210 888 415 941 faciens
446 904 657 941 cruci-ni
688 890 736 939 iti
768 890 1010 941 Calicem.
1052 890 1481 942 Ascendentibns
1512 906 1637 944 vero
1669 893 1781 943 dia-

209 979 365 1030 conis
394 978 458 1029 ad
505 978 834 1042 pontificem,
892 977 1225 1043 primicerius
1256 989 1310 1030 et
1349 979 1777 1045 secundicerins,

212 1066 409 1118 notarii
449 1074 501 1118 et
530 1066 835 1119 defensores
882 1066 1163 1133 regionarii
1202 1066 1581 1135 descendunt,
1630 1078 1683 1122 et
1729 1070 1778 1122 itt

211 1152 335 1206 loco
364 1168 460 1205 suo
489 1156 802 1207 consistunt.

288 1241 373 1293 Η.
403 1240 549 1294 Tunc
576 1244 805 1309 pontifex
830 1257 1052 1313 surgens
1078 1257 1107 1294 a
1135 1244 1283 1307 sede,
1315 1244 1587 1297 descendit
1617 1246 1679 1298 ad
1703 1247 1779 1298 al-

210 1338 360 1393 tare,
401 1339 454 1381 ct
482 1333 673 1383 salutat
711 1332 906 1393 altare,
940 1341 992 1383 et
1034 1332 1257 1398 suscipit
1284 1333 1491 1385 oblatas
1522 1332 1588 1384 de
1623 1347 1777 1386 manu

211 1424 509 1489 presbyteri
543 1423 973 1488 hebdotnadarii,
1007 1436 1058 1475 et
1086 1425 1453 1490 diaconorum,
1486 1437 1641 1494 atque
1671 1428 1778 1494 pri-

211 1508 572 1561 micetiornm.
622 1510 819 1564 Deinde
867 1513 1273 1567 archidiaconus
1313 1514 1533 1582 suscipit
1576 1517 1781 1568 oblatas

212 1600 479 1663 pontificis
502 1601 569 1650 de
590 1598 962 1664 oblationario,
997 1611 1049 1654 et
1077 1601 1168 1654 dat
1196 1602 1463 1669 pontifici;
1498 1618 1629 1669 quas
1652 1603 1776 1655 dum

210 1697 453 1756 posuert
481 1689 707 1754 pontifex
737 1693 785 1742 in
817 1690 993 1755 altari,
1028 1692 1172 1744 levat
1199 1692 1420 1747 calicem
1452 1693 1780 1747 archidiaco-

1882 544 2037 603 atque
2062 537 2282 603 populus
2304 537 2608 589 osculantur
2628 549 2686 589 se
2715 536 2936 589 invicem
2956 537 3005 589 in
3025 540 3208 590 osculo
3225 536 3441 593 Christi.

1883 622 2028 676 Tunc
2057 624 2287 691 pontifex
2322 624 2515 692 rumpit
2562 623 2788 677 oblatam
2826 639 2891 678 ex
2928 624 3091 681 latere
3121 625 3314 678 dextro
3337 664 3353 689 ,
3394 638 3445 680 et

1884 711 1947 764 de
1978 713 2086 781 ipsa
2110 713 2299 765 Sancta
2328 727 2482 780 quam
2513 712 2713 778 ruperit
2745 712 3051 780 particulam
3088 727 3247 778 super
3274 713 3442 766 altare

1885 799 2170 867 relinquit,
2216 799 2445 867 reliquas
2477 814 2603 851 vero
2624 799 2917 852 oblationes
2955 814 3079 851 suas
3120 801 3168 851 in
3206 812 3444 866 patenatn

1884 901 2038 950 quam
2068 895 2190 940 tunc
2219 894 2363 939 tenet
2389 889 2642 939 diaconus
2673 886 2836 953 ponit.
2883 886 3011 939 Nam
3042 888 3445 944 archidiaconus

1886 979 2022 1030 levat
2043 978 2292 1041 calicem,
2323 989 2375 1033 et
2404 979 2726 1031 subdiacono
2748 980 3038 1047 regionario
3067 980 3283 1048 porrigit
3303 995 3447 1045 eum,

1888 1078 1941 1119 ut
1972 1078 2146 1121 teneat
2169 1068 2313 1137 juxta
2345 1082 2509 1121 cornu
2533 1068 2714 1121 altaris
2737 1069 3015 1124 dextrum:
3052 1078 3105 1122 et
3134 1072 3447 1124 accedentes

1885 1157 2192 1209 subdiaconi
2223 1168 2506 1224 sequentes
2534 1171 2651 1209 cuin
2684 1158 2970 1226 acolythis,
2997 1160 3084 1226 qui
3119 1163 3358 1214 sacculos
3384 1165 3448 1214 ad

1888 1247 1998 1298 lure
2024 1246 2238 1298 idoneos
2263 1254 2473 1312 portant
2514 1260 2543 1297 a
2570 1245 2771 1297 dextris
2802 1259 2853 1297 et
2899 1262 2925 1296 a
2970 1248 3204 1300 sinistris
3236 1249 3416 1303 altaris
3436 1293 3448 1313 ,

1886 1334 1981 1401 ipsi
2012 1350 2138 1403 ergo
2160 1335 2488 1395 subdiaconi,
2519 1335 2927 1388 extendentibus
2952 1336 3211 1405 acolythis
3241 1339 3450 1392 brachia

1884 1438 2001 1476 cum
2034 1424 2290 1483 sacculis,
2325 1432 2609 1489 sequentes
2642 1438 2671 1474 a
2699 1422 2905 1487 fronte,
2941 1433 3127 1490 parant
3157 1425 3303 1479 sinus
3333 1442 3449 1479 sac-

1884 1514 2124 1566 culorum
2150 1512 2528 1565 archzdiacono
2554 1511 2617 1563 ad
2644 1513 2941 1579 ponendum
2972 1513 3287 1577 oblationes,
3306 1517 3450 1581 prius

1883 1616 1911 1653 a
1943 1600 2141 1655 dextris
2167 1643 2181 1666 ,
2227 1599 2421 1653 deinde
2464 1614 2493 1650 a
2538 1598 2789 1651 sinistris.
2822 1599 2955 1651 Tum
2988 1600 3183 1653 vadunt
3221 1603 3450 1671 acolytlii

1884 1688 2066 1742 dextra
2099 1688 2358 1755 laevaque,
2392 1695 2511 1750 post
2535 1687 2811 1754 episcOpos
2840 1688 2949 1740 sive
2978 1690 3315 1759 presbyteros
3345 1693 3449 1746 cir-

210 1789 313 1826 niis
344 1780 409 1827 de
452 1791 607 1826 manu
650 1775 958 1830 subdiaconi
992 1778 1305 1846 regionarii,
1354 1789 1407 1833 et
1456 1782 1602 1847 ponit
1654 1796 1774 1835 eum
1811 1802 1853 1859 Β
1881 1794 2002 1830 cum
2032 1778 2218 1839 altare,
2253 1787 2307 1828 ut
2335 1776 2431 1843 ipsi
2457 1777 2759 1830 sacerdotes
2790 1779 3036 1844 incipiant
3074 1780 3280 1834 Hostias
3306 1797 3445 1835 con-

208 1876 374 1930 super
398 1864 564 1917 altare
586 1864 733 1932 juxta
757 1866 987 1919 oblatam
1012 1868 1274 1934 pontificis
1298 1883 1327 1921 a
1355 1869 1587 1934 dextris;
1621 1881 1777 1938 atque

206 1966 335 2005 cum
365 1952 636 2005 offertorio
669 1954 718 2005 in
748 1970 912 2007 cornu
942 1956 1124 2007 altaris
1153 1957 1349 2023 pesito,
1385 1958 1657 2011 involvens
1682 1973 1775 2024 per

208 2055 370 2093 ansas
412 2041 667 2106 calicem,
725 2029 828 2096 stat
886 2054 1002 2111 post
1054 2046 1376 2112 pontificem.
1424 2048 1488 2098 Et
1537 2050 1776 2114 pontifex

210 2131 389 2197 paulnl
431 2148 478 2183 tu
510 2132 613 2185 incl
641 2148 772 2188 nans
794 2149 851 2188 se
872 2135 934 2185 ad
959 2138 1143 2201 altare,
1177 2152 1214 2189 r.
1236 2136 1391 2203 spicit
1418 2137 1482 2189 ad
1515 2140 1775 2211 scholam,

208 2233 263 2274 et
294 2223 478 2273 annuit
508 2230 563 2273 tit
591 2224 817 2276 debeant
847 2224 1027 2277 silere.

285 2312 369 2363 15.
416 2310 589 2365 Finito
634 2324 806 2365 autem
838 2312 1150 2375 olfertorio,
1196 2316 1429 2385 episcopi
1474 2326 1615 2369 stant
1662 2328 1778 2386 post

212 2399 538 2465 pontiﬁcem,
570 2402 766 2468 primus
794 2402 843 2454 in
876 2404 1070 2464 medio,
1097 2403 1285 2456 deinde
1310 2419 1401 2471 per
1430 2405 1669 2458 ordinem
1690 2423 1700 2455 :
1724 2416 1780 2458 et

213 2490 619 2543 archidiaconus
646 2506 675 2543 a
703 2491 903 2544 dextris
934 2494 1301 2559 episc0p0rum
1327 2534 1341 2555 ,
1373 2495 1633 2547 secundus
1663 2495 1778 2546 dia-

213 2595 382 2633 conus
416 2595 444 2632 a
477 2580 708 2635 sinistris
731 2621 745 2643 ,
776 2591 828 2636 et
856 2584 1037 2636 caueri
1067 2584 1317 2649 disposita
1365 2586 1477 2636 acie
1510 2599 1601 2651 per
1630 2585 1774 2637 ordi-

218 2687 363 2723 nent.
397 2674 458 2723 At
490 2672 797 2725 subdiaconi
826 2673 1133 2742 regionarii,
1170 2676 1315 2727 linito
1344 2674 1613 2726 offertorio
1639 2714 1651 2735 ,
1684 2690 1783 2726 va-

214 2761 350 2813 dunt
382 2770 519 2813 retro
547 2764 711 2816 altare
736 2803 750 2826 ,
783 2763 1098 2829 aspicientes
1127 2762 1190 2815 ad
1222 2764 1554 2832 pontificem,
1580 2774 1781 2817 stantes

216 2851 384 2903 erecti
418 2853 707 2918 usquedum
754 2856 1004 2921 incipiant
1049 2856 1228 2907 dicere
1274 2856 1535 2923 llytnnum
1584 2857 1781 2921 angeli-

215 2954 369 3001 cum,
400 2940 448 2992 id
475 2951 554 2993 est
587 2940 827 2995 Sanctus.
851 2941 1020 3006 Quem
1044 2942 1169 2995 dtttii
1200 2945 1563 3010 expleverint,
1616 2944 1783 3012 surgit

219 3027 453 3095 pontifex
478 3031 622 3082 solus
644 3071 657 3093 ,
688 3044 740 3084 et
769 3034 929 3084 intrat
961 3035 1009 3084 in
1038 3033 1323 3086 Cononem.
1361 3034 1601 3099 κρίθη)μὶ
1633 3050 1777 3100 vero,

218 3117 450 3179 diaconi,
476 3118 805 3183 subdiaconi,
835 3121 1123 3188 presbyteri
1152 3131 1458 3187 permanent
1489 3122 1537 3173 in
1567 3124 1782 3193 presby-
1813 3139 1855 3195 ο

217 3203 358 3256 terio
384 3206 645 3259 inclinati:
676 3216 729 3261 et
756 3223 874 3261 cum
914 3206 1103 3260 dixerit
1142 3208 1301 3261 Nobis
1330 3226 1523 3277 quoque
1552 3223 1777 3276 peccato-

218 3295 387 3354 ribus.
417 3306 635 3363 surgunt
660 3298 996 3351 subdiaconi:
1026 3312 1144 3351 cum
1166 3298 1360 3351 dixerit
1392 3297 1490 3351 Per
1510 3317 1652 3368 quem
1675 3300 1780 3353 lucc

217 3390 428 3454 omnia,
485 3390 737 3457 Domine,
786 3393 953 3459 surgit
999 3393 1399 3446 archidiaconus
1441 3394 1604 3447 Solus.
1646 3394 1778 3446 Cum

216 3478 422 3532 dixerit
448 3478 546 3532 Per
572 3482 733 3551 ipsum
758 3522 772 3543 ,
802 3492 848 3534 et
877 3498 989 3533 cum
1020 3483 1129 3548 ipso
1157 3521 1173 3546 ,
1227 3484 1361 3535 levat
1384 3482 1781 3536 arcliidiacoiius

220 3582 342 3618 cum
374 3568 640 3621 olTertorio
666 3570 879 3622 calicem
925 3585 1020 3637 per
1049 3586 1204 3621 att-as
1230 3610 1242 3631 ,
1293 3583 1343 3623 et
1376 3580 1518 3622 leuet
1544 3574 1785 3624 exultans

221 3656 369 3709 illum
407 3670 550 3723 juxta
612 3660 934 3727 pontificem.
970 3659 1205 3711 Pontifex
1236 3671 1407 3714 antem
1443 3662 1603 3728 tangit
1636 3676 1664 3713 e
1700 3661 1787 3713 la-

220 3757 335 3798 tere
373 3761 401 3798 e
420 3747 587 3799 dicent
626 3764 742 3801 cum
774 3749 963 3801 oblatis
989 3792 1002 3815 ,
1029 3750 1210 3803 dicens
1244 3747 1344 3800 Pir
1367 3750 1531 3817 ἔρωτι
1559 3788 1574 3813 ,
1599 3758 1644 3800 et
1673 3765 1785 3801 cum

218 3838 333 3905 ipso
356 3878 369 3901 ,
404 3852 565 3905 usque
617 3838 717 3892 Per
762 3841 933 3891 omnia
963 3841 1147 3893 alecula
1174 3838 1493 3893 mentorum.
1548 3840 1610 3892 Et
1642 3839 1783 3907 ponit

221 3923 462 3989 pontifex
487 3926 780 3981 oblationes
810 3929 861 3981 in
891 3928 1007 3982 loco
1033 3944 1129 3981 suo
1148 3972 1163 3996 ,
1193 3937 1246 3982 et
1265 3928 1667 3981 archidiaconus
1694 3943 1751 3979 ca
1770 3958 1783 3968 -

219 4014 375 4066 licent
399 4023 547 4081 juxta
571 4031 685 4080 eas,
714 4017 931 4069 dimisso
961 4020 1011 4071 in
1042 4019 1185 4072 ansis
1214 4021 1331 4086 ejus
1364 4018 1653 4071 offertorio.

300 4102 385 4155 l6.
426 4104 562 4158 Ecce
598 4114 772 4159 autem
804 4106 951 4159 ﬁnito
981 4121 1184 4161 canone
1228 4107 1580 4160 subdiaconus
1617 4105 1784 4174 regio-

219 4192 405 4246 narins
431 4202 532 4246 stat
559 4205 679 4248 ante
705 4195 873 4249 altare
901 4210 1015 4248 cum
1056 4206 1242 4264 patena
1292 4205 1414 4264 post
1459 4195 1784 4248 archidiaco-

222 4298 388 4343 nuin,
433 4297 588 4351 quam
631 4285 682 4336 in
732 4286 905 4338 medio
935 4300 1136 4339 canone
1167 4286 1297 4339 subd
1322 4300 1518 4338 aconus
1564 4299 1788 4353 sequi-ns

218 4369 415 4437 accipit
460 4386 553 4438 per
602 4372 939 4442 acolythum;
979 4374 1065 4441 qui
1106 4375 1310 4428 scilicet
1338 4372 1613 4441 acolythus
1639 4414 1653 4436 ,
1685 4373 1790 4442 59

1882 1869 2110 1937 fringere
2135 1912 2148 1933 ,
2181 1881 2365 1938 patena
2398 1874 2727 1939 praecedente
2748 1914 2763 1936 ,
2804 1887 2959 1939 quam
2992 1874 3096 1927 duo
3132 1875 3444 1930 subdiactmi

1884 1957 2163 2024 regionarii
2196 1958 2435 2010 deferunt
2471 1959 2534 2010 ad
2560 1958 2809 2012 diaconos
2839 1973 2999 2012 causa
3029 1961 3431 2023 eonfrartionis,

1886 2058 1941 2099 ut
1964 2047 2059 2113 ipsi
2084 2064 2292 2117 quoque
2312 2048 2572 2118 frangant,
2596 2050 2805 2118 quando
2828 2052 3057 2119 pontifex
3082 2053 3325 2108 annnerit
3344 2056 3441 2112 eis.

1884 2136 1986 2188 Sed
2017 2136 2415 2190 archidiaconus
2445 2150 2700 2193 evacuate
2732 2140 2879 2193 altari
2916 2142 3269 2198 oblationibus
3293 2190 3307 2210 ,
3360 2162 3439 2200 reo

1885 2228 2038 2294 spicit
2068 2228 2117 2280 in
2150 2229 2410 2293 scholam,
2436 2242 2488 2284 et
2517 2231 2698 2283 annuit
2722 2232 2798 2285 eis
2823 2242 2877 2285 ut
2906 2232 3084 2286 dicant
3112 2234 3284 2307 Agnus
3309 2235 3401 2288 Dei
3427 2253 3442 2295 ;

1882 2326 1944 2364 ac
1973 2314 2162 2366 deinde
2191 2316 2286 2366 vad
2314 2324 2332 2366 t
2377 2318 2440 2367 ad
2486 2326 2727 2383 patenam
2747 2358 2763 2381 ,
2791 2334 2944 2387 quam
2989 2330 3168 2374 leuent
3196 2322 3298 2374 duo
3320 2323 3437 2375 soli

1885 2401 2094 2453 diaconi
2123 2403 2426 2471 regiona'ii,
2461 2414 2515 2456 ut
2545 2407 2656 2472 ipse
2681 2407 2837 2460 etiam
2866 2408 3067 2477 frangat
3090 2424 3207 2462 cum
3238 2422 3442 2464 CLCIEI‘IS

1884 2492 2117 2544 diaconis
2150 2492 2295 2561 juxta
2344 2508 2507 2547 cornu
2553 2496 2754 2549 altaris.
2805 2499 3020 2562 Expleta
3059 2500 3439 2557 ennfractione.

1884 2583 2141 2635 diaconus
2174 2584 2364 2646 minor,
2400 2583 2565 2637 let‘a'a
2593 2584 2659 2637 de
2682 2586 3004 2641 subdiacono
3036 2598 3242 2655 patenti,
3266 2588 3438 2643 defert

1883 2687 1996 2724 eam
2022 2672 2086 2724 ad
2119 2672 2440 2738 pontiﬁcem,
2466 2682 2522 2725 ut
2551 2676 3137 2742 conttnunici-tcorpore
3152 2678 3439 2731 dominico.

1885 2762 1989 2816 Sed
2021 2764 2133 2824 i,»se
2162 2764 2389 2830 pontifex
2415 2762 2754 2817 conﬁrmatur
2781 2766 2846 2818 ab
2869 2768 3235 2820 archidiacono
3265 2768 3316 2819 in
3347 2782 3436 2819 ca-

1883 2851 1981 2904 lice
1997 2862 2207 2914 sancto;
2239 2852 2302 2904 de
2347 2867 2449 2918 quo
2478 2868 2660 2917 parum
2702 2853 2928 2907 refundit
2955 2855 3357 2911 arcliidiacitnus
3381 2854 3433 2909 itt

1884 2947 1908 2974 α
1927 2940 2176 3004 majorem
2200 2941 2277 2992 cal
2302 2953 2434 2997 cem.
2460 2940 2572 2993 sive
2599 2941 2651 2992 in
2675 2944 2952 3010 scyphum,
2975 2960 3124 3011 quem
3156 2953 3296 2998 tenet
3311 2957 3447 3021 aco:

1887 3030 2084 3097 Iyllttts,
2117 3038 2170 3079 nt
2197 3044 2257 3080 ex
2300 3028 2483 3081 eodem
2514 3044 2665 3081 sacro
2688 3044 2808 3083 vase
2830 3033 3171 3086 confirmetur
3195 3036 3433 3102 populus,

1888 3119 2004 3184 quia
2032 3120 2229 3181 vinum,
2264 3120 2420 3171 etiam
2446 3118 2553 3186 ϐο
2582 3133 2683 3171 non
2706 3131 3093 3184 consecratum,
3116 3122 3204 3174 sed
3236 3122 3443 3191 sangui-

1888 3225 1955 3263 ne
2003 3210 2210 3263 Domini
2256 3226 2371 3263 com
2399 3210 2589 3263 nistutn
2617 3250 2633 3276 ,
2696 3211 3057 3264 satictilieatur
3108 3227 3200 3280 per
3229 3227 3442 3266 omnem

1887 3304 2118 3363 modum,

1962 3393 2046 3444 l7.
2087 3391 2355 3445 Accedunt
2382 3391 2604 3459 primum
2631 3390 2860 3457 episcopi
2896 3390 3181 3443 secundum
3201 3390 3439 3445 ordinem

1887 3487 1951 3535 de
1985 3498 2140 3535 manu
2166 3482 2427 3550 pontificis
2449 3481 2877 3544 c-tmmunicare;
2915 3490 2964 3533 et
2990 3490 3106 3548 post
3134 3478 3446 3535 eos'asccn-

1889 3576 2017 3625 dunt
2066 3571 2358 3641 pre-by‘eri
2409 3585 2617 3633 omnes,
2650 3578 2704 3621 ut
2734 3567 3125 3624 communicent
3151 3568 3215 3621 ad
3257 3568 3443 3621 altare.

1890 3663 2019 3714 Cum
2050 3670 2223 3714 autem
2255 3658 2729 3712 cmumunicaverit
2773 3657 3199 3720 archidiaconus,
3230 3658 3448 3710 ealicetn

1894 3756 2087 3804 interea
2134 3760 2279 3803 tenet
2309 3751 2509 3817 primus
2533 3750 2832 3814 episcopus.
2866 3744 2893 3783 δ
2922 3747 3069 3801 Sicut
3101 3753 3240 3800 enim
3273 3748 3321 3799 in
3347 3747 3444 3799 llov

1893 3856 2044 3892 manu
2075 3839 2299 3892 ecclesia
2331 3853 2536 3890 summu
2566 3836 2795 3904 pontifici
2847 3836 3145 3889 minislranl
3187 3836 3446 3903 episcopi,

1892 3934 1968 3981 sic
1997 3930 2047 3980 in
2073 3928 2281 3980 caeteris
2308 3927 2551 3979 ecclesiis
2590 3925 2780 3978 debent
2820 3925 3080 3991 episc0pis
3109 3927 3277 3979 facere
3308 3940 3449 3994 pres-

1895 4016 2080 4085 byteri.
2109 4016 2339 4082 Recejiln
2372 4015 2558 4077 calice,
2590 4013 2990 4067 archidiaconus
3020 4016 3296 4066 conlinunt
3330 4032 3449 4065 om-

1896 4122 1987 4159 nes
2015 4107 2270 4173 sanguiue
2300 4103 2585 4166 dominico,
2641 4117 2775 4171 quos
2819 4102 3287 4156 comtuunieaverit
3323 4118 3451 4171 pon-

1895 4198 2017 4251 tifex
2047 4212 2269 4262 corpore
2297 4195 2583 4249 dominico.
2610 4193 2719 4247 Hoc
2745 4192 2915 4246 ofﬁcio
2940 4191 3085 4258 juxta
3118 4192 3283 4246 altare
3323 4208 3446 4259 ρατ-

1892 4301 2030 4350 aeto,
2062 4296 2114 4339 et
2152 4282 2403 4355 pugillari
2443 4298 2559 4335 cum
2590 4298 2694 4351 quo
2737 4281 3082 4335 conﬁrmetur
3112 4282 3335 4350 pepulus
3365 4296 3448 4348 pet

1894 4376 2266 4429 snbdiaeonem
2321 4374 2672 4439 rcgionarium
2696 4370 2805 4439 jam
2846 4379 3086 4435 accepto,
3118 4370 3339 4421 traditur
3367 4385 3451 4420 ca-

219 4458 434 4524 qnando
461 4459 672 4514 inchoat
698 4462 931 4529 pontifex
957 4478 1237 4529 canoncm,
1263 4464 1424 4527 venit,
1450 4464 1548 4516 sub
1569 4464 1788 4515 humero
1826 4491 1869 4547 ι)
1895 4466 1964 4517 lix
2004 4465 2070 4517 ab
2118 4462 2488 4515 an-hidiacono
2535 4460 2706 4513 eidem
2749 4458 3072 4511 subdiacono
3108 4457 3452 4523 perferendos

223 4548 426 4601 habens
454 4550 727 4604 sindonem
758 4552 808 4603 in
841 4553 977 4606 collo
1009 4552 1217 4619 ligatam
1246 4593 1261 4617 ,
1290 4563 1342 4606 et
1371 4562 1512 4606 tenet
1543 4559 1785 4620 patenam

222 4642 277 4691 in
301 4640 525 4694 dextera
558 4652 704 4709 parte
732 4654 851 4697 ante
898 4652 1077 4710 pectus
1106 4660 1279 4698 suum.
1328 4645 1549 4711 Quando
1591 4644 1790 4698 dixerit

224 4729 459 4797 pontifex
493 4731 556 4783 Et
580 4732 639 4783 ab
667 4734 801 4785 omni
827 4734 1206 4797 perturbatione
1228 4735 1409 4798 securi,
1431 4734 1588 4787 vertit
1608 4748 1665 4786 se
1694 4749 1784 4785 ar-

219 4820 592 4883 chidiaconus,
618 4832 668 4874 et
694 4822 957 4888 acei,.iens
983 4833 1247 4889 p'ntenain,
1286 4824 1554 4876 osculatur
1574 4837 1711 4886 eam,
1735 4832 1792 4874 et

219 4910 316 4961 dat
344 4908 567 4961 diacono
594 4910 829 4963 secundo
850 4912 1148 4963 tenendam.
1181 4910 1308 4964 Cum
1332 4910 1520 4963 dixerit
1550 4908 1667 4962 Pax
1690 4909 1790 4962 Do-

220 4999 353 5050 mini
379 5001 442 5051 sit
462 5016 659 5067 semper
680 5001 955 5062 vobiscum,
988 5001 1147 5054 mittit
1168 5002 1217 5052 in
1244 5001 1459 5053 calicem
1488 5001 1553 5054 de
1574 5001 1789 5067 Sancta,

218 5088 546 5156 stibjungens
575 5090 686 5142 haec
716 5091 874 5143 verba
899 5106 913 5142 :
943 5088 1061 5142 Fiat
1088 5090 1367 5142 commixtio
1407 5097 1452 5141 et
1481 5091 1790 5142 consecratio

222 5178 456 5241 corporis
485 5188 531 5229 et
560 5179 820 5247 sanguinis
850 5179 1049 5231 Domini
1071 5177 1230 5230 nostri
1256 5177 1379 5229 Iesu
1404 5175 1591 5230 Christi
1617 5217 1632 5241 ,
1657 5177 1792 5228 acci-

221 5265 474 5334 piennbas
503 5268 643 5319 nobis
679 5268 733 5319 in
760 5269 910 5319 vitam
940 5278 1196 5320 (etet-nom.
1240 5266 1342 5321 Sed
1376 5267 1584 5319 interim
1615 5265 1791 5317 archi-

221 5356 485 5409 diaconus
515 5372 696 5424 paeem
735 5357 826 5410 dat
869 5360 1116 5425 episcopo
1165 5357 1323 5424 priori
1351 5396 1367 5421 ,
1419 5357 1506 5422 qui
1553 5363 1608 5408 et
1655 5355 1789 5407 ultra

299 5500 325 5525 ἰ
356 5491 485 5546 Tres
512 5494 703 5546 calices
732 5495 833 5545 hoc
879 5493 931 5544 in
970 5489 1157 5546 Ordine
1185 5489 1536 5555 assignantur,
1579 5488 1781 5541 scilicet

222 5560 418 5625 major,
450 5560 500 5612 in
540 5577 644 5622 quo
674 5561 1057 5626 recipiebantur
1097 5559 1267 5624 primo
1308 5556 1411 5608 vini
1454 5557 1774 5626 oblationes;

218 5624 456 5694 Scyphos
486 5645 575 5683 seu
601 5631 733 5683 calix
765 5624 1115 5683 ministerialis
1136 5669 1150 5690 ,
1185 5641 1375 5694 supra,
1408 5640 1552 5676 num.
1588 5624 1647 5675 l2
1669 5664 1681 5681 .
1727 5636 1772 5677 et

1893 4556 2162 4623 acolytho,
2190 4560 2245 4604 ut
2275 4558 2560 4614 reponatur
2602 4549 2654 4601 in
2687 4548 2972 4613 paratorio.
3013 4546 3213 4599 Deinde
3239 4546 3451 4598 dcscen~

1891 4640 1969 4695 dit
1991 4640 2219 4707 pontifex
2240 4654 2358 4693 cum
2392 4636 2693 4705 primicerio
2724 4635 3042 4686 notariorum
3062 4641 3117 4686 et
3142 4632 3442 4701 primicerio

1894 4726 2252 4790 defensorum,
2306 4736 2360 4778 ut
2403 4723 2763 4779 communicet
2813 4723 3080 4789 principes
3128 4724 3454 4788 pepulerunt,

1892 4832 1945 4873 et
1977 4827 2169 4870 matres
2207 4814 2432 4867 familias
2479 4826 2686 4867 eorum.
2748 4812 2812 4864 Et
2866 4811 3000 4864 sicut
3053 4810 3455 4864 archidiaconus

1893 4907 2171 4961 conﬁrmat
2198 4918 2329 4971 quos
2357 4901 2590 4969 pontifex
2621 4901 2998 4961 communicat.
3021 4900 3097 4953 sie
3129 4897 3321 4965 reliqui
3347 4897 3453 4950 dia-

1891 5010 2051 5050 cones
2079 4995 2394 5049 c0nlirinant
2420 5005 2554 5057 quos
2581 4990 2813 5059 episcopi
2856 4990 2968 5042 sive
2998 4986 3293 5056 presbyteri
3339 4995 3454 5054 post

1892 5084 2193 5154 pontificem
2225 5081 2638 5135 communicant.

1965 5175 2050 5229 18.
2092 5176 2195 5229 Sed
2235 5173 2599 5241 cunrcmperit
2630 5170 2864 5240 pontifex
2915 5170 3118 5224 elerum
3157 5168 3268 5223 sive
3298 5183 3452 5237 popu-

1896 5267 2003 5321 lum
2060 5266 2477 5329 communicare,
2528 5264 2707 5318 schola
2764 5263 2946 5330 incipit
3004 5262 3345 5332 antiphonatn
3389 5259 3452 5313 ad

1896 5357 2319 5410 communionem
2350 5354 2596 5423 psallere,
2652 5367 2715 5406 ac
2767 5352 2957 5406 deinde
3013 5361 3141 5405 ttutu
3190 5351 3451 5419 pontiﬁcis

1886 5489 2018 5541 calix
2047 5504 2218 5550 sacer,
2254 5489 2301 5540 iit
2334 5503 2437 5551 quo
2461 5486 2616 5539 ﬁebat
2644 5486 2995 5539 consecratio.

1956 5557 1981 5593 δ
2001 5557 2079 5621 Qu
2098 5577 2125 5606 ιε
2148 5568 2436 5620 sequuntur
2455 5555 2519 5609 ad
2541 5556 2652 5610 hinc
2677 5556 2851 5619 verba,
2880 5557 3089 5622 Recepto
3112 5555 3289 5621 calice,
3314 5562 3447 5619 etc.,

1888 5626 2160 5693 interiecta
2196 5626 2454 5678 videntur.
