4042 6364
545 395 651 454 985

1225 391 1560 447 APPENDIX
1604 390 1694 444 AD
1736 390 1792 444 S.
1837 384 2160 443 GREGORII
2202 383 2416 438 MAGNl
2458 380 2823 437 LITUBGICA
2864 381 3117 437 OPEllA.

3700 378 3832 435 98‘

549 509 726 564 Gloria
760 507 925 571 Patri,
958 506 1100 561 Sicut
1133 514 1238 557 erat
1269 504 1319 556 in
1350 504 1624 571 principio,
1656 511 1702 554 et
1740 516 1876 553 nunc
1905 509 1950 552 et
1978 514 2117 551 sem-
2146 501 2198 559 Α
2222 509 2407 559 conus,
2440 493 2655 561 respicit
2698 493 2765 545 ad
2810 491 3132 560 pontiﬁcem,
3165 498 3219 543 ut
3246 496 3445 542 annuat
3470 489 3543 553 ei,
3576 496 3631 542 et
3659 487 3829 540 dicat

548 618 658 669 per,
682 599 1006 653 subdiacono
1031 595 1264 649 faciente
1292 610 1506 648 crucem
1539 594 1591 647 in
1615 595 1809 656 fronte,
1842 600 1897 645 ut
1927 607 1988 643 cx
2018 590 2120 643 hoc

548 692 701 760 signo
728 689 985 756 intelligat
1017 688 1161 754 prior
1203 684 1421 749 scholzr,
1469 684 1679 752 quando
1721 692 1839 750 post
1882 696 2121 734 commu-

553 782 763 833 nionem
786 777 976 835 debeat
1003 774 1223 844 gloriam
1254 773 1716 828 sancue'l‘rinitati
1740 773 1939 833 dicere,
1969 784 2121 834 para-

552 879 636 923 tus
676 869 833 923 etiam
888 867 1113 922 Versum
1164 866 1498 934 repetitionis
1558 865 1898 932 sulvjungere.
1952 860 2122 914 Finita

552 958 877 1030 Antiphona,
917 972 1037 1027 qua:
1082 958 1340 1024 repetitur
1394 955 1461 1009 ad
1509 953 1840 1022 repetitionis
1886 966 2121 1016 versum,

554 1047 787 1115 pontifex
815 1046 879 1100 ad
902 1046 1070 1100 altare
1100 1046 1186 1100 dat
1227 1045 1532 1103 Orationem
1588 1045 1652 1096 ad
1708 1042 2122 1108 Complendum.

552 1137 663 1203 Qua
693 1137 852 1191 etiam
884 1136 1051 1199 ﬁnita,
1082 1136 1364 1201 diaconus,
1392 1136 1477 1190 cui
1509 1135 1825 1204 prs-ceperit
1855 1131 2125 1186 archidia-

2219 586 2285 638 ad
2319 585 2567 654 populum
2599 582 2698 647 Ite,
2724 588 2879 635 missa
2903 591 2995 634 est.
3048 580 3353 647 ReSpondet
3405 579 3635 647 populus
3695 578 3825 630 Deo

2221 678 2434 747 gratias.
2466 674 2771 727 Dicentibus
2795 683 2970 726 autem
2998 671 3287 736 episcOpis,
3316 670 3431 723 sive
3456 668 3831 738 presbyteris,

2231 768 2317 821 vel
2347 764 2688 835 sequentibus
2716 763 3016 825 ordinibus,
3039 760 3187 824 Jube,
3221 761 3448 823 domine,
3492 760 3829 822 benedicere,

2227 858 2515 928 respondet
2547 855 2781 924 pontifex
2828 854 3105 907 Benedicat
3158 868 3250 904 nos
3301 851 3570 903 Dominus.
3625 852 3835 901 Amen.

2231 947 2543 1003 Prmcedunt
2573 946 2732 1014 igitur
2766 944 3069 1012 pontiﬁcem
3121 951 3324 1010 septem
3376 950 3701 1001 cereostata,
3758 948 3825 995 et

2232 1038 2591 1092 subdiaconus
2639 1034 2970 1104 regionarius
3010 1048 3128 1087 cum
3175 1032 3447 1086 tlmribulo
3475 1030 3541 1084 ad
3572 1040 3834 1085 secreta-

2234 1144 2391 1184 num.

1488 1388 1821 1490 ORDO
1907 1379 2537 1487 ROMANUS
2617 1382 2749 1483 IV
2780 1452 2818 1511 ,

2135 1584 2250 1625 νει.

908 1718 1757 1814 FBAGMENTUM
1839 1715 2342 1797 VETEBIS
2417 1712 2905 1796 OBDINIS
2979 1712 3443 1798 ROMANI

1714 1874 1818 1933 DE
1861 1873 2090 1935 MISSA
2133 1873 2638 1935 PONTlFlCALl

567 2128 716 2183 grege
756 2108 1031 2163 numerari.
1094 2104 1195 2159 Per
1250 2104 1506 2158 Christum
1555 2105 1826 2158 Dominum
1880 2115 2132 2159 nostrum.

573 2200 671 2263 llic
694 2199 848 2267 erigit
874 2212 935 2252 se
977 2211 1211 2251 sursum.
1243 2196 1486 2249 Oblatam
1513 2197 1682 2252 solam
1724 2196 1809 2249 hic
1849 2195 2137 2257 benedicit,

565 2284 733 2348 Quam
756 2287 1059 2341 oblationem
1088 2295 1144 2338 tu
1177 2285 1308 2339 Deus
1338 2285 1393 2340 in
1432 2285 1682 2350 omnibus,
1711 2300 2024 2355 quwsumus,
2055 2284 2138 2336 be-

569 2377 834 2443 redictam,
866 2376 1164 2443 ascriptum,
1211 2384 1398 2442 ratam,
1430 2374 1807 2438 rationabilem,
1858 2372 2137 2442 acceptabi-

565 2468 761 2535 lemque
783 2465 950 2535 facere
974 2465 1200 2533 digneris
1244 2465 1372 2534 (Hic
1406 2465 1564 2518 ambo
1590 2465 1783 2533 signat,
1815 2463 1866 2516 id
1896 2473 1978 2518 cst
1996 2463 2141 2516 obla-

567 2568 673 2611 tam
696 2568 749 2612 et
789 2556 1054 2625 calicem),
1101 2566 1157 2609 ut
1208 2556 1349 2609 nobis
1390 2572 1570 2629 corpus
1593 2567 1641 2607 et
1692 2556 1920 2622 sanguis,
1977 2569 2142 2621 usque

569 2648 997 2717 Omnipotentem,
1046 2648 1135 2699 tibi
1165 2650 1357 2715 gratias
1403 2663 1581 2717 agens,
1636 2645 1909 2711 benedixit,
1966 2646 2137 2715 fregit,

567 2742 805 2813 deditque
836 2740 1104 2807 discipulis
1127 2739 1230 2792 suis
1256 2738 1449 2800 dicens,
1484 2753 1647 2806 usque
1675 2737 1698 2789 Ι
1708 2748 1805 2791 tem
1833 2738 1922 2790 tibi
1950 2738 2141 2807 gratias

568 2851 742 2904 agens,
775 2832 934 2887 bened
955 2835 1052 2887 xit.
1100 2832 1193 2885 llic
1223 2840 1447 2901 quatuor
1476 2830 1681 2884 vicibus
1706 2831 1872 2884 solam
1903 2829 2136 2883 oblatam

572 2908 766 2993 signat,
799 2926 849 2977 in
894 2926 1077 2992 quinta
1110 2926 1225 2977 vice
1254 2938 1414 2991 super
1442 2922 1660 2976 calicem
1709 2922 1881 2976 solum
1928 2936 2140 2974 crucem

569 3016 766 3070 iaciens
797 3032 809 3068 :
846 3015 1085 3067 Hostiam
1121 3030 1323 3083 puram,
1357 3012 1594 3065 Hostiam
1632 3022 1880 3076 sanctam,
1910 3011 2144 3064 Hostiam

571 3105 969 3167 immaculatum,
996 3118 1173 3170 panem
1214 3112 1443 3155 sanctum
1470 3103 1585 3156 vitta
1610 3112 1831 3163 a'terna’,
1860 3112 1903 3155 et
1935 3101 2141 3152 calicem

566 3190 753 3245 salutis
782 3198 1058 3259 perpetuae,
1107 3206 1273 3258 usque
1304 3188 1696 3243 Immaculatam
1751 3190 2010 3243 Hostiam.
2048 3190 2144 3242 llic

574 3279 792 3333 inclinat
821 3294 880 3333 se
906 3281 1098 3335 iterum
1141 3280 1289 3347 juxta
1324 3282 1511 3344 altare,
1555 3281 1758 3345 dicens,
1794 3281 2068 3349 Supplices
2097 3290 2143 3333 te

2116 2052 2131 2067 .
2167 2018 2209 2076 Β
2235 2016 2342 2085 62
2372 2022 2537 2068 trmus
2566 2014 2786 2078 vicibus,
2819 2013 3042 2083 singulis
3078 2014 3312 2084 singulas
3356 2015 3556 2071 faciens
3581 2032 3779 2072 cruces
3804 2036 3823 2075 :

2242 2104 2573 2172 Sancti/iens,
2607 2104 2852 2172 uiuiﬁcae,
2883 2105 3135 2158 benedicis
3178 2114 3224 2158 et
3272 2116 3483 2173 prwstas
3530 2108 3701 2161 nobis.
3733 2110 3833 2162 llic

2244 2194 2380 2247 levat
2402 2193 2629 2247 domnus
2656 2208 2788 2262 papa
2824 2194 3029 2247 oblatas
3060 2194 3193 2253 duas
3226 2211 3396 2261 usque
3425 2198 3491 2248 ad
3522 2213 3671 2250 oram
3700 2200 3828 2250 cali-

2242 2282 2338 2347 cis,
2371 2292 2425 2336 et
2454 2292 2673 2351 tangens
2709 2298 2831 2336 eum
2877 2282 2944 2336 de
2984 2283 3361 2351 oblationibus,
3410 2293 3628 2341 tenente
3670 2286 3826 2339 illum

2241 2372 2637 2437 archidiacono,
2691 2373 2820 2427 dicit
2851 2392 2863 2425 :
2899 2373 3003 2426 Per
3064 2375 3255 2442 ipsum,
3287 2386 3332 2428 et
3376 2393 3491 2429 cum
3532 2380 3668 2447 ipso.
3702 2389 3750 2430 et
3780 2382 3832 2433 in

2243 2467 2353 2535 ipso
2376 2476 2449 2519 est
2479 2468 2567 2521 tibi
2595 2466 2703 2521 Deo
2732 2468 2876 2521 Patri
2900 2471 3237 2539 omnipotenti
3274 2472 3325 2523 in
3370 2473 3568 2525 unitate
3597 2475 3835 2542 Spiritus

2244 2557 2404 2610 sancti
2430 2557 2593 2611 omnis
2631 2558 2794 2611 honor
2815 2569 2861 2612 et
2888 2559 3073 2627 gloria.
3117 2559 3265 2614 Tunc
3290 2560 3418 2615 dicit
3445 2564 3497 2615 in
3521 2563 3691 2617 altum
3736 2565 3835 2615 l'cr

2251 2646 2423 2699 omnia
2444 2648 2629 2700 uetula
2659 2650 2982 2702 surculorum.
3015 2650 3163 2709 Tunc
3188 2653 3388 2719 reponit
3422 2654 3647 2707 oblatam
3680 2657 3737 2707 in
3761 2658 3830 2710 al-

2246 2737 2365 2802 tari,
2400 2746 2457 2792 et
2485 2738 2680 2792 dicitin
2704 2740 2869 2792 altum
2916 2740 3153 2796 Oremus.
3206 2743 3402 2797 Deinde
3454 2744 3586 2798 dicit
3617 2745 3835 2799 Praece-

2245 2827 2349 2896 ptis
2375 2827 2686 2879 salutaribus
2709 2829 2907 2897 moniti,
2948 2845 3114 2898 usque
3146 2832 3251 2886 Sed
3306 2833 3463 2887 libera
3518 2851 3630 2888 nos.
3678 2835 3839 2891 Tunc

2246 2919 2371 2971 dicit
2398 2919 2626 2971 domnus
2666 2933 2820 2987 papa,
2870 2921 3265 2977 interveniente
3296 2924 3441 2976 nullo
3489 2940 3641 2989 sono,
3695 2928 3839 2981 hanc

2245 3008 2589 3063 Orationem:
2640 3008 2821 3063 Libera
2861 3027 2974 3076 nos,
3007 3029 3315 3079 qtta’sumus,
3369 3013 3604 3079 Domine,
3652 3030 3839 3083 usllue

2247 3096 2425 3161 Petro,
2455 3097 2619 3151 Paulo
2649 3106 2798 3168 atque
2845 3100 3073 3152 Andrea.
3123 3101 3220 3153 llic
3283 3104 3591 3155 nominatim
3640 3105 3841 3172 quales

2246 3186 2471 3240 voluerit
2494 3196 2729 3253 sanctos,
2776 3188 2857 3241 vel
2903 3198 3137 3257 quantos
3185 3201 3590 3245 commemorat.
3624 3192 3842 3245 Deinde

2249 3278 2430 3343 infert,
2454 3278 2582 3331 Cum
2611 3278 2844 3332 omnibus
2883 3282 3072 3333 sanctis
3104 3281 3171 3333 da
3198 3284 3472 3352 prOpitius,
3507 3300 3673 3352 usque
3735 3284 3842 3338 Per

571 3387 831 3442 rogamus,
856 3372 1172 3439 omnipotens
1194 3371 1348 3424 Deus.
1380 3373 1473 3426 Hic
1499 3383 1616 3425 orat
1643 3372 1783 3437 apud
1813 3387 1871 3426 se
1897 3372 2035 3439 quod
2055 3385 2143 3423 vo-
2173 3372 2219 3433 C
2249 3369 2417 3423 omnia
2438 3370 2625 3423 sarcula
2648 3371 2969 3424 saeculorum.
2997 3371 3363 3440 Respondetur
3408 3374 3586 3426 Amen.
3620 3374 3663 3427 Ι)
3686 3375 3836 3429 inde

580 3461 754 3522 luerit.
785 3461 985 3517 Deinde
1009 3461 1161 3524 dicit,
1209 3461 1342 3515 lube
1384 3464 1490 3516 haec
1543 3461 1759 3534 perferri
1806 3478 1895 3532 per
1941 3478 2140 3526 manus,

577 3566 745 3619 usque
767 3550 820 3604 in
850 3561 1197 3619 conspectum.
1226 3550 1321 3605 llic
1349 3567 1406 3606 se
1427 3554 1585 3620 erigit
1615 3556 1726 3605 huic
1750 3553 1911 3606 verba
1939 3554 2142 3616 dicens,

580 3639 647 3703 Ut
675 3650 919 3710 quotquot
942 3658 1005 3694 ea:
1033 3641 1129 3696 hac
1175 3640 1355 3694 altaris
1403 3643 1805 3711 participatione,
1863 3658 2027 3711 usque
2057 3661 2146 3714 per

579 3728 857 3784 Christum.
914 3731 1005 3786 Hae
1054 3732 1335 3786 Orationes
1359 3736 1478 3787 dum
1523 3734 1791 3798 dicuntur,
1834 3751 1938 3790 una
1988 3749 2146 3801 Super

579 3831 604 3861 ι
636 3821 916 3891 depticios,
949 3823 1112 3883 altera
1141 3832 1258 3891 post
1283 3824 1563 3878 lectionem
1607 3826 1877 3879 nominum
1903 3841 1916 3888 ;
1948 3834 2001 3877 ct
2043 3826 2144 3876 hoc

580 3913 923 3989 quotidianis,
949 3915 1029 3968 vel
1057 3916 1109 3968 in
1131 3913 1349 3982 agendis
1375 3916 1742 3970 tantummodo
1767 3915 1954 3970 diebus
1981 3932 1993 3967 :
2029 3914 2149 3967 Me-

579 4015 748 4065 mento
767 4005 939 4069 etiam,
967 4002 1206 4067 Domine,
1245 4013 1291 4057 et
1319 4019 1493 4059 eorum
1524 4005 1756 4069 nomina,
1782 4006 1868 4072 qui
1898 4020 1989 4056 nos
2020 4016 2151 4071 prte-

579 4104 831 4157 cesseruut
860 4110 970 4154 cum
998 4094 1146 4163 signo
1174 4093 1317 4162 ﬁdei,
1344 4104 1391 4150 et
1418 4094 1682 4147 dormiunt
1707 4093 1763 4146 in
1786 4108 1961 4147 somno
1987 4092 2147 4159 pacis.

580 4186 646 4250 Et
665 4186 952 4252 recitantur
977 4186 1211 4240 nomina.
1236 4185 1437 4241 Deinde
1465 4194 1749 4254 postquam
1784 4184 2003 4241 recitata
2032 4182 2149 4237 fue-

582 4278 705 4340 rint,
739 4276 927 4337 dicat:
979 4275 1137 4347 Ipsis,
1199 4277 1429 4344 Domine,
1483 4286 1530 4333 et
1582 4275 1813 4328 omnibus
1856 4276 1908 4329 in
1955 4272 2155 4329 Christo

581 4367 966 4433 quiescentibus,
995 4367 1164 4419 locum
1204 4366 1476 4435 refrigerii,
1507 4365 1637 4427 lacis
1663 4374 1709 4418 et
1736 4366 1880 4433 pacis
1905 4373 1956 4415 ut
1984 4363 2156 4417 indul-

581 4472 698 4526 geas
722 4458 1072 4525 deprecamur,
1103 4473 1190 4524 per
1220 4456 1475 4510 eumdem.
1507 4454 1671 4509 Nobis
1695 4470 1895 4525 quoque
1922 4466 2157 4527 peccato-

583 4546 746 4609 ribus,
770 4560 933 4613 usque
961 4544 1066 4604 Sed
1108 4546 1284 4607 venite,
1328 4559 1645 4612 qtttesumus,
1686 4543 1898 4613 largitor
1923 4542 2152 4596 admitte.

589 4632 711 4693 Per.
760 4634 855 4692 llic
896 4634 1108 4702 erigens
1135 4648 1193 4688 se
1230 4633 1634 4691 archidiaconus
1665 4635 1865 4697 veniet,
1906 4644 1960 4686 et
1988 4634 2159 4687 invol-

2252 3461 2381 3515 dicit
2426 3460 2543 3514 Pam
2588 3461 2794 3516 Domini
2839 3465 2905 3517 sit
2940 3480 3137 3533 semper
3179 3465 3455 3519 vobiscum.
3504 3466 3617 3519 Non
3666 3468 3841 3522 mittit

2248 3560 2451 3621 partem
2483 3553 2549 3607 de
2591 3561 2771 3606 sancta
2798 3552 2826 3590 δ
2867 3555 2917 3606 in
2946 3555 3189 3616 calicem,
3221 3557 3359 3609 sicut
3390 3558 3597 3609 caeteris
3634 3572 3823 3611 Sacer.

2247 3642 2455 3696 dotibus
2480 3657 2594 3696 mos
2634 3652 2734 3696 est.
2788 3644 2919 3697 Dum
2950 3644 3256 3714 confringit,
3290 3646 3462 3714 Agnus
3507 3645 3602 3699 Dei
3647 3647 3830 3711 dicit,

2248 3743 2303 3787 et
2321 3734 2528 3801 expleta
2555 3734 2938 3801 contractione,
2964 3735 3179 3803 quando
3208 3736 3564 3788 communit-at
3590 3736 3830 3790 domnus

2249 3826 2593 3893 apostolicus,
2624 3836 2825 3893 partem
2857 3825 2959 3879 sibi
3002 3826 3231 3888 mordet,
3278 3834 3332 3878 et
3368 3827 3623 3891 reliquam
3653 3826 3705 3879 in
3740 3842 3836 3880 ca-

2254 3913 2354 3967 lice
2376 3913 2558 3981 mittit,
2601 3914 2800 3969 faciens
2834 3930 3047 3970 crucem
3076 3915 3144 3971 de
3200 3931 3262 3968 ea
3306 3916 3472 3969 tribus
3499 3917 3705 3970 vicibus
3740 3932 3837 3971 su-

2254 4019 2347 4073 per
2365 4005 2609 4071 calicem,
2634 4005 2761 4059 nihil
2800 4005 3005 4060 dicens.
3039 4006 3105 4059 Et
3150 4006 3230 4059 sic
3260 4004 3605 4058 conﬁrmatur
3654 4006 3725 4058 de
3749 4021 3841 4060 ca-

2259 4094 2384 4159 lice,
2441 4104 2656 4150 tenente
2697 4096 2917 4151 calicem
2969 4094 3366 4149 arcliidiacono.
3421 4094 3645 4161 Quando
3701 4111 3839 4151 vero

2255 4186 2482 4238 domnus
2530 4185 2854 4252 apostolicus
2902 4184 3179 4239 descendit
3229 4194 3251 4223 ο
3296 4185 3365 4237 ab
3421 4184 3597 4250 altari,
3648 4185 3842 4252 incipit

2255 4274 2650 4328 communicare
2682 4275 2927 4343 populus,
2958 4284 3011 4328 et
3041 4274 3232 4328 dicitur
3255 4273 3557 4340 Antipltona
3578 4275 3644 4327 ad
3667 4277 3833 4329 Com-

2257 4363 2585 4415 munioncm.
2629 4360 2695 4413 Et
2735 4361 2944 4429 expleta
2982 4362 3369 4417 Communione
3398 4370 3453 4415 et
3498 4362 3833 4429 Antiphone,

2260 4463 2383 4507 tunc
2413 4454 2582 4521 surgit
2610 4453 2841 4506 domnus
2881 4468 3045 4520 papa;
3078 4464 3132 4508 et
3161 4457 3383 4509 veniens
3424 4454 3489 4508 ad
3523 4455 3708 4517 altare,
3743 4470 3840 4509 sa-

2259 4545 2394 4598 lutat
2423 4544 2579 4599 altius
2607 4545 2790 4600 dicens
2832 4544 3085 4598 Dominus
3131 4547 3407 4600 vobiscum.
3460 4545 3841 4612 Respondetur

2264 4633 2327 4689 Et
2356 4650 2471 4687 cum
2501 4634 2683 4702 spiritu
2714 4644 2819 4689 tuo.
2874 4634 3074 4688 Deinde
3103 4636 3230 4688 dicit
3282 4638 3587 4690 (irationem
3618 4653 3631 4686 :
3682 4634 3841 4701 Quod

588 4737 716 4776 vens
741 4723 958 4776 calicem
984 4722 1252 4789 mappula,
1286 4721 1423 4775 levat
1470 4722 1616 4775 illum
1666 4730 1849 4775 contra
1897 4720 2151 4775 domuum
2182 4727 2231 4784 ι)
2258 4738 2343 4776 ore
2362 4723 2692 4792 sumpsimus,
2728 4724 2965 4789 Domine,
3011 4734 3175 4777 mente
3222 4726 3504 4793 capiamus,
3536 4737 3585 4778 et
3609 4725 3675 4777 de
3707 4741 3831 4775 mu-

586 4828 794 4882 papam.
827 4812 931 4868 Prr
967 4831 1116 4885 quem
1144 4815 1250 4867 lucc
1274 4815 1464 4877 omnia,
1527 4814 1757 4877 Domine,
1796 4830 1995 4880 semper
2021 4815 2152 4868 bona

583 4918 741 4965 creas.
776 4903 871 4960 llic
907 4904 1066 4964 ambo
1094 4904 1286 4974 signat,
1318 4903 1367 4956 id
1398 4912 1481 4963 est
1528 4902 1758 4959 oblatam
1802 4914 1855 4959 et
1907 4904 2149 4970 calicem,

661 5114 687 5142 ⁸
724 5106 776 5159 Id
818 5104 1212 5173 intelligendum
1257 5100 1324 5154 de
1354 5100 1419 5152 iis
1447 5101 1534 5173 qui
1566 5098 1732 5173 sacris
1761 5097 2032 5173 diptycltis
2072 5098 2158 5149 in-

588 5177 770 5242 scripti
808 5168 1008 5239 erant;
1042 5186 1268 5241 quorum
1324 5171 1537 5224 nomina
1591 5169 1802 5222 recitari
1857 5168 1985 5220 olim
2044 5181 2161 5221 mos

586 5256 721 5303 erat.

664 5314 688 5352 δ
733 5314 825 5365 llic
854 5328 954 5364 una
978 5310 1281 5371 diversitas,
1318 5324 1437 5375 quae
1486 5323 1588 5361 non
1623 5307 1845 5361 habetur
1876 5306 1926 5358 in
1954 5304 2160 5375 duobus

594 5383 775 5449 primis
812 5379 1098 5434 Ordinibus
1130 5379 1401 5442 Romanis,
1449 5379 1534 5449 ubi
1566 5379 1795 5429 domnus
1839 5374 2160 5439 apostolicus

593 5448 751 5507 tuittit
777 5450 828 5503 in
851 5451 1067 5504 C-lllf‘Clll
1109 5449 1175 5501 de
1204 5450 1393 5519 sancta
1448 5448 1590 5519 prius
1622 5453 1957 5519 consecrata,
1978 5458 2157 5519 Δ(νεεδ-111

596 5521 754 5573 ritum
802 5520 1099 5571 Amalarius
1130 5533 1192 5568 ex
1245 5516 1422 5567 lleiiO
1452 5513 1707 5567 Ὴοιιιιιηο
1746 5513 1925 5565 laudat
1978 5514 2028 5564 in
2060 5513 2154 5565 lib.

601 5606 817 5656 nm'ap.
840 5585 929 5649 5|,
955 5598 1003 5639 ct
1033 5595 1152 5655 post
1176 5601 1293 5641 eum
1327 5586 1504 5639 Mltl'Oi
1533 5603 1661 5651 -μηε,
1694 5586 1742 5637 in
1773 5597 1891 5651 cap.
1925 5583 2011 5643 18,

2261 4829 2380 4866 nere
2427 4814 2692 4881 temporali
2750 4815 2841 4881 [int
2913 4814 3053 4867 nobs
3116 4815 3387 4869 remedium
3446 4816 3836 4885 sempiternum.

2262 4900 2382 4967 Per,
2436 4911 2539 4957 etc.

2340 5112 2360 5137 α
2405 5099 2478 5151 Ειι
2510 5099 2673 5151 altera
2726 5098 3027 5162 diversitas,
3070 5098 3208 5165 quod
3235 5098 3464 5150 domnus
3510 5108 3837 5163 apostoncns

2267 5168 2617 5221 communicat
2678 5169 2744 5219 de
2765 5172 2950 5230 a'tare,
3014 5185 3116 5221 non
3167 5173 3232 5220 ad
3281 5168 3462 5221 sedem
3494 5178 3753 5230 suam,ut
3785 5168 3837 5219 in

2267 5237 2558 5303 prmmissis
2596 5236 2907 5290 Ordinibus.
2940 5238 3014 5289 Ex
3057 5237 3137 5288 his
3166 5236 3371 5289 duobus
3404 5235 3673 5301 colligitur
3702 5238 3842 5289 hunc

2264 5304 2511 5360 Ordinem
2543 5320 2662 5359 esse
2691 5306 2806 5357 aliis
2849 5307 3198 5372 posteriorem
3232 5323 3244 5357 :
3294 5303 3445 5370 cujus
3503 5306 3836 5369 przemissum

2266 5376 2614 5443 fragmentum
2642 5391 2705 5427 ex
2754 5374 3108 5443 vetustissimo
3156 5374 3370 5433 Codice,
3417 5374 3507 5441 qui
3559 5375 3688 5427 olim
3733 5374 3831 5426 fuit

2263 5444 2593 5497 Constantini
2615 5443 2851 5510 llajelani
2884 5443 3110 5504 abbatis,
3144 5454 3322 5509 postea
3357 5444 3648 5500 translatus
3675 5445 3725 5499 in
3752 5447 3839 5500 bis

2273 5514 2592 5568 bliotltecam
2624 5514 2910 5582 Sapientia:
2960 5512 3236 5576 “emanat,
3266 5515 3589 5579 accepimus.
