4008 6320
841 506 1291 569 ADMONITIO
1337 511 1413 569 IN
1457 510 1817 583 QUINTUM
1862 511 2223 571 ORDINEM
2266 512 2690 573 ROMANUM.

3139 426 3382 442 ἡ

209 623 579 703 Sequens
598 621 740 674 Ordo
773 620 1044 703 humanus
1072 630 1250 703 multa;
1280 627 1624 703 antiquitatis,
1653 630 1704 682 iu
1733 628 1930 703 Codice
1953 629 2309 703 vetustissimo
2338 631 2503 685 sancti
2534 630 2667 685 Galli
2699 632 3036 703 subsequitur
3062 636 3295 690 libellum
3328 642 3393 693 de

132 691 398 774 Qfédlbus
425 692 669 774 ηοηιςιηαέ
697 693 939 754 “desim.
973 709 1134 774 quem
1167 691 1779 774 inierinsgsuhjiciemus.
1812 697 2086 774 Praemissa
2109 703 2529 774 _enumeratione
2558 716 2829 756 sacrarum
2865 691 3087 759 vestium
3130 691 3394 772 pontificis

131 764 475 839 aliorumque
498 764 882 839 ministrorum.
914 764 1145 839 exliibvt
1166 764 1344 818 Ritum
1380 767 1551 839 litissze
1581 765 1903 839 episcopalis
1924 767 2213 821 secundum
2244 785 2445 824 morem
2475 781 2600 823 tunc
2632 781 2898 839 receptum
2928 775 2978 828 in
3015 764 3239 829 ecclesia
3277 764 3393 829 lin;

133 846 319 913 mana.
357 831 932 913 lluncnveroUrdinem
965 833 1365 913 esse-Romanae
1397 831 1651 913 Ecclesia;
1689 831 1997 913 intelligitur
2042 852 2105 913 es
2146 841 2511 913 designatione
2543 841 2692 893 initio
2722 831 2853 897 facta
2880 844 3113 911 episcopi
3150 847 3367 901 Romani

130 900 1192 985 aliusapnntificeaetpresbyteriitidem
1228 905 1466 985 {laniant}
1502 906 1752 985 ln__Missaz
1784 892 1976 985 ritibus
2000 908 2163 959 multa
2194 892 2566 963 oh‘s’ervatin‘ne
2591 892 3113 981 dignatisiyni'boluin

134 970 488 1049 Ilv‘angelium
521 970 840 1049 aSsignatur,
874 980 930 1021 ut
964 970 1037 1049 inn_
1058 973 1292 1049 secundo
1316 975 1807 1049 0rdi_ne_l{_omano,
1837 976 1976 1049 quod
2006 986 2088 1028 est
2127 986 2310 1030 contra
2353 970 2673 1033 sententiam
2703 970 2957 1034 Beruonis
2988 970 3391 1048 Augiensis'ab-

131 1038 301 1122 liatis,
330 1038 684 1095 existimantis
715 1039 812 1090 hoc
838 1054 941 1091 non
968 1037 1130 1093 fuisse
1155 1044 1405 1094 usitatum
1443 1044 1493 1095 in
1524 1043 1678 1096 Missa
1725 1037 1866 1106 apud
1910 1043 2182 1100 Romanos
2224 1060 2348 1101 ante
2380 1049 2588 1103 llenrici
2619 1051 2785 1102 sancti
2834 1037 3169 1118 imperatJris
3202 1037 3394 1122 princi-

131 1118 339 1175 patum.

213 1174 385 1229 Priori
416 1174 539 1254 huic
563 1175 968 1254 li_hronde_lilissa
1001 1178 1291 1254 episcopali
1321 1181 1560 1254 succedit
1597 1182 1729 1235 alius
1755 1182 1898 1238 Ordo
1923 1182 2162 1251 ejusdem
2195 1186 2508 1254 argumenti,
2538 1186 2646 1253 jam
2676 1186 2874 1253 editus,
2910 1189 3001 1240 sed
3032 1188 3206 1243 denuo
3236 1192 3393 1245 colla-

132 1256 228 1300 tus
252 1260 370 1299 cum
404 1245 638 1312 antiquis
679 1244 963 1298 Codicibus
1004 1244 1399 1315 manuscriptis.

152 1387 225 1407 ῃ

232 1389 3393 1416 Mm

1190 1506 1525 1608 ΟΒῡο
1562 1509 2189 1614 ROMANUS
2232 1514 2361 1648 V,

1162 1686 1262 1745 DE
1301 1687 1533 1747 MISSA
1582 1688 2038 1753 EPISCOPALI
2095 1696 2399 1756 PRIMUS.

410 1828 587 1901 641.
619 1827 694 1882 De
734 1827 1041 1881 vestimentis
1082 1826 1476 1895 pontiﬁcalibus.

220 1921 275 1977 ι.
307 1920 366 1976 In
405 1918 590 1989 primis
618 1931 756 1971 cam.
782 1924 809 1953 ⁸
839 1926 893 1970 et
922 1916 1153 1985 cingitur
1199 1930 1376 1983 supra.
1422 1916 1552 1971 Dein
1584 1917 1721 1971 linea

142 2032 272 2073 cum
311 2015 494 2079 cottis,
540 2013 734 2073 serica,
762 2019 817 2065 et
841 2010 1134 2077 cingulum.
1172 2008 1295 2062 Post
1344 2010 1457 2064 haec
1497 2009 1725 2064 mittitur

140 2108 171 2144 ι)
202 2103 511 2174 anagolagi;
563 2100 756 2156 exinde
783 2098 1063 2152 dalmatica
1107 2098 1343 2160 minore,
1398 2106 1580 2165 postea
1614 2111 1725 2150 ma-

136 2196 266 2269 jore
295 2193 599 2255 dalmatica,
624 2190 691 2244 'et
720 2203 878 2256 supra
911 2188 1164 2241 orarium.
1201 2188 1325 2240 Post
1349 2187 1463 2240 haec
1492 2188 1721 2254 planeta.

139 2297 197 2341 et
223 2299 386 2353 supra
410 2283 636 2337 mittitur
672 2278 909 2348 pallium.
939 2278 1069 2331 Nam
1113 2278 1166 2331 in
1199 2277 1278 2330 his
1309 2277 1495 2330 diebus
1523 2276 1725 2329 Natalis

143 2376 382 2440 Domini,
441 2373 686 2439 Pascha,
727 2372 893 2425 sancti
946 2371 1123 2437 Petri,
1167 2380 1222 2424 et
1265 2369 1351 2422 die
1379 2367 1726 2422 ordinationis

141 2484 279 2531 sum,
308 2468 443 2521 alius
468 2464 661 2519 coloris
684 2462 894 2531 planeta
925 2461 1180 2515 induitur.
1201 2460 1419 2515 Sestace
1440 2471 1460 2497 θ
1482 2461 1532 2512 in
1565 2474 1724 2512 manu

145 2566 344 2626 portat,
372 2556 495 2610 item
527 2554 891 2616 calciamenta,
909 2551 960 2606 in
988 2551 1069 2620 pri
1092 2548 1117 2587 ά
1142 2551 1404 2612 odhones.
1432 2548 1553 2603 dein
1581 2562 1727 2602 cam-

147 2662 334 2719 pagos.

282 2736 347 2789 Il.
374 2733 504 2787 Item
548 2735 610 2787 de
636 2736 933 2787 vestimento
963 2731 1056 2785 alii
1097 2732 1316 2785 Romani
1346 2729 1590 2796 episcopi.

215 2827 273 2879 2.
308 2824 365 2878 In
386 2825 572 2894 primis
591 2838 729 2879 eam.
761 2831 816 2877 et
840 2823 981 2891 cing.
1008 2830 1188 2890 postea
1218 2823 1391 2875 tunica
1422 2820 1572 2885 a'ba;
1605 2819 1727 2872 dein

142 2916 411 2970 orarium.
466 2915 592 2969 Post
647 2917 761 2968 haac
798 2914 1041 2981 planeta;
1091 2923 1142 2967 et
1190 2922 1396 2967 sestace
1453 2910 1503 2963 in
1544 2925 1726 2975 manu,

141 3009 526 3069 calciamenta,
553 3005 815 3068 odhones,
840 3015 895 3058 et
921 3018 1227 3070 campagos.

219 3097 277 3150 5.
306 3095 593 3165 Presbyter
639 3094 910 3147 Romanus
954 3093 1230 3155 similiter,
1284 3101 1477 3161 praeter
1529 3104 1726 3146 tantum

1752 1833 1803 1890 A
1830 1830 2094 1884 ciamenta
2126 1846 2254 1885 vero
2303 1840 2407 1884 tam
2452 1829 2692 1900 pontifex
2738 1844 2896 1900 quam
2927 1831 3086 1887 etiam
3127 1843 3176 1888 et
3219 1850 3403 1892 omnes

1828 1920 2035 1989 reliqui,
2066 1924 2178 1976 sive
2235 1922 2383 1976 festis
2432 1921 2657 1988 diebus,
2711 1924 2826 1977 sive
2875 1924 3241 1992 quotidianis,
3298 1943 3406 1981 uno

1828 2012 1987 2067 modo
2020 2012 2328 2067 induuntur.
2360 2014 2484 2068 Item
2514 2013 2742 2068 diaconi.

2289 2101 2377 2155 ill.
2425 2101 2555 2155 Item
2593 2106 2728 2155 unde
2762 2119 2938 2172 supra.

1902 2191 1955 2244 5.
1990 2188 2043 2243 In
2079 2190 2258 2255 primis
2301 2191 2495 2244 etenim
2528 2192 2784 2246 vestietur
2813 2194 3095 2260 episcopus
3121 2196 3403 2265 cunctique

1831 2280 2152 2346 presbyteri,
2184 2280 2272 2348 qui
2304 2292 2591 2348 prazsentes
2636 2281 2831 2337 fuerint
2859 2284 3076 2350 reperti,
3118 2292 3171 2337 et
3198 2295 3403 2353 septem

1831 2380 1921 2422 aut
1944 2372 2176 2437 quinque
2205 2372 2284 2423 vel
2314 2379 2420 2425 tres
2468 2371 2700 2437 diaconi,
2734 2380 2789 2426 et
2819 2380 2894 2426 tot
2922 2388 3144 2427 numero
3193 2374 3403 2428 subdia-

1830 2460 1979 2520 coni;
2006 2468 2059 2512 et
2078 2460 2310 2529 acolythi
2333 2470 2460 2527 quot
2487 2460 2685 2514 fuerint
2707 2462 2935 2514 diaconi.
2957 2462 3259 2533 Presbyteri
3274 2478 3403 2517 vero

1829 2548 1953 2601 dum
1977 2565 2004 2601 a
2043 2558 2259 2602 cantore
2290 2549 2541 2617 incipitur
2587 2548 2952 2603 Invitatorium
2975 2592 2991 2617 ,
3041 2565 3230 2604 omnes
3259 2558 3405 2604 stent

1830 2639 1882 2693 in
1934 2641 2050 2693 loco
2094 2656 2213 2701 suo.
2249 2642 2299 2693 id
2332 2650 2413 2694 est
2461 2641 2584 2695 hinc
2627 2651 2677 2696 et
2708 2641 2830 2695 inde
2878 2656 2941 2695 ex
2991 2651 3211 2709 utraque
3256 2652 3407 2710 parte

1831 2730 2003 2784 chori.
2045 2731 2283 2800 Cumque
2329 2746 2358 2785 a
2409 2741 2632 2786 cantore
2678 2746 2866 2784 versus
2916 2730 2980 2782 ad
3039 2730 3403 2785 lnvitatorium

1831 2821 2068 2876 elevatus
2118 2823 2299 2886 fuerit,
2359 2823 2635 2877 inchoatur
2686 2822 2995 2891 processio,
3058 2821 3407 2890 praecedenti-

1833 2913 1933 2967 bus
1964 2914 2215 2968 videlicet
2246 2929 2364 2968 cum
2411 2914 2694 2967 thuribnlis
2723 2912 2929 2965 duobus
2966 2910 3253 2982 acolythis.
3286 2911 3407 2964 Post

1834 3003 1933 3056 hos
1973 3012 2264 3071 sequantur
2319 3011 2521 3069 septem
2566 3014 2655 3054 aut
2684 3002 2920 3070 quinque
2949 3001 3063 3053 sive
3094 3010 3201 3054 tres
3227 3000 3410 3067 acoly-

1839 3092 1915 3144 thi
1938 3106 2058 3145 cum
2084 3091 2605 3158 candelahris,juxta
2630 3091 2835 3143 scilicet
2858 3104 3158 3153 numerum,
3190 3099 3243 3141 ut
3278 3102 3410 3156 pra:-

142 3187 466 3251 stibtalari-s,
497 3199 632 3253 quos
665 3184 821 3237 mittit
852 3183 1131 3254 presbyter
1162 3193 1215 3237 et
1246 3184 1516 3237 diaconus.
1538 3183 1593 3236 In
1618 3182 1727 3251 pri-
1768 3192 1810 3248 Β
1841 3183 2096 3247 diximus,
2128 3183 2474 3237 diaconorum
2498 3197 2591 3235 seu
2623 3181 3093 3235 subdiaconorutn.
3128 3179 3254 3232 Dein
3284 3178 3411 3231 sub-

144 3278 252 3331 mis
283 3290 421 3330 eam.
469 3284 523 3329 et
561 3287 719 3340 supra
765 3273 1056 3343 cingulum.
1090 3272 1277 3326 Pestea
1324 3275 1499 3325 tunica
1530 3274 1645 3324 alba
1676 3282 1730 3325 et

143 3370 294 3434 cing.
344 3364 540 3419 deinde
591 3363 861 3431 anagolagi
903 3378 917 3414 :
974 3374 1091 3429 post
1143 3361 1245 3417 hoc
1296 3372 1318 3399 ο
1362 3361 1632 3415 hrachiale
1679 3362 1729 3413 in

146 3458 339 3510 dextra
388 3470 585 3520 manu;
624 3454 904 3507 dalmatica
949 3468 1153 3507 minore
1195 3462 1248 3508 et
1284 3453 1506 3521 majore,
1535 3460 1589 3505 el
1622 3451 1735 3518 pla-

157 3557 324 3611 neta,
374 3545 675 3615 usquedum
725 3544 935 3598 venitur
984 3544 1336 3612 presbyterio.
1391 3543 1586 3596 Ibidem
1627 3542 1735 3612 65

154 3640 365 3694 tollitur
411 3624 480 3690 ab
534 3634 806 3707 acolytho.
863 3632 1221 3688 Calciamenta
1274 3634 1414 3687 sicut
1472 3633 1732 3701 pontifex.

157 3726 490 3785 Subdiaconi
512 3741 654 3780 eam.
681 3736 733 3779 et
758 3726 925 3794 cing.,
949 3724 1140 3778 deinde
1170 3724 1444 3793 anagolagi
1476 3731 1530 3777 et
1560 3724 1734 3776 tunica

147 3820 299 3881 alba,
323 3817 583 3878 orarium,
618 3822 672 3869 et
698 3822 904 3868 sestace
938 3816 988 3866 in
1018 3812 1233 3867 sinistra
1283 3826 1461 3864 manu.
1498 3807 1737 3879 Aeolythi

150 3924 300 3963 eam.
355 3916 409 3962 et
437 3908 602 3974 cing.,
655 3911 863 3959 sestace
907 3905 958 3957 in
1007 3903 1221 3956 sinistra
1267 3900 1436 3954 latera
1479 3900 1543 3951 ad
1594 3899 1736 3966 cing.

150 3996 422 4069 pendens,
449 3996 625 4049 tonica
655 3994 879 4070 albanet
901 3992 1133 4046 orarium
1166 3991 1230 4045 ad
1273 3990 1490 4055 collum,
1542 3996 1596 4041 et
1626 3988 1742 4056 pla-

154 4101 320 4154 nota;
353 4097 405 4143 et
427 4087 642 4156 quando
676 4086 727 4138 in
759 4088 929 4154 gradu
974 4085 1236 4153 psallitur,
1284 4083 1495 4151 planeta
1545 4079 1743 4135 abstul-

154 4182 334 4244 litur,
379 4186 433 4232 et
487 4175 721 4231 orarium
767 4183 945 4242 portat
990 4173 1044 4227 in
1101 4188 1294 4238 manu;
1362 4169 1741 4234 calciamenta,

154 4270 445 4334 odhones,
503 4275 560 4323 et
613 4266 932 4331 subtulares,
968 4267 1107 4321 sicut
1143 4273 1198 4319 et
1248 4263 1489 4319 subdiac.
1532 4261 1743 4329 Reliqui

155 4377 296 4417 vero
319 4358 598 4415 inferiores
619 4359 815 4427 gradus
833 4357 1193 4423 ecclesizc,qui
1222 4357 1273 4410 in
1301 4356 1460 4425 gradu
1493 4356 1743 4422 psallunt,

157 4453 306 4507 sicut
334 4460 388 4506 et
415 4449 672 4520 acolytlii.
724 4448 803 4503 Illi
835 4464 964 4503 vero
992 4448 1082 4517 qui
1114 4448 1167 4502 in
1214 4448 1442 4501 amboue
1472 4462 1575 4499 non
1608 4445 1749 4514 psal-

1840 3285 2137 3344 sequautur
2165 3273 2475 3329 subdiaconi
2502 3272 2607 3327 bini
2652 3272 3024 3340 procedentes,
3060 3284 3194 3338 quos
3222 3269 3415 3322 simili-

1838 3379 1919 3425 ter
1940 3369 2051 3424 bini
2083 3378 2376 3439 sequantur
2406 3368 2615 3423 diaconi
2658 3385 2672 3420 :
2715 3382 2940 3436 quorum
2972 3366 3079 3421 duo
3110 3366 3411 3434 pontificem
3495 3358 3499 3362 ’

1837 3474 1900 3514 ex
1935 3471 2159 3529 utraque
2183 3471 2334 3527 parte
2363 3469 2723 3514 sustentantes
2752 3459 2971 3524 ducant,
3005 3458 3414 3511 archidiaconus

1841 3548 2088 3604 videlicet
2117 3549 2183 3602 ad
2233 3549 2530 3616 desieram,
2564 3548 2612 3601 id
2644 3558 2725 3603 est
2770 3547 3008 3602 lecturus
3039 3546 3413 3615 Evangelium,

1838 3647 1893 3692 et
1919 3639 2051 3693 alius
2082 3638 2307 3707 quilibet
2336 3638 2401 3691 ad
2444 3638 2741 3693 sinistram.
2766 3637 3007 3706 Cumque
3035 3646 3158 3690 ante
3187 3636 3411 3690 chorum

1842 3727 2178 3794 psallentium
2208 3728 2592 3794 pervenerint,
2642 3725 2954 3780 subdiaconi
2988 3724 3165 3778 statim
3200 3730 3420 3792 pergant

1840 3817 1905 3870 ad
1927 3817 2044 3871 loca
2072 3832 2167 3870 sua
2198 3818 2249 3871 in
2280 3817 2539 3883 chorum;
2569 3817 2780 3872 diaconi
2803 3833 2927 3871 vero
2952 3828 3004 3872 et
3026 3816 3256 3886 acolytlii
3288 3831 3416 3869 can-

1841 3906 2059 3961 delabra
2088 3916 2143 3961 et
2170 3907 2435 3961 thuribula
2465 3916 2736 3976 gestantes
2765 3908 3066 3962 dividantur
3094 3924 3156 3960 ex
3188 3918 3414 3974 utraque

1844 4006 1995 4065 parte
2026 3996 2311 4064 pontificis,
2352 3995 2404 4048 id
2444 4005 2551 4060 est,
2586 3996 2631 4049 si
2682 4006 2883 4063 septem
2916 3994 3142 4061 fuerint,
3189 4004 3420 4065 quatuor

1844 4096 1983 4140 stent
2033 4087 2098 4138 ad
2158 4084 2451 4149 dexteram,
2495 4096 2548 4139 et
2592 4092 2704 4139 tres
2741 4085 2805 4138 ad
2852 4084 3159 4147 sinistram;
3208 4085 3251 4137 si
3294 4098 3421 4135 vero

1846 4174 2100 4245 qttinq'te,
2146 4183 2254 4227 tres
2288 4174 2351 4227 ad
2383 4175 2678 4238 dexteram,
2709 4183 2762 4227 et
2792 4174 2899 4228 duo
2930 4189 2958 4225 a
3000 4172 3263 4237 sinistris;
3316 4181 3423 4224 tres

1847 4274 2025 4317 autem
2056 4265 2101 4318 si
2140 4263 2335 4317 ftterint
2364 4307 2378 4332 ,
2429 4265 2536 4317 duo
2564 4270 2708 4317 stent
2743 4278 2771 4315 a
2813 4262 3015 4316 dextris
3055 4261 3341 4329 pontificis,
3373 4268 3425 4313 et

1850 4369 1985 4407 unus
2014 4355 2081 4407 ad
2134 4355 2427 4408 sinistram.
2462 4353 2577 4407 Duo
2628 4366 2842 4421 quoque
2885 4350 3121 4422 acolythi
3152 4349 3424 4403 thuribula

1852 4457 2126 4518 portantes
2148 4459 2273 4504 ante
2301 4449 2543 4504 ordinem
2574 4447 2827 4502 stantium
2854 4447 2963 4517 66
2988 4445 3423 4514 presbyterorum

158 4547 304 4609 lunt,
328 4542 372 4597 si
404 4541 971 4609 habuerint,similiter
991 4539 1308 4606 induantur;
1332 4541 1413 4594 sin
1436 4547 1612 4593 autem
1640 4554 1746 4593 non
1777 4554 1820 4614 ρ
1852 4539 2007 4592 divisi
2058 4545 2218 4592 stent.
2257 4535 2500 4591 Pontifex
2548 4545 2725 4589 autem
2768 4550 2875 4589 non
2918 4534 3118 4604 prolixa
3160 4531 3425 4600 completa

241 4633 438 4688 iuerint
461 4674 475 4691 ,
500 4671 512 4684 .
533 4671 547 4686 .
570 4670 586 4685 .

158 4652 437 4705 patuerunt
461 4674 475 4691 ,
500 4671 512 4684 .
533 4671 547 4686 .
570 4670 586 4685 .

242 4724 299 4778 4.
330 4724 463 4778 Item
513 4723 837 4792 quotidianis
866 4722 1055 4777 diebus
1099 4721 1328 4789 qualiter
1377 4720 1611 4789 pontifex
1662 4720 1748 4773 in-

161 4816 375 4873 duitur.
409 4815 465 4869 In
497 4814 681 4882 primis
711 4829 847 4868 eam.
876 4823 928 4867 et
946 4815 1111 4882 cing.,
1133 4813 1327 4867 deinde
1351 4813 1522 4867 tonica
1552 4812 1746 4874 serica,

162 4904 431 4970 orarium,
465 4904 703 4971 planeta,
734 4913 787 4957 et
811 4903 1047 4971 pallium,
1078 4913 1285 4957 sestace
1316 4904 1367 4956 in
1419 4917 1600 4957 manu.
1631 4900 1752 4953 Cal-

245 5054 273 5081 ⁸
305 5043 358 5096 Id
387 5048 471 5094 est
487 5037 726 5102 camisia,
748 5037 963 5091 scilicet
988 5036 1148 5099 linea,
1178 5045 1234 5091 et
1269 5035 1484 5103 quidem
1506 5034 1746 5089 strictior

163 5126 338 5183 “que
389 5107 631 5183 interior,
659 5116 794 5161 teste
849 5108 1060 5175 vulgato
1102 5107 1347 5183 Alcuino,
1391 5120 1551 5183 super
1586 5118 1744 5183 quam

166 5174 317 5241 linea
344 5179 570 5246 amplior
614 5192 749 5246 cuin
784 5174 959 5239 cotta,
978 5191 1083 5244 quo
1132 5175 1345 5246 nomine
1378 5174 1628 5229 undulata
1658 5188 1747 5227 su-

167 5244 504 5321 perpellicea‘
528 5245 753 5321 Romani
784 5246 944 5299 etiam
982 5261 1117 5299 nunc
1147 5244 1433 5321 appellant.

246 5310 684 5394 h'Apagulagium
711 5313 820 5382 jam
848 5330 991 5394 sagpe
1033 5330 1125 5394 pro
1150 5310 1346 5367 amictu
1368 5326 1460 5366 seu
1490 5310 1750 5379 superbu-

169 5390 368 5450 uterali
401 5384 707 5452 usurpatum
746 5384 990 5449 superius
1020 5384 1267 5436 vidimus.

257 5471 283 5500 ε
317 5447 546 5512 δεδιαεὶέ
572 5453 783 5506 nomine
812 5447 1264 5519 sudarium,quod
1284 5449 1541 5519 extremis
1570 5447 1749 5519 digitis

169 5528 384 5608 antiqui
429 5525 740 5578 sacerdotes
781 5537 845 5576 ac
889 5523 1115 5576 ministri
1143 5516 1438 5584 ferebant,
1488 5516 1749 5585 designari

248 5610 256 5611 ί
393 5610 445 5646 o.

168 5610 467 5727 ex:islil‘udrte
491 5665 698 5731 insuper
723 5660 966 5716 odlwnes.
1003 5662 1194 5717 Eadem
1236 5676 1337 5717 vox
1365 5660 1555 5714 iterum
1590 5653 1744 5721 infra,

1851 4630 2113 4697 oratione,
2172 4637 2347 4684 vertat
2390 4642 2451 4682 se
2506 4627 2572 4680 ad
2629 4626 2902 4680 dexteram
2928 4664 2942 4688 ,
2984 4631 3285 4690 annuatque
3323 4635 3430 4673 uno

1850 4721 2163 4789 presbytero
2210 4728 2331 4773 ante
2375 4727 2600 4772 caateros
2623 4715 2814 4780 stanti,
2862 4713 3237 4780 osculetnrque
3278 4724 3421 4763 eum.

1855 4810 1985 4864 Dein
2014 4809 2082 4863 ad
2122 4809 2390 4862 sinistram
2421 4820 2480 4860 se
2527 4813 2740 4859 vertens
2777 4802 2865 4857 alii
2905 4809 3103 4856 annuat
3150 4798 3428 4867 presbyte-

1857 4915 1955 4964 ro,
1986 4907 2043 4954 et
2081 4900 2326 4953 similiter
2362 4912 2483 4952 eum
2526 4895 2815 4950 osculetur.
2846 4892 3046 4947 Deinde
3087 4901 3329 4945 extremo
3374 4888 3429 4941 in

1853 5050 1957 5098 qua
1992 5034 2167 5088 forsan
2215 5030 2449 5086 sandalia
2479 5028 2865 5099 significantur.
2898 5027 3025 5099 Nam
3049 5022 3192 5099 ordo
3225 5022 3265 5075 Β
3294 5038 3424 5099 νεηθ-

1854 5093 1953 5156 nus
2004 5104 2055 5156 in
2105 5102 2442 5155 ordinatione
2495 5093 2730 5163 episcopi
2786 5096 3025 5150 sandalia
3072 5093 3349 5160 distinguit
3400 5108 3429 5147 a

1852 5188 2006 5241 camp
2025 5173 2140 5237 uuis,
2160 5173 2248 5240 qui
2284 5172 2463 5241 tibiam
2496 5166 2768 5241 tegebant.
2793 5166 3168 5241 Caligte_t_tsque
3191 5164 3265 5241 od
3292 5178 3428 5230 genu

1853 5232 2403 5295 tendentes'vocantur
2441 5238 2492 5291 in
2522 5232 2953 5291 sacrainentario
2987 5232 3257 5295 Menardi,
3304 5246 3423 5300 pag.

1929 5391 1951 5414 ε
1982 5380 2138 5433 Aliud
2161 5393 2192 5432 a
2225 5377 2444 5431 manicis
2477 5389 2571 5428 seu
2616 5374 2922 5433 chirotecis,
2951 5371 3018 5425 de
3062 5370 3250 5436 quibus
3282 5369 3431 5423 Ordo

1857 5450 2125 5503 Romanus
2154 5451 2412 5517 vulgatus,
2459 5460 2577 5517 pag.
2604 5446 2694 5508 91),
2736 5443 2839 5495 θυι.
2872 5441 2935 5517 2,·
2958 5448 3007 5492 et
3052 5437 3427 5517 _Sac_ram_ent:i-

1860 5520 1994 5571 rium
2025 5508 2284 5581 Menardi,
2314 5508 2432 5580 pag.
2456 5508 2581 5568 260.
2621 5517 2747 5568 Erat
2773 5527 2899 5582 ergo
2923 5508 3192 5567 brachiale
3228 5508 3315 5563 hic
3348 5523 3423 5560 ur-

1863 5597 2167 5644 nameutum
2198 5586 2401 5641 brachii
2422 5585 2619 5642 dextri.
