4042 6324
616 342 713 396 937

1287 340 1626 395 APPENDIX
1670 340 1758 391 AD
1799 340 1854 392 S.
1898 334 2219 392 GREGORH
2265 334 2471 391 MAGNI
2514 334 2881 391 LITURGICA
2925 338 3176 396 OI‘ERA.

3754 340 3874 394 988

620 456 831 509 dextera
863 461 1013 524 parte
1061 454 1217 505 stanti
1264 459 1462 504 annuat
1514 452 1769 510 diacono,
1821 458 1875 503 ct
1923 451 2186 504 osculetur
2215 454 2264 510 Α
2291 451 2513 519 accipiat
2536 467 2563 505 a
2596 452 2843 519 pontifice
2873 453 3095 518 oblatas,
3122 454 3357 521 aliusque
3384 469 3610 509 cannam
3642 466 3869 523 portans

623 547 767 600 illum
790 564 803 608 ;
827 544 1022 598 acdeiu
1043 554 1279 595 ex‘remo
1302 545 1351 594 in
1366 542 1576 595 sinislra
1607 554 1755 609 parte
1776 543 1935 594 stanti
1966 550 2186 605 annuat,

621 647 676 689 et
718 635 960 688 similiter
989 648 1110 687 eum
1150 634 1450 695 osculetur,
1500 643 1551 684 ct
1582 634 1658 685 sic
1684 644 1903 685 etmrtos
1933 633 2186 685 diaconos

624 726 853 779 vicissim
878 739 935 776 se
962 733 1173 776 vertens
1197 724 1486 784 osculetur,
1518 724 1807 779 novissime
1834 731 2009 777 tamen
2042 724 2056 776 i
2080 724 2185 776 lum

621 817 707 884 qui
742 815 1081 881 Evangelium
1125 815 1296 882 legere
1325 814 1502 868 debet.

697 905 751 957 6.
779 900 893 956 Hoc
932 914 1123 956 autem.
1159 906 1392 971 expleto,
1428 914 1623 957 annuat
1662 906 1865 958 cantori
1918 915 1972 957 ut
2010 903 2187 956 Gloria

624 993 792 1053 dicat;
838 992 950 1058 ipse
978 1008 1108 1046 vero
1139 994 1326 1046 durtus
1350 1008 1378 1045 a
1400 994 1707 1048 diaconibus
1745 1003 1926 1061 pergat
1951 1004 2073 1046 ante
2114 995 2186 1045 al-

622 1090 759 1143 tare,
793 1079 1169 1147 iuclinatisque
1220 1082 1283 1132 ad
1316 1083 1620 1134 (irationem
1670 1084 1896 1147 cunctis,
1931 1082 2188 1135 stantibus

619 1168 875 1236 acolythis
899 1184 1017 1222 cum
1062 1172 1396 1223 candelabris
1435 1184 1487 1224 et
1531 1173 1814 1225 thuribulis
1846 1174 1898 1225 in
1932 1175 2047 1226 loco
2078 1189 2184 1239 quo

622 1257 775 1323 prius
798 1268 1063 1310 oraverat.
1096 1258 1266 1326 Prope
1292 1276 1417 1311 vero
1447 1264 1653 1327 expleta
1688 1261 1961 1324 Oratione,
1995 1272 2189 1315 annuat

622 1346 828 1401 duobus
892 1349 1145 1401 extremis
1176 1351 1505 1416 diaeonibus,
1540 1368 1644 1405 uno
1676 1354 1795 1405 hinc
1839 1362 1893 1405 et
1925 1353 2009 1405 alii
2044 1353 2184 1419 inde,

628 1441 688 1487 ut
712 1434 927 1499 vadant,
958 1438 1366 1505 osculeuturque
1406 1454 1540 1492 unus
1570 1440 1812 1492 dextrum
1835 1482 1849 1503 ,
1879 1450 1931 1493 et
1958 1441 2091 1492 alius
2118 1442 2192 1492 si-

624 1521 846 1573 nistrum
880 1536 1040 1575 cornu
1077 1525 1293 1588 altaris;
1326 1535 1380 1579 et
1408 1525 1484 1578 sic
1514 1529 1718 1580 cunctis
1759 1527 2067 1581 diaeonihus
2094 1543 2188 1580 an-

629 1619 755 1663 nuat
785 1619 844 1663 ut
875 1604 981 1664 bini
1015 1612 1228 1678 faciant,
1279 1622 1334 1666 et
1379 1615 1666 1668 novissime
1705 1617 1905 1669 lecturo
1953 1616 2190 1684 Evange-

630 1697 779 1750 lium.
810 1700 926 1767 Ipse
955 1716 1083 1754 vero
1109 1700 1340 1768 pontifex
1368 1703 1538 1755 elevat
1576 1717 1636 1755 se
1663 1702 1728 1756 ab
1755 1700 2029 1767 Oratione,
2065 1719 2186 1768 per—

2293 541 2344 591 in
2372 555 2470 607 qua
2498 539 2749 594 diaconus
2789 540 3013 609 quilibet
3054 542 3279 595 libamen
3310 542 3415 596 vini
3445 545 3747 612 suscipiens
3780 546 3865 597 in-

2294 629 2496 681 fundat.
2548 628 2775 682 Rediens
2818 631 2991 698 itaque
3034 646 3061 682 a
3105 632 3293 699 populo
3347 633 3580 698 pontifex
3632 634 3866 700 accipiat

2289 718 2611 771 oblationem
2638 727 2663 755 ι
2695 718 2896 771 scholae
2936 719 3050 772 sine
3077 720 3219 786 vino,
3246 731 3301 774 et
3332 736 3552 789 pergens
3577 723 3641 774 ad
3675 725 3867 776 sedem

2290 808 2490 867 sedeat,
2520 806 2875 873 oﬂ'eri-turque
2920 808 2967 861 ei
2996 823 3147 874 aqua,
3184 810 3427 876 lavetque
3474 825 3663 864 manus
3710 828 3863 865 suas.

2290 895 2353 947 Et
2378 893 2705 947 babeattunc
2733 895 3087 948 subdiaconus
3114 896 3163 947 in
3187 896 3303 949 loco
3318 898 3534 950 calicem
3558 915 3680 953 cum
3712 903 3869 965 vino,

2292 994 2344 1037 et
2384 1000 2540 1052 super
2588 984 2731 1037 illum
2786 986 3065 1052 corporale
3117 987 3434 1051 involutum,
3478 998 3533 1042 et
3580 992 3868 1059 acilythm

2294 1085 2532 1142 pateuatu
2591 1090 2710 1127 cum
2768 1075 2977 1130 oblatis.
3046 1076 3324 1139 Accipiens
3374 1078 3544 1144 itaque
3602 1079 3869 1132 diaconus

2289 1163 2583 1228 corporale,
2616 1173 2699 1214 eat
2721 1164 2785 1215 ad
2814 1163 3084 1217 dexteram
3108 1165 3291 1216 altaris
3323 1176 3548 1229 partem,
3579 1171 3863 1237 jacretque

2292 1252 2417 1305 illud
2468 1251 2797 1306 devolvendo
2827 1254 2891 1305 ad
2940 1255 3159 1307 alteram
3200 1255 3384 1307 altaris
3427 1266 3659 1321 partem;
3716 1265 3862 1328 quod

2290 1342 2427 1394 alius
2475 1341 2771 1407 suscipiens
2808 1342 3086 1405 diaconus,
3128 1343 3424 1410 expandent
3467 1345 3593 1397 illud
3627 1347 3865 1415 desuper

2292 1431 2480 1485 altare.
2539 1430 2737 1483 Redeat
2794 1446 3003 1499 quoque
3053 1432 3305 1485 diaconus
3360 1433 3451 1500 qui
3509 1435 3859 1503 Evangelium

2292 1518 2513 1587 legerat,
2546 1519 2918 1586 osculeturque
2957 1532 3095 1585 genu
3141 1520 3396 1586 episcopi,
3431 1529 3485 1573 et
3529 1524 3747 1576 accedat
3789 1525 3858 1576 ad

2291 1609 2484 1673 altare,
2512 1619 2814 1677 annuatque
2843 1609 3095 1678 acolytho
3120 1611 3209 1676 qui
3240 1610 3558 1665 oblationem
3590 1615 3769 1683 pepuli
3802 1626 3864 1668 et

2289 1700 2485 1754 schola:
2516 1700 2564 1753 iu
2596 1700 2754 1767 pallio
2779 1709 2981 1767 gestat;
3018 1699 3348 1768 accipiatque
3387 1716 3451 1755 ex
3502 1703 3625 1769 ipsis
3650 1706 3861 1757 oblatis

625 1805 820 1865 gatque
859 1801 912 1846 et
946 1794 1212 1847 osculetur
1261 1794 1601 1861 Evangelium
1624 1835 1639 1857 ,
1670 1796 1808 1862 quod
1840 1810 1998 1861 super
2024 1798 2189 1850 altare
2222 1798 2268 1856 B
2294 1799 2545 1859 quanlum
2567 1790 2615 1843 ei
2652 1788 2890 1854 videtur;
2945 1798 2999 1842 et
3036 1797 3198 1856 ponet
3224 1803 3313 1842 eas
3336 1789 3562 1858 desuper
3600 1793 3773 1847 altare
3805 1796 3856 1846 in

623 1886 866 1955 jacuerit,
892 1892 1080 1952 eatque
1111 1884 1162 1936 in
1189 1883 1459 1937 dexteram
1502 1884 1687 1937 altaris
1725 1893 1952 1951 partem,
1999 1886 2189 1938 stanti-

628 1979 729 2032 bus
757 1977 912 2030 etiam
943 1975 1126 2029 eadem
1178 1982 1328 2041 parte
1371 1982 1597 2042 quatuor
1627 1983 1718 2026 aut
1748 1975 1914 2028 tribus
1942 1987 2026 2027 aut
2060 1975 2190 2029 duo-

631 2067 730 2120 bus
782 2065 1111 2127 diaeonihns,
1142 2073 1195 2115 et
1237 2077 1301 2115 ex
1337 2062 1501 2116 altera
1534 2063 1702 2116 tribus
1739 2064 1819 2116 vel
1861 2064 2065 2117 duobus
2095 2081 2188 2117 seu

629 2171 753 2207 ttno.
806 2154 919 2219 Ipse
980 2168 1105 2205 vero
1162 2150 1394 2217 pontifex
1445 2152 1645 2205 cantori
1712 2163 1931 2216 annuat,
1980 2154 2189 2219 quando

626 2257 675 2297 e~
694 2241 901 2295 celsiori
938 2255 1067 2293 voce
1098 2240 1255 2309 li'yrie
1273 2241 1459 2293 eleison
1499 2242 1612 2294 sive
1652 2239 1844 2296 Christe
1871 2242 2054 2296 eletson
2083 2243 2187 2298 dici

626 2332 834 2385 dehrat.
868 2329 978 2398 Ipsa
1010 2340 1185 2383 autem
1227 2329 1436 2399 expleta
1460 2371 1475 2395 ,
1508 2330 1715 2387 dicatur
1742 2348 1770 2384 a
1798 2332 2042 2399 pontifice
2068 2331 2191 2385 Clo-

628 2422 705 2473 ria
739 2424 787 2473 in
819 2420 1029 2474 excelsis
1062 2420 1189 2483 Deo,
1217 2420 1653 2488 deponenturque
1689 2422 1756 2473 ab
1781 2421 2037 2490 acolythis
2066 2436 2191 2475 can-

629 2510 866 2573 delabra,
909 2518 962 2562 et
994 2518 1318 2576 reponentur
1360 2525 1453 2563 seu
1485 2511 1872 2577 suspendentur
1902 2510 2187 2563 tltnribula.

704 2602 755 2653 7.
784 2600 845 2653 Et
873 2598 1048 2652 Gloria
1070 2601 1119 2651 in
1142 2599 1351 2652 excelsis
1383 2598 1489 2652 Deo
1520 2600 1901 2667 percelebrata,
1930 2599 2133 2652 dicatur
2159 2614 2187 2650 a

626 2691 893 2760 pontifice,
922 2699 976 2742 ut
1001 2705 1116 2743 mos
1142 2700 1243 2753 est,
1273 2691 1491 2753 Oratio;
1524 2690 1821 2757 sedensque
1851 2689 1963 2757 ipse
1992 2698 2189 2742 annuat

630 2782 953 2851 presbyteris
994 2791 1048 2833 ut
1075 2780 1316 2834 sedeant.
1344 2779 1709 2835 Subdiaconus
1734 2781 1934 2849 itaque,
1964 2781 2188 2836 lectione

635 2871 864 2939 perlecta
885 2911 899 2936 ,
928 2886 1062 2940 genu
1094 2872 1361 2925 osculetur
1382 2873 1635 2939 epiSCOpi.
1682 2873 1939 2927 Cantores
1977 2890 2184 2942 quoque

626 2967 713 3029 qui
742 2962 966 3016 Gradale
989 2962 1069 3015 vel
1094 2963 1313 3015 Alleluia
1341 2964 1753 3027 cantaverint,si
1786 2965 1835 3016 in
1866 2965 2027 3032 gradu
2054 2981 2185 3030 quo-

628 3053 754 3107 libet
812 3053 1006 3107 fuerint
1053 3055 1319 3118 ordinati,
1368 3070 1503 3121 genu
1556 3056 1803 3110 similiter
1875 3058 2185 3111 osculentttr

2289 1879 2570 1946 corporale
2608 1878 2748 1947 quod
2777 1878 3169 1943 expauderant,
3204 1878 3546 1946 infundatque
3575 1881 3642 1934 de
3681 1896 3859 1934 canna

2288 1967 2516 2020 libamen
2546 1967 2651 2020 vini
2697 1966 2749 2019 in
2789 1965 3038 2028 calicem;
3092 1974 3145 2018 et
3199 1973 3381 2032 pergat
3418 1965 3528 2033 ipse
3572 1982 3697 2019 cum
3752 1970 3857 2019 aiio

2287 2056 2531 2122 diacono,
2554 2067 2607 2112 et
2634 2072 2726 2125 per
2765 2056 2976 2110 brachia
3019 2055 3364 2109 sustentando
3407 2058 3606 2110 ducant
3645 2058 3858 2125 episco-

2289 2161 2413 2215 pum
2454 2146 2518 2199 ad
2566 2146 2753 2211 altare,
2783 2145 3142 2213 secedantque
3192 2146 3488 2216 presbyteri
3540 2145 3852 2206 offerentes.

2288 2235 2497 2290 diaconi
2519 2235 2708 2289 deinde
2736 2235 2850 2289 sine
2878 2250 2983 2289 uno
3004 2233 3242 2307 [Forsan
3272 2232 3425 2302 vino]
3454 2235 3722 2291 videlicet.
3747 2236 3859 2290 Hoc

2289 2336 2461 2379 autem
2490 2325 2718 2391 expleto,
2742 2324 2965 2391 accipiat
3000 2325 3251 2378 diaconus
3283 2325 3350 2378 de
3388 2340 3549 2379 manu
3595 2326 3852 2394 acolythi,

2288 2428 2342 2472 et
2370 2418 2603 2486 porrigat
2622 2419 2905 2485 episcopo;
2928 2415 3221 2484 ablatisque
3247 2416 3437 2470 oblatis
3466 2417 3521 2470 in
3553 2417 3646 2470 illa
3669 2418 3854 2485 jacen-

2290 2510 2452 2576 tibus,
2482 2509 2665 2563 reddat
2692 2524 2808 2561 eam
2841 2509 3029 2562 iterum
3058 2507 3328 2577 acolytlto.
3364 2507 3563 2560 Cantor
3595 2524 3724 2560 vero
3766 2524 3857 2576 per

2284 2601 2547 2667 juniorem
2576 2614 2729 2653 suum
2747 2612 2969 2652 cannam
2991 2612 3111 2652 cum
3133 2612 3267 2664 aqua
3290 2597 3579 2651 involutam
3606 2603 3856 2666 mappula

2288 2690 2616 2745 transmittat
2638 2688 2963 2743 subdiacono
2991 2686 3218 2742 calicem
3258 2688 3308 2740 in
3338 2701 3499 2741 manu
3531 2689 3764 2751 tenenti;
3806 2700 3857 2741 et

2289 2781 2403 2850 ipse
2431 2780 2670 2835 eamdem
2704 2779 2757 2832 in
2788 2779 3004 2833 calicem
3048 2777 3285 2832 infundet
3334 2793 3547 2846 aquam,
3597 2779 3711 2847 68
3738 2780 3857 2832 red-

2289 2871 2487 2939 datque
2516 2869 2741 2923 diacono
2769 2869 2986 2922 calicem
3020 2886 3033 2919 :
3062 2868 3149 2936 qui
3188 2876 3453 2921 annuente
3472 2866 3731 2935 episcopo
3767 2883 3858 2935 po-

2289 2971 2378 3014 nat
2404 2976 2524 3014 eum
2555 2974 2711 3027 super
2735 2958 2918 3011 altare.

2357 3050 2412 3104 9.
2438 3046 2755 3103 Subdiaconi
2798 3048 2997 3114 itaque,
3028 3045 3153 3099 dum
3195 3046 3403 3099 canitur
3442 3044 3687 3110 Sanctus,
3740 3058 3859 3114 pest

627 3145 894 3212 episcopi;
927 3144 968 3197 si
1007 3159 1126 3197 vero
1152 3156 1299 3197 extra
1327 3146 1548 3213 gradum
1572 3144 1786 3211 fuerint,
1822 3148 2041 3209 pedibus
2070 3149 2184 3213 ejus
2212 3133 2257 3193 C
2288 3142 2453 3194 altare
2487 3148 2709 3207 pergant
2736 3148 2899 3199 stare,
2931 3134 3067 3188 versi
3099 3135 3349 3189 videlfcet
3377 3143 3562 3188 contra
3594 3135 3858 3189 diaconos

632 3235 1027 3303 pervolvantur.
1057 3231 1346 3302 Episcopus
1375 3249 1499 3287 vero
1520 3246 1715 3288 annuat
1745 3239 1995 3302 magistro
2033 3238 2187 3291 scho-

631 3327 721 3386 lae,
753 3324 966 3394 quando
990 3340 1017 3376 a
1060 3325 1364 3379 cantoribus
1400 3326 1625 3381 Gradale
1657 3326 1736 3379 vel
1772 3328 1990 3379 Alleluia
2036 3343 2187 3397 repe-

630 3426 740 3470 lere
770 3417 976 3470 debeat.
1006 3414 1136 3468 Cum
1164 3432 1291 3469 vero
1314 3416 1564 3469 diaconus
1590 3416 1655 3469 ad
1703 3417 1979 3485 legendum
2016 3420 2187 3471 Evan-

630 3503 818 3573 gelium
876 3520 1094 3571 pergeie
1137 3503 1340 3567 debet,
1405 3504 1671 3558 osculetur
1720 3521 1854 3573 genu
1908 3508 2185 3575 episc0pi;

631 3595 991 3662 arcedensque
1033 3594 1204 3647 elevat
1261 3594 1566 3662 Evangelia,
1597 3595 2020 3662 praecedentibus
2067 3613 2187 3652 cum

630 3683 835 3736 duobus
861 3683 1121 3751 acolythis
1148 3697 1265 3736 cum
1292 3683 1643 3747 candelabris,
1673 3694 1727 3737 et
1755 3696 1879 3739 ante
1910 3686 2028 3740 illos
2052 3687 2187 3741 duo-

632 3774 731 3826 bus
776 3773 894 3826 aliis
924 3773 1180 3843 acolythis
1218 3789 1336 3827 cum
1367 3775 1696 3829 incensoriis.
1730 3776 1971 3830 l’erlecto
2010 3788 2185 3831 autem

630 3862 938 3931 Evangelia,
980 3863 1117 3915 dicat
1142 3864 1421 3931 episcopus
1452 3863 1566 3915 Pax
1588 3864 1712 3929 tibi;
1742 3876 1790 3919 et
1824 3866 1996 3919 elevat
2024 3865 2187 3919 Credo

628 3957 680 4006 in
710 3971 863 4007 unum
900 3952 1084 4007 Deum.
1128 3954 1192 4007 Et
1238 3954 1554 4006 candelabra
1580 3954 1648 4006 ab
1691 3953 1950 4021 acolythis
1990 3954 2189 4006 exstin-

629 4056 872 4115 guuntur,
911 4056 963 4100 et
989 4047 1093 4115 67
1124 4054 1239 4112 post
1266 4046 1431 4098 altare
1480 4054 1762 4112 ponantur.
1808 4045 2185 4112 Acolythorum

632 4148 803 4192 autem
836 4143 1152 4207 gestantinm
1196 4136 1492 4190 incensoria
1529 4150 1663 4188 unus
1711 4147 1887 4203 pergat
1918 4134 1981 4187 ad
2023 4134 2189 4188 altare

628 4229 986 4283 incensionetn
1006 4229 1260 4282 exhibere
1284 4228 1422 4280 circa
1454 4225 1604 4288 illud,
1629 4240 1830 4277 necnon
1861 4236 1912 4277 et
1938 4224 2188 4292 episcopo

628 4336 690 4373 ac
742 4321 1087 4392 presbyteris,
1122 4330 1282 4387 atque
1314 4319 1626 4372 diaconibus
1656 4326 1955 4384 cunctoque
2005 4315 2184 4378 clero;

628 4410 759 4463 alius
790 4427 915 4463 vero
947 4420 1128 4480 pergat
1161 4411 1226 4464 ad
1279 4409 1548 4477 populum.
1597 4406 1713 4459 Stet
1741 4412 1915 4457 autem
1970 4411 2185 4471 paratus

2290 3241 2406 3299 post
2433 3231 2738 3298 episc0pum
2769 3236 2990 3281 stantes.
3025 3225 3147 3278 Post
3165 3238 3297 3292 quos
3328 3224 3581 3276 diaconos
3597 3225 3703 3276 duo
3734 3239 3858 3276 aco-

2288 3324 2420 3393 lythi
2454 3337 2572 3373 Cllllt
2598 3310 2817 3373 duabus
2849 3315 3053 3385 patenis
3084 3324 3243 3367 stent.
3278 3313 3412 3367 Infra
3454 3314 3720 3367 actionem
3756 3314 3855 3379 igi-

2290 3422 2373 3465 tur
2411 3411 2564 3463 detur
2607 3424 2738 3476 aqua
2785 3405 3107 3475 presbyteris
3147 3411 3203 3457 ut
3253 3403 3426 3457 lavent
3470 3418 3657 3457 manus
3705 3420 3853 3456 suas.

2287 3501 2507 3566 Quando
2544 3498 2735 3551 dicitur
2758 3512 2785 3548 a
2805 3495 3050 3564 pontifice
3082 3493 3243 3546 Nobis
3265 3509 3460 3562 quoque
3484 3495 3853 3560 peccatoribus,

2287 3589 2443 3643 detur
2481 3584 2835 3641 diaconibusb
2867 3599 3035 3652 aqua,
3064 3595 3117 3638 et
3166 3583 3480 3637 subdiaconi
3520 3584 3746 3636 redeant
3791 3589 3855 3635 ad

2288 3680 2401 3733 loca
2441 3692 2556 3732 Stta.

2360 3770 2444 3823 10.
2474 3767 2621 3822 Unus
2660 3780 2790 3820 vero
2840 3779 3023 3818 eorum
3054 3766 3140 3833 qui
3184 3764 3469 3817 lectionem
3516 3765 3857 3825 recitaverat,

2288 3869 2391 3915 stet
2423 3866 2541 3927 post
2589 3857 2843 3909 diac0uos
2875 3854 3026 3924 juxta
3059 3855 3334 3923 acolythos
3355 3894 3369 3915 ,
3418 3862 3474 3905 ιιι
3503 3852 3629 3905 dum
3660 3853 3857 3905 dicitur

2287 3964 2317 4002 a
2340 3947 2587 4015 pontifice
2628 3944 2709 3997 Da
2740 3945 2992 4012 propitius
3021 3958 3217 4011 pacem,
3250 3943 3474 4009 accip'at
3502 3940 3567 3992 ab
3596 3941 3859 4009 acolythis

2291 4048 2528 4107 patenas,
2560 4036 2929 4101 osculeturque
2950 4047 3059 4095 eas,
3079 4040 3133 4084 et
3172 4033 3257 4083 det
3285 4047 3376 4085 cas
3400 4030 3650 4094 diacono,
3682 4031 3776 4099 qni
3807 4042 3858 4083 et

2289 4129 2407 4182 illas
2438 4127 2574 4179 inter
2605 4138 2791 4176 manus
2828 4122 3099 4175 osculetur
3142 4120 3483 4183 subdiacOni;
3516 4134 3650 4187 quas
3690 4120 3856 4171 etiam

2288 4219 2539 4272 diaconus
2555 4214 2803 4282 episcopo
2819 4212 3128 4263 osculandas
3145 4211 3399 4278 praebeat.
3419 4210 3660 4273 Acceptis
3678 4210 3859 4275 itaque

2290 4308 2416 4370 illis,
2447 4305 2726 4372 episcopus
2763 4301 2962 4354 dividat
3002 4300 3141 4352 inter
3186 4313 3278 4353 eas
3305 4306 3700 4351 sacrosanctum
3732 4314 3856 4350 cor-

2290 4410 2389 4464 pus
2412 4400 2800 4452 eonseeratum,
2834 4396 3150 4455 rumpatque
3180 4401 3339 4439 unam
3388 4386 3654 4451 oblatam,
3687 4398 3741 4439 et
3794 4402 3855 4439 ex

628 4500 771 4567 iuxta
808 4469 1070 4569 pulpitum
1109 4469 1461 4554 subdiaconus
1503 4496 1591 4564 qui
1639 4495 1917 4549 lectionem
1964 4469 2183 4557 legerat,
2218 4469 2265 4527 θ
2292 4499 2354 4561 ea
2384 4481 2696 4552 particulam
2722 4493 2876 4532 unam
2906 4479 2959 4530 in
2986 4477 3267 4569 corporale
3294 4476 3495 4569 mittat,
3528 4485 3581 4526 et
3611 4477 3773 4569 ali-ain
3806 4478 3855 4527 in

628 4596 687 4639 ut
715 4589 837 4639 dum
871 4589 1163 4655 perlectum
1190 4587 1351 4641 fuerit
1376 4584 1739 4651 Evangelium,
1761 4581 1989 4648 accipiat
2011 4595 2036 4630 a
2074 4578 2189 4631 dia-

630 4690 761 4727 cono
808 4677 1111 4744 Evangelia,
1144 4690 1197 4729 et
1248 4676 1501 4729 exhibeat
1540 4690 1599 4727 ea
1649 4674 1714 4725 ad
1769 4671 2184 4726 deosculandum

628 4769 905 4835 episceno;
956 4770 1143 4837 quibus
1172 4768 1509 4832 exosculatis,
1544 4764 1859 4820 exhibentur
1912 4763 1959 4815 ei
2005 4770 2057 4815 et
2098 4761 2185 4813 in-

628 4861 948 4914 censorium.

698 4953 749 5004 8.
775 4949 939 5003 Credo
968 4953 1020 5002 in
1062 4966 1218 5000 unum
1269 4949 1443 5014 itaque
1490 4947 1808 5008 decantata,
1861 4944 2068 4997 dicatur
2115 4942 2180 4993 ab

629 5042 872 5108 epi~eopo
934 5040 1179 5091 Dominus
1244 5038 1520 5090 vobiscum.
1578 5034 1818 5087 Oremus.
1885 5032 2182 5100 Pergatque

632 5130 924 5195 episcopus,
951 5133 1278 5179 sustentatus
1300 5139 1328 5174 a
1359 5125 1562 5175 duobus
1593 5121 1899 5174 diaconibus
1930 5129 1983 5174 et
2024 5132 2184 5172 crete-

630 5218 702 5269 ris
731 5215 1092 5284 sequentibus,
1141 5214 1365 5281 primum
1419 5210 1485 5265 ad
1516 5211 1658 5265 virus
1699 5209 2020 5264 oblationem
2066 5224 2183 5260 cum

631 5308 750 5359 vino
780 5307 1046 5371 facientes,
1062 5305 1180 5359 dein
1215 5306 1277 5357 ad
1307 5303 1549 5358 feminas.
1584 5302 1872 5370 Acolythus
1896 5314 2021 5353 vero
2052 5313 2187 5352 unus

631 5395 821 5449 lineum
863 5396 1103 5465 pallium,
1132 5405 1189 5449 ut
1218 5409 1332 5447 mos
1353 5404 1454 5456 est,
1485 5391 1700 5455 factum,
1736 5399 1857 5443 ante
1885 5403 1943 5443 se
1979 5395 2187 5450 tenens,

703 5541 728 5568 ³
761 5533 958 5596 Nempe
997 5542 1209 5595 aquam,
1239 5541 1341 5594 qua
1372 5526 1439 5579 de
1469 5542 1525 5579 re
1551 5538 1706 5596 supra
1744 5523 1797 5596 in
1830 5522 2000 5587 primo
2025 5519 2178 5571 libel-

633 5608 704 5655 lu.
729 5602 782 5654 ld
804 5592 997 5653 clarius
1026 5592 1111 5649 hic
1141 5598 1191 5649 in
1221 5592 1665 5660 cense-quentibus
1699 5609 1711 5644 :
1738 5592 1928 5643 Cantor
1947 5604 2061 5641 vero
2088 5602 2177 5660 per

625 5669 877 5731 juniorem
908 5682 1052 5719 suum
1081 5681 1291 5717 cannam
1321 5657 1433 5714 cum
1469 5678 1597 5729 aqua
1630 5660 1902 5714 involutam
1934 5657 2174 5726 mappnla

2293 4571 2528 4630 calicem,
2553 4568 2776 4621 dicendo
2804 4583 2819 4622 :
2872 4566 2987 4618 Pax
3024 4563 3233 4617 Domini
3267 4565 3329 4616 sit
3356 4579 3551 4629 semper
3578 4565 3854 4614 vobiscum.

2297 4662 2682 4725 Venientesqne
2706 4656 2811 4708 duo
2828 4654 3292 4723 presbyteri,unus
3321 4652 3443 4705 hinc
3471 4661 3523 4705 et
3548 4652 3684 4704 alius
3711 4653 3855 4717 inde,

2296 4750 2492 4802 faciant
2540 4760 2659 4799 cum
2703 4760 2769 4798 eo
2816 4758 3030 4812 pacem;
3085 4740 3281 4795 deinde
3318 4738 3761 4801 archidiaconus,
3807 4750 3859 4791 et

2297 4839 2480 4893 redeat
2513 4838 2576 4889 ad
2601 4837 2802 4891 sedem.
2836 4835 2900 4886 Et
2922 4833 3349 4895 archidiaconus,
3383 4829 3723 4897 Evangelinm
3757 4829 3857 4880 sci-

2292 4933 2419 4987 licet
2445 4931 2530 5000 qui
2559 4931 2780 4998 legerat,
2812 4926 3029 4981 accedat
3055 4925 3119 4978 ad
3150 4924 3346 4986 altare;
3392 4922 3669 4988 elevetque
3712 4932 3856 4986 pate-

2287 5039 2401 5087 nas,
2443 5030 2497 5077 et
2532 5020 2691 5074 donet
2728 5033 2819 5071 eas
2861 5016 3136 5085 acolythis,
3181 5014 3467 5080 jubostque
3521 5024 3682 5064 uuam
3732 5020 3857 5062 ante

2291 5112 2651 5181 presbyteros,
2683 5114 2739 5160 et
2779 5106 2934 5158 aliam
2985 5101 3292 5157 diaconihus
3335 5113 3515 5152 coram
3566 5107 3774 5159 tenere,
3804 5107 3857 5149 ut

2291 5202 2499 5270 frangat
2526 5197 2731 5252 scilicet
2753 5195 2958 5250 oblatas
2988 5190 3449 5259 superimpositas.
3485 5189 3674 5243 Elevat
3695 5191 3853 5242 etiam

2290 5302 2343 5347 et
2371 5290 2609 5349 calicem.
2656 5288 2920 5353 donatque
2949 5284 3096 5337 illum
3125 5282 3473 5336 subdiacono.
3520 5278 3725 5332 Fractis
3755 5278 3856 5331 its-

2291 5395 2396 5449 que
2443 5378 2668 5439 oblatis,
2716 5374 2896 5442 iubeat
2940 5372 3196 5425 diaconus
3244 5368 3495 5438 acolytho
3542 5376 3602 5419 ut
3653 5363 3853 5420 deferat

2286 5512 2590 5565 transmittat
2626 5508 2954 5561 subdiacono.

2358 5582 2382 5620 δ
2425 5580 2738 5639 Amalarius,
2772 5579 2821 5629 iu
2853 5576 2940 5628 lib.
2974 5591 3059 5638 Ill,
3092 5586 3207 5641 cap.
3239 5571 3308 5624 25
3338 5588 3350 5622 :
3381 5567 3445 5622 In
3490 5572 3673 5623 eodem
3695 5570 3853 5637 oﬁia'o

2285 5653 2453 5705 lavant
2479 5649 2680 5701 diaconi
2709 5661 2905 5698 titanas.
