4042 6314
144 376 250 432 θξο

1351 377 1605 472 ΒΟΜὸὶΝΙ
1648 376 1962 435 ORDINES.
2002 411 2069 421 --
2110 379 2197 436 Vl.

3293 383 3395 439 930

143 511 309 549 unam
352 505 595 563 patenam
642 494 705 547 ad
736 493 916 548 sedem
958 502 1079 546 ante
1120 495 1440 562 pontificem.
1476 494 1577 558 Qui
1608 510 1723 545 sur-
1755 502 1800 553 Α
1830 494 2080 558 ειιίδοοιιο
2109 492 2462 560 accipiat,eta
2486 490 2709 547 diacono
2728 491 3088 546 confirmetur.
3110 492 3400 562 Presbyter

139 602 283 654 guns
317 594 485 639 vertat
533 598 593 637 se
645 584 710 636 ad
755 586 1048 645 Orientem,
1095 593 1149 637 et
1187 584 1563 637 communicet.
1623 583 1721 635 Su-

142 688 501 743 sv-eptumquc
551 675 804 726 diaconus
834 676 902 725 ab
940 674 1186 743 acolytlto
1229 674 1453 727 calicem
1487 673 1721 741 porrigat

138 769 424 831 episcopo,
463 775 516 815 et
563 763 879 825 confirmet;
912 776 1227 829 rursumque
1256 776 1287 813 a
1316 762 1540 816 diacono
1582 762 1717 815 calix

140 855 401 907 reddatur
438 850 784 904 subdiaconu.

220 946 309 998 Η.
339 945 673 996 Aecedentes
712 955 923 1008 quoque
966 941 1262 1009 presbyteri
1301 940 1715 1003 communicant,

139 1034 346 1099 quibus
376 1034 656 1096 episcopus
684 1031 845 1081 donet
865 1038 1256 1081 sacrosanctum
1287 1042 1480 1094 corpus
1514 1027 1566 1078 in
1601 1042 1716 1077 rna-

139 1138 267 1183 nus,
296 1132 520 1187 eantque
555 1120 620 1172 ad
651 1120 921 1171 sinistrum
953 1133 1116 1170 cornu
1142 1116 1347 1177 altaris,
1378 1116 1717 1168 osculentnr-

136 1228 248 1278 que
290 1212 440 1273 illud,
475 1220 527 1265 et
571 1208 986 1263 communicem.
1018 1206 1381 1271 Subsequatur
1431 1204 1589 1257 etiam
1622 1217 1716 1256 eos

135 1301 502 1353 subdiaconus
540 1314 660 1353 cum
686 1300 871 1364 calice,
911 1299 1176 1363 dunt-tque
1220 1310 1339 1348 eum
1373 1294 1544 1362 primo
1571 1308 1715 1346 com-

138 1391 456 1453 municanti,
484 1390 573 1457 qui
604 1398 657 1441 et
684 1390 880 1441 tribuat
906 1386 1279 1454 subsequenti:
1307 1396 1361 1439 et
1389 1385 1465 1437 sic
1493 1398 1586 1451 per
1628 1399 1716 1434 or-

136 1484 325 1535 dinem
353 1498 487 1535 unus
519 1481 672 1535 alteri
720 1482 949 1541 tribuat,
993 1480 1164 1532 donec
1203 1491 1387 1531 omnes
1416 1475 1714 1528 confirmet.

138 1573 398 1627 Similiter
442 1587 653 1641 quoque
690 1582 809 1640 post
859 1570 1000 1633 illos,
1038 1570 1296 1623 diaconos
1326 1565 1718 1619 communicent

132 1663 251 1732 69
295 1673 347 1716 et
383 1664 721 1718 confirment.
767 1661 898 1715 Dein
944 1662 1119 1715 clerus
1166 1659 1592 1713 communionem
1648 1658 1716 1710 ab

1833 596 2010 637 autem
2044 600 2198 647 unus,
2228 593 2319 637 aut
2362 584 2489 648 duo,
2519 584 2602 636 vel
2628 593 2757 646 tres,
2802 598 2897 637 seu
2948 592 3173 651 quatuor
3203 582 3398 637 fuerint

1828 676 2139 738 neces~arii,
2170 676 2324 727 aliam
2356 675 2617 742 accipiant
2646 683 2912 742 patenam,
2934 684 2986 727 et
3017 689 3080 727 ex
3110 688 3171 725 ea
3202 676 3250 725 in
3276 675 3397 727 reli-

1827 783 1956 837 quas
1986 770 2280 837 partiantur
2304 776 2558 835 patenas;
2590 767 2906 820 confirment
2937 766 3193 832 sanguine
3219 780 3392 827 sacro,

1825 870 1878 915 et
1899 862 1975 913 sic
2011 864 2258 927 pupulum
2283 860 2696 919 communicent,
2735 867 2980 910 cantante
3009 855 3186 908 aCilOla
3220 857 3395 922 Agnus

1829 948 1943 1011 Dei,
1974 957 2026 1001 et
2057 946 2517 1001 tiommnnionem.
2543 948 2739 999 Omnes
2765 946 2852 1014 qui
2877 946 3138 999 voluerint
3169 945 3396 997 habeant

1824 1038 2299 1092 communicatum.
2327 1038 2518 1089 Diebus
2541 1053 2668 1089 vero
2696 1038 3041 1099 solemnibus,
3068 1036 3117 1089 id
3146 1046 3226 1090 est
3263 1053 3394 1104 prmo

1823 1129 2032 1190 cipuam
2084 1127 2422 1179 fesrivitatem
2470 1125 2805 1190 trahentibus,
2858 1139 3065 1191 peracta
3118 1127 3392 1178 Missarnm

1822 1214 2185 1281 solemnitate,
2221 1218 2539 1281 procedente
2573 1213 2840 1277 pontifice,
2866 1224 3109 1266 occurrat
3134 1213 3179 1264 ei
3210 1223 3397 1265 cantor

1820 1318 1938 1356 cum
1967 1301 2171 1364 schola,
2192 1312 2245 1355 et
2264 1302 2401 1354 dicat
2428 1300 2611 1363 :Jube,
2628 1301 2828 1361 donme,
2852 1301 3159 1360 benedicere,
3187 1314 3394 1366 respon-

1820 1394 2114 1460 dentnrque
2152 1410 2178 1444 a
2229 1391 2481 1459 pontifice
2538 1388 2813 1442 Benedicat
2845 1404 2937 1441 nos
2967 1388 3137 1449 Deus,
3184 1398 3237 1440 et
3289 1397 3394 1438 tota

1820 1487 2001 1541 acltola
2030 1486 2133 1537 alta
2165 1483 2307 1538 dicat
2325 1498 2450 1536 voce
2474 1483 2653 1535 Amen.
2678 1482 2847 1534 Simili
2877 1485 3035 1535 etiam
3056 1482 3255 1534 ratione
3282 1481 3391 1547 ﬁat,

1819 1577 1941 1629 dum
1976 1575 2178 1644 ingredi
2213 1575 2263 1629 in
2296 1573 2643 1627 secretarium
2673 1570 2850 1627 debet.

134 1802 2230 1826 ww

1053 1916 1391 2019 cano
1540 1908 2168 2015 ROMANUS
2291 1911 2428 2015 VI
2460 1984 2497 2047 ,

1104 2099 1205 2158 DE
1250 2098 1481 2158 MISSA
1526 2096 1981 2157 EPISCOPALI
2027 2096 2446 2159 SECUNDUS.

135 2247 284 2304 Ordo
320 2248 680 2310 Processionis,
713 2246 986 2314 siquando
1024 2246 1287 2313 episcopus
1318 2243 1512 2314 festiu’s
1540 2243 1715 2314 diebus
1750 2244 1793 2303 Β
1818 2241 2013 2310 gelium
2062 2240 2203 2308 quod
2251 2240 2344 2294 illo
2388 2240 2474 2294 die
2523 2240 2800 2308 legendum
2850 2250 2931 2295 est
2976 2243 3263 2295 osculatur.
3300 2240 3390 2297 llis

212 2318 429 2371 Missam
451 2317 701 2370 celebrare
726 2310 959 2379 voluerit,
988 2310 1061 2368 ita
1085 2327 1139 2367 ut
1167 2310 1230 2367 ab
1276 2313 1495 2377 antiquis
1542 2310 1717 2364 Patri-

213 2388 308 2440 bus
356 2385 744 2439 occidentalium
788 2386 1103 2437 institutione
1144 2393 1215 2437 est
1258 2385 1593 2446 constitutus,
1634 2382 1715 2433 hic

211 2459 390 2510 adesse
415 2458 641 2509 cernitur
667 2456 903 2524 scriptas.

208 2563 395 2633 701.
440 2562 721 2630 Postquam
750 2563 914 2629 prima
966 2561 1094 2615 hora
1142 2560 1403 2613 celebrata
1454 2557 1613 2611 fuerit
1662 2560 1712 2610 in

134 2662 401 2706 conventu
426 2654 666 2716 fratrum,
698 2654 785 2720 qui
815 2650 952 2719 apud
981 2650 1235 2717 quosdam
1258 2650 1549 2715 capitulum
1580 2664 1715 2700 nun-

133 2753 384 2811 cupatur.
425 2759 452 2795 a
499 2743 700 2796 decano
746 2742 822 2794 vel
871 2749 1086 2793 cantore
1147 2740 1336 2806 singuli
1385 2737 1447 2791 ad
1501 2737 1709 2791 Missam

134 2833 436 2886 ministeria
482 2834 648 2885 acturi
699 2830 995 2883 destinandi
1037 2838 1179 2881 sunt.
1215 2828 1273 2880 Et
1307 2842 1423 2879 cum
1458 2827 1706 2878 tintinna-

130 2924 321 2977 bulum
361 2922 426 2974 ad
468 2923 675 2976 tertiam
724 2921 979 2984 sonuerit,
1005 2934 1189 2971 omnes
1233 2919 1389 2972 simul
1439 2918 1626 2970 fratres
1659 2918 1708 2968 in

131 3013 361 3067 chorum
399 3012 681 3065 ordinatim
705 3011 988 3064 convenire
1026 3009 1240 3073 debent,
1271 3006 1626 3060 liumcralibns
1658 3017 1712 3059 et

133 3103 293 3166 albis,
327 3101 460 3169 apud
490 3102 739 3167 quosdam
772 3110 947 3152 autem
973 3099 1169 3152 casulis
1196 3099 1386 3151 induti.
1428 3098 1529 3150 Sed
1582 3097 1713 3149 Pro.

134 3193 433 3246 cessionem
465 3206 639 3243 coram
669 3192 919 3257 episcopo
947 3189 1146 3241 acturis
1166 3203 1196 3240 a
1228 3188 1447 3241 custode
1468 3188 1709 3240 ecclesiae

132 3283 188 3335 in
234 3282 468 3334 sacrario
515 3286 821 3332 ornamenta
882 3276 1161 3343 praebenda
1211 3286 1355 3341 sunt,
1388 3276 1709 3345 presbyteris

132 3371 366 3435 duobus,
396 3370 482 3438 qui
530 3372 834 3437 episcotrum
880 3369 1083 3422 ducturi
1134 3378 1276 3430 sunt,
1298 3382 1501 3435 cappm,
1529 3367 1708 3420 diacoo

133 3464 294 3518 nibus
332 3466 501 3525 sto'm,
543 3472 594 3515 et
630 3462 945 3523 dalmaticte,
976 3460 1384 3514 subdiaconibus
1432 3475 1559 3510 νιτο
1606 3460 1703 3511 sibi

131 3568 388 3622 congruae
433 3562 626 3615 vestes,
656 3567 772 3619 qua:
816 3552 951 3617 apud
998 3550 1251 3615 quosdam
1299 3549 1703 3603 subdiaconales
1731 3589 1775 3647 Ο

130 3644 510 3707 nominantur;
541 3652 594 3697 et
625 3645 882 3708 mappula
930 3644 982 3694 in
1013 3643 1222 3695 sinistra
1266 3654 1422 3693 tnanu
1447 3642 1702 3702 terenilze,

130 3732 400 3802 acolytltis
425 3733 761 3797 candelabra,
795 3742 848 3786 et
878 3731 1141 3785 tituribula
1169 3733 1457 3799 perlaturis
1488 3730 1702 3784 casula}.

134 3826 230 3878 llis
258 3840 379 3877 cum
412 3826 579 3878 induti
609 3825 824 3889 fuerint,
858 3824 1082 3891 acolytis
1122 3822 1443 3876 candelabra
1492 3832 1707 3888 portan-

132 3915 302 3977 tibus,
333 3914 685 3968 subdiaconus
712 3914 1081 3968 areltidiacono
1124 3911 1462 3979 Evange'ium
1509 3910 1626 3973 fert,
1653 3911 1703 3963 in

131 4002 313 4056 medio
340 4003 499 4055 stanti
530 4012 677 4055 extra
708 4005 1021 4063 sacrarium,
1049 4002 1160 4054 sive
1183 4002 1338 4064 intra,
1370 4000 1457 4053 ubi
1484 4014 1544 4053 se
1577 4015 1706 4067 pon-

132 4092 260 4144 tifex
311 4101 477 4158 parat,
512 4102 653 4145 retro
699 4092 960 4160 acolytltis
1004 4092 1289 4145 Ordinatim
1322 4090 1569 4143 standum
1600 4100 1702 4144 est.

134 4185 251 4237 [tuo
293 4192 468 4235 autern
519 4184 809 4253 presbyteri
861 4186 950 4247 ita,
987 4192 1044 4236 ut
1091 4183 1157 4236 ad
1200 4183 1437 4246 Missam,
1480 4192 1707 4247 excepto

128 4273 277 4339 quod
322 4274 507 4341 cappis
563 4273 730 4326 induti
774 4284 916 4338 sunt,
951 4272 1148 4336 vestiti,
1182 4288 1280 4325 una
1328 4286 1446 4325 cum
1502 4280 1703 4336 septem

129 4363 445 4418 diaconibus
493 4380 670 4418 coram
725 4365 975 4432 episcopo
1024 4374 1223 4417 stantes
1284 4364 1586 4416 ministrent
1633 4363 1701 4424 ei,

129 4463 414 4507 cantantes
442 4468 563 4507 cum
593 4454 683 4506 illo
710 4464 914 4521 septem
946 4452 1184 4507 Psalmos
1206 4468 1325 4506 cum
1360 4452 1558 4503 Iitania.

204 4544 258 4596 2.
293 4544 476 4598 'l'ertia
526 4559 650 4597 vero
677 4560 705 4596 a
737 4544 991 4597 fratribus
1013 4542 1245 4610 impleta,
1274 4540 1565 4610 procedunt
1593 4540 1706 4594 dia-

129 4633 251 4685 coni
278 4632 346 4685 de
374 4633 627 4696 sacrario,
655 4632 949 4687 dividentes
978 4647 1034 4685 se
1074 4632 1128 4684 in
1174 4631 1305 4684 duas
1348 4640 1543 4697 partes,
1570 4644 1703 4698 qua-

131 4735 256 4776 tuor
302 4724 369 4777 ad
413 4725 708 4789 dexteram,
749 4727 851 4794 71
893 4732 1000 4778 tres
1049 4725 1114 4778 ad
1160 4723 1464 4777 sinistram:
1499 4732 1550 4775 et
1581 4732 1704 4775 tunc

132 4814 703 4882 procedatepiscopus,
726 4826 932 4883 stetque
959 4829 1024 4869 ex
1053 4815 1218 4868 choro
1247 4813 1325 4867 sic
1349 4828 1509 4882 prope
1548 4815 1697 4881 adeo,

129 4915 190 4955 ut
233 4905 437 4957 cantari
467 4918 622 4957 manu
657 4906 875 4958 innuere
909 4905 1100 4958 valeat.
1131 4903 1226 4957 Cui
1256 4906 1414 4957 etiam
1440 4906 1699 4960 silendum

126 5003 235 5059 est,
268 5008 538 5061 usquequo
568 4995 846 5062 episcopus
885 5002 1097 5047 cantare
1123 4995 1361 5060 jusserit.
1396 4993 1596 5048 Dehinc
1626 4997 1702 5048 in-

128 5093 332 5136 nuente
381 5084 630 5151 episcOpo
674 5095 918 5138 cantetur
966 5084 1234 5138 lntroitus.
1269 5084 1332 5137 Et
1385 5084 1614 5151 pontifex
1668 5101 1697 5137 a

126 5175 354 5227 custode
399 5175 666 5239 ecclesiae,
689 5175 776 5243 qui
821 5176 940 5229 alba
981 5176 1194 5228 indutus
1238 5189 1358 5228 esse
1394 5176 1572 5240 debet,
1606 5176 1698 5228 in-

126 5279 352 5317 censum
383 5266 670 5331 accipiens,
702 5276 860 5334 ponat
882 5267 933 5319 in
966 5265 1313 5327 thuribulum,
1344 5275 1397 5318 et
1423 5267 1697 5321 archisub-

125 5356 356 5408 diacono
382 5366 697 5423 apportante
745 5355 1083 5422 hvangelium
1126 5357 1517 5423 complicatum,
1542 5371 1699 5411 oscu-

126 5446 269 5500 letur
296 5462 309 5510 ;
338 5462 445 5514 quo
485 5456 658 5500 tamen
704 5462 733 5498 a
774 5445 1038 5514 plerisque
1084 5448 1344 5505 revoluto,
1375 5445 1498 5497 illud
1528 5447 1697 5501 Evan-

201 5588 225 5615 ³
248 5580 453 5648 Quippe
476 5581 599 5632 olim
631 5597 733 5634 non
764 5597 897 5633 unus
920 5589 1117 5632 tantum
1147 5596 1205 5632 es
1236 5579 1445 5631 l’saltnn
1469 5580 1683 5643 Versus,

124 5660 180 5703 nt
228 5652 407 5713 tnozln,
441 5653 817 5703 decantabatnr
862 5653 923 5701 ail
982 5650 1273 5707 Intrnittttn,
1308 5650 1399 5701 scil
1453 5650 1687 5703 l’salmns

121 5722 531 5775 contionabatur
561 5722 624 5772 ad
658 5729 837 5773 nutum
876 5720 1160 5773 sacerdotis
1188 5720 1526 5772 teleltrnntlS.
1564 5716 1687 5774 Vide

1816 2332 2061 2399 expletis,
2086 2346 2205 2384 cum
2236 2340 2258 2364 ιι
2295 2331 2539 2384 Psalmus
2562 2341 2824 2396 cantatur,
2855 2332 3107 2385 innueute
3138 2333 3390 2401 episcopo

1819 2422 2128 2489 prtecedant
2157 2422 2391 2492 aculytbi
2421 2437 2539 2477 cum
2582 2424 2934 2487 candelabris,
2968 2424 3194 2489 primum
3228 2440 3387 2490 unus,

1817 2522 1924 2565 tum
1966 2514 2069 2566 duo
2114 2523 2169 2566 et
2212 2514 2344 2581 duo,
2380 2525 2434 2567 et
2477 2515 2785 2568 subdiaconi
2835 2514 3101 2568 similiter.
3141 2513 3388 2568 Protinus

1812 2604 2019 2658 diaconi
2050 2608 2302 2659 secuturi.
2330 2607 2393 2660 Et
2415 2608 2493 2660 sic
2516 2607 2763 2674 procedat
2787 2606 3036 2660 sacerdos
3061 2609 3111 2659 in
3140 2607 3387 2669 chorum,

1813 2694 2129 2749 ducentibus
2159 2712 2277 2749 eum
2306 2696 2511 2748 duobus
2537 2698 2877 2765 presbyteri-,
2910 2712 3042 2763 Quos
3074 2699 3253 2764 cappis
3275 2697 3386 2763 jam

1813 2792 1936 2835 ante
1967 2784 2311 2849 pranlitimns
2340 2800 2459 2838 esse
2507 2785 2740 2847 indutos,
2775 2786 2911 2849 sive,
2937 2795 2992 2838 ut
3040 2786 3127 2838 alii
3180 2787 3383 2849 volunt,

1815 2871 1931 2924 dine
1971 2872 2141 2924 nibus.
2180 2872 2327 2939 Apud
2359 2873 2613 2939 quosdam
2638 2887 2811 2927 autem
2838 2875 2887 2926 in
2919 2874 3014 2925 ltac
3046 2876 3386 2939 processione

1813 2961 1932 3015 aliis
1962 2960 2367 3015 subdiaconibns
2398 2962 2840 3029 prtecedenttbus,
2869 2965 2953 3015 ille
2980 2962 3067 3030 qui
3097 2963 3112 3015 l
3147 2965 3378 3017 ctionctn

1812 3053 2042 3106 lecturus
2067 3063 2147 3106 εει
2168 3067 2285 3104 cum
2328 3052 2612 3119 Evangelio
2635 3063 2778 3104 retro
2800 3054 3048 3105 diaconos
3079 3055 3384 3119 cpisenpnttt

1813 3142 2081 3210 praecedit,
2104 3157 2282 3194 coram
2311 3157 2466 3209 quem
2494 3142 2596 3195 duo
2624 3142 2852 3210 acolytlti
2883 3159 2999 3195 cum
3024 3143 3382 3205 catttlelabris,

1808 3246 2049 3300 unusque
2094 3246 2213 3283 cum
2262 3232 2527 3284 thuribulo
2574 3232 2909 3285 antecedant.
2959 3231 3159 3298 Quibus
3209 3233 3386 3300 utique

1808 3322 1860 3375 in
1904 3324 2002 3376 hoc
2043 3323 2477 3378 consentiendum
2508 3338 2626 3377 esse
2664 3324 2925 3377 volunms.

1880 3438 1931 3490 5.
1965 3436 2123 3505 Igitur
2154 3446 2209 3490 ut
2238 3437 2410 3489 omnis
2456 3436 2725 3503 processio
2772 3437 2821 3487 in
2871 3435 3098 3488 chorum
3151 3435 3375 3496 venerit,

1806 3523 2033 3591 acolytlti
2061 3539 2180 3577 cum
2208 3523 2540 3577 candelabris
2565 3537 2622 3576 se
2645 3523 3154 3589 dividunt:quatuor
3177 3522 3383 3575 scilicet

1811 3615 1862 3665 in
1910 3615 2206 3675 dexteram,
2247 3624 2301 3667 et
2346 3628 2450 3667 tres
2504 3616 2552 3667 in
2597 3615 2884 3679 sinistram,
2919 3613 3182 3680 similique
3223 3613 3382 3668 modo

1808 3708 2016 3761 diaconi
2074 3709 2289 3763 faciant.
2322 3707 2643 3761 Subdiaconi
2685 3716 2887 3771 autem,
2937 3707 3177 3774 protinus
3221 3715 3277 3758 ut
3327 3706 3377 3757 in

1807 3799 2026 3851 chorum
2064 3801 2318 3862 venerint,
2348 3799 2499 3867 quasi
2522 3799 2764 3867 qumdant
2794 3799 2931 3853 linea
2954 3798 3183 3865 porrecti
3209 3811 3380 3863 usque

1808 3886 1873 3939 ad
1899 3889 2062 3940 altare
2094 3889 2515 3955 progredientes,
2544 3889 2697 3942 simul
2727 3904 2784 3942 se
2810 3888 3063 3941 inclinent
3083 3904 3260 3940 coram
3288 3901 3376 3949 eo,

1808 3989 1967 4046 atque
1998 3979 2281 4043 Eiangelio
2323 3979 2680 4046 superposito,
2711 3987 2937 4046 quatuor
2967 3980 3018 4032 in
3044 3981 3232 4033 dextro
3260 3977 3379 4046 eius

1807 4086 1991 4126 cornu.
2027 4078 2081 4121 et
2125 4080 2233 4123 tres
2274 4069 2325 4122 in
2358 4071 2573 4123 sinistro
2598 4073 2909 4123 consistant.
2960 4069 3200 4122 Pontifex
3251 4085 3379 4122 vero

1807 4170 2082 4229 postquam
2106 4162 2157 4214 in
2187 4161 2523 4215 medietatem
2562 4162 2884 4228 perducitur,
2919 4162 3258 4229 presbyteris,
3283 4160 3372 4227 qni

1805 4264 1926 4304 eum
1957 4251 2240 4315 ducebant,
2273 4253 2383 4305 sive
2411 4252 2722 4305 diaconibus
2752 4266 2940 4304 manus
2982 4252 3096 4319 ejus
3133 4250 3376 4303 osculan-

1806 4341 1966 4404 tibus,
2017 4343 2334 4410 propriaque
2398 4342 2763 4410 repetentibus
2820 4342 2956 4403 loca,
3006 4340 3267 4393 inclinans
3318 4352 3378 4392 se

1808 4431 1970 4485 Deum
2009 4449 2103 4499 pro
2156 4435 2386 4499 peccatis
2432 4434 2545 4486 suis
2593 4434 2926 4501 deprecetur.
2957 4434 3109 4485 'l‘unc
3163 4438 3373 4483 erectus

1806 4521 2030 4588 primum
2076 4525 2396 4590 presbyteris
2436 4524 2658 4586 duobus,
2689 4523 2878 4577 deinde
2922 4522 3229 4575 diaeonibns
3280 4533 3375 4587 per

1804 4611 2043 4665 ordinem
2076 4615 2319 4667 omnibus
2360 4614 2505 4681 pacis
2543 4614 2723 4668 oscula
2768 4613 2935 4665 dabit.
2964 4612 3018 4665 ln
3057 4609 3370 4679 quibusdam

1803 4706 1944 4758 enim
1974 4705 2102 4758 locis
2132 4720 2259 4758 usus
2295 4716 2378 4759 est
2407 4714 2459 4757 et
2490 4703 2840 4767 consuetudo,
2872 4714 2928 4754 ut
2959 4702 3037 4752 Itis
3066 4701 3225 4751 finitis
3265 4700 3366 4750 mi-

1804 4800 1970 4850 nister
1998 4813 2116 4851 cum
2162 4796 2426 4851 thuribulo
2456 4798 2831 4853 subdiaconurn
2863 4794 3204 4862 Evangelinm
3247 4805 3374 4857 por-

1808 4902 2004 4945 tantem
2052 4891 2331 4945 antecedat
2385 4891 2450 4943 ad
2499 4893 2687 4956 altare,
2732 4903 2909 4942 coram
2958 4886 3048 4938 illo
3098 4887 3374 4938 incensum

1808 4997 2036 5050 ponens;
2069 4991 2121 5034 et
2166 4981 2521 5035 subdiaconus
2564 4981 2791 5047 desuper
2836 4977 3174 5043 Evangelium
3202 4974 3374 5039 depo-

1807 5087 1937 5124 nens
1963 5081 2278 5125 revertatur.
2310 5072 2362 5123 ln
2392 5072 2510 5123 aliis
2536 5085 2660 5123 vero
2687 5085 2787 5122 non
2817 5069 3089 5120 incensum
3119 5064 3184 5116 ad
3206 5063 3375 5115 altare

1799 5171 2065 5231 portatur,
2099 5173 2378 5230 antequam
2411 5162 2703 5215 oblationes
2740 5159 2891 5214 altari
2918 5172 3368 5226 superponantur.

1876 5253 1981 5322 72
2012 5255 2067 5307 4.
2121 5254 2278 5321 Igitur
2328 5253 2410 5306 ltis
2459 5253 2704 5320 peractis,
2734 5268 2852 5306 cum
2895 5251 3074 5305 Gloria
3122 5253 3374 5305 innuente

1804 5342 2053 5410 episcopo
2100 5344 2431 5405 cantabitur,
2483 5358 2512 5395 a
2556 5357 2701 5411 saepe
2746 5342 2901 5397 dictis
2951 5342 3271 5410 presbyteris
3316 5340 3371 5395 in

1804 5434 2133 5501 superiorem
2184 5434 2453 5487 ducendus
2493 5443 2574 5488 est
2616 5433 2858 5502 gradum,
2893 5447 2997 5487 non
3039 5432 3255 5486 omnino
3304 5431 3371 5484 ad

1795 5583 2096 5638 Menardum
2121 5596 2390 5669 "nostrum
2445 5602 2495 5639 ιη
2545 5582 3027 5640 Sacramentariutn
3090 5584 3365 5653 Gregoria-

1798 5670 1941 5721 lltlttt,
1976 5672 2091 5725 pag.
2121 5671 2173 5712 Ο.
