4008 6366
548 399 645 455 9‘.“
1239 386 1581 447 APPENDIX
1620 387 1711 441 AD
1750 385 1807 439 S.
1849 377 2173 435 GREGORII
2216 376 2425 431 MAGNI
2469 374 2833 469 blTURGICA
2872 374 3118 428 OPERA.
3725 370 3835 424 91h”

551 516 737 567 altare.
776 510 828 562 In
862 524 967 577 quo
1000 507 1157 561 etiam
1207 506 1323 557 loco
1358 515 1573 572 gressus
1618 497 1855 568 ﬁgendus
1898 503 2001 560 est,
2031 508 2121 547 us-
2148 498 2197 556 Α
2225 491 2353 562 lytbi
2384 506 2503 544 cum
2552 490 2883 544 candelabris
2937 506 3104 557 usque
3148 489 3213 542 ad
3263 489 3433 543 altare
3476 486 3839 543 antecedant.

554 618 766 672 qtteqtto
819 596 1112 665 presbyteri
1150 597 1398 661 primum,
1437 600 1491 644 et
1522 601 1645 643 tunc
1673 588 1778 641 duo
1807 594 1859 640 et
1885 585 1990 638 duo
2018 583 2129 635 dia-
2232 584 2347 650 Quo
2400 599 2519 636 cum
2571 582 2895 650 pervenerit,
2927 582 3231 649 episcopus,
3279 589 3503 647 accepto
3550 581 3728 633 odore
3755 583 3837 633 iu-

556 694 676 745 coui
708 688 889 741 altiris
925 699 1121 739 cornua
1167 683 1501 742 oseulentur,
1532 688 1583 732 et
1622 676 1910 731 novissime
1953 674 2127 727 arcbi-
2234 676 2375 728 censi
2406 684 2459 727 et
2491 674 2777 742 Evangelio
2805 673 3133 737 deosculato,
3164 674 3228 725 ad
3264 674 3710 740 medicationem
3743 690 3843 741 per

559 780 811 832 diaconus
836 776 1001 826 solus.
1036 770 1142 825 Sed
1187 769 1441 822 continuo
1473 776 1530 819 ut
1554 767 1833 834 episcopus
1860 763 1912 816 in
1943 760 2129 814 altiora
2236 779 2427 818 manus
2473 762 2765 831 presbyteri
2818 770 2875 814 et
2911 761 3273 815 archidiaconi
3308 763 3691 829 perducendus
3733 777 3824 816 est

559 865 820 923 scandere
851 861 1153 929 incmperit,
1186 858 1540 913 subdiaconus
1580 856 1668 923 qui
1699 854 1842 921 prius
1872 852 2024 921 juxta
2052 850 2132 901 al-

2289 862 2307 905 ι
2338 854 2547 905 interim
2594 852 2719 904 dum
2766 866 3068 904 sermonem
3120 850 3245 904 facit
3274 852 3339 903 ad
3374 853 3657 919 pupulum,
3687 863 3839 915 sub-

561 966 675 1009 tare
702 954 893 1015 stabat,
926 952 1090 1003 choro
1141 948 1320 1003 Gloria
1370 946 1521 999 Patri
1551 953 1795 1003 canente,
1828 942 1893 994 ad
1926 944 2136 1009 prapria
2240 940 2497 994 diaconus
2524 940 2903 992 circumeundo
2946 939 3199 994 fratribus
3248 943 3595 1009 Evangelium
3623 958 3845 1011 appor-

564 1044 677 1096 loca
711 1040 1083 1094 revertendum
1110 1047 1211 1100 est,
1242 1046 1296 1091 et
1345 1046 1570 1105 quatuor
1615 1035 1665 1085 in
1714 1032 1902 1085 dextro
1951 1029 2137 1092 cboio,
2242 1038 2335 1089 tet,
2370 1029 2438 1080 ab
2464 1029 2709 1081 omnibus
2736 1029 3021 1081 ordinatim
3051 1031 3500 1094 deosculaudum;
3530 1036 3616 1085 sin
3644 1044 3849 1087 autem

564 1130 735 1184 tribus
787 1131 837 1182 in
890 1129 1110 1181 sinistro
1148 1126 1393 1180 standum
1445 1125 1568 1177 erit.
1600 1120 1800 1186 Quibus
1838 1119 1906 1171 ita
1959 1116 2138 1177 ﬁnitis,
2243 1118 2526 1183 episcOpus
2572 1116 2858 1184 praedicare
2906 1120 3153 1184 noluerit,
3184 1120 3289 1174 alta
3321 1136 3449 1175 voce
3472 1123 3699 1190 incipiat
3741 1139 3853 1177 ea-

566 1222 692 1274 item
720 1233 906 1273 versus
934 1234 962 1269 a
986 1218 1148 1271 choro
1178 1213 1473 1269 cantandus
1507 1220 1607 1275 est,
1637 1219 1690 1263 et
1718 1207 1946 1275 pontifex
1973 1218 2139 1271 usque
2247 1221 2375 1260 nere
2403 1205 2564 1259 Credo
2594 1208 2647 1260 in
2676 1224 2833 1260 unum
2859 1207 3038 1273 Deum,
3072 1219 3126 1262 et
3156 1210 3228 1263 ita
3258 1214 3431 1268 omnis
3461 1214 3661 1268 chorus
3701 1215 3815 1268 inci

568 1309 624 1365 in
647 1309 979 1363 medietatem
1007 1306 1188 1361 altaris
1221 1304 1495 1359 ducendus
1519 1310 1633 1365 est;
1665 1299 1752 1352 ubi
1792 1313 1849 1351 se
1878 1296 2031 1349 altari
2062 1294 2147 1346 in-
2248 1297 2398 1362 piens
2442 1294 2649 1349 Patrem
2692 1299 3106 1365 omnipotentem,
3139 1301 3207 1354 ad
3231 1300 3388 1355 linem
3420 1318 3591 1372 usque
3633 1306 3811 1371 perdo

568 1400 795 1459 clinans,
830 1396 1164 1465 Evangelium
1194 1394 1494 1455 osculetur;
1517 1399 1570 1444 et
1610 1392 1688 1441 sie
1724 1388 1935 1440 demum
1962 1384 2148 1437 dextro
2248 1396 2353 1440 cat.
2387 1386 2647 1441 Diaconus
2676 1402 2800 1441 vero
2829 1390 3007 1442 statim
3036 1400 3092 1443 ut
3119 1404 3150 1443 a
3181 1392 3382 1460 pulpito
3408 1394 3634 1460 gradum
3664 1395 3735 1447 ad
3759 1398 3851 1448 al-

572 1503 739 1543 cornu
765 1487 968 1547 altaris.
1000 1486 1088 1539 ubi
1132 1484 1290 1539 etiam
1335 1480 1490 1535 sedes
1518 1478 1617 1531 sibi
1649 1484 1827 1543 parata
1868 1482 1964 1535 est,
1991 1485 2148 1525 oscu-
2253 1486 2365 1530 me
2418 1478 2711 1531 ascenderit
2735 1519 2751 1543 ,
2802 1478 3068 1548 accipiens
3119 1484 3397 1550 ροτροηιε
3432 1485 3500 1535 ab
3542 1486 3803 1555 ποηωο
3828 1526 3852 1550 θ

581 1579 691 1633 lum
738 1576 890 1631 ferat.
923 1577 1071 1630 Tunc
1119 1575 1254 1628 alius
1295 1574 1570 1641 presbyter
1616 1568 1884 1636 proprium
1938 1571 2143 1629 repetat
2252 1566 2359 1619 alio
2410 1581 2470 1620 se
2518 1568 2801 1635 adjuvaute
2843 1570 3071 1624 diacono
3115 1586 3278 1641 super
3324 1576 3492 1628 altare
3536 1574 3843 1628 distendat.

586 1668 784 1730 locum,
814 1667 946 1720 alius
983 1677 1158 1720 autem
1206 1664 1396 1718 librum
1451 1663 1700 1730 episcopo
1739 1657 1969 1726 porrigat
1998 1664 2155 1722 atque
2256 1656 2406 1721 Quod
2437 1656 2616 1724 uzique
2661 1657 2882 1712 linteum
2924 1673 2990 1714 ex
3031 1676 3163 1728 puro
3206 1662 3315 1716 lino
3359 1672 3664 1717 contextum
3712 1679 3841 1717 esst

582 1758 839 1821 revolvat,
872 1768 923 1809 et
950 1753 1157 1807 diaconi
1180 1760 1403 1821 quatuor
1432 1751 1484 1802 in
1514 1749 1720 1809 dextro,
1754 1756 1860 1799 tres
1896 1746 1947 1797 iu
1987 1743 2156 1797 sinis-
2257 1745 2437 1809 debet,
2485 1748 2607 1815 quia
2653 1747 2877 1802 sindone
2924 1751 3119 1805 munda
3156 1766 3353 1820 corpus
3387 1753 3595 1807 Domini
3642 1756 3814 1824 legitu

583 1859 665 1901 tro
685 1847 865 1899 altaris
895 1859 1056 1899 cornu
1099 1841 1414 1896 consistant.
2191 1859 2237 1917 Β
2262 1834 2557 1889 involutum
2603 1838 2656 1890 in
2686 1838 2959 1905 sepulcro;
3008 1848 3063 1895 et
3109 1850 3269 1895 tantae
3319 1846 3685 1911 quantitatis‘
3718 1860 3855 1900 ess.

657 1937 708 1989 5.
756 1937 972 1988 Peracto
1018 1933 1196 2000 i:aque
1245 1930 1462 1983 lntroitu
1489 1971 1503 1995 ,
1560 1930 1811 1981 innuente
1859 1924 2110 1993 episcopo
2133 1964 2149 1988 ,
2262 1924 2440 1990 debet,
2472 1933 2529 1979 ut
2552 1932 2717 1980 totam
2743 1928 2926 1983 altaris
2954 1930 3295 2000 superﬁciem
3320 1932 3516 2001 capiat.

586 2025 903 2079 cantandum
935 2032 1016 2077 est
1048 2020 1206 2090 Kyrie
1227 2021 1435 2084 eleison,
1465 2019 1580 2072 sine
1612 2018 1763 2084 cujus
1803 2016 2157 2069 insinuatione

588 2125 861 2168 cantarem
892 2111 1020 2164 nilul
1064 2124 1255 2165 canere
1292 2109 1489 2163 licebit.
1521 2109 1583 2162 Et
1614 2116 1738 2160 tunc
1768 2105 1997 2173 acolytlii
2032 2117 2159 2156 can-

593 2204 808 2257 delabra
848 2202 897 2253 in
943 2199 1176 2253 inferiori
1222 2197 1408 2266 gradu,
1451 2198 1600 2265 quasi
1646 2194 1874 2264 quodam
1924 2193 2034 2257 ﬁlo,
2067 2206 2160 2259 per

590 2304 788 2349 rectam
833 2294 1022 2346 lineam
1075 2299 1292 2360 ponant,
1344 2289 1449 2355 vel,
1502 2299 1558 2341 ut
1607 2286 1819 2356 quidam
1868 2284 2073 2348 volunt,
2109 2283 2159 2335 in

2334 2044 2389 2098 8.
2455 2045 2967 2103 Arcltisubdiaconus
3014 2052 3209 2119 quippe
3265 2065 3321 2105 ut
3372 2054 3721 2122 Evangelium
3776 2057 3856 2111 ab

2260 2145 2505 2201 omnibus
2547 2146 2755 2201 clericis
2796 2149 3158 2205 deosculatum
3203 2167 3363 2220 super
3389 2155 3561 2209 altare
3579 2155 3853 2224 deposue-

2263 2244 2354 2309 rit,
2386 2244 2651 2311 accipiens
2675 2246 2894 2300 calicem
2915 2249 2983 2302 ab
3011 2250 3279 2320 acolytbo,
3324 2254 3708 2309 arcbidiacooo
3750 2274 3853 2327 ap—

598 2385 811 2437 nioduni
842 2384 1040 2437 crucis.
1070 2381 1230 2450 Igitur
1259 2396 1378 2433 cum
1420 2378 1599 2432 Gloria
1628 2380 1679 2430 in
1709 2377 1917 2430 excelsis
1947 2388 2163 2440 percau-

598 2474 818 2541 tabitur,
850 2483 903 2528 et
942 2472 1177 2542 pontifex
1219 2485 1278 2525 se
1323 2469 1391 2523 ad
1444 2471 1718 2538 populum,
1755 2467 1869 2520 Pax
1913 2465 2163 2520 vobiscum

597 2565 857 2628 dicturus,
888 2562 1169 2625 convertit,
1192 2560 1401 2614 diaconi
1428 2559 1585 2613 simul
1618 2573 1737 2612 cum
1761 2572 1827 2611 eo
1856 2571 1914 2611 se
1943 2568 2168 2609 conver-

598 2656 711 2709 suri
741 2665 885 2709 sunt.
929 2654 1171 2723 Cumque
1198 2653 1470 2707 collectam
1504 2652 1718 2714 ﬁnierit,
1753 2651 1907 2705 lectio
1946 2651 2165 2718 legatur.

598 2748 664 2802 Et
690 2747 907 2802 sedente
943 2747 1213 2814 episcopo,
1248 2746 1462 2799 accedat
1492 2744 1915 2800 archidiaconus.
1948 2754 2003 2797 et
2033 2758 2167 2812 genu

604 2837 747 2891 ﬁeao
787 2848 910 2890 ante
957 2852 1077 2890 eum
1110 2845 1257 2903 regat
1300 2837 1613 2889 vestimenta
1656 2836 1821 2900 illius,
1853 2844 1906 2889 et
1930 2835 2172 2903 praebens

600 2942 660 2981 se
696 2927 761 2980 ad
796 2926 1006 2995 pedem,
1038 2935 1349 2979 revertatur.
1384 2925 1555 2978 Finita
1584 2940 1711 2979 vero
1750 2925 2001 2990 lcetione,
2049 2925 2169 2990 illis,

600 3015 692 3082 qui
735 3014 1049 3069 Gradualem
1076 3024 1131 3068 et
1167 3014 1389 3066 Alleluia
1432 3015 1691 3067 cantaturi
1725 3023 1843 3067 sunt
1866 3015 2016 3082 juxta
2054 3013 2168 3083 pul-

603 3103 770 3171 pitum
800 3103 850 3156 in
882 3102 1117 3156 inferiori
1148 3101 1312 3170 gradu
1338 3101 1583 3154 standum
1610 3108 1712 3155 est.

2266 2352 2438 2412 portet
2466 2345 2671 2410 vinum,
2721 2344 2859 2414 perb
2910 2349 3101 2415 colam,
3146 2367 3302 2419 quam
3353 2353 3649 2409 insinistra
3688 2372 3852 2411 manu

2269 2434 2538 2486 Romanus
2586 2434 2729 2488 Ordo
2771 2437 3300 2495 arcbisubdiacouum
3340 2444 3635 2499 auriculari
3682 2448 3853 2516 digito

2267 2521 2405 2575 ferre
2430 2521 2602 2589 jubet,
2637 2529 2984 2594 purgandum.
3016 2528 3165 2595 Quod
3194 2533 3375 2600 utique
3402 2549 3495 2591 vas
3529 2536 3585 2589 in
3630 2536 3684 2589 id
3714 2553 3854 2605 opus

2264 2625 2333 2665 ea
2360 2610 2541 2679 aliquo
2569 2614 2784 2667 metallo
2825 2615 3129 2682 formatum,
3183 2621 3233 2673 in
3277 2623 3453 2675 medio
3496 2625 3583 2677 sui
3624 2629 3852 2692 plurima

2271 2698 2421 2767 quasi
2456 2715 2583 2755 acus
2626 2702 2881 2757 foramina
2912 2706 2979 2759 ad
3023 2709 3377 2763 excolaudum
3428 2715 3613 2766 vinum
3671 2725 3851 2768 oslcno

2274 2790 2375 2855 dit,
2398 2803 2450 2844 et
2478 2793 2605 2846 illud
2651 2796 3161 2853 archisubdiaconus
3191 2816 3285 2868 per
3310 2811 3479 2857 tctum
3507 2805 3688 2859 mssa:
3730 2805 3853 2860 olli-

2273 2883 2413 2936 cium
2440 2884 2491 2937 in
2514 2886 2728 2939 sinistra
2755 2902 2913 2942 manu
2939 2889 3029 2943 illo
3055 2905 3160 2955 quo
3186 2892 3531 2960 praediximus
3561 2895 3738 2966 digito
3756 2913 3853 2952 an-

2276 2977 2399 3039 nulo
2424 2991 2741 3045 suspensum
2771 2988 3074 3047 portaturus
3098 2994 3200 3038 est.

2349 3092 2404 3148 9.
2426 3093 2628 3159 Quibus
2656 3096 2726 3150 ita
2748 3098 2997 3166 peractis,
3021 3110 3076 3153 et
3093 3099 3346 3171 Symbolo
3368 3102 3536 3168 ﬁnito,
3565 3104 3713 3159 dicat
3737 3122 3862 3174 pon-

677 3193 731 3246 6.
774 3193 906 3247 Cum
955 3201 1131 3247 autem
1162 3191 1340 3246 omnia
1373 3204 1537 3258 usque
1585 3192 1648 3243 ad
1702 3191 2043 3260 Evangelium
2077 3192 2176 3245 im-
2205 3216 2251 3275 ο
2281 3186 2410 3240 tifex
2443 3186 2510 3240 ad
2540 3188 2815 3255 populum,
2848 3204 2950 3243 una
2978 3204 3097 3243 cum
3129 3192 3219 3245 illo
3245 3193 3519 3258 diaconis,
3552 3205 3611 3248 ut
3655 3197 3861 3264 praefati

606 3282 743 3349 pleta
776 3282 992 3346 luerint,
1023 3281 1239 3334 accedat
1288 3278 1531 3347 princeps
1578 3279 1816 3334 ecclesia:
1860 3281 1925 3333 ad
1973 3280 2178 3348 episco-

607 3385 755 3440 pum,
795 3370 1041 3439 pyxidem
1076 3370 1125 3421 in
1153 3382 1256 3437 qua
1280 3368 1401 3422 thus
1434 3367 1656 3422 habetur
1680 3382 1837 3421 manu
1870 3371 2062 3433 ferens,
2099 3384 2179 3423 se-

609 3470 803 3528 quente
855 3459 1123 3529 acolytlio,
1145 3459 1236 3526 qui
1263 3458 1588 3511 tliuribulum
1619 3470 1813 3525 portat,
1837 3466 1891 3511 et
1932 3459 2182 3525 imposito

617 3555 673 3607 in
704 3553 830 3606 illud
863 3553 1078 3604 incenso
1106 3549 1173 3602 ab
1200 3550 1468 3617 episcopo,
1491 3559 1542 3602 et
1567 3548 1888 3602 subdiacono
1919 3548 1970 3601 in
2000 3549 2182 3603 dextra

615 3651 763 3709 parte
785 3641 970 3694 altaris
989 3639 1269 3692 diaconum
1304 3638 1662 3706 praestolante,
1691 3636 1906 3692 accedat
1931 3636 2185 3691 diaconus

614 3730 679 3784 ad
709 3731 894 3784 altare.
927 3729 1206 3782 Dominum
1236 3727 1319 3781 liis
1370 3728 1545 3782 verbis
1582 3730 1917 3793 adoraturus,
1948 3727 2186 3792 Domine,

616 3820 754 3873 labia
795 3835 906 3872 mea
944 3822 1173 3888 aperies,
1222 3829 1269 3871 et
1314 3834 1368 3871 os
1416 3834 1579 3871 meum
1620 3816 1940 3870 annuntiabit
1987 3817 2188 3869 laudem

618 3918 780 3962 tuam.
815 3908 883 3961 Et
925 3908 1145 3962 adorato
1172 3908 1346 3972 altari,
1376 3923 1544 3977 genua
1571 3908 1789 3962 llectens
1830 3918 1955 3962 ante
1982 3905 2189 3973 eiisco-

622 4013 764 4063 pum,
798 3996 1022 4066 accipiat
1047 3998 1113 4051 ab
1132 4012 1196 4051 eo
1222 3996 1674 4060 Benedictionem,
1698 4004 1755 4049 et
1775 3996 2016 4063 praebens
2036 4009 2094 4048 se
2122 3993 2188 4047 ad

623 4088 784 4154 pedes
838 4087 974 4154 ejus,
1015 4087 1297 4141 adbibente
1347 4102 1558 4140 manuni
1610 4087 1879 4153 episcopo,
1923 4085 2191 4138 osculetur

620 4188 767 4238 eam;
795 4185 847 4229 et
867 4175 1106 4242 protinus
1133 4175 1197 4229 ad
1224 4175 1392 4229 altare
1414 4175 1776 4242 progrediens,
1807 4185 1981 4227 sumat
2019 4174 2191 4226 Evan-

621 4265 817 4333 gelium
848 4264 1099 4321 continuo
1130 4265 1377 4318 lecturus.
1395 4262 1722 4316 Candelabra
1755 4270 1929 4315 autem
1960 4260 2192 4316 ferentes

623 4356 755 4410 intra
811 4356 1071 4424 pulpitum
1119 4367 1304 4409 contra
1354 4354 1633 4408 diaconum
1661 4354 1765 4423 73
1792 4362 1935 4407 stare
1978 4351 2191 4406 debent.

626 4445 729 4502 Sed
770 4447 861 4502 ille
908 4449 996 4516 qui
1046 4446 1372 4501 tlturibulum
1426 4453 1572 4501 tenet
1616 4446 1770 4515 juxta
1816 4460 1935 4499 eum
1983 4453 2088 4499 stet
2141 4445 2192 4498 in

625 4538 840 4592 sinistra
870 4546 1038 4605 parte,
1071 4551 1345 4603 usquequo
1390 4535 1729 4605 Evangelium
1771 4535 2090 4603 perlegitur.
2125 4534 2193 4588 Ut

626 4634 799 4681 autem
834 4627 1087 4680 diaconus
1117 4627 1291 4695 legere
1324 4625 1623 4693 iucmperit,
1650 4626 1757 4679 duo
1787 4625 2019 4693 acolytlii
2057 4626 2195 4677 invo-

629 4718 723 4774 luti
761 4720 811 4773 in
841 4719 1075 4773 sacrario
1102 4735 1130 4771 a
1163 4716 1384 4772 custode
1411 4718 1654 4772 ecclesia:
1680 4731 1827 4771 sacra
1848 4730 1973 4770 vasa
2002 4730 2191 4782 accep-

630 4808 736 4862 turi
775 4814 919 4873 sunt,
945 4817 997 4861 et
1040 4822 1102 4860 ea
1155 4806 1207 4860 in
1234 4807 1454 4860 chorum
1487 4803 1781 4874 portaturi;
1809 4813 1867 4857 et
1902 4805 2036 4858 alter
2074 4818 2193 4856 eum

632 4901 797 4954 calice
834 4899 1091 4967 corporali
1122 4908 1392 4965 cooperto,
1422 4908 1478 4952 et
1506 4897 1627 4949 \iuo
1675 4911 1796 4949 cum
1846 4910 1981 4962 aqua
2030 4896 2190 4948 mista

634 4988 830 5051 infuso,
861 4988 912 5040 in
943 4986 1164 5040 dextera
1212 4997 1377 5054 parte,
1403 4988 1642 5053 alterque
1669 4999 1786 5037 cum
1819 4995 2004 5051 patena
2041 4984 2092 5036 iu
2120 4984 2194 5037 si-

634 5079 799 5132 nistra
832 5084 979 5145 parte
1005 5077 1124 5129 erit.

706 5171 760 5225 7.
798 5169 975 5235 Itaque
1002 5168 1234 5234 perlecta
1262 5164 1563 5231 Evangelio.
1587 5165 1810 5230 accipiat
1832 5163 2194 5217 subdiaconus

637 5258 881 5326 pulvinar
905 5265 957 5311 et
984 5254 1321 5323 Evangelium
1352 5270 1380 5306 a
1404 5253 1646 5316 diacono,
1669 5268 1896 5321 eumque
1920 5252 2201 5315 praecedat,

638 5362 819 5401 coram
843 5360 947 5415 quo
969 5347 1126 5401 etiam
1160 5357 1292 5397 unus
1322 5357 1441 5396 cum
1466 5341 1748 5407 tliuribulo,
1774 5352 1826 5395 et
1849 5348 2052 5409 septem
2083 5353 2209 5394 aco-

715 5516 739 5542 ι
771 5508 917 5563 Nunc
945 5510 1101 5577 longe
1123 5508 1294 5562 minus
1321 5516 1404 5577 est
1438 5506 1564 5577 illud
1606 5506 1908 5577 corporale,
1935 5512 1997 5577 ut
2025 5501 2198 5577 omni-

646 5579 744 5633 bus
774 5570 1104 5645 perspicuum
1152 5588 1254 5633 est.
1304 5575 1553 5645 Ejusdem
1603 5570 1977 5643 magnitudinis
2015 5581 2099 5627 est
2149 5570 2202 5624 in

648 5648 933 5716 praemissis
965 5648 1177 5701 libellis.

720 5716 744 5752 δ
777 5716 934 5772 Editi.
959 5718 1121 5768 colum
1152 5730 1242 5769 seu
1274 5715 1603 5773 colatorium.
1651 5729 1741 5774 per
1771 5712 1910 5774 quod
1935 5711 2111 5764 viuum
2159 5724 2208 5760 In

2281 3291 2486 3342 sumus,
2515 3279 2807 3342 conversis,
2837 3279 2946 3350 74
2971 3281 3217 3335 Dominus
3241 3284 3587 3348 oolu'scum,et
3617 3288 3859 3341 Oremus.

2284 3364 2353 3419 Et
2384 3377 2508 3418 tunc
2555 3365 2647 3419 illo
2677 3367 2929 3422 innuente
2958 3370 3294 3424 Oﬂ‘ertorium
3326 3383 3573 3427 cantetur
3597 3389 3625 3426 a
3655 3377 3860 3429 choro:

2284 3466 2336 3509 et
2382 3455 2472 3510 ille
2514 3470 2544 3508 a
2593 3458 2902 3527 presbytero
2926 3468 2981 3513 et
3028 3461 3407 3518 archidiacono
3434 3464 3501 3517 ad
3551 3465 3734 3518 locum
3782 3469 3862 3519 ubi

2285 3543 2581 3601 oblationes
2609 3560 2639 3599 a
2686 3547 2929 3602 ﬁdelibus
2976 3542 3127 3603 laicis
3150 3552 3265 3605 sive
3295 3552 3445 3618 viris,
3478 3556 3592 3608 sive
3622 3553 3863 3621 feminis,

2285 3634 2598 3699 otferuntur,
2628 3637 2842 3691 easdem
2893 3653 3234 3709 accepturus,
3266 3643 3515 3709 ducatur,
3549 3650 3866 3713 praceden-

2289 3723 2426 3777 tibus
2456 3739 2636 3779 coram
2684 3741 2750 3780 eo
2778 3727 3108 3783 subdiacono
3136 3748 3257 3784 cum
3307 3734 3495 3800 calice,
3520 3744 3575 3788 et
3616 3738 3867 3804 aeolyibo

2289 3828 2407 3866 cum
2456 3823 2664 3881 patena.
2718 3816 2833 3882 Quo
2861 3833 2981 3872 cum
3030 3825 3345 3889 pervenerit,
3388 3823 3702 3879 diaconusa
3736 3828 3865 3881 sub~

2260 3898 2515 3974 'diacono
2561 3904 2781 3958 calicem
2809 3908 3099 3976 accip'ens,
3152 3912 3400 3965 omnitms
3437 3914 3526 3982 qui
3557 3915 3862 3969 oblationes

2289 3996 2615 4064 obtulerunt,
2652 4001 2853 4055 eisdem
2900 4003 2968 4056 ab
3017 4019 3081 4058 eo
3128 4008 3362 4074 acceptis
3412 4016 3466 4061 et
3513 4010 3561 4061 in
3613 4019 3865 4075 patenam

2292 4086 2572 4156 impositis,
2610 4104 2821 4145 manum
2869 4105 3018 4146 suam
3061 4108 3180 4147 cum
3213 4097 3379 4150 calice
3409 4096 3473 4149 ad
3515 4097 3863 4152 osculandum

2292 4178 2551 4248 praebeat,
2581 4189 2635 4235 et
2662 4180 2807 4235 illum
2839 4182 3028 4238 iterum
3077 4184 3401 4241 subdiacono
3431 4188 3521 4241 det
3550 4190 3615 4242 ad
3650 4201 3869 4258 portan-

2292 4268 2447 4332 dum;
2481 4268 2569 4323 ille
2595 4280 2771 4323 autem
2796 4286 2914 4325 cum
2940 4274 3251 4343 presbytero
3274 4274 3582 4345 episcopum
3608 4280 3673 4330 ad
3700 4281 3870 4334 altare

2295 4359 2509 4412 reducat
2548 4360 2817 4415 similiter.
2841 4374 2897 4416 ut
2925 4373 3070 4428 ante,
3127 4368 3555 4432 praecedentibus
3587 4372 3715 4437 ipsis
3748 4387 3867 4424 cum

2295 4447 2462 4501 calice
2506 4457 2562 4502 et
2607 4458 2819 4515 patena.
2880 4451 2978 4506 Ubi
3021 4468 3141 4505 cum
3193 4466 3407 4508 ventum
3446 4456 3626 4518 fuerit,
3672 4468 3725 4510 et
3764 4461 3872 4528 epi-

2228 4569 2272 4626 D
2294 4549 2486 4603 scopus
2512 4537 2693 4591 sedem
2725 4540 2957 4607 petierit,
3004 4542 3319 4597 antecedant
3360 4545 3468 4597 duo
3491 4546 3721 4615 acolytbi
3754 4562 3870 4599 cum

2301 4628 2650 4697 manutergio,
2680 4638 2736 4681 et
2761 4642 2900 4695 genu
2930 4631 3070 4684 ﬂexo
3098 4642 3224 4685 ante
3247 4647 3368 4686 eum
3400 4644 3567 4687 totum
3599 4635 3672 4687 illi
3695 4638 3869 4688 sinum

2297 4717 2366 4770 de
2410 4718 2601 4771 eodem
2648 4721 2976 4786 cooperiant,
3010 4736 3079 4775 ne
3123 4722 3304 4775 lavans
3332 4737 3519 4775 manus
3558 4740 3690 4789 aqua
3719 4740 3874 4778 casu-

2300 4807 2402 4859 lam
2433 4819 2666 4876 spargat.
2722 4810 2932 4864 Tertius
2974 4823 3151 4864 autem
3197 4814 3511 4883 acolythus,
3564 4830 3756 4883 aquam
3799 4818 3873 4870 illi

2302 4898 2721 4960 niinistraturus,
2772 4898 2823 4952 in
2873 4899 3049 4953 medio
3099 4901 3324 4954 duorum
3367 4903 3689 4970 genuﬂectat
3749 4920 3868 4957 eum

2305 4999 2389 5038 eo.
2419 4986 2567 5050 Quod
2600 4987 2721 5040 ideo
2749 4988 2815 5040 ab
2844 4990 3075 5057 antiquis
3109 4990 3350 5044 Patribus
3371 4991 3648 5046 decretum
3674 4992 3866 5054 fertur,

2309 5084 2365 5127 ut
2415 5075 2648 5139 pontifex
2680 5077 2771 5142 qui
2813 5078 3085 5132 cielestem
3138 5095 3324 5146 panem
3357 5093 3677 5148 accepturus
3704 5094 3814 5147 est,
3845 5101 3864 5137 ι

2310 5173 2525 5217 terreno
2555 5179 2708 5232 pane,
2742 5181 2898 5231 quem
2928 5168 3035 5233 jam
3065 5183 3095 5221 a
3127 5169 3276 5223 laicis
3305 5174 3548 5237 accepit,
3582 5188 3769 5224 manus
3809 5174 3867 5224 la-

2312 5253 2484 5304 vando
2525 5264 2801 5321 expurget.
2855 5252 3000 5308 Lotis
3027 5267 3204 5310 autem
3255 5258 3499 5311 manibus
3540 5269 3724 5326 surgat
3759 5262 3870 5321 cpi-

2314 5354 2529 5405 sCopus,
2558 5351 2614 5394 ut
2641 5342 2866 5410 accipiat
2895 5344 3188 5399 oblationes
3214 5360 3243 5398 a
3287 5347 3497 5401 duobus
3527 5350 3871 5416 presbyteris,

2308 5504 2547 5575 calicem,
2582 5521 2645 5557 ne
2667 5507 2793 5575 quid
2826 5508 3090 5573 impurum
3115 5508 3343 5570 decidat,
3369 5504 3573 5559 infundi
3606 5520 3721 5558 mm
3747 5512 3870 5575 erat.

2307 5574 2457 5638 Quod
2487 5574 2696 5627 additur
2725 5576 2809 5630 liic
2838 5594 2900 5630 ex
2934 5578 3129 5631 Ordine
3180 5578 3435 5639 Romano,
3490 5577 3542 5628 iu
3576 5578 3773 5627 nostris
3818 5574 3871 5624 li-

2312 5643 2417 5697 bris
2441 5660 2542 5698 non
2574 5646 2808 5702 invenio.
