4008 6310
163 307 287 364 993

1389 310 1640 362 ROMANI
1680 311 1989 366 OliDINES.
2031 339 2096 349 —-
2141 309 2245 362 VII.

3331 317 3437 371 οςιιῑ

161 432 227 475 et
259 421 601 482 diaconibus,
636 429 690 475 et
718 420 785 472 ali
815 421 1061 474 omnibus
1086 419 1314 484 clericis,
1348 437 1478 488 quas
1507 436 1608 474 non
1650 428 1755 475 tam
1789 423 1831 481 Α
1861 422 1929 472 ad
1961 419 2383 482 Benedictionem,
2418 427 2470 471 et
2496 418 2641 472 clero
2669 421 3021 489 respondente
3053 419 3159 476 Deo
3216 427 3433 494 gratias,

166 509 406 563 Patrum
440 511 678 563 instituta
722 509 933 575 jubent,
979 525 1137 577 quam
1171 511 1439 578 pr0prium
1485 512 1756 564 arbitrium

166 601 465 654 immolare
510 599 718 652 suadet.
750 604 890 664 Quas
936 615 1056 652 cum
1087 602 1355 668 acceperit
1400 610 1558 668 atque
1611 601 1765 654 altari

169 689 618 757 superposuerit,
652 698 966 756 apportante
1010 691 1108 743 sibi
1151 691 1528 744 archidiacono
1558 691 1764 744 oblatas

171 778 236 829 in
286 789 476 844 patena
508 792 538 830 a
567 778 712 830 nullo
740 778 1059 842 immulatas,
1100 780 1328 847 accipiat
1357 795 1422 834 ex
1453 781 1555 834 illis
1596 795 1763 848 quan-

171 876 298 918 tum
353 867 453 920 sibi
500 866 746 920 sufﬁcere
797 865 1056 930 videatur,
1113 877 1165 921 et
1214 868 1346 921 alias
1384 868 1760 922 archidiacunu

170 956 456 1017 restituat,
488 971 620 1023 quas
647 955 735 1010 ille
763 955 968 1008 custodi
1003 955 1245 1010 ecclesias
1266 957 1331 1010 ad
1363 957 1759 1012 observandum

174 1046 508 1097 committat.

260 1135 353 1190 10.
394 1134 554 1202 Igitur
583 1133 855 1188 oblatione
884 1133 1039 1188 altari
1087 1137 1442 1203 superposita,
1493 1135 1762 1202 accipiens

172 1223 448 1277 diaconus
484 1224 703 1279 calicem
732 1224 799 1278 ab
827 1224 1224 1289 arcltidiacuno,
1254 1238 1416 1292 super
1443 1223 1610 1277 altare
1636 1237 1765 1277 con-

177 1313 342 1365 tinuo
373 1322 552 1379 ponat.
581 1314 731 1367 Tunc
770 1315 1052 1382 episcopus
1083 1314 1402 1369 benedicens
1432 1313 1640 1367 Hostias
1663 1354 1679 1378 ,
1708 1321 1763 1366 et

175 1400 394 1463 dicens,
433 1399 583 1469 Veni,
606 1411 631 1439 ιι
678 1401 1023 1468 sanctiﬁcator
1043 1403 1353 1471 omnipotens
1388 1411 1572 1456 (εἰει-ηε
1603 1402 1758 1468 Deus,

187 1488 404 1541 benedic
449 1489 543 1542 hoc
572 1489 880 1556 sacriﬁcium
910 1490 1002 1543 tibi
1029 1502 1395 1559 preparatum,
1441 1491 1526 1559 qui
1556 1492 1676 1544 civis
1717 1500 1763 1543 et

184 1595 379 1647 regnas
409 1581 460 1632 in
505 1582 692 1633 uacula
720 1581 1042 1649 surculorum,
1087 1592 1364 1636 convertat
1400 1598 1458 1636 se
1501 1593 1555 1636 et
1593 1593 1768 1637 sumat

191 1669 478 1722 incensum
529 1683 558 1722 a
589 1669 810 1722 custode
853 1670 1094 1724 ecclesiae
1115 1709 1130 1734 ,
1177 1686 1484 1740 ponensque
1515 1672 1567 1725 in
1598 1672 1764 1726 thuri-

181 1756 372 1810 hulum
401 1756 590 1811 oﬂ'erat
620 1757 747 1810 illud
779 1759 952 1823 altari,
986 1758 1182 1828 detque
1229 1760 1628 1816 archidiacono.
1675 1762 1764 1815 Ill»

181 1860 320 1899 vero
353 1856 631 1912 postquam
663 1847 763 1899 huc
793 1849 1245 1903 eommendaverit
1290 1852 1555 1920 aeulythu,
1587 1861 1674 1906 eat
1713 1853 1762 1905 in

182 1935 370 1988 locum
399 1950 574 2000 suum,
608 1937 810 1990 scilicet
839 1937 890 1990 iu
925 1939 1098 1991 medio
1121 1940 1498 2009 diaconurum,
1528 1943 1615 2010 qui
1649 1957 1763 1995 oin-

191 2037 288 2076 nes
316 2039 494 2077 coram
527 2026 680 2079 altari
718 2035 862 2080 retro
882 2029 1188 2097 episcopum
1219 2044 1312 2098 per
1337 2045 1534 2086 reetam
1567 2035 1763 2087 lineam

183 2123 335 2164 stare
391 2114 607 2167 debent.
657 2115 805 2168 Tunc
853 2118 1139 2185 episcopus
1189 2119 1350 2183 dicat,
1398 2123 1464 2173 ad
1517 2125 1764 2190 pupulum

183 2216 498 2266 conversus,
536 2203 687 2256 Orate
707 2221 798 2272 pro
821 2222 919 2258 me.
955 2207 1064 2260 Hoc.
1095 2222 1212 2262 cum
1242 2209 1458 2274 dixerit,
1491 2211 1594 2280 75
1638 2213 1765 2265 sub-

187 2289 400 2343 diaconi
432 2301 555 2344 eant
602 2302 751 2345 retru
801 2293 990 2358 altare,
1043 2305 1097 2348 et
1140 2295 1210 2348 ibi
1243 2307 1465 2361 stantes,
1497 2300 1765 2352 eatttaturi

186 2389 319 2431 sunt
348 2379 645 2447 quindecim
678 2381 830 2448 grad.
863 2391 916 2436 et
942 2382 1153 2437 diaconi
1179 2400 1357 2438 coram
1388 2389 1542 2440 altari
1570 2387 1765 2441 simili-

187 2476 294 2521 ter.
351 2472 503 2538 Apud
557 2473 812 2540 quosdam
868 2489 994 2528 usus
1042 2476 1270 2530 obtinuit
1313 2479 1666 2534 subdiaconus
1713 2483 1762 2534 iu

188 2561 360 2614 choro
399 2570 562 2628 stare,
596 2564 889 2632 usquedum
922 2565 1147 2619 Sanctus
1193 2579 1433 2636 canatur,
1487 2572 1670 2625 ethoc
1711 2573 1765 2624 li-

189 2649 330 2714 nito,
365 2664 457 2705 eos
488 2665 669 2706 coram
701 2654 853 2707 altari
885 2665 1028 2708 retro
1060 2656 1314 2712 diaconos
1354 2660 1553 2727 aliquot
1585 2663 1765 2730 gradi-

194 2737 299 2792 bus
329 2738 464 2794 infra
503 2743 818 2810 consistere,
848 2753 903 2798 et
935 2754 1057 2799 tunc
1088 2757 1232 2801 retro
1262 2749 1613 2805 subdiaconus
1640 2768 1766 2807 aco-

191 2827 399 2894 lythum
434 2839 674 2898 patenam
697 2841 750 2885 et
778 2833 1005 2887 ﬁstulam
1031 2835 1314 2890 habentem
1349 2838 1571 2894 inferius
1594 2850 1757 2896 stare.

267 2921 356 2972 Il.
387 2919 527 2988 Ergo
562 2935 681 2975 cum
710 2922 909 2976 dictum
943 2925 1096 2978 fuerit
1125 2925 1367 2992 Sanctus,
1400 2931 1614 2983 veniant
1653 2942 1761 2985 tres

188 3008 417 3075 acolythi
468 3024 656 3078 aquam
708 3011 1019 3067 diaconibus
1069 3016 1454 3082 ministraturi;
1509 3023 1596 3088 qui
1641 3037 1758 3076 cum

193 3093 286 3147 loti
321 3096 536 3166 fuerint,
571 3107 626 3151 et
671 3098 1072 3191 archidiaconus
1099 3117 1218 3156 cum
1263 3106 1512 3175 episcopo
1543 3111 1758 3164 calicem
1789 3129 1835 3191 ρ

190 3185 468 3250 Ievaverit,
492 3195 545 3240 et
570 3187 659 3242 ille
683 3186 876 3242 dixerit
905 3179 1006 3241 Per
1031 3194 1199 3244 omnia
1224 3198 1410 3247 uacula
1437 3201 1758 3266 swculorum,

192 3274 244 3326 in
276 3275 534 3344 aliquibus
565 3277 694 3333 locis
733 3277 1147 3335 subdiacunihus
1199 3282 1252 3336 in
1307 3287 1538 3354 priorem
1587 3290 1758 3344 locum

191 3367 438 3421 euntibus
462 3368 668 3423 diaconi
700 3369 768 3423 ibi
802 3371 1091 3437 persistunt
1122 3375 1417 3442 usquedum
1470 3378 1622 3433 Pater
1667 3402 1761 3440 no-

193 3465 295 3510 ster
320 3458 637 3525 cantabitur,
690 3470 742 3514 et
771 3461 846 3514 sic
896 3460 1108 3516 demum
1162 3478 1350 3520 omnes
1400 3480 1756 3527 revertuntur.

193 3544 430 3615 Cumque
485 3549 768 3619 episcopus
815 3549 973 3605 Pater
1025 3564 1192 3607 noster
1225 3556 1436 3623 ﬁnierit,
1495 3563 1760 3630 accipiens

193 3635 696 3691 archisubtliaconus
727 3648 970 3707 patenam
1000 3645 1067 3695 ab
1105 3645 1376 3714 acolytho,
1428 3648 1614 3702 ollerat
1641 3667 1756 3704 eam

197 3723 594 3780 arcﬁidiacuno.
633 3727 723 3780 Ille
767 3741 965 3793 autem,
996 3744 1051 3785 ut
1079 3734 1357 3802 episcopus
1386 3738 1512 3791 dicit
1539 3739 1618 3790 Da
1645 3759 1762 3810 pro.

196 3812 346 3878 pitius
373 3830 568 3881 pacem,
603 3825 849 3884 patenam
884 3819 955 3872 IIII
1006 3825 1436 3888 accommodans,
1483 3826 1758 3884 humerum

195 3903 308 3966 ejus
339 3905 626 3959 osculetur.
656 3907 953 3978 Statimque
982 3913 1233 3981 episcopo
1261 3915 1474 3971 dicente
1521 3918 1623 3972 Per
1654 3938 1762 3974 om-

197 3995 283 4044 nia
320 3999 504 4048 sa'cula
545 3999 864 4064 swculorum,
916 4003 1138 4070 accipiat
1184 4007 1656 4065 benedictionalem
1700 4015 1762 4068 li-

197 4083 376 4149 brum;
411 4096 462 4139 et
489 4103 775 4144 conversus
806 4091 870 4143 ad
903 4093 1157 4160 pupulum
1203 4097 1342 4150 dicat
1377 4097 1653 4156 llumiliate
1677 4120 1761 4158 vos

273 4205 294 4272 τ
324 4197 652 4272 Illicrologus,
682 4203 731 4256 in
758 4217 874 4272 cap.
907 4207 992 4268 Il,
1016 4207 1091 4260 ait
1118 4208 1252 4263 hanc
1281 4210 1588 4267 Orationem
1618 4216 1759 4270 reci-

200 4267 294 4317 tari
319 4269 471 4332 juxta
497 4267 1108 4330 Gallicanum-Ordinem.

272 4333 296 4369 δ
322 4337 688 4391 Observandus
732 4343 818 4394 hic
849 4345 1089 4399 diversus
1134 4350 1556 4403 cutnmunicandi
1602 4353 1759 4420 ritus,

204 4473 335 4485 —-—~

765 4486 3104 4512 Ἢ

1871 509 2104 576 porrigat
2133 508 2382 575 episcopo
2411 507 2621 560 librum.

1942 617 2026 670 12.
2053 619 2270 685 E\pleta
2301 629 2474 672 autem
2508 620 2879 673 Benedictione
2907 623 3126 675 veniens
3156 627 3436 696 presbyter

1867 708 2093 775 accipiat
2126 724 2308 774 pacem
2341 709 2406 760 ab
2450 710 2723 776 episcopo,
2776 711 3014 762 eamdem
3047 713 3252 764 exteris
3288 716 3438 765 obla-

1867 810 2035 854 turus.
2067 800 2327 853 Diaeonus
2350 814 2476 852 vero
2501 813 2715 852 sumens
2737 799 2956 852 calicem
2999 811 3050 852 et
3098 810 3335 866 patenam
3371 805 3439 858 ab

1865 890 2043 955 altari,
2089 890 2419 944 subdiacono
2452 901 2694 957 patenam
2726 892 2973 959 porrigat,
3007 907 3161 959 quam
3203 893 3288 945 ille
3315 909 3436 946 aco-

1865 979 2014 1048 lythu
2044 979 2108 1033 ad
2137 977 2419 1033 tenendum
2453 982 2703 1046 praebeat.
2737 979 2852 1046 Ipse
2879 991 3054 1034 autem
3080 981 3331 1035 diaconus
3364 991 3444 1036 te-

1872 1083 2002 1123 nens
2029 1071 2251 1123 calicem
2280 1078 2333 1122 et
2366 1070 2590 1122 ﬁstulam
2614 1079 2719 1123 stet
2747 1081 2870 1122 ante
2895 1070 3223 1137 episcOpum,
3249 1087 3441 1140 usque-

1872 1157 1998 1211 dum
2027 1172 2093 1210 ex
2118 1158 2372 1225 sanguine
2401 1164 2454 1209 et
2481 1171 2704 1223 corpore
2733 1154 2946 1220 Christi,
2977 1168 3230 1226 quantum
3261 1161 3444 1214 volue-

1870 1248 1958 1312 rit,
2010 1255 2214 1310 sumat,
2265 1255 2318 1299 et
2347 1245 2423 1299 sic
2471 1246 2690 1299 calicem
2740 1255 2794 1299 et
2843 1247 3070 1300 ﬁstulam
3119 1249 3444 1304 subdiaconu

1868 1334 2227 1390 commendet.
2259 1336 2373 1399 Quo
2407 1335 2646 1402 protinus
2679 1335 2732 1388 in
2767 1336 3038 1391 sinistrum
3067 1353 3228 1392 cornu
3259 1341 3443 1395 altaris

1870 1435 2139 1495 pergente,
2173 1427 2445 1495 acolythus
2476 1426 2545 1479 ibi
2588 1440 2707 1480 cum
2739 1438 2931 1496 patena
2978 1443 3156 1483 coram
3189 1432 3440 1500 episcopo

1866 1516 2144 1568 cunsistat.
2175 1515 2477 1583 Presbyteri
2509 1529 2637 1568 vero
2666 1525 2718 1569 et
2752 1516 2962 1571 diaconi
2991 1519 3279 1573 osculando
3317 1523 3440 1588 cpi-

1866 1621 2108 1675 scopum,
2138 1621 2331 1674 corpus
2361 1606 2554 1661 Christi
2586 1607 2654 1659 ab
2683 1621 2748 1661 eo
2787 1608 3029 1663 manibus
3073 1611 3354 1677 accipiant,
3392 1613 3441 1664 in

1871 1699 2084 1752 sinistra
2117 1707 2264 1765 parte
2293 1697 2475 1751 altaris
2504 1698 2963 1751 eommunicaturi.
2994 1699 3314 1753 Subdiaconi
3346 1716 3434 1754 au-

1795 1781 1843 1840 Β
1871 1797 1975 1840 tem
2008 1786 2300 1840 osculando
2330 1801 2541 1839 manum
2569 1786 2823 1852 episcopi,
2859 1800 2951 1839 ore
2973 1783 2998 1821 δ
3030 1789 3287 1855 accipiant
3318 1804 3437 1841 cor-

1870 1891 1967 1943 pus
1994 1875 2189 1929 Cltristi
2222 1874 2288 1928 ab
2318 1888 2402 1927 eo.
2436 1873 2717 1940 Postquam
2749 1889 2876 1927 vero
2902 1873 3112 1928 diaconi
3145 1878 3195 1928 in
3227 1877 3443 1930 sinistro

1867 1979 2032 2018 cornu
2059 1964 2242 2017 altaris
2271 1963 2336 2016 de
2367 1963 2624 2031 sanguine
2654 1961 2848 2016 Christi
2895 1965 3311 2028 communicent,
3349 1983 3441 2018 vc-

1867 2054 2075 2108 nientes
2118 2053 2425 2106 subdiacuni
2481 2052 2766 2106 ordinatim
2816 2054 3083 2122 accipiant
3128 2059 3439 2126 sanguinem

1867 2145 1934 2196 ab
1963 2143 2358 2206 archidiacono,
2413 2156 2622 2195 manum
2664 2142 2780 2209 t-jus
2807 2146 3125 2198 osculantes.
3159 2145 3222 2198 Et
3261 2148 3434 2200 eidem

1869 2234 2247 2286 archidiacono
2292 2233 2448 2286 nimis
2478 2241 2631 2286 caute
2671 2233 2778 2302 76
2808 2236 3196 2302 procurandum
3246 2249 3327 2290 est
3376 2255 3442 2292 ne

1870 2325 1994 2392 quid
2053 2324 2104 2375 in
2152 2324 2317 2376 calice
2364 2330 2456 2375 aut
2505 2333 2695 2392 patena
2748 2326 3022 2396 sanguinis
3069 2328 3152 2381 vel
3199 2332 3440 2398 corporis

1866 2413 2056 2468 Christi
2089 2422 2374 2468 remaneat.

1937 2525 2024 2580 15.
2057 2525 2144 2578 llis
2175 2527 2242 2580 ita
2267 2531 2519 2595 peractis,
2549 2527 2655 2581 duo
2679 2528 2888 2583 diaconi
2915 2531 3297 2600 complicantes
3317 2551 3438 2590 cor-

1865 2615 2047 2682 porale
2079 2625 2273 2681 ponant
2300 2631 2459 2684 super
2484 2618 2723 2682 calicem,
2757 2619 2927 2672 ﬁstula
2956 2621 3132 2676 adhuc
3169 2622 3219 2675 in
3250 2638 3314 2677 eo
3345 2641 3435 2678 re-

1867 2715 2133 2758 manente.
2165 2705 2380 2759 Iuterim
2408 2715 2582 2760 autem
2613 2717 2858 2762 cantetur
2883 2710 3054 2778 Agnus
3082 2710 3198 2776 Dei,
3231 2722 3283 2766 et
3320 2731 3439 2782 qua:

1867 2800 1994 2846 tunc
2022 2796 2258 2850 canenda
2289 2803 2432 2849 sunt.
2484 2798 2684 2852 Dehinc
2713 2814 2899 2853 omnes
2922 2816 3041 2854 cum
3067 2800 3175 2869 jam
3203 2817 3441 2858 commu-

1865 2885 2176 2951 nicaverint,
2203 2887 2485 2956 acolythus
2507 2888 2592 2957 qui
2618 2900 2862 2958 patenam
2893 2901 3068 2959 portat
3090 2893 3140 2946 in
3164 2893 3436 2950 sinistram

1864 2975 2045 3028 altaris
2090 2985 2288 3043 partem
2340 2991 2564 3045 pergens
2610 2993 2730 3032 cum
2778 2979 3104 3034 subdiacuno
3159 2985 3434 3038 consistat.

1867 3066 2098 3121 Sedcnte
2145 3082 2273 3121 vero
2320 3069 2571 3136 episcopo
2601 3070 2893 3123 secundum
2947 3073 3254 3139 prmdictutn
3286 3074 3435 3128 ordi-

1866 3170 2005 3220 nem,
2036 3165 2142 3211 tres
2172 3157 2399 3226 aculythi
2422 3173 2559 3226 genu
2590 3159 2726 3212 ﬁexo
2749 3168 2874 3215 ante
2894 3176 3014 3214 eum
3043 3176 3231 3230 aquam
3259 3165 3429 3217 mani-

1864 3245 1962 3299 bus
1990 3245 2308 3299 ministrant.
2341 3246 2488 3299 Lotis
2517 3257 2690 3301 autem
2738 3249 3001 3315 manibus,
3039 3261 3288 3320 surgente
3317 3253 3434 3321 epi-

1865 3346 2049 3400 sc0po,
2078 3342 2423 3388 convertente
2456 3349 2514 3389 se
2536 3336 2600 3389 ad
2627 3338 2897 3406 pupulum,
2930 3348 2982 3393 et
3008 3340 3214 3395 dicente
3249 3342 3436 3395 Domi-

1865 3440 1958 3476 nus
1989 3425 2262 3491 vobiscum,
2295 3427 2647 3482 subdiaconus
2677 3443 2796 3483 cum
2825 3431 3012 3495 calice,
3066 3441 3121 3486 et
3160 3435 3436 3503 acolythus

1864 3528 1982 3568 cum
2016 3524 2204 3583 patena
2239 3531 2340 3569 una
2372 3531 2490 3570 cum
2518 3519 2828 3572 diaconibus
2857 3535 2916 3574 se
2945 3525 3250 3576 conversari
3286 3532 3430 3577 sunt.

1865 3606 2100 3674 Cumque
2128 3608 2410 3675 episcopus
2439 3609 2714 3662 collectam
2750 3611 2961 3675 ﬁnierit,
2989 3621 3041 3665 ct
3069 3612 3325 3666 diaconus
3352 3613 3433 3666 Ite

1865 3693 2022 3747 Missa
2062 3707 2157 3760 est,
2192 3704 2243 3748 et
2273 3697 2444 3749 clerus
2475 3696 2582 3749 Deo
2607 3699 2796 3766 gratias
2837 3699 3048 3762 dixerit,
3082 3700 3187 3754 duo
3215 3701 3428 3754 diaconi

1863 3782 2186 3849 accipientes
2215 3799 2403 3837 manus
2431 3785 2687 3852 episcopi,
2719 3795 2773 3839 et
2799 3787 3153 3843 subdiaconus
3179 3805 3298 3844 cum
3343 3803 3435 3842 ca-

1863 3871 1982 3933 lice,
2013 3880 2066 3923 et
2086 3873 2362 3939 acolythus
2390 3889 2508 3926 cum
2539 3888 2726 3941 patena
2757 3890 2876 3928 eum
2907 3880 3283 3932 antecedentes
3314 3919 3327 3941 ,
3378 3889 3438 3932 ut

1867 3957 2202 4025 prmdiximus
2230 3961 2538 4026 intrantem,
2573 3963 2639 4015 ita
2670 3973 2951 4019 exeuntem
2983 3983 3102 4020 cum
3141 3969 3283 4022 omni
3314 3983 3438 4035 pro-

1863 4046 2104 4101 cessioue
2131 4048 2196 4101 ad
2222 4051 2512 4102 sacrarium
2545 4051 2818 4105 reducant.

1864 4231 1918 4295 u__t
1952 4222 2249 4295 presbyteri
2279 4234 2330 4295 et
2360 4223 2564 4279 diaconi
2594 4223 2980 4281 Eucharistiam
3012 4230 3276 4295 manibus,
3307 4231 3436 4286 sub-

1867 4291 2075 4346 diacuni
2100 4291 2192 4345 ore
2221 4293 2502 4360 accipiant.

3110 4503 3432 4518 —_

875 4582 1322 4643 ADMONITIO
1364 4585 1440 4643 IN
1487 4585 1889 4644 SEPTIMUM
1934 4586 2289 4645 ORDINEM
2336 4585 2751 4644 ROMANUM.

277 4692 394 4774 Post
438 4695 648 4774 libellos
677 4677 882 4774 veteres
907 4703 1118 4756 Ordinis
1151 4705 1370 4774 Romani
1395 4713 1686 4773 sequuntur
1715 4705 1917 4774 antiqui
1943 4707 2107 4760 libelli
2138 4716 2246 4760 tres
2281 4746 2295 4766 .
2325 4721 2457 4758 unus
2482 4705 2548 4758 de
2573 4703 2856 4771 baptismo,
2890 4719 2952 4757 ac
2981 4705 3085 4758 duo
3113 4707 3179 4759 de
3209 4707 3426 4759 ordina-

205 4765 432 4816 tionibus
456 4768 642 4819 saeris.
677 4769 906 4823 Primum
939 4788 1000 4824 ex
1037 4775 1117 4826 his
1147 4774 1299 4826 nobis
1319 4765 1686 4854 suppeditavit
1703 4765 1942 4854 eruditus
1963 4775 2231 4854 floscphus
2264 4765 2421 4854 Maria
2449 4765 2786 4854 :l'ltoma'sius,
2818 4765 3167 4854 eamdemque
3196 4779 3429 4854 contini-

201 4846 316 4882 mIIS
341 4846 456 4910 etut]
489 4845 788 4910 peryetustu
818 4840 1011 4894 Codice
1043 4842 1370 4906 Culbertino,
1396 4840 1460 4897 ⁷η.
1494 4844 1621 4898 416.
1672 4843 1814 4897 Idem
1852 4845 2060 4898 libellus
2089 4860 2207 4896 cum
2243 4846 2417 4897 multis
2449 4843 2936 4910 interpolatiouibus
2968 4840 3189 4897 habetur
3221 4848 3271 4896 in
3305 4848 3428 4897 vul-

200 4909 322 4982 gatu
349 4903 544 4956 Ordine
574 4905 823 4982 humano
844 4923 871 4959 a
907 4925 1020 4977 pag.
1059 4911 1115 4962 Ul
1135 4952 1147 4966 .
1180 4912 1304 4982 Ejus
1331 4903 1699 4980 antiquitatem
1729 4915 1808 4967 vel
1843 4914 2000 4967 lectio
2029 4915 2138 4982 ipsa
2167 4913 2369 4982 probat.
2406 4914 2568 4966 Multa
2592 4903 2682 4966 'Itis
2724 4913 3018 4966 consimilia
3048 4923 3334 4967 occurrunt
3363 4914 3416 4966 itt

199 4973 620 5024 Saeramentariu
654 4976 932 5029 lielasiauo
962 4973 991 5029 εἰ
1023 4996 1141 5046 pag.
1178 4973 1241 5032 47
1282 4973 1542 5035 Editiunis
1569 4982 1961 5036 Thumasianm.

202 5095 494 5108 —————.——

1159 5191 1491 5290 uauo
1546 5187 2170 5291 ROMANUS
2227 5109 2478 5322 Vn,

2587 5094 3432 5123 -—-———-——-—-——~

784 5352 1008 5426 Incipit
1043 5352 1211 5410 Ordo
1241 5351 1536 5411 Scrutinii
1571 5350 1645 5409 ad
1679 5351 1935 5419 electos,
1975 5350 2246 5426 qualiter
2277 5351 2500 5408 debeat
2544 5351 2877 5410 celebrari.

273 5465 599 5519 Denuntiatio
642 5471 890 5531 srrtttinii,
933 5472 1067 5537 quod
1113 5470 1258 5522 tertia
1289 5469 1598 5521 Itebdomada
1633 5468 1686 5519 in

417 5538 835 5605 Quadragesima,
868 5539 1087 5591 secunda
1119 5540 1264 5607 feria,
1299 5539 1548 5590 initiatur.

277 5647 375 5714 77
417 5647 460 5699 l.
493 5665 512 5698 ι
560 5647 806 5703 Scrutinii
847 5651 1010 5716 diem,
1051 5649 1381 5704 dilectissimi
1425 5649 1632 5714 fratres,
1659 5665 1762 5718 quo

1867 5466 2019 5518 electi
2053 5467 2217 5518 nostri
2245 5466 2499 5519 divinitus
2525 5467 2870 5530 instruantur,
2916 5468 3194 5522 Imminere
3235 5481 3432 5535 cogno-

1870 5556 1999 5607 scite
2023 5572 2035 5620 ;
2061 5555 2285 5624 ideoque
2300 5557 2523 5610 sollicita
2546 5556 2829 5610 devotione
2853 5558 3165 5612 succedente
3191 5558 3432 5625 sequenti

1871 5657 2054 5714 quarta
2081 5647 2230 5712 feria,
2268 5648 2406 5702 circa
2443 5648 2625 5702 horam
2660 5647 2865 5703 tertiam
2898 5647 3049 5721 [All.,
3080 5649 3179 5705 diei
3205 5647 3434 5716 sextam]
