4008 6330
637 307 695 361 9ἴὶ
707 305 740 361 5

1311 296 1646 354 ΑΡΡΕΝΟΙΧ
1689 296 1780 349 Al)
1822 296 1880 351 S.
1922 294 2250 350 GllEGORIl
2298 294 2505 348 MAGM
2548 293 2915 348 Ll'l‘UliOlCA
2954 295 3198 352 OPEllA.

3808 296 3890 349 996

639 417 921 472 convenire
954 412 1265 483 dignemini,
1296 420 1355 465 ut
1374 412 1588 465 caeleste
1613 409 1944 477 mysterium,
1966 424 2069 471 quo
2090 409 2205 460 dia-
2235 412 2280 467 Α
2311 405 2480 457 minas
2496 406 2692 459 faciens
2710 422 2921 459 crucem
2947 418 2998 460 ut
3020 410 3188 476 prius,
3206 419 3259 461 et
3282 412 3520 474 imponet
3549 425 3785 463 inanmn
3814 428 3892 464 sn.

640 513 788 563 lmlus
812 522 929 561 cum
956 520 1050 557 sua
1086 517 1273 571 pompa
1298 502 1609 564 destruitur,
1640 511 1695 552 et
1721 500 1879 566 janua
1910 500 2056 568 regni
2090 511 2202 550 cte-

641 600 791 651 testis
835 594 1089 661 aperitur,
1125 590 1446 658 inculpabile
1499 589 1607 642 Deo
1646 589 1865 657 jnvante
1911 588 2207 639 ministerio

639 700 891 753 peragere
936 683 1229 736 valeamus.
1265 682 1384 735 Per.
1419 699 1436 730 ι
1471 679 1540 733 Ut
1586 690 1760 732 autem
1810 679 1874 730 ad
1926 679 2206 732 ecclesiam

641 777 902 834 venerint,
958 776 1095 827 sicut
1136 772 1386 831 diximus,
1433 780 1622 839 quarta
1669 769 1818 831 feria,
1850 768 1980 822 liora
2034 768 2207 833 tertia,

639 869 940 920 scribantur
972 874 994 898 η
1025 868 1238 917 nomina
1272 862 1572 922 infantium,
1608 861 1690 913 vel
1720 875 1902 912 eorum
1949 859 2035 923 qtti
2068 860 2211 926 ipsos

638 955 936 1023 suscepturi
964 964 1085 1007 sunt
1113 955 1181 1007 ab
1209 954 1481 1021 acolytlto,
1504 960 1559 1004 et
1579 960 1836 1003 vocentur
1858 949 1958 1016 ipsi
1984 947 2213 1000 infames

639 1046 706 1098 ab
737 1044 985 1113 act‘lyttio
1017 1044 1068 1094 in
1100 1042 1327 1095 ecclesia
1362 1054 1455 1107 per
1481 1038 1718 1102 nomina,
1748 1038 1826 1091 vel
1858 1035 2046 1088 ordine
2076 1036 2215 1087 sicut

637 1134 823 1201 scripti
852 1140 998 1191 sunt,
1033 1133 1100 1183 ita
1133 1130 1359 1184 dicendo
1393 1145 1407 1179 :
1442 1127 1544 1181 Ille
1568 1144 1715 1197 puer,
1744 1136 1797 1179 et
1820 1124 1895 1177 sic
1919 1140 2011 1192 per
2035 1125 2215 1191 singu-

638 1225 737 1278 los.
771 1224 835 1276 Et
863 1230 1164 1273 statuuntur
1192 1219 1407 1272 masculi
1431 1233 1673 1272 seorsum
1705 1217 1769 1270 ad
1797 1217 2066 1269 dexteram
2093 1228 2213 1281 par-

644 1324 772 1381 tem,
802 1314 1013 1367 femina:
1042 1313 1109 1365 ad
1137 1312 1431 1366 sinistram.
1466 1309 1530 1363 Et
1559 1318 1683 1361 tunc
1716 1307 2015 1370 inpritnitus
2060 1306 2216 1359 faciat

641 1405 921 1475 presbyter
942 1405 992 1456 in
1017 1405 1342 1471 singulorum
1368 1401 1629 1454 frontibus
1651 1415 1861 1452 crucem
1883 1413 2000 1451 cum
2029 1398 2216 1465 pollice

641 1498 870 1550 dicendo
896 1512 910 1548 :
944 1496 1007 1547 In
1030 1512 1098 1548 no
1117 1496 1234 1547 nine
1260 1493 1433 1547 Patris
1456 1503 1503 1545 et
1536 1490 1664 1544 Filii
1697 1503 1744 1544 et
1775 1492 2003 1561 Spiritus
2034 1489 2214 1542 sancti.

648 1591 712 1643 Et
745 1592 1026 1657 imponens
1060 1600 1270 1640 manum
1297 1601 1456 1647 super
1485 1585 1655 1649 capita
1682 1598 1890 1644 eozum,
1918 1582 2050 1633 dicit
2081 1582 2217 1633 lianc

639 1683 945 1736 Orationem
974 1694 990 1732 :
1024 1678 1355 1743 Omnipotens
1384 1674 1684 1741 sempiterne
1724 1671 1784 1722 D.
1800 1687 1881 1734 us,
1915 1670 2071 1722 Pater
2111 1669 2213 1721 Do-

2311 511 2404 563 pcr
2419 499 2589 564 capita
2605 501 2836 565 ipsarum
2862 501 3109 562 dicendo,
3136 501 3387 555 Exoreizo
3410 514 3476 566 te,
3496 507 3776 557 immunde
3796 509 3893 571 snio

2310 594 2459 639 ritus.
2490 588 2679 640 ltcrutn
2713 590 2965 644 admonet
2989 592 3265 652 diaconus,
3298 593 3471 660 Orate,
3492 595 3696 659 eleclw,
3735 607 3789 647 et
3824 612 3893 649 re-

2312 675 2452 743 liqua
2482 677 2824 744 sicutantca;
2868 690 2921 734 et
2966 682 3175 751 signent
3207 685 3422 750 patrini,
3447 686 3583 739 sicut
3628 688 3810 754 prius.
3837 688 3895 741 Et

2315 773 2437 819 tunc
2465 768 2747 837 presbyter
2770 770 2976 825 accedit
3005 772 3203 827 faciens
3228 789 3437 829 crucem
3482 777 3531 828 in
3558 778 3896 846 singulorum

2316 854 2604 924 frontibus,
2630 866 2769 912 sicut
2798 865 2964 928 prius,
2997 873 3050 916 et
3080 863 3319 931 imponet
3350 880 3565 918 manum
3612 882 3789 935 super
3817 884 3902 921 ca-

2322 958 2431 1012 pita
2462 948 2717 1015 ipsorum,
2747 937 2933 1013 dicens
2960 953 3268 1007 Orationem
3298 955 3433 1009 baiic
3461 973 3474 1007 :
3515 955 3807 1009 zEternam
3846 976 3901 1011 ac

2318 1039 2649 1101 iustissimam
2681 1041 2913 1106 pietatem
2945 1053 3104 1095 tuain.
3142 1043 3283 1096 ldem
3313 1045 3425 1112 ipse
3455 1045 3580 1099 facit
3620 1062 3797 1114 super
3830 1049 3903 1100 fe-

2318 1131 2505 1191 minas,
2534 1130 2779 1184 similiter
2809 1132 2995 1186 dicens
3022 1133 3191 1201 ipsam
3215 1133 3544 1190 Orationem.
3582 1138 3685 1191 Ista
3722 1140 3902 1193 culinis

2315 1228 2683 1272 consummata
2711 1260 2726 1285 ,
2787 1219 2978 1274 iterum
3028 1223 3381 1278 adnumentur
3431 1241 3460 1278 a
3508 1227 3747 1281 diacono
3792 1232 3898 1281 ita:

2321 1305 2497 1367 Orate,
2544 1309 2710 1373 electi,
2746 1312 2931 1379 ﬂectite
2954 1329 3138 1382 genua.
3174 1316 3240 1367 Et
3276 1325 3399 1388 post
3429 1319 3702 1381 paululum
3737 1320 3897 1373 dicit:

2322 1396 2431 1466 79
2463 1397 2662 1452 Levate.
2694 1399 2952 1468 Complete
2983 1403 3278 1457 Oratimiem
3303 1416 3519 1459 vestram
3552 1408 3604 1460 in
3635 1425 3826 1474 unum,
3858 1422 3902 1463 et

2318 1487 2469 1540 dicite
2505 1490 2686 1543 Amen.
2733 1491 2928 1545 lterum
2966 1494 3094 1547 dicit
3129 1512 3143 1549 :
3177 1495 3393 1566 Signate
3428 1497 3576 1563 illos,
3613 1509 3749 1553 state
3788 1518 3903 1555 cum

2319 1581 2592 1649 disciplina
2614 1592 2661 1635 et
2684 1598 2797 1634 cum
2824 1585 3044 1637 silentio.
3078 1586 3142 1639 Et
3168 1588 3377 1656 signant
3406 1591 3622 1658 patrini,
3649 1602 3701 1645 ut
3724 1596 3902 1660 prius.

2389 1670 2443 1724 5.
2476 1671 2601 1725 Inde
2626 1677 2847 1727 revertit
2875 1677 3125 1730 sacerdos
3150 1678 3215 1730 ad
3234 1678 3413 1732 sedem
3438 1694 3607 1743 suam,
3633 1684 3907 1750 etlegilur

642 1772 767 1825 mini
796 1773 956 1824 nostri
993 1768 1116 1822 Jesu
1156 1769 1364 1821 Christi.
1418 1768 1542 1820 Item
1589 1780 1747 1832 super
1783 1763 2011 1816 feminas
2058 1763 2216 1816 faciat
2250 1767 2290 1825 Β
2318 1758 2474 1813 lectio
2496 1760 2739 1817 EzeChiel
2765 1764 3077 1833 prophetae:
3107 1766 3228 1821 Hice
3250 1770 3371 1822 dicit
3400 1769 3645 1825 Dominus
3676 1794 3691 1827 :
3718 1775 3906 1842 E/fun-

643 1864 905 1917 similiter.
934 1861 996 1913 Et
1027 1870 1205 1925 postea
1251 1858 1526 1911 benedicct
1569 1857 1646 1908 sal
1678 1855 1779 1908 hoc
1809 1855 1967 1907 modo
1995 1870 2011 1909 :
2048 1854 2214 1906 Exor-

642 1953 749 2004 ciso
780 1962 850 2013 te,
881 1960 1113 2003 creatura
1140 1950 1283 2002 salis.
1333 1949 1397 2003 Et
1435 1947 1593 2000 mittit
1636 1947 1683 1997 in
1730 1960 1825 1999 ore
1845 1943 2121 1999 infantium
2151 1943 2220 1998 de

647 2042 762 2108 ipso
792 2041 905 2093 sale
936 2055 1028 2108 per
1062 2039 1299 2104 singulos
1342 2038 1414 2091 ita
1453 2036 1684 2091 dicendo
1717 2053 1730 2087 :
1765 2040 1974 2104 Accipe,
2007 2035 2115 2099 ill.,
2143 2035 2221 2088 sal

644 2133 907 2199 sapientia
934 2131 1238 2198 propitiatus
1265 2129 1317 2181 in
1346 2130 1501 2181 vitam
1537 2138 1798 2181 cateruam.
1831 2129 1895 2180 Et
1925 2128 2064 2180 dicat
2104 2136 2220 2194 post

642 2226 820 2276 datum
839 2227 917 2277 Sal
937 2225 1071 2276 lianc
1095 2223 1526 2277 Benedictionem
1564 2238 1577 2274 :
1613 2218 1754 2273 Deus
1779 2232 1982 2291 patrum
2010 2232 2219 2276 nostro—

641 2332 773 2377 rum,
810 2315 943 2367 Deus
966 2315 1209 2368 uuiversaa
1229 2314 1463 2367 conditor
1484 2314 1727 2367 veritatis.

716 2405 770 2457 2.
816 2404 941 2458 inde
971 2420 1095 2457 vero
1119 2414 1310 2457 exeant
1339 2404 1468 2457 furis
1504 2405 1808 2466 ecclesiam,
1846 2411 2218 2471 exspectantes

645 2496 828 2549 borum
871 2497 979 2569 78
1021 2498 1232 2564 quando
1261 2506 1595 2550 revocentur.
1628 2496 1775 2548 Tunc
1808 2495 2218 2561 incipiatclerus

646 2587 1003 2655 Antipltonam
1034 2589 1100 2641 ad
1125 2589 1425 2649 lntroitutu,
1456 2585 1591 2638 Dum
1615 2587 1965 2653 sanctiﬁcatus
1993 2589 2137 2655 [uero
2163 2586 2217 2637 in

644 2679 819 2742 vobis;
847 2695 947 2745 qua
977 2680 1118 2734 finita
1148 2681 1384 2734 ascendit
1414 2678 1667 2734 sacerdos
1692 2677 1758 2731 ad
1786 2678 1977 2743 altare,
2009 2686 2062 2731 et
2090 2678 2217 2730 dicit

640 2772 985 2827 Orationem:
1022 2771 1257 2824 Oremus.
1285 2769 1387 2831 Da,
1422 2784 1736 2838 qutrsumus,
1776 2767 2014 2832 Domine,
2042 2766 2215 2821 electis

643 2865 851 2916 nostris.
887 2864 949 2916 Et
981 2872 1158 2930 postea
1192 2860 1345 2916 sedet
1368 2860 1422 2915 in
1452 2857 1580 2915 sede
1615 2874 1733 2925 sua,
1765 2869 1820 2914 et
1850 2872 2110 2915 vocentur
2135 2861 2215 2912 in-

644 2953 815 3007 fantes
836 2968 865 3005 a
896 2952 1121 3007 diacono
1152 2953 1401 3006 dicente:
1429 2948 1789 3004 Catectiumeni
1818 2951 2113 3017 procedant.
2149 2950 2216 3003 Et

648 3051 908 3097 vocantur
927 3042 1159 3095 infantes
1178 3041 1246 3095 ab
1268 3039 1520 3109 acolytho
1542 3055 1636 3109 per
1659 3039 1894 3100 nomina,
1922 3040 2000 3093 vel
2026 3038 2212 3093 ordine

2321 1850 2439 1902 dam
2468 1869 2618 1922 super
2640 1872 2722 1908 vos
2758 1872 2943 1923 aquan
2982 1859 3250 1923 mundam,
3282 1876 3448 1930 usque
3473 1874 3523 1917 et
3557 1867 3774 1918 satrabo
3820 1884 3903 1920 eos

2319 1955 2383 1993 ea:
2412 1943 2657 1995 universis
2699 1945 3094 2013 inquinamentis
3134 1951 3334 2003 vestris.
3377 1952 3632 2021 Sequitur
3676 1956 3902 2011 Graulale

2316 2031 2469 2104 [All.,
2496 2034 2953 2107 Responsorium],
2971 2038 3229 2107 Aspieiam
3252 2058 3359 2110 vos,
3383 2054 3432 2096 et
3450 2060 3681 2099 crescere
3695 2048 3902 2114 faciam.

2321 2123 2508 2176 Postea
2538 2127 2892 2179 admonentur
2920 2143 2947 2178 a
2978 2128 3203 2183 diacono
3236 2131 3304 2183 ita
3335 2149 3350 2185 :
3379 2131 3748 2188 Catechumeni
3771 2154 3901 2189 rece-

2319 2213 2464 2266 dant.
2498 2212 2555 2267 Si
2582 2217 2696 2283 quis
2727 2216 3113 2272 catechumenus
3157 2232 3251 2285 est,
3282 2225 3505 2276 recedat.
3548 2225 3739 2279 Omnes
3772 2241 3901 2280 cate-

2316 2303 2551 2356 chnmcni
2614 2316 2792 2357 exeant
2828 2308 2989 2375 foras.
3052 2309 3115 2362 Et
3177 2311 3523 2379 egrediuntur
3581 2314 3684 2382 ipsi
3732 2317 3899 2376 electi,

2319 2404 2692 2460 BKSpeClallleS
2719 2411 2813 2461 pro
2836 2395 3057 2457 foribus,
3091 2402 3383 2466 usquedum
3411 2404 3683 2471 completa
3714 2406 3899 2459 lueiint

2319 2482 2596 2536 Missarum
2630 2486 2909 2539 solemnia.
2948 2488 3151 2543 Deinde
3194 2492 3385 2557 legitur
3427 2495 3786 2564 Evangelium
3827 2513 3901 2550 5e-

2317 2572 2545 2624 cuntlum
2570 2574 2872 2628 Mattltteum
2895 2592 2910 2629 :
2938 2575 3000 2629 In
3023 2577 3113 2629 illo
3141 2589 3385 2649 tempore,
3418 2585 3737 2651 respondens
3760 2583 3901 2639 Iesus

2317 2662 2445 2714 dial!
2472 2677 2490 2715 .'
2518 2663 2805 2729 Conﬁtcbor
2836 2666 2944 2731 tibi,
2977 2666 3135 2719 Pater
3179 2671 3312 2735 εαξη,
3349 2686 3514 2740 usque
3542 2672 3747 2743 Jugnns
3779 2679 3903 2727 enim

2315 2769 2485 2806 meum
2531 2770 2683 2808 suave
2706 2766 2799 2822 est,
2856 2767 2904 2809 et
2976 2773 3106 2837 onus
3132 2776 3297 2816 meum
3344 2762 3468 2816 leve.
3504 2764 3573 2816 Et
3611 2765 3905 2821 offeruntur

2314 2842 2617 2899 oblationes
2645 2860 2672 2897 a
2699 2846 3027 2914 parentibus,
3062 2851 3143 2902 vel
3168 2853 3235 2903 ab
3264 2851 3348 2906 liis
3375 2856 3464 2922 qui
3497 2854 3649 2924 ipsos
3694 2872 3899 2925 suscep-

2318 2936 2421 2986 turi
2451 2945 2596 2999 sunt,
2636 2944 2691 2989 et
2717 2942 2864 3004 ponlt
2915 2938 3054 3006 ipsas
3098 2942 3353 2995 sacerdos
3402 2959 3569 3011 super
3615 2948 3821 3009 altare,
3853 2960 3897 3001 et

2315 3024 2447 3078 dicit
2472 3026 2780 3082 Orationem
2810 3040 3049 3083 secreto:
3076 3030 3339 3087 Miserain
3365 3046 3474 3100 tua,
3507 3034 3678 3103 Deus,
3713 3041 3782 3089 ad
3809 3041 3902 3090 tm

640 3140 699 3184 nt
725 3130 905 3197 scripti
954 3138 1110 3194 sunt,
1143 3139 1196 3185 et
1239 3138 1543 3183 statuuntur
1582 3135 1640 3182 ut
1667 3128 1834 3198 prius,
1878 3130 2097 3183 masculi
2145 3129 2211 3183 ad
2238 3111 2291 3177 (ἶ
2318 3118 2641 3188 percipienda
2672 3121 2929 3189 mysteria.
2963 3121 3062 3176 Ubi
3091 3122 3221 3177 dicit
3248 3124 3523 3191 Memento,
3547 3127 3796 3195 Domine,
3828 3134 3899 3198 [u-

640 3223 938 3282 dexteram,
969 3222 1179 3275 femina:
1200 3223 1264 3275 ad
1289 3222 1598 3287 sinistram;
1626 3230 1680 3277 et
1713 3222 2046 3290 postmodum
2068 3238 2216 3278 com-

644 3323 927 3367 moncutur
957 3328 984 3364 a
1009 3311 1238 3365 diacono
1268 3312 1340 3365 ita
1375 3330 1387 3363 :
1418 3311 1596 3375 Orate,
1623 3312 1790 3373 electi,
1817 3313 2004 3381 ﬂectite
2027 3330 2213 3383 genua.

645 3404 713 3457 Et
743 3413 1021 3472 postquam
1067 3400 1356 3469 oraverint,
1386 3401 1514 3456 dicit
1562 3401 1763 3456 Levate.
1793 3401 2053 3469 Complete
2083 3405 2210 3457 Ora-

641 3498 829 3551 tionem
858 3504 1074 3548 vcstram
1105 3493 1155 3545 in
1186 3508 1364 3555 unum,
1395 3503 1442 3545 et
1478 3493 1629 3546 dicite
1673 3495 1854 3548 Amen.
1882 3493 1953 3547 Et
1990 3509 2213 3563 respon-

642 3588 687 3639 di
714 3596 769 3638 nt
799 3598 986 3637 omnes
1011 3585 1191 3637 Amen.
1225 3584 1355 3638 Item
1384 3583 1514 3636 dicit
1534 3583 1786 3637 diaconus
1808 3599 1825 3639 :
1848 3583 2059 3652 Signate
2077 3584 2211 3648 illos,

642 3674 867 3727 accedite
893 3674 962 3724 ad
998 3672 1430 3726 Benedictioncm.
1465 3672 1532 3725 Et
1557 3672 1768 3741 signent
1819 3673 1938 3726 illos
1986 3672 2215 3728 infantes

646 3765 697 3818 in
731 3764 992 3817 frontibus
1016 3778 1199 3816 eorum
1236 3764 1426 3830 patrini
1456 3763 1540 3817 vel
1572 3764 1813 3817 matrima
1842 3764 1908 3817 de
1934 3764 2215 3831 pollicibus

642 3857 774 3916 suis,
788 3854 1025 3906 dicentes
1047 3852 1108 3903 In
1125 3854 1327 3906 nomine
1345 3851 1514 3906 Patris
1528 3865 1575 3906 et
1591 3851 1718 3906 Filii
1730 3862 1779 3907 et
1796 3854 2019 3908 Spiritu:
2028 3856 2210 3908 sancti.

642 3944 793 3996 Tunc
817 3943 959 3997 venit
982 3942 1261 4011 acolythus
1283 3942 1471 3996 iterum
1499 3944 1695 3998 faciens
1714 3959 1924 3999 crucem
1948 3947 2001 4001 in
2025 3947 2214 4000 fronti-

641 4033 743 4087 bus
760 4033 1104 4101 singnlorum,
1129 4032 1357 4086 dicendo
1382 4032 1449 4085 In
1479 4037 1683 4089 nomine
1705 4034 1899 4100 Patris,
1922 4047 1967 4089 et
1995 4034 2136 4101 Filii,
2168 4047 2215 4089 et

642 4123 869 4185 Spiritus
905 4125 1088 4175 sancti.
1124 4124 1189 4176 Et
1224 4123 1448 4191 imponit
1480 4141 1692 4178 manum
1733 4142 1895 4193 super
1924 4141 2037 4189 eos,
2084 4129 2214 4181 dans

639 4213 944 4265 Orationem
974 4229 1136 4280 super
1159 4228 1251 4267 eos
1278 4215 1489 4267 exeelsa
1520 4230 1668 4278 voce,
1723 4217 1804 4268 his
1834 4216 2028 4279 verbis,
2074 4216 2211 4269 Deus

649 4305 923 4359 Abraham.
943 4307 1053 4369 Qua
1072 4307 1299 4373 expleta,
1326 4308 1485 4359 vertit
1507 4322 1565 4361 se
1582 4309 1645 4359 ad
1666 4310 1912 4372 feminas,
1936 4320 1988 4362 et
2013 4309 2212 4363 faciens

642 4410 854 4447 crucem
883 4396 931 4446 iu
962 4395 1222 4447 frontibus
1243 4396 1591 4465 singularum,
1624 4398 1848 4452 dicendo
1876 4416 1887 4449 :
1914 4398 2051 4451 Deus
2077 4401 2208 4461 cwli,

2321 3208 2577 3261 mulorum
2636 3212 3043 3280 famularumque
3082 3223 3306 3278 tuarum,
3354 3220 3653 3272 recitantur
3703 3224 3901 3275 nomina

2320 3300 2551 3353 virorum
2581 3314 2644 3353 ac
2671 3302 2955 3355 mulierum
3004 3305 3094 3372 qui
3127 3306 3271 3373 ipsos
3318 3306 3553 3362 infantes
3605 3312 3899 3378 suscepturi

2316 3399 2461 3445 sunt.
2499 3394 2625 3446 item
2662 3392 2795 3446 infra
2823 3393 3125 3462 Aetionem,
3163 3395 3309 3449 Hanc
3337 3398 3526 3467 igitur;
3574 3401 3791 3469 expleta
3820 3418 3898 3453 au-

2320 3490 2425 3535 trm
2462 3482 2753 3536 recitentur
2784 3486 2994 3537 nomina
3020 3486 3332 3540 electorum.
3364 3488 3655 3557 Postquam
3690 3494 3899 3545 recitata

2320 3572 2535 3639 fucrmt,
2572 3574 2702 3627 dicit
2731 3592 2745 3626 :
2779 3574 2913 3639 Hos,
2945 3576 3180 3642 Domine,
3213 3584 3354 3647 fonte
3388 3580 3721 3649 baptismatis
3762 3587 3900 3635 iuno-

2317 3667 2528 3719 vandos.
2561 3668 2736 3721 Finita
2761 3684 2885 3721 vero
2906 3668 3179 3723 Missarum
3203 3654 3484 3735 solemnia,
3510 3677 3898 3727 communicent

2320 3774 2514 3812 omnes
2549 3768 2739 3825 praeter
2760 3760 2907 3831 ipsos
2935 3760 3180 3815 infantes.
3213 3760 3413 3815 Deinde
3436 3766 3731 3817 annuntiat
3765 3780 3902 3832 pres-

2318 3850 2473 3919 byter
2504 3852 2645 3904 utin
2677 3852 2790 3918 ipsa
2838 3853 3166 3906 ltebdomaila
3215 3863 3554 3907 revertantur
3601 3855 3668 3907 ad
3718 3857 3901 3909 scruti-

2321 3944 2491 4006 nium,
2533 3941 2605 3995 ita
2636 3943 2903 3997 dicendo:
2937 3943 3033 3996 Die
3078 3943 3288 3997 Sabbati
3316 3948 3497 4011 venite,
3545 3947 3790 4003 colleaite
3827 3965 3897 4001 ros

2318 4032 2595 4100 temporius
2622 4032 2687 4083 ad
2712 4032 2975 4085 ecclesiam
3003 4033 3079 4085 ill.
3114 4037 3191 4085 vel
3220 4034 3296 4087 ill.
3334 4080 3342 4117 ᾗ

2388 4120 2444 4174 4.
2493 4121 2784 4175 Venientes
2814 4133 2989 4175 autem
3016 4138 3202 4177 omnes
3244 4127 3309 4176 ad
3345 4127 3517 4192 ipsum
3558 4125 3736 4191 diem,
3774 4128 3896 4180 sicut

2316 4212 2394 4265 eis
2423 4213 2791 4265 denuntiatum
2823 4213 2943 4276 fuit,
2976 4225 3029 4267 et
3054 4217 3252 4267 faciunt
3284 4217 3452 4284 ipsum
3484 4221 3830 4281 scrutininm,
3852 4226 3896 4270 et

2317 4302 2530 4355 Missam
2563 4318 2656 4371 per
2680 4320 2893 4357 omnem
2913 4306 3176 4367 ordinem,
3211 4307 3346 4359 sicut
3374 4310 3621 4374 superius
3644 4308 3893 4377 scriptum

2319 4403 2421 4445 est.
2453 4395 2645 4446 lterum
2677 4395 2958 4447 annuntiat
2980 4398 3259 4465 presbyter
3289 4401 3500 4464 qualem
3534 4400 3677 4451 diem
3726 4402 3896 4452 volue-

645 4482 781 4536 I)eus
818 4495 983 4537 terrae.
1030 4484 1095 4536 Et
1134 4487 1413 4537 annuntiat
1460 4484 1715 4540 diaconus
1760 4488 1941 4541 dicens
1978 4506 1991 4539 :
2035 4489 2210 4550 Orate,
2245 4471 2298 4530 Β
2325 4485 2389 4535 ι’ίι
2421 4485 2473 4535 in
2525 4485 2766 4551 sequenti
2796 4484 3174 4552 'hebdomada,
3223 4502 3341 4554 quae
3371 4488 3437 4539 ab
3487 4489 3636 4541 initio
3665 4488 3895 4554 011θάιᾶ-

642 4572 831 4634 electae,
859 4581 913 4624 et
937 4572 1160 4639 reliqua,
1193 4573 1329 4624 sicut
1355 4573 1618 4640 superius.
1657 4575 1719 4627 Et
1764 4577 1976 4642 signant
2020 4578 2209 4643 patiini

643 4671 699 4713 nt
727 4663 891 4727 prius.
923 4663 987 4713 Et
1008 4662 1243 4728 sequitur
1271 4661 1407 4715 alius
1437 4663 1737 4731 acolythus,
1769 4680 1928 4732 super
1950 4669 2213 4722 masculos

642 4748 845 4803 faciens
874 4762 1109 4812 crucem,
1140 4750 1276 4802 sicut
1307 4751 1510 4819 primus
1548 4752 1699 4818 fecit;
1729 4766 1782 4807 et
1826 4756 2061 4823 imponet
2102 4774 2214 4812 ina-

638 4855 764 4892 nnm
783 4854 942 4907 super
961 4856 1073 4906 eos,
1098 4840 1280 4897 dicens
1305 4860 1318 4895 :
1342 4844 1497 4908 Audi,
1516 4845 1796 4910 maledicte,
1816 4846 2057 4903 Satanas.
2084 4852 2210 4905 ltum

637 4946 800 4995 super
832 4931 1054 4985 feminas
1078 4932 1321 4987 similiter
1352 4934 1552 4989 faciens
1580 4951 1814 5002 erucem,
1849 4950 1902 4994 et
1932 4942 2213 5010 imponens

638 5038 827 5076 manus
873 5038 1034 5090 super
1082 5039 1193 5087 eas,
1239 5026 1467 5078 dicendo
1512 5043 1527 5078 :
1570 5027 1708 5080 Deus
1750 5030 2026 5098 Abraham,
2076 5034 2212 5089 Deus

638 5110 810 5166 Isaac.
845 5113 973 5168 ltem
1000 5115 1126 5169 dicit
1156 5116 1412 5169 diaconus
1453 5129 1502 5170 ut
1537 5130 1692 5175 orent
1722 5122 1876 5177 electi
1902 5136 1953 5178 et
1982 5143 2039 5180 re
2065 5128 2209 5196 iqna,

642 5214 698 5256 ut
733 5206 902 5271 prius,
930 5215 985 5259 et
1012 5208 1219 5275 signant
1252 5207 1464 5274 patrini,
1492 5209 1626 5262 sicut
1660 5213 1823 5278 prius.
1858 5214 1981 5270 Inde
2027 5219 2212 5274 tertius

637 5297 913 5367 acolythus
930 5299 1054 5354 facit
1069 5314 1278 5354 crucem
1303 5298 1354 5352 in
1375 5299 1628 5356 frontibus
1648 5319 1952 5372 puerorum,
1971 5309 2108 5363 sicut
2123 5326 2213 5365 an-

639 5388 800 5440 terior
816 5389 959 5455 fecit,
987 5402 1043 5447 et
1064 5392 1301 5460 imponet
1314 5409 1523 5448 manum
1538 5410 1698 5463 super
1716 5400 1881 5466 capita
1900 5418 2204 5472 puerorum,

636 5477 862 5532 dicendo
886 5498 900 5531 :
924 5480 1175 5535 Exerciso
1195 5494 1262 5549 te,
1283 5484 1543 5538 immunde
1557 5489 1787 5542 spiritus.
1809 5491 1935 5545 ltetn
1957 5507 2119 5560 ευμεν
2141 5498 2207 5551 fe-

2322 4573 2539 4644 gesimm
2567 4585 2647 4628 est
2676 4587 2880 4642 quarta,
2914 4578 2926 4628 i
2955 4593 2982 4628 a
3014 4576 3246 4630 dicendo
3276 4595 3288 4630 :
3327 4577 3429 4630 Illa
3464 4581 3595 4645 feria
3646 4582 3890 4639 veniente.

2321 4667 2553 4736 collirgite
2594 4682 2676 4718 vos
2713 4668 2989 4732 temporius
3039 4668 3106 4718 ad
3152 4668 3418 4720 ecclesiam
3464 4667 3635 4733 illam,
3685 4678 3891 4738 qualem

2323 4757 2436 4823 ipse
2463 4757 2881 4810 deintntiaverit.
2921 4759 2985 4811 Et
3022 4769 3077 4811 ut
3109 4760 3352 4812 venerint
3392 4760 3458 4812 ad
3501 4760 3790 4812 ceclesiam
3818 4760 3888 4810 die.

2321 4862 2425 4912 quo
2447 4847 2524 4899 eis
2551 4848 2707 4899 fuerit
2739 4852 3127 4914 aniiuntiatmn,
3157 4850 3355 4902 clamat
3381 4851 3644 4903 diaconus
3675 4852 3889 4904 dicens:

2322 4932 2681 4988 Catechumeni
2707 4941 3013 5007 procedant;
3044 4949 3096 4992 et
3126 4950 3384 4993 vocantur
3410 4940 3644 4994 infantes
3668 4943 3743 4994 ab
3769 4956 3889 4992 accc

2320 5026 2469 5094 lytbo
2500 5043 2591 5094 per
2623 5030 2862 5096 nomina,
2896 5030 2981 5083 vel
3009 5032 3197 5085 ordine
3225 5033 3363 5085 sicut
3412 5033 3582 5099 prius,
3618 5042 3668 5086 et
3702 5033 3887 5086 faciunt

2317 5119 2631 5172 scrutiium
2677 5136 2770 5185 per
2808 5124 3006 5186 omnia,
3040 5123 3176 5175 sicut
3215 5123 3337 5177 illos
3380 5123 3588 5192 prim-es
3635 5122 3881 5180 fecerunt.

2319 5224 2484 5274 usque
2513 5209 2577 5261 ad
2609 5212 2695 5262 ubi
2718 5212 2845 5264 dicit
2870 5228 2882 5263 :
2919 5212 3130 5282 Signate
3161 5213 3300 5279 illos,
3324 5225 3451 5267 state
3473 5230 3592 5266 cum
3623 5214 3882 5281 disciplina

2322 5310 2369 5352 et
2400 5317 2514 5353 cum
2544 5303 2770 5356 silentio.
2822 5303 2889 5357 Et
2928 5314 3053 5357 tunc
3096 5303 3347 5372 leguntur
3386 5308 3506 5359 dua:
3545 5306 3803 5360 lectiones
3839 5304 3879 5356 iu

2315 5394 2522 5444 aurium
2554 5395 2905 5461 apertionem.
2942 5394 3115 5449 Lectio
3144 5397 3302 5450 Isaia:
3326 5398 3589 5467 propheta
3607 5418 3626 5452 :
3661 5398 3788 5452 Hinc
3815 5397 3876 5447 dic

2315 5482 2380 5533 cit
2412 5481 2690 5539 Dominus:
2713 5485 2897 5539 Audite
2911 5487 3173 5542 audientes
3197 5505 3297 5557 me,
3328 5499 3375 5542 et
3408 5491 3662 5546 concedite
3685 5491 3879 5550 bonum,

708 5593 1651 5700 :mfrlltltf'ifilta'ntc'e‘rﬁo'genuinijarno
1681 5610 1804 5658 ante
1858 5607 2194 5674 baptismum.
2236 5613 2545 5685 Quanquam
2570 5636 2675 5677 non
2698 5638 2820 5680 raro
2841 5625 3057 5681 nomina
3084 5635 3206 5682 tunc
3262 5627 3696 5700 imponebsntur.
3753 5630 3877 5698 Lege

639 5660 944 5715 llenardum
975 5663 1027 5718 in
1054 5660 1407 5733 Sanamem"
1438 5660 1557 5739 pag.
1583 5668 1669 5725 98.
