4008 6308
167 347 221 397 is}?
242 344 273 397 7

1362 343 1617 398 ROMANI
1659 344 1974 400 ORDINES.
2014 374 2083 383 —
2122 342 2229 397 VII.

3326 356 3426 407 99$

164 457 281 525 80
324 471 489 523 usque
541 459 618 509 Αιι
670 456 938 510 Dominum
999 458 1162 510 Deum
1211 467 1461 523 nostrum,
1505 459 1743 528 quoniam
1773 463 1817 520 Α
1848 456 2007 507 nobis.
2038 455 2149 521 Ipsa
2173 454 2403 522 ex'pleta,
2432 456 2709 508 annuntiat
2738 456 2989 510 diaconus
3020 457 3205 512 dicens
3235 478 3246 512 :
3282 462 3429 517 State

174 544 373 597 mullus
396 546 559 596 estad
585 546 969 614 ignoscendum.
1002 547 1252 615 Sequitur
1284 548 1511 601 Gradale
1548 547 1749 610 Venite,

164 635 290 700 ﬁiii.
325 635 449 689 Item
481 636 584 690 alia
614 637 772 689 lectio
795 637 862 690 ad
883 639 1227 692 Colossenscs
1251 655 1269 692 :
1306 636 1539 701 Fratres,
1571 654 1751 706 exspo-

163 725 353 777 liantes
377 740 460 777 vos
481 734 689 777 vet3rem
723 726 975 779 hominem
992 744 1104 779 cum
1127 729 1321 780 actibus
1339 728 1464 792 suis,
1491 743 1657 793 usque
1688 726 1752 779 Et

160 815 372 873 quidem
395 815 446 866 in
477 829 676 867 omnem
696 825 882 867 (errant
903 818 1055 869 exivit
1078 834 1232 870 sonus
1250 833 1448 885 eorum,
1473 829 1519 870 et
1549 820 1597 870 in
1627 818 1752 883 ﬁnes

162 907 305 959 orbis
333 916 480 960 terra:
504 906 652 959 verba
673 898 870 961 eorum.
896 908 1147 976 Sequitur
1171 908 1398 964 Gradule
1430 909 1584 962 Beata
1605 926 1746 979 gens.

241 994 295 1051 5.
339 997 467 1050 lnde
496 985 635 1051 'vero
682 998 1228 1067 proceduntquatuor
1266 1000 1521 1053 diacones
1561 1002 1627 1053 de
1666 1015 1747 1052 sae

162 1087 343 1138 crario
371 1100 491 1141 cum
520 1095 750 1153 quatuor
778 1087 923 1141 libris
958 1088 1394 1156 Evangeliornm,
1441 1090 1748 1157 pra-ceden—

168 1178 314 1231 tibus
342 1194 435 1232 eos
464 1178 671 1232 duobus
699 1180 1032 1234 candelabris
1057 1196 1174 1233 cum
1202 1181 1471 1233 tlntribulo
1501 1193 1550 1233 et
1571 1180 1752 1234 incen-

164 1282 250 1331 so,
274 1277 326 1321 et
355 1278 554 1337 ponunt
587 1272 697 1338 ipsa
729 1270 1012 1338 Evangelia
1047 1272 1098 1324 in
1129 1283 1358 1335 quatuor
1380 1274 1600 1341 angulos
1620 1274 1749 1324 alta-

170 1359 265 1422 ris,
288 1370 636 1425 etanteqnam
660 1360 850 1428 aliquis
872 1376 1055 1415 eorum
1078 1362 1234 1431 legal,
1262 1371 1449 1415 tractet
1474 1364 1751 1429 presbyter

170 1450 259 1503 his
293 1451 502 1505 verbis:
531 1454 792 1521 Aperituri
836 1454 990 1516 vobis,
1021 1456 1120 1523 filii
1148 1456 1415 1518 carissimi,
1449 1455 1748 1521 Evangelia,

167 1545 223 1596 id
245 1554 319 1597 est
345 1555 484 1615 gesta
504 1545 696 1607 divina,
727 1554 780 1599 e’t
810 1545 1029 1614 reliqua.
1073 1544 1163 1599 llis
1194 1546 1442 1612 expletis,
1473 1546 1753 1599 annuntict

168 1633 427 1687 diaconus
452 1676 467 1697 ,
519 1634 727 1699 dicens,
780 1633 926 1689 State
954 1650 1066 1687 cum
1106 1635 1324 1697 silentio,
1362 1636 1626 1688 audientes
1673 1636 1751 1688 in-

172 1732 327 1777 tenle.
355 1724 419 1777 Et
454 1735 577 1778 tunc
618 1724 886 1794 accipiens
916 1738 1051 1777 unus
1090 1725 1346 1778 diaconus
1383 1726 1617 1793 desuper
1651 1740 1747 1779 an-

1853 561 1967 596 cum
2014 545 2238 609 silentio,
2285 545 2547 596 audientes
2579 545 2786 597 intente.
2821 546 2943 598 Inde
2973 546 3313 613 Subsequitur
3344 566 3433 604 sa-

1856 634 2045 686 cerdos
2082 632 2216 684 hanc
2249 630 2609 699 praelationem
2642 633 2922 687 dominica:
2963 634 3233 689 Orationis
3267 656 3281 690 :
3318 638 3419 691 Do-

1854 726 2023 776 minus
2051 734 2097 777 cl
2123 722 2363 777 Salvator
2392 735 2582 777 noster.
2617 725 2732 792 Ipsa
2764 727 2993 793 expleta,
3025 728 3379 782 admonentur
3400 746 3428 784 a

1853 814 2075 867 diacono
2100 830 2111 863 :
2134 811 2277 867 State
2296 830 2407 864 cum
2430 814 2653 874 silentio,
2682 816 2950 869 audientes
2971 817 3182 868 in'ente.
3215 819 3277 870 Et
3306 820 3428 875 dit-it

1856 905 2132 973 presbyter
2157 921 2167 955 :
2190 904 2441 965 Audistis,
2462 904 2801 971 dilectissimi,
2831 905 3111 958 Dominicm
3144 907 3425 963 Orationis.

1855 998 1971 1065 lpsa
2000 1000 2236 1065 espleta,
2270 1000 2545 1051 annuntiat
2572 1000 2825 1053 diaconus
2859 1018 2873 1052 :
2904 1000 3264 1055 Catecltumeni
3294 1019 3423 1055 rece-

1853 1089 1999 1140 dant.
2034 1087 2093 1139 Si
2123 1089 2237 1155 quis
2265 1088 2654 1141 catecltuntenus
2692 1098 2787 1152 est,
2818 1091 3042 1144 recedat.
3073 1089 3257 1145 Omnes
3290 1100 3430 1144 rate-

1852 1179 2087 1231 chuntent'
2116 1189 2294 1230 exeant
2323 1183 2484 1247 foras.

1894 1270 1977 1333 ‘7.
2007 1267 2212 1336 Egressi
2262 1284 2385 1322 vero
2426 1278 2675 1338 parentes
2723 1284 2840 1323 cum
2873 1271 3158 1327 infantibus
3203 1290 3422 1337 eorum,

1854 1358 1982 1411 furis
2015 1358 2313 1426 relinquant
2343 1358 2485 1425 ipsos
2513 1357 2741 1412 infantes
2765 1360 2815 1410 in
2848 1361 3119 1425 custodia;
3152 1371 3208 1416 et
3240 1362 3428 1417 iterum

1861 1446 2228 1516 ingrediuntur
2258 1445 2308 1498 in
2338 1446 2654 1509 ecclesiam,
2706 1456 2811 1500 tam
2862 1460 3104 1516 parentes
3144 1466 3300 1519 quam
3349 1452 3427 1505 illi

1853 1536 1942 1603 qui
1977 1536 2120 1603 ipsos
2152 1535 2382 1587 infantes
2408 1549 2512 1589 sust
2534 1538 2713 1600 epturi
2739 1546 2897 1602 sunt,
2924 1552 3044 1591 cum
3075 1540 3431 1594 oblationibus

1853 1640 2074 1692 eorum,
2106 1634 2161 1679 et
2204 1624 2500 1678 oll‘eruntnr
2534 1641 2629 1694 pro
2676 1627 2822 1695 ipsis.
2867 1627 2971 1695 lpsi
3026 1643 3155 1682 vero
3205 1629 3434 1684 infantes

1856 1733 1951 1785 pro
1972 1717 2172 1771 foribus
2208 1726 2548 1785 exspectant,
2581 1716 2751 1771 donec
2780 1729 3217 1774 consummentur
3247 1721 3432 1775 Missa-

168 1816 293 1881 gulo
321 1816 494 1883 primo
518 1816 704 1869 altaris
744 1816 965 1868 sinistro
992 1815 1183 1868 librum
1216 1815 1508 1883 Evangelii,
1544 1830 1746 1885 praece-
1782 1799 1825 1859 Β
1853 1826 1968 1863 rum
2018 1809 2296 1863 solemnia-
2351 1808 2564 1875 Expleta
2614 1824 2740 1863 vero
2790 1811 2982 1875 Missa.
3035 1812 3433 1868 communicent

169 1903 420 1958 dentibus
443 1913 565 1959 ante
592 1918 713 1959 cum
736 1904 940 1959 duobus
962 1904 1293 1958 candelabris
1314 1922 1431 1959 cum
1460 1905 1747 1971 thuribnln,

169 1993 409 2047 ascendit
440 1995 502 2045 ad
536 1994 837 2063 legendum,
870 2004 923 2048 et
948 1995 1099 2065 legit,
1131 1995 1347 2047 Initium
1374 1998 1539 2049 sancti
1572 1996 1749 2050 Er'tn-

173 2086 293 2157 gelii
314 2086 589 2139 secundum
616 2086 938 2151 Mattltwutn,
972 2103 1137 2156 usque
1159 2089 1264 2158 ipse
1284 2089 1418 2141 enim
1448 2086 1640 2141 salvum
1671 2088 1752 2155 {a-

172 2180 265 2230 ciet
295 2180 537 2248 populum
565 2196 711 2231 suum
735 2196 765 2230 a
795 2178 1011 2249 peccatis
1043 2195 1233 2232 eorum.
1270 2179 1332 2232 Et
1362 2189 1638 2250 postquam
1677 2182 1753 2233 le-

170 2271 329 2337 gerit,
361 2271 579 2339 suscipit
610 2272 674 2325 de
704 2286 767 2325 eo
794 2270 1148 2325 subliaconus
1184 2270 1354 2338 ipsum
1404 2271 1746 2341 Evangefinm

173 2376 332 2427 super
362 2361 600 2422 linteum,
634 2370 686 2413 et
713 2370 886 2428 portet
917 2364 968 2414 in
996 2359 1254 2420 sacrario,
1296 2370 1348 2414 et
1381 2370 1567 2415 tractet
1601 2376 1749 2428 pres-

183 2449 325 2518 byter
366 2450 449 2506 bis
489 2452 705 2505 verbis:
739 2449 868 2503 Filii
897 2451 1172 2514 carissimi,
1216 2467 1279 2503 ne
1316 2452 1510 2506 diutius
1556 2469 1640 2505 vos
1681 2462 1752 2503 te-

174 2553 399 2591 neamus.
434 2538 548 2605 Ipsa
578 2539 805 2606 expleta,
842 2540 965 2593 item
988 2538 1264 2592 annuntiat
1300 2539 1575 2603 diaconus,
1610 2540 1756 2595 State

175 2645 283 2681 cum
307 2631 526 2695 silentio,
552 2632 813 2685 audientes
835 2632 1042 2686 intente.
1074 2631 1262 2684 lterum
1285 2632 1478 2700 accipit
1497 2632 1754 2688 diaconus

175 2719 404 2786 desuper
452 2721 556 2773 alio
613 2721 833 2773 sinistro
880 2721 1074 2789 angulo
1117 2720 1302 2773 altaris
1354 2720 1513 2773 alntm
1563 2722 1752 2775 librum

177 2809 471 2878 Evangelii,
523 2794 942 2877 praicedentibtts
990 2811 1163 2864 cereis
1190 2816 1245 2862 et
1288 2809 1586 2871 tlturibulo.
1619 2812 1756 2866 sicut

181 2898 437 2966 superius.
468 2898 659 2953 lterunt
690 2900 814 2954 dicit
842 2916 856 2953 :
887 2898 1100 2953 Initium
1144 2901 1311 2953 sancti
1358 2900 1626 2970 Evangelii
1670 2918 1754 2955 se-

176 2989 395 3042 cundum
428 2989 681 3054 Marcum,
711 3002 874 3060 usque
908 2988 1019 3059 Ego
1046 2991 1246 3058 baptizo
1276 3007 1362 3043 vos
1389 2991 1443 3043 in
1464 3007 1619 3060 aqua,
1650 2991 1757 3059 ipse

177 3101 260 3138 vos
282 3080 557 3150 bap:izabit
580 3078 786 3147 Spiritu
807 3088 1007 3133 sancto.
1052 3079 1111 3133 Et
1142 3080 1474 3149 postmodum
1520 3081 1757 3149 sequitur

1851 1912 2067 1961 omnes,
2102 1908 2298 1965 praeter
2329 1896 2469 1965 ipsos
2506 1897 2756 1954 infantes.

1926 1988 1978 2041 8.
2004 1988 2196 2040 lterum
2222 1990 2501 2041 annuntiat
2527 1989 2806 2058 presbyter
2826 1990 3035 2058 qualem
3051 1991 3187 2045 diem
3203 1992 3431 2045 Voluerit

1854 2078 2098 2145 sequenti
2144 2076 2471 2130 bebdomada
2494 2116 2510 2141 ,
2540 2093 2659 2146 qua:
2684 2088 2765 2132 est
2794 2079 2861 2131 ab
2888 2079 3036 2133 initio
3065 2080 3429 2149 Quadragcsi-

1853 2182 1973 2231 mas,
2006 2174 2062 2219 ttt
2104 2174 2439 2220 revertantur
2464 2166 2529 2219 ad
2576 2167 2915 2221 scrutinium.
2951 2169 3015 2221 Et
3047 2178 3103 2222 ut
3148 2172 3424 2236 venerint,

1852 2257 2153 2311 celebratur
2182 2257 2355 2325 ipsum
2395 2258 2709 2311 scrutinium
2756 2274 2848 2327 per
2893 2274 3105 2315 omnem
3151 2262 3426 2318 ordinem.

1850 2348 1985 2401 sicut
2014 2346 2086 2397 illi
2112 2344 2216 2398 duo
2250 2344 2452 2413 priores
2493 2356 2616 2400 ante
2643 2349 2787 2401 auris
2816 2351 3149 2417 apertionem
3183 2350 3427 2406 fuerunt.

1856 2432 1925 2488 Et
1962 2444 2145 2503 postea
2176 2438 2455 2491 annuntiat
2486 2440 2799 2508 presbyter,
2830 2450 2888 2494 ut
2913 2441 3023 2508 ipsa
3060 2442 3391 2495 bebdomada
3411 2486 3426 2507 ,

1854 2529 2063 2595 qualem
2095 2528 2235 2582 diem
2289 2528 2369 2583 vel
2399 2527 2465 2582 ad
2497 2530 2704 2596 qualem
2750 2531 3034 2585 ecclesiam
3084 2534 3340 2597 voluerit,
3376 2544 3434 2587 ut

1858 2627 2197 2671 revertantur
2221 2617 2287 2671 ad
2317 2620 2635 2672 scrutinium
2667 2631 2933 2683 quartum.
2969 2621 3034 2674 Et
3064 2632 3123 2675 ut
3152 2625 3431 2685 venerint,

1860 2709 1982 2762 facit
2023 2708 2191 2777 ipsum
2234 2707 2547 2763 scrutinium
2596 2724 2689 2777 per
2735 2724 2946 2764 omnem
2996 2712 3239 2777 modum,
3295 2714 3435 2767 sicut

1858 2801 2092 2854 anterius
2122 2801 2264 2853 fecit.
2302 2799 2412 2851 llor
2435 2801 2700 2869 exp'etum
2722 2841 2736 2861 .
2771 2800 2961 2855 iterum
2992 2810 3271 2856 annunttat
3316 2808 3428 2865 e's,

1858 2892 1993 2944 sit-ut
2023 2890 2291 2959 superius,
2321 2902 2377 2942 ut
2406 2902 2739 2946 revertantur
2766 2892 2831 2945 ad
2860 2894 3175 2947 scrutinium
3196 2905 3431 2957 sextum,

1860 2978 1912 3032 in
1942 2989 2203 3048 sequente
2235 2980 2566 3034 hebdomada
2595 2982 2780 3035 ultima
2811 2992 2933 3038 ante
2967 2984 3190 3047 Pascha,
3219 2986 3432 3053 qualem

1860 3068 1999 3123 diem
2030 3069 2114 3122 vel
2144 3068 2207 3122 ad
2255 3069 2462 3137 qualem
2510 3070 2791 3124 r‘cclcsiam
2834 3072 3094 3133 voluerit,
3122 3081 3177 3124 et
3204 3072 3437 3137 coroplct

177 3147 454 3243 presbyter
480 3172 559 3225 bis
589 3170 758 3225 verbis
785 3187 799 3223 :
835 3170 885 3223 Μ
893 3185 1043 3223 arcus
1064 3147 1373 3240 evangelista
1394 3169 1556 3223 leonis
1574 3147 1754 3240 gerens

1869 3158 2037 3227 ipsum
2091 3159 2405 3213 scrutinium
2456 3158 2539 3213 vel
2588 3159 2699 3225 ipsa
2748 3159 2962 3223 omnia,
3019 3160 3158 3212 sicut
3200 3159 3437 3215 anterius

181 3269 418 3338 ﬁguram.
437 3264 552 3332 Ipsa
570 3262 803 3330 expleta,
827 3262 950 3315 item
974 3263 1254 3315 annuntiat
1280 3260 1542 3317 diaconus
1568 3278 1581 3314 :
1609 3260 1758 3317 State

177 3372 294 3410 cum
340 3354 568 3419 silentio,
595 3353 856 3405 audientes
902 3352 1112 3405 intente.
1160 3350 1227 3404 Et
1271 3350 1462 3419 accipit
1508 3351 1757 3405 diaconus

176 3449 409 3515 desuper
441 3446 600 3501 tertio
631 3446 827 3514 angulo
856 3443 1047 3499 dextro
1074 3445 1258 3499 altaris
1303 3446 1517 3499 tertium
1565 3446 1756 3499 librum

182 3540 453 3607 Evangelii
501 3538 792 3593 secundum
834 3538 1055 3604 Lucam,
1095 3552 1261 3605 usque
1302 3536 1497 3590 Parare
1539 3536 1760 3590 Domino

181 3632 377 3698 plebem
421 3634 728 3700 perfectam.
771 3630 839 3683 Et
882 3637 1068 3683 tractet
1115 3622 1407 3699 presbyter
1434 3629 1516 3682 bis
1548 3628 1757 3681 verbis:

183 3719 352 3773 Lucas
374 3720 707 3790 evangelista,
730 3729 836 3773 etc.
863 3719 977 3788 Ipsa
1004 3719 1238 3788 expleta,
1268 3720 1459 3773 iterum
1483 3719 1764 3771 annuntiet

176 3811 438 3863 diaconus
459 3820 515 3863 ut
535 3826 716 3876 supra.
749 3809 811 3863 Et
836 3808 1025 3877 accipit
1044 3809 1301 3863 diaconus
1321 3810 1551 3875 desuper
1572 3818 1765 3870 quarto

182 3896 388 3965 angulo
415 3896 606 3952 dextro
634 3897 822 3949 altaris
869 3906 1113 3965 quartum
1152 3897 1347 3950 librum
1378 3897 1652 3965 Evangelii
1683 3912 1767 3951 se-

176 3989 413 4041 cundum
460 3989 717 4043 Joannem
748 4006 760 4041 :
795 3988 858 4041 In
885 3990 1133 4059 principia
1174 3999 1281 4042 erat
1312 3990 1557 4056 Verbum,
1602 4006 1768 4059 usque

185 4078 406 4132 Plenam
428 4081 593 4148 gratia
614 4089 659 4132 et
676 4080 898 4133 veritate.
922 4080 1125 4133 lterum
1136 4081 1473 4149 prosequitur
1495 4080 1770 4151 presbyter

180 4169 270 4222 Itis
301 4168 473 4222 verbis
501 4185 513 4219 :
548 4166 775 4222 Joannes
803 4171 1134 4240 evangelista,
1166 4179 1273 4225 etc.

259 4258 315 4311 6.
360 4257 556 4311 Deinde
582 4258 709 4311 dicit
736 4258 1096 4326 przel'ationem
1141 4260 1389 4329 syutboli,
1440 4259 1771 4314 Dilectissimi

180 4350 354 4410 nobis,
385 4350 643 4419 accepturi
664 4360 979 4402 sacramenta
1010 4349 1361 4419 Baptismatis.
1395 4350 1506 4418 Ipsa
1531 4351 1767 4419 expleta,

183 4450 377 4492 tenens
401 4441 682 4507 acolythus
703 4439 807 4507 81
834 4455 993 4493 unum
1017 4456 1080 4491 ex
1106 4441 1139 4503 ἰ,
1159 4443 1233 4492 sis
1256 4436 1544 4493 infantibus
1567 4456 1771 4494 tttascu-

177 4531 299 4580 lum
352 4529 400 4580 in
445 4529 661 4581 sinistro
691 4528 930 4595 brachio,
980 4541 1031 4583 et
1070 4530 1360 4598 interroget
1386 4530 1433 4583 ei
1465 4532 1766 4601 presbyter,

178 4618 376 4670 dicens
418 4634 431 4667 :
478 4618 592 4682 Qua
630 4619 806 4689 lingua
846 4619 1151 4685 conﬁtentur
1196 4618 1474 4672 Dominum
1546 4630 1775 4673 nostrum

180 4711 369 4763 Iesum
394 4710 689 4765 Christum?
714 4709 1041 4777 Respondet,
1090 4710 1284 4764 Greece.
1318 4711 1578 4764 Annuntia
1624 4711 1777 4777 ﬁdem

180 4805 419 4867 ipsorum
441 4806 660 4867 qualiter
685 4804 915 4857 credant.
944 4804 1004 4858 Et
1026 4802 1445 4874 dicitacolythus
1467 4804 1776 4873 Symbolum

185 4893 403 4954 Graec,
434 4892 765 4946 decantando
810 4895 891 4946 bis
934 4893 1132 4957 verbis,
1158 4896 1386 4949 Πιστεύω
1430 4896 1499 4956 εἰς
1528 4895 1634 4947 ἕνα.
1668 4894 1780 4948 lloc

186 4991 491 5057 expletum,
546 4994 703 5043 vertit
755 5004 813 5044 se
846 4991 909 5043 ad
958 4989 1203 5052 feminas,
1236 5000 1288 5041 et
1336 4988 1461 5041 facit
1508 4988 1770 5043 similiter.

188 5082 395 5135 lterum
424 5080 700 5148 acolythus
726 5080 860 5133 alter
882 5079 1150 5146 accipiens
1173 5094 1235 5130 ex
1267 5076 1467 5131 Latinis
1488 5077 1775 5130 infantibus

194 5186 362 5223 unum
412 5168 462 5222 in
492 5170 704 5222 sinistro
733 5169 970 5233 brachio,
1018 5183 1220 5237 ponens
1280 5183 1492 5221 manum
1533 5169 1775 5221 dextram

193 5275 362 5326 super
389 5270 542 5327 caput
575 5260 761 5327 ipsius,
794 5270 847 5313 et
878 5262 1171 5329 interroget
1206 5259 1257 5313 ei
1307 5260 1585 5328 presbyter
1618 5276 1628 5310 :
1665 5257 1779 5324 Qua

197 5352 381 5417 lingua
411 5352 752 5418 conﬁtentur?
778 5351 912 5405 sicut
954 5354 1120 5420 prius,
1153 5359 1207 5406 et
1242 5350 1547 5419 respondet,
1576 5349 1777 5406 Latine.

199 5442 343 5494 Dicit
391 5446 437 5496 ei
489 5442 811 5510 presbyter:
845 5441 1009 5497 Credo
1055 5444 1109 5495 in
1138 5456 1297 5495 unum
1341 5439 1529 5501 Deum,
1568 5440 1780 5492 .l’atrem

201 5533 619 5602 anrnipormtem,
644 5534 939 5587 visibilium.
975 5534 1084 5587 lloc
1114 5532 1408 5600 expletum,
1440 5540 1595 5585 verttt
1626 5545 1683 5582 se
1712 5530 1778 5583 ad

201 5625 453 5687 feminas,
476 5634 529 5678 et
555 5625 680 5679 facit
709 5624 969 5678 similiter.
1004 5623 1206 5679 Deinde
1231 5624 1473 5691 sequitur
1501 5620 1783 5689 presbyter

208 5718 293 5771 bis
317 5719 530 5773 verbis:
566 5716 695 5771 Utve
719 5732 913 5771 summa
949 5727 1019 5769 est
1056 5716 1177 5784 ﬁdei
1221 5726 1423 5777 nostrat,
1469 5714 1781 5767 dilectissimi

1869 3252 2013 3306 fecit.
2050 3252 2120 3306 Ita
2156 3262 2328 3304 tamen
2359 3252 2619 3321 agendum
2657 3262 2732 3305 ρει
2757 3292 2773 3318 ,
2804 3261 2861 3305 nt
2891 3266 2918 3304 a
2951 3251 3121 3317 primo
3146 3253 3436 3319 scrutinio,

1856 3344 1966 3414 82
1985 3341 2074 3411 q:.i
2104 3342 2285 3411 incipit
2309 3343 2463 3395 tertia
2497 3341 2826 3395 ltebdomada
2857 3341 2910 3393 itt
2933 3340 3432 3409 Quadragesimnm,

1859 3449 2027 3502 usque
2079 3434 2130 3487 in
2179 3433 2413 3488 Sabbato
2470 3441 2655 3485 sancto
2700 3431 2875 3496 vigilia
2927 3430 3175 3493 Pascitur,
3228 3446 3434 3486 sep'em

1861 3525 2118 3579 scrutinia
2159 3537 2281 3578 esse
2328 3523 2559 3578 debeant
2606 3522 2898 3575 secundum
2959 3520 3181 3574 formam
3229 3534 3439 3590 septem

1863 3616 2019 3669 donis
2044 3616 2275 3682 Spiritus
2296 3618 2467 3669 sancti
2496 3657 2511 3681 ,
2542 3622 2598 3667 ut
2620 3613 2746 3667 dum
2769 3622 2973 3681 septem
3005 3615 3305 3682 septenario
3337 3631 3439 3667 nu-

1868 3721 2017 3760 mero
2074 3706 2471 3774 implebantur,
2527 3706 2685 3759 detur
2738 3705 2845 3760 illis
2900 3705 3068 3774 gratia
3115 3703 3446 3773 septiformis

1866 3796 2100 3865 Spiritus
2129 3796 2319 3849 sancti.

1937 3902 1991 3956 9.
2020 3903 2147 3956 Item
2174 3901 2454 3954 annuntiat
2480 3903 2761 3974 presbyter
2788 3912 2846 3957 ut
2869 3904 2921 3957 in
2950 3903 3068 3971 ipso
3096 3914 3281 3958 sancto
3302 3905 3441 3959 Sab-

1872 3990 2023 4055 bato,
2058 3990 2185 4042 hora
2219 3989 2372 4042 tertia
2395 4030 2410 4055 ,
2445 4000 2780 4045 revertantur
2808 3992 2872 4045 ad
2904 3994 3209 4058 ecclesiam,
3236 4002 3291 4047 et
3319 4003 3448 4047 tunc

1870 4078 2263 4133 catecltizantur
2296 4119 2311 4141 ,
2344 4089 2395 4131 et
2418 4078 2650 4131 reddunt
2692 4078 3039 4148 Symbolum,
3074 4089 3128 4134 et
3176 4081 3448 4147 baptizau—

1875 4179 2003 4233 tur,
2055 4178 2109 4222 et
2163 4168 2577 4235 complebuntur
2631 4177 2834 4232 septem
2887 4166 3191 4221 oblatiooes
3238 4183 3448 4225 eorum.

1872 4256 2018 4312 Ordo
2044 4271 2173 4310 vero
2194 4259 2420 4326 qualiter
2445 4258 2842 4311 catecbizantur
2864 4258 2935 4310 ita
2956 4267 3057 4311 est.
3086 4258 3214 4311 Post
3240 4259 3449 4312 tertiam

1877 4348 2057 4403 horam
2090 4348 2304 4402 Sabbati
2331 4349 2613 4415 procedant
2636 4348 2701 4400 ad
2726 4347 3029 4406 ecclesiam.
3054 4358 3109 4403 et
3135 4351 3452 4403 ordinentur

1880 4455 1975 4505 per
2013 4440 2254 4492 ordinem
2283 4478 2298 4502 ,
2332 4439 2466 4491 sicut
2506 4440 2687 4507 scripti
2734 4449 2889 4506 sunt,
2921 4441 3139 4493 masculi
3171 4441 3222 4492 in
3267 4443 3452 4496 dexte-

1877 4547 1988 4586 ram
2008 4572 2023 4596 ,
2053 4529 2265 4585 femina:
2295 4530 2346 4582 in
2378 4530 2684 4594 sinistram;
2726 4538 2780 4584 et
2809 4529 3009 4583 faciens
3032 4545 3244 4584 crucem
3275 4546 3453 4585 sacer-

1878 4622 1976 4675 dos
2006 4624 2055 4674 in
2086 4621 2350 4675 frontibus
2392 4621 2747 4686 singulorum,
2778 4632 2966 4688 postea
3006 4622 3249 4688 imposita
3293 4639 3453 4677 manu

1878 4725 2039 4779 super
2076 4711 2249 4777 capita
2277 4710 2611 4779 singulorum
2639 4709 2814 4765 dicat:
2850 4710 2959 4764 Nec
2988 4722 3037 4764 te
3056 4713 3173 4763 latet
3206 4712 3453 4767 Salanus.

1881 4803 1995 4872 Ipsa
2023 4804 2262 4873 expleta,
2295 4813 2475 4870 tanget
2521 4804 2797 4873 presbyter
2836 4802 3167 4872 singulorum
3213 4820 3369 4881 nares
3403 4815 3456 4860 et

1883 4910 2039 4949 aures
2063 4896 2129 4950 de
2176 4907 2329 4959 Sputo
2376 4897 2487 4949 oris
2535 4895 2650 4961 sui,
2685 4906 2739 4951 et
2784 4897 2915 4950 dicit
2942 4897 3357 4965 uniuscujusque
3387 4899 3451 4950 ad

1882 5000 2064 5037 aurem
2083 5025 2098 5049 ,
2125 4984 2321 5052 E/feta,
2345 4986 2481 5053 quod
2510 4994 2583 5037 est
2609 4985 2895 5053 adaperire,
2926 4986 2977 5037 in
2999 4985 3150 5037 o‘dor.’
3170 4990 3456 5050 statvitatis,

1884 5084 1935 5128 et
1965 5074 2188 5141 reliqua.
2225 5074 2335 5126 Hac
2355 5073 2584 5141 expleta,
2608 5074 2757 5126 ambr
2772 5073 2844 5127 lat
2872 5074 2922 5127 in
2953 5075 3178 5126 circuittt
3210 5073 3456 5141 imposita

1887 5183 2044 5218 manu
2066 5180 2223 5233 super
2249 5164 2419 5232 capita
2446 5180 2629 5217 eorum
2652 5206 2667 5228 ,
2715 5164 3045 5218 decantando
3086 5165 3297 5218 excelsa
3330 5181 3459 5219 voce

1890 5254 2052 5312 Credo
2097 5260 2148 5311 in
2192 5273 2351 5311 unum
2381 5256 2577 5317 Deum,
2609 5264 2663 5310 et
2709 5256 2930 5322 reliqua.
2985 5256 3260 5324 Vertitque
3306 5270 3362 5308 se
3394 5256 3458 5308 ad

1889 5345 2115 5401 feminas
2138 5391 2152 5414 ,
2187 5348 2394 5402 et-facit
2423 5347 2689 5401 similiter.
2724 5346 2909 5399 Postea
2943 5345 3139 5399 dicitur
3167 5346 3245 5399 eis
3276 5346 3345 5399 ab
3377 5360 3459 5398 ar-

1883 5438 2231 5492 cbidiacouo:
2264 5439 2448 5501 Orate,
2497 5438 2673 5502 electi,
2720 5445 2766 5489 et
2806 5437 2989 5505 flectite
3018 5453 3204 5507 genua.
3235 5435 3301 5491 Et
3344 5445 3457 5504 post

1887 5531 2153 5599 paululum
2193 5530 2351 5585 dicit:
2386 5531 2590 5584 Levate.
2623 5530 2875 5598 Complete
2916 5530 3214 5583 Orationem
3244 5538 3459 5582 vestrum

1884 5623 1936 5675 in
1971 5637 2156 5685 unum,
2184 5637 2231 5673 et
2254 5620 2405 5673 dicite
2433 5626 2611 5675 Arnen.
2638 5622 2701 5675 Et
2723 5619 3044 5689 respondent
3065 5634 3252 5675 omnes
3280 5622 3457 5672 Amen.

1889 5714 2081 5767 lterum
2106 5710 2457 5765 admonentur
2487 5711 2554 5769 ab
2576 5710 2952 5767 arcltidiacono
2980 5710 3063 5765 bis
3079 5710 3286 5766 verbis:
3311 5709 3468 5762 Cale--
