4008 6332
630 264 732 320 999

1298 265 1633 318 APPENDIX
1676 265 1765 319 AD
1805 266 1862 318 S.
1903 264 2225 318 (iliEGOilll
2268 265 2479 319 MAGNI
2523 263 2891 318 LITURGICA
2934 263 3185 319 OPERA.

3743 261 3763 311 l
3773 263 3889 313 000

631 383 861 435 chumcni
896 383 1147 434 secedant.
1182 379 1241 433 Si
1268 381 1380 447 quis
1409 379 1795 431 catechumenus
1830 388 1932 440 est,
1973 379 2194 431 secedat.
2227 380 2271 437 Α
2300 389 2473 429 autem
2506 392 2649 443 Ipsos
2679 377 2909 429 infantes
2950 377 3002 428 in
3030 375 3274 429 manibus
3299 386 3318 410 ο
3346 376 3456 427 suis
3477 414 3489 436 ,
3523 372 3763 426 oﬂcruut
3786 388 3896 426 eos

633 471 818 524 Omnes
847 467 1186 522 catechumcni
1212 476 1388 519 exeant
1417 467 1556 534 {oras
1575 506 1589 530 ,
1620 478 1954 533 exspectantes
1978 468 2152 520 horam
2176 505 2191 529 ,

631 575 731 622 qua
776 558 931 623 possit
979 555 1113 605 circa
1154 570 1237 606 vos
1284 553 1378 605 Dei
1414 555 1579 622 gratia
1630 555 1931 622 baptismum
1976 556 2195 621 operari.

632 647 821 701 Postea
851 644 1101 711 impii-tur
1124 642 1447 696 Benedictio.
1474 643 1600 697 Inde
1622 655 1913 711 sequuntur
1942 646 2197 698 lcetiones

632 749 724 803 per
747 734 986 787 ordinem
1012 748 1131 785 cum
1156 734 1374 785 canticis
1402 733 1466 785 ad
1493 734 1665 800 ipsum
1686 735 1825 787 diem
1854 735 2195 801 pertinentes.

704 822 793 876 10.
850 824 960 876 lloc
1005 826 1257 890 expleto,
1308 824 1547 892 procedit
1590 826 1819 892 poutil'cx
1870 825 1937 877 de
1981 826 2200 878 ccclesia

630 928 751 967 cum
777 912 919 965 omni
947 912 1131 965 ordine
1163 911 1397 984 [ornatu]
1424 914 1755 966 sacerdotum
1774 953 1788 973 .
1822 913 2053 966 litaniam
2076 928 2206 967 can-

636 1011 807 1056 tantes
830 1041 845 1065 ,
879 1002 981 1055 ltoc
1009 1011 1088 1055 est
1116 999 1279 1069 Kyrie
1301 1003 1489 1055 eleison
1517 1042 1530 1066 ,
1573 1003 1864 1069 usquedum
1897 1003 2114 1054 veniunt
2137 1001 2201 1054 ad

632 1090 823 1155 fontes,
852 1091 1271 1160 praecedentibus
1299 1100 1419 1143 ante
1451 1106 1569 1143 eum
1598 1093 1815 1144 notariis
1845 1105 1962 1144 cum
1995 1092 2203 1146 duobus

634 1199 823 1238 cereos
851 1183 1098 1236 ardentes
1115 1190 1369 1235 staturam
1396 1181 1623 1234 hominis
1653 1180 1703 1233 in
1735 1182 1895 1233 altum
1925 1181 2202 1246 habentes,

640 1289 761 1327 cum
795 1272 1052 1342 tyraltulis
1081 1280 1135 1324 et
1161 1270 1644 1340 thymiamateriis;
1678 1278 1731 1324 et
1779 1270 2035 1337 incipiunt.
2087 1270 2206 1321 lita-

638 1362 804 1427 niam,
833 1377 991 1430 quam
1025 1362 1364 1428 subsequitur
1393 1358 1592 1413 Christe
1619 1360 1743 1412 audi
1770 1375 1883 1423 nos,
1911 1367 1964 1412 et
1982 1358 2203 1428 reliqua.

638 1452 757 1520 Ipsa
789 1452 999 1519 expleta
1041 1452 1091 1503 in
1133 1450 1357 1504 circuitu
1406 1449 1600 1513 lentis,
1636 1458 1843 1503 astante
1890 1449 2035 1503 clero
2062 1450 2205 1502 omni

641 1544 724 1595 vel
782 1552 975 1594 cuncto
1034 1540 1228 1608 p0pulo
1282 1554 1401 1593 cum
1455 1539 1632 1592 multis
1690 1539 2016 1602 luminibus,
2069 1539 2207 1591 facto

643 1634 858 1687 silentio
884 1632 1013 1685 dicit
1043 1630 1274 1697 pentiiex
1302 1629 1550 1683 Dominus
1573 1629 1822 1681 vobiscum
1843 1667 1858 1692 ,
1886 1629 2208 1696 responden-

2300 468 2387 519 uni
2416 469 2749 537 presbytero.
2777 469 2896 533 Ipse
2924 483 3052 519 vero
3082 466 3354 534 presbyter
3383 465 3586 518 faciens
3609 464 3674 517 de
3707 464 3893 518 chris-

2300 573 2383 610 ma
2433 574 2645 612 crucem
2698 573 2817 610 cum
2869 559 3059 618 pollice
3102 557 3154 609 in
3205 556 3231 593 ἀ
3281 556 3478 610 vertice
3530 569 3724 607 eorum
3754 596 3769 615 ,
3806 555 3887 607 ita

2299 648 2557 713 dicendo,
2592 647 2730 701 Deus
2777 649 3092 716 omnipotens
3136 658 3277 717 pater
3328 646 3533 698 Domini
3562 647 3729 698 nostri
3758 644 3891 697 Jcsas

2300 737 2519 803 Christi,
2551 749 2604 792 et
2630 740 2850 806 reliqua.
2896 739 2963 791 Et
2990 738 3096 791 sint
3122 739 3284 806 parati
3313 738 3401 807 qui
3454 752 3547 791 eos
3574 742 3889 805 suscepturi

2302 837 2425 879 sunt
2452 843 2572 880 cum
2605 829 2778 881 linteis
2808 828 2859 880 in
2887 828 3129 881 manibus
3153 842 3335 880 eorum
3361 869 3376 891 ,
3412 834 3466 880 et
3495 830 3765 894 accipiant
3789 843 3891 881 eos

2304 928 2334 966 a
2362 914 2609 981 pontifice
2660 916 2740 967 vel
2771 915 3083 968 diaeonilms
3107 917 3192 983 qui
3224 931 3316 969 eos
3346 916 3701 982 baptizarunt.
3736 917 3883 971 Pon-

2308 1005 2430 1058 tifex
2484 1020 2611 1058 vero
2661 1005 2929 1073 egredior
2981 1004 3049 1059 de
3082 1007 3256 1066 fonte.
3291 1006 3494 1058 habens
3524 1007 3880 1071 compositam

2305 1095 2484 1147 sedent
2534 1093 2585 1147 in
2617 1094 2869 1156 ecclesia,
2903 1093 2989 1146 ubi
3022 1092 3286 1157 voluerit,
3321 1094 3519 1146 sedens
3550 1094 3605 1145 in
3634 1107 3754 1146 eam
3780 1133 3796 1156 ,
3827 1103 3887 1145 et

2306 1184 2656 1253 deportantur
2685 1185 2780 1253 ipsi
2827 1184 3055 1238 infantes
3084 1195 3205 1237 ante
3242 1198 3363 1237 eum
3388 1222 3404 1247 ,
3436 1194 3488 1237 et
3518 1185 3610 1236 dat
3659 1183 3888 1251 singulis

2308 1275 2532 1337 stolam,
2564 1274 2797 1327 casulam
2821 1283 2874 1326 et
2904 1273 3219 1336 chrismale,
3248 1282 3304 1326 et
3328 1272 3513 1326 decem
3548 1281 3570 1308 ε
3598 1273 3663 1324 Sit
3681 1271 3763 1325 los
3788 1312 3803 1336 ,
3830 1282 3886 1326 et

2309 1362 2625 1416 vestiuntur.

2382 1472 2469 1525 1‘2.
2519 1472 2685 1525 lnduti
2739 1486 2867 1523 vero
2917 1470 3228 1524 ordinantur
3270 1484 3362 1536 per
3409 1468 3693 1533 ordinem,
3741 1470 3883 1520 sicut

2309 1566 2490 1633 scripti
2522 1572 2645 1617 sunt
2666 1603 2682 1625 ,
2718 1562 2769 1615 in
2803 1560 3023 1614 circuitu
3049 1580 3062 1616 :
3091 1569 3144 1613 et
3173 1560 3263 1611 dat
3305 1559 3609 1612 Orationem
3640 1559 3882 1626 pontifex

2311 1668 2472 1721 super
2502 1666 2595 1705 eos
2616 1690 2633 1715 ,
2662 1651 2983 1705 coulirmans
3006 1664 3099 1703 eos
3124 1663 3244 1703 eum
3274 1648 3601 1701 invocatione
3628 1647 3885 1714 septifor-

644 1726 783 1779 tibus
812 1723 1014 1778 cunctis
1060 1721 1129 1777 Et
1171 1740 1285 1776 cum
1332 1724 1547 1791 spirituo
1574 1729 1690 1786 tuo;
1719 1733 1772 1776 et
1800 1723 1929 1776 dicit
1960 1723 2171 1776 Oremus
2193 1765 2208 1789 ,

2316 1744 2415 1795 mis
2439 1742 2622 1811 gratiae
2668 1740 2899 1808 Spiritus
2943 1738 3135 1792 sancti.
3167 1736 3417 1789 Oratione
3463 1736 3705 1804 expleta,
3757 1733 3885 1789 facit

641 1824 697 1870 et
724 1814 815 1868 dat
848 1812 1272 1868 Benedictionem
1302 1828 1316 1864 :
1351 1811 1680 1879 Omnipotens
1720 1814 2020 1880 sempiterne
2050 1811 2208 1864 Deus.

648 1905 778 1958 Item
807 1904 938 1968 alia,
967 1901 1097 1954 Deus
1126 1903 1210 1969 qui
1240 1901 1474 1953 invisibili
1502 1904 1725 1969 potentia
1756 1910 1841 1952 tua
1861 1939 1875 1963 ,
1906 1908 1961 1953 et
1988 1900 2208 1968 reliqua.

646 1995 775 2048 Item
823 1994 967 2046 alia:
1022 1991 1151 2044 Haec
1199 1992 1341 2044 nobis
1395 2002 1647 2060 prwcepta
1698 1991 2031 2045 servantibus.
2093 1992 2215 2045 llaec

646 2084 820 2138 omnia
854 2084 1085 2152 expleta,
1122 2083 1229 2151 83
1261 2081 1433 2135 intulit
1459 2081 1692 2136 chrisma
1716 2082 1782 2135 de
1814 2082 2026 2135 vasculo
2053 2095 2215 2135 aureo

645 2176 784 2227 intro
813 2173 865 2227 in
890 2175 1059 2227 fontes
1084 2188 1243 2242 super
1269 2173 1436 2240 ipsam
1465 2188 1652 2242 aquam
1683 2173 1733 2225 in
1765 2174 1980 2226 modum
2015 2172 2206 2238 crucis,

646 2276 697 2319 et
727 2280 845 2318 cum
876 2279 1033 2318 manu
1061 2280 1151 2318 sua
1187 2265 1420 2319 miscitat
1440 2265 1613 2333 ipsum
1641 2264 1875 2319 chrisma
1897 2280 2017 2318 cum
2044 2280 2177 2334 aqua
2198 2305 2213 2329 ,

645 2364 700 2406 et
728 2355 958 2422 aspergit
1008 2368 1169 2418 super
1198 2368 1409 2406 omnem
1440 2352 1638 2407 inuitem
1682 2353 1762 2406 vel
1812 2354 2060 2421 populum
2111 2352 2215 2406 cir-

644 2453 1023 2497 cumstantent.
1060 2443 1169 2496 lloc
1194 2443 1353 2507 facto,
1378 2443 1551 2496 omnis
1581 2442 1822 2510 populus,
1849 2442 1938 2509 qui
1969 2442 2217 2509 voluerit,

649 2533 876 2599 accipiet
908 2540 930 2566 τι
958 2532 1383 2586 Bcnedictioncm
1409 2534 1766 2599 unusquisque
1792 2532 1841 2584 in
1865 2530 2004 2584 vasis
2017 2531 2124 2584 suis
2151 2531 2218 2585 de

648 2621 760 2690 ipsa
808 2637 978 2691 aqua,
1028 2633 1311 2691 antequam
1363 2622 1432 2675 ibi
1484 2621 1818 2691 baptizentur
1860 2622 2104 2690 parvoli,
2152 2622 2217 2677 ad

647 2714 1004 2781 spargendum
1033 2713 1085 2768 in
1119 2714 1362 2768 domibus
1387 2728 1572 2768 eorum
1599 2756 1614 2783 ,
1644 2714 1727 2767 vel
1758 2715 1810 2766 in
1840 2712 2040 2779 vineis,
2067 2729 2216 2769 cam-

650 2805 733 2873 pis
756 2844 770 2868 ,
804 2805 883 2858 vel
918 2805 1174 2859 fructilzus
1201 2820 1403 2859 eorum.

719 2893 808 2951 Il.
838 2894 1037 2949 Deinde
1070 2895 1305 2963 pontifex
1338 2894 1570 2963 baptizat
1596 2909 1754 2947 unum
1780 2933 1794 2958 ,
1826 2902 1916 2947 aut
1943 2894 2109 2962 duos,
2136 2896 2217 2950 vel

651 2994 879 3050 quantos
906 2986 952 3037 ei
983 2983 1237 3052 placuerit
1266 2983 1334 3037 de
1361 2983 1491 3049 ipsis
1524 2981 1829 3047 infantibus,
1880 2984 2165 3052 caeterique
2190 3000 2217 3038 a

643 3070 947 3139 diaconob,
979 3072 1064 3127 cui
1112 3074 1224 3142 ipse
1261 3073 1483 3141 jusserit
1515 3112 1530 3138 ,
1578 3071 1930 3141 baptizantur.
1960 3072 2216 3128 Levantes
2245 3066 2289 3127 C

728 3213 752 3240 ³
780 3204 835 3259 1η
867 3203 1174 3258 Colbertino
1191 3245 1206 3269 ,
1237 3204 1450 3272 accipiat
1473 3204 1534 3257 de
1560 3204 1672 3274 ipsa
1694 3221 1826 3273 aqua
1853 3207 1904 3259 in
1927 3208 2059 3261 vasis
2082 3208 2217 3269 suis,

653 3284 991 3345 antequam...
1014 3274 1090 3326 vel
1117 3274 1363 3344 fructibus
1390 3273 1586 3345 eorum.
1617 3273 1682 3345 Et
1705 3278 2044 3345 interrogante
2064 3292 2224 3329 sacer-

650 3346 767 3397 dote
786 3343 1123 3413 Symbolum,
1149 3353 1369 3396 tenentes
1397 3344 1530 3412 ipsos
1561 3344 1647 3409 qui
1670 3360 1753 3396 eos
1780 3343 2065 3406 suscepturi
2086 3356 2221 3409 sunt,

653 3415 725 3465 ita
753 3412 912 3466 dicit:
946 3412 1128 3467 Credis
1153 3414 1204 3465 in
1240 3413 1402 3482 Deum
1430 3413 1639 3465 Patrem
1667 3415 2120 3482 omnipotentem?
2157 3416 2222 3469 Ii.

654 3482 826 3537 Credo
850 3522 866 3547 ,
913 3494 959 3535 et
1016 3493 1217 3537 cratera.
1269 3481 1506 3550 Baptizat
1550 3497 1665 3535 vero
1718 3481 1983 3553 episcOpus
2031 3499 2224 3551 unum,

652 3562 756 3606 etc.

730 3621 757 3658 δ
783 3621 1128 3690 Presbyterns
1150 3622 1231 3674 vel
1261 3620 1508 3675 diaconos
1533 3621 1778 3690 baptismi
1802 3621 2071 3676 ministros
2096 3635 2222 3691 sug-

653 3691 791 3757 gerit
822 3692 1020 3756 primus
1050 3691 1289 3753 libellus,
1325 3707 1472 3743 num.
1502 3690 1591 3744 b2.

729 3769 751 3797 ο
780 3762 835 3814 ln
862 3760 997 3813 libro
1019 3761 1485 3814 Sacramentorum
1508 3761 1653 3814 edito
1672 3774 1702 3812 a
1727 3768 1911 3814 nostro
1931 3760 2216 3818 Monardo:

2313 1848 2523 1889 crucem
2550 1848 2667 1885 cum
2719 1831 2909 1898 pollice
2938 1837 2992 1882 et
3019 1827 3247 1883 chrisma
3290 1826 3345 1879 in
3374 1826 3708 1895 singulorum
3734 1826 3884 1877 tron-

2313 1925 2557 1988 tibus,ita
2582 1921 2834 1975 dicendo:
2862 1917 2925 1971 In
2953 1917 3153 1970 nomine
3178 1915 3364 1978 Patris,
3388 1924 3433 1966 et
3459 1911 3610 1979 Filii,
3637 1922 3684 1965 et
3716 1912 3886 1981 Spiric

2314 2024 2395 2066 tus
2444 2013 2640 2074 sancti,
2680 2027 2782 2078 pax
2828 2010 2936 2063 tibi.
2992 2010 3056 2060 Et
3107 2005 3389 2074 respondet
3435 2004 3618 2057 Amen.
3670 2003 3735 2056 Et
3785 2005 3886 2055 ln.c

2316 2103 2533 2156 omnino
2557 2099 2956 2168 prmcavendum
2979 2105 3063 2150 est
3084 2104 3141 2148 ut
3163 2095 3261 2148 hoc
3289 2109 3389 2147 non
3416 2094 3737 2161 negligatur,
3761 2093 3883 2160 quia

2318 2201 2441 2245 tunc
2472 2204 2631 2243 omne
2675 2188 2989 2257 baptismum
3031 2186 3319 2253 legitimum
3360 2182 3764 2236 christianitatis
3796 2196 3887 2232 uo-

2318 2281 2459 2335 ntine
2490 2280 2855 2333 conﬁrmatur.
2884 2276 3007 2331 Post
3032 2274 3134 2328 hoc
3172 2273 3542 2342 ingrediuntur
3569 2270 3635 2324 ad
3671 2270 3880 2331 Missas,

2318 2381 2373 2425 et
2421 2368 2814 2424 communicant
2854 2379 3042 2420 omnes
3088 2365 3229 2431 ipsos
3260 2361 3520 2425 infantes;
3555 2361 3688 2413 illud
3717 2362 3889 2427 provi.

2316 2462 2535 2529 dentes,
2568 2470 2624 2513 ut
2655 2467 2932 2528 postquam
2981 2456 3227 2523 baptizati
3273 2450 3506 2518 fuerint,
3554 2450 3668 2521 84
3693 2453 3889 2505 nullum

2316 2554 2492 2607 cibum
2539 2551 2835 2619 accipiant,
2884 2562 2983 2602 nec
3035 2547 3379 2609 allactentur,
3428 2551 3718 2613 antequam
3746 2555 3891 2594 cum-

2319 2643 2606 2697 munit-ent.
2641 2641 2706 2694 Et
2739 2650 2919 2708 postea
2948 2652 3041 2705 per
3066 2646 3226 2689 totam
3260 2633 3647 2688 hebdomadam
3675 2632 3892 2685 Pascha:

2319 2733 2570 2788 omnibus
2589 2732 2780 2786 diebus
2803 2731 2867 2784 ad
2892 2729 3103 2783 Missam
3128 2728 3321 2781 debent
3343 2727 3547 2790 venire,
3572 2734 3625 2779 et
3646 2737 3889 2792 parentes

2320 2839 2505 2880 eorum
2552 2839 2647 2893 pro
2678 2822 2804 2890 ipsis
2850 2818 3063 2873 olfe‘rre.
3099 2817 3209 2871 Hoc
3246 2826 3420 2870 autem
3479 2830 3638 2882 supra
3695 2813 3891 2881 scripto

2321 2916 2507 2970 ordine
2536 2912 2856 2977 baptismum
2876 2952 2889 2975 ,
2921 2912 3056 2965 sicut
3084 2909 3136 2963 in
3170 2909 3402 2963 Sabbato
3428 2916 3614 2959 sancto
3642 2906 3857 2959 Pascha:
3875 2943 3891 2969 ,

2322 3008 2398 3062 sic
2426 3017 2479 3060 et
2501 3005 2736 3060 Salshato
2765 3003 3110 3057 Pentec0sten
3141 2998 3461 3052 omnimodis
3486 2996 3805 3051 celebretur.

2323 3205 2391 3261 Et
2423 3209 2644 3275 infantes
2673 3206 2873 3275 quidem
2900 3205 2951 3257 in
2982 3203 3199 3257 brachiis
3228 3203 3418 3275 dextris
3449 3210 3709 3275 tenentes,
3737 3201 3896 3267 majo-

2323 3293 2402 3330 res
2425 3269 2539 3329 rero
2565 3269 2735 3344 pedem
2764 3284 2954 3342 ponunt
2981 3288 3132 3338 super
3159 3272 3332 3339 pedem
3360 3270 3552 3339 patriai
3566 3269 3676 3344 sui.

2398 3345 2423 3382 (ί
2454 3336 2638 3398 Mirum
2671 3336 3005 3397 est-infantes
3037 3336 3128 3410 (ita
3157 3336 3304 3394 enim
3347 3336 3536 3392 recens
3562 3336 3888 3410 baptizatos,

2327 3416 2485 3468 etiam
2529 3417 2769 3471 adultos.
2798 3408 3053 3479 appellari
3092 3424 3207 3463 mos
3231 3410 3367 3476 erat)
3399 3410 3522 3475 ungi
3570 3408 3796 3479 primum
3844 3410 3892 3456 in

2328 3488 2528 3537 vertice
2570 3500 2599 3536 a
2632 3477 2983 3550 presbytero,
3017 3494 3134 3531 mox
3186 3481 3251 3529 ab
3289 3492 3546 3550 episcopo
3600 3477 3650 3528 in
3689 3479 3891 3550 fronte,

2327 3568 2483 3621 quem
2515 3544 2669 3605 rtum
2717 3544 2854 3615 apud
2888 3550 3153 3621 Romanos
3187 3549 3432 3600 usitatum
3484 3548 3738 3598 observat
3784 3544 3896 3594 vul-

2329 3617 2483 3690 gatus
2515 3622 2805 3685 Alcuinus,
2836 3617 3076 3691 pag._(i4-
3604 3682 3617 3691 _
3638 3682 3652 3691 .
3707 3682 3719 3691 .
3794 3681 3805 3691 .

2404 3700 2427 3726 ο
2454 3692 2503 3742 tu
2529 3692 2699 3757 primo
2726 3682 2925 3742 Urdine
2940 3687 3200 3752 Romano,
3219 3699 3400 3753 supra,
3420 3698 3568 3737 num.
3594 3682 3680 3747 44,
3707 3682 3896 3749 legitur

2327 3761 2491 3813 decent
2512 3760 2742 3827 siliquas.

648 3896 3889 3921 mw

1165 3991 1614 4053 ADMONITIO
1660 3993 1738 4052 IN
1783 3992 2171 4053 OCTAVUM
2214 3993 2611 4053 LIBELLUM
2657 3992 2974 4052 ORDINIS
3021 3989 3354 4049 ROMANI.

722 4134 821 4189 llic
856 4134 1068 4188 libellus
1098 4134 1360 4203 superiori
1393 4134 1685 4203 fragmento
1713 4135 1777 4186 de
1799 4134 1985 4202 ofﬁciis
2010 4136 2063 4187 in
2093 4135 2324 4189 noctibus
2367 4152 2398 4187 a
2428 4135 2580 4187 Coena
2612 4132 2820 4187 Domini
2846 4148 3004 4202 usque
3031 4134 3097 4203 ad
3130 4129 3335 4184 Pascha
3370 4129 3710 4203 continenter
3734 4130 3893 4203 subji-

657 4206 793 4259 citur
823 4205 873 4257 in
904 4199 1210 4269 pervetusto
1257 4205 1455 4257 Codice
1477 4199 1724 4257 Palatino
1776 4199 2026 4256 vaticano
2051 4244 2065 4267 ,
2099 4204 2306 4270 signato
2338 4221 2393 4257 n.
2437 4204 2560 4257 487.
2593 4204 2707 4258 Νοη
2738 4199 2953 4256 duhinm
2981 4201 3107 4269 quin
3137 4216 3367 4269 sequens
3395 4199 3608 4251 libellus
3634 4201 3893 4252 contineat

652 4277 931 4343 puriorem
956 4273 1204 4326 Ordinem
1235 4275 1530 4343 Romanum
1563 4274 1629 4325 de
1656 4273 1986 4343 ordinatione
2017 4288 2285 4325 sacrorum
2320 4274 2712 4343 ministrorum,
2741 4287 2897 4343 quam
2927 4271 3013 4339 qui
3045 4274 3093 4322 iu
3129 4270 3368 4343 Yulgatis
3394 4270 3740 4343 habetur,_ut
3770 4270 3892 4319 facta

650 4341 1052 4410 comparatione
1101 4342 1255 4395 facile
1300 4343 1473 4409 quivis
1517 4341 1794 4408 intelliget.
1826 4342 2085 4394 Observat
2129 4356 2287 4408 porro
2313 4343 2642 4405 Ama'arins,
2677 4342 2728 4394 in
2759 4342 2849 4394 lib.
2881 4354 2948 4401 ιι,
2978 4341 3155 4410 capit
3187 4378 3201 4401 ,

3254 4341 3442 4401 primos
3472 4336 3781 4407 apostolicos
3809 4352 3891 4387 seu

656 4407 925 4466 Romanos
956 4414 1233 4477 pontiliees
1256 4451 1272 4476 ,
1305 4407 1516 4474 Semper
1561 4411 1613 4462 in
1659 4410 1952 4462 Decembrio
1984 4407 2385 4464 consecrationes
2413 4411 2725 4464 ministrasse
2774 4425 2931 4475 usque
2972 4410 3038 4460 ad
3068 4407 3423 4475 Simplicium,
3448 4409 3536 4474 qui
3576 4408 3670 4473 fuit
3698 4407 3891 4477 abeant

653 4480 807 4534 Petro
834 4475 1048 4541 XLIX,
1081 4475 1370 4547 primusque
1397 4481 1614 4531 sacravit
1659 4480 1711 4530 in
1742 4478 2045 4534 Februario.
2075 4481 2227 4535 Adde
2254 4481 2597 4548 Micrologutn
2630 4482 2681 4533 in
2725 4494 2843 4547 cap.
2891 4478 2990 4543 28,
3024 4478 3128 4548 qui
3158 4481 3260 4548 huc
3290 4480 3662 4548 auctoritatem
3692 4475 3892 4548 adducit

654 4550 984 4628 l’ontiﬁcalis
1018 4544 1399 4628 licmanip'quo
1428 4548 1641 4628 nurnine
1670 4548 1857 4602 librum
1883 4550 1948 4603 de
1973 4551 2138 4616 gestis
2172 4544 2533 4603 Romanorum
2566 4544 2870 4618 pontilicum
2902 4548 3019 4600 sine
3045 4546 3206 4599 dubio
3248 4546 3510 4613 intelligit.
3547 4546 3702 4597 Plura
3731 4544 3797 4597 de
3824 4546 3891 4595 bis

654 4619 704 4673 itt
729 4616 1089 4672 commentarii
1126 4618 1303 4683 prazvii
1331 4632 1451 4680 cap.
1487 4616 1575 4671 i5.

727 4689 780 4742 2.
811 4687 990 4743 Alium
1024 4682 1259 4739 libellum
1284 4687 1464 4740 itidem
1493 4689 1558 4740 de
1580 4687 2002 4740 ordinationibus
2027 4689 2195 4741 sacris
2219 4688 2508 4742 secundum
2540 4702 2740 4741 morem
2762 4686 3001 4741 ecclesia:
3030 4685 3284 4738 Romanas
3314 4684 3484 4736 visum
3508 4693 3591 4737 est
3626 4683 3750 4736 item
3783 4682 3889 4733 huic

654 4758 836 4810 Ordini
880 4757 1110 4824 adjicere
1148 4771 1214 4809 ex
1257 4757 1472 4823 antiquo
1511 4757 1704 4811 Codice
1738 4760 1907 4808 sancti
1956 4757 2123 4818 Galli,
2150 4767 2208 4810 ut
2250 4773 2315 4810 ex
2345 4767 2525 4810 mutua
2552 4757 2867 4810 collectione
2898 4771 2984 4809 res
3013 4756 3240 4822 amplius
3273 4755 3591 4824 illustretur.
3618 4755 3887 4824 Secundus

658 4827 759 4881 iste
800 4822 956 4879 Ordo
994 4826 1161 4893 magis
1209 4822 1457 4879 convenit
1489 4841 1605 4878 cum
1639 4824 1847 4892 vulgato
1890 4826 2077 4879 ordine
2126 4826 2398 4893 Romano,
2428 4828 2516 4894 qui
2548 4837 2721 4879 tamen
2769 4825 2924 4893 longe
2965 4825 3130 4877 multo
3158 4824 3363 4875 anetior
3391 4833 3491 4875 est.
3541 4822 3693 4875 Alios
3744 4823 3889 4873 lituos

658 4897 895 4949 Hituales
915 4937 929 4962 ,
958 4897 1044 4950 oui
1076 4894 1214 4962 apud
1264 4895 1570 4949 Menardum
1600 4905 1840 4948 nostrum
1883 4906 1935 4950 et
1967 4895 2228 4950 Morinum
2254 4896 2393 4965 typis
2420 4895 2617 4964 vulgati
2645 4902 2798 4961 sunt,
2833 4895 2918 4947 hic
2965 4895 3220 4948 recudere
3268 4908 3373 4945 non
3405 4894 3575 4944 visum
3619 4902 3701 4945 est
3730 4906 3889 4957 operat

654 4968 907 5033 pretium.

658 5105 3887 5133 _____________________________________________..____—.

1587 5225 1922 5325 ouoo
2000 5218 2631 5325 ROMANUS
2706 5223 2977 5357 VIII,

795 5406 901 5477 85
941 5406 981 5461 1.
1018 5407 1282 5471 Quomodo
1312 5409 1362 5460 in
1393 5415 1566 5459 sancta
1596 5406 1825 5457 Romana
1859 5400 2085 5456 Ecclesia

1153 5478 1374 5546 acolythi
1403 5477 1723 5529 ordinentur.

737 5586 785 5640 l.
829 5587 957 5641 Dum
999 5588 1157 5643 Missa
1189 5587 1455 5643 celebrata
1485 5585 1677 5650 fuerit,
1710 5584 1937 5640 induunt
1963 5584 2216 5638 ctertcutu

2333 5401 2481 5455 illum
2516 5402 2779 5469 planetam
2812 5414 2865 5457 et
2895 5405 3154 5457 orarium.
3187 5401 3428 5472 Dumque
3456 5405 3673 5458 venerit
3699 5403 3883 5472 cpisco-

2329 5505 2425 5559 pus
2448 5532 2462 5557 ,
2495 5502 2581 5545 aut
2612 5493 2727 5561 ipse
2768 5493 2994 5547 domnus
3031 5494 3351 5561 apostolicus
3392 5495 3457 5547 ad
3500 5510 3882 5549 communican-

2323 5579 2448 5635 dum
2475 5620 2491 5647 ,
2519 5580 2715 5636 iaciunt
2742 5598 2861 5638 eum
2893 5582 3078 5640 venire
3107 5582 3172 5637 ad
3203 5597 3260 5638 se
3282 5626 3300 5653 ,
3332 5592 3385 5639 et
3417 5586 3639 5655 porrigit
3670 5586 3721 5638 in
3750 5586 3879 5639 ntust
