4008 6302
183 207 314 264 1601

1357 213 1614 267 ROMANI
1654 212 1971 265 OtiUINLb.
2011 235 2076 248 -—
2129 223 2251 262 ηδε.

3295 216 3320 268 1
3335 216 3438 271 T09.

173 325 298 389 ejus
332 332 356 357 η
389 322 656 375 sarculum
695 337 854 391 super
887 324 1148 391 planetam
1177 341 1189 387 ;
1224 304 1592 392 etprostcruit
1622 340 1678 378 sc
1707 325 1756 377 in
1786 329 1832 385 Α
1862 330 2005 375 erata
2027 362 2042 385 ,
2071 337 2188 388 qme
2230 337 2257 372 a
2305 319 2518 374 Francis
2560 329 2788 374 nonnata
2829 321 3049 388 dicitur;
3083 339 3178 392 pro
3205 341 3400 392 quatuo

176 423 377 467 terram
422 429 543 466 cum
578 417 692 480 ipso
723 418 937 467 sacculo
961 458 973 478 ,
1008 424 1062 468 et
1091 417 1179 469 dat
1208 418 1256 470 ei
1289 419 1594 472 UratiOnem
1638 421 1710 470 sit-
1739 435 1752 470 :

173 503 534 556 lntercedente
563 503 706 555 beata
736 513 782 555 et
813 506 1037 573 gloriosa
1079 523 1368 575 semperque
1410 509 1601 576 virgine
1644 508 1760 560 Ma-

169 597 288 657 ria,
333 603 381 647 et
423 593 568 645 beato
610 595 844 658 apostolo
889 593 1046 648 Petro
1073 637 1086 660 ,
1136 601 1293 650 salt‘et
1333 606 1380 650 et
1420 599 1673 650 custodiat
1712 608 1758 650 et

174 693 414 754 protegat
443 694 489 736 te
521 683 791 736 Dominus.
825 686 999 738 Amm.

248 774 302 826 2.
352 775 415 827 Et
447 775 490 828 si
524 775 588 826 ad
633 775 1047 828 subdiaconatus
1086 777 1318 831 ofﬁcium
1362 778 1591 831 voluerit
1634 795 1755 832 eum

174 877 502 930 provocare,
555 862 838 916 adducitur
876 863 940 916 ad
993 865 1257 925 medium,
1303 876 1355 918 et
1393 867 1536 933 jural
1576 881 1755 919 eoram

183 966 369 1006 sancta
412 953 613 1006 Christi
661 953 942 1020 Evangelia
986 953 1053 1006 de
1088 965 1313 1022 quatuor
1343 953 1368 988 ι’
1402 956 1626 1023 capitula
1667 971 1752 1010 se-

177 1045 413 1097 cundum
446 1058 710 1107 canones;
742 1053 794 1097 et
823 1051 946 1096 tunc
989 1045 1220 1112 porriget
1257 1045 1304 1097 ei
1346 1046 1757 1099 archidiaconus

173 1133 259 1186 vel
305 1132 592 1200 episcopus
636 1133 855 1185 calicem
899 1141 1139 1184 sanctum
1183 1133 1234 1185 in
1278 1134 1426 1186 ulnas
1470 1134 1609 1186 foras
1643 1138 1754 1202 pla-

170 1235 332 1288 neta;
363 1236 412 1277 et
443 1240 502 1277 se
530 1227 579 1276 in
612 1235 750 1278 terra
779 1234 1081 1294 prosternet
1137 1233 1191 1279 et
1219 1226 1308 1278 dat
1333 1225 1380 1277 ei
1409 1225 1714 1278 Oration-ni
1737 1266 1751 1287 ,

171 1326 231 1368 ut
262 1330 422 1382 supra
450 1315 703 1368 diximus.

243 1404 298 1456 ὅ.
343 1405 408 1457 Et
435 1406 476 1458 si
509 1406 571 1457 ad
602 1405 916 1458 diaconatus
944 1403 1184 1458 ordinem
1217 1403 1444 1457 voluerit
1473 1419 1592 1458 eum
1629 1419 1751 1471 pro-

174 1508 402 1558 vocare,
437 1493 561 1546 dum
608 1493 860 1546 lntroitus
906 1494 1081 1548 Missrc
1123 1492 1422 1559 intboatur,
1469 1496 1580 1563 ipse
1622 1496 1749 1548 sub-

174 1585 433 1636 diacouus
466 1585 679 1636 indutus
713 1584 944 1637 tunicam
977 1584 1181 1649 albam,
1215 1592 1270 1637 et
1304 1592 1488 1637 tenens
1519 1585 1749 1638 orarium

1865 412 2026 478 pedes
2052 453 2064 472 ,
2112 423 2164 463 et
2209 426 2302 478 pro
2345 411 2566 464 muliere
2609 411 2723 464 viro
2764 411 2868 465 alio
2913 416 3235 479 conjuncta;
3269 431 3313 467 a=
3340 429 3359 470 t
3386 423 3427 470 si

1860 502 2138 570 eonjugem
2175 503 2358 556 habuit
2387 519 2448 554 ex
2483 504 2587 555 alio
2633 505 2775 568 viro,
2814 506 2954 573 quod
3001 505 3204 561 (ἱππεῖς
3242 509 3434 562 dicitur

1860 592 1960 644 den
1988 608 2018 646 e
2049 593 2274 660 ogamia.
2313 593 2376 645 Et
2407 593 2531 645 dum
2564 593 2688 646 nulli
2721 593 2909 647 horum
2941 596 3054 662 ipse
3083 596 3163 650 vir
3186 599 3433 651 conscius

1868 681 2066 744 fuerit,
2122 683 2424 752 Evangeliis
2467 685 2530 734 ad
2574 683 2804 736 medium
2850 684 3091 739 deductis
3127 686 3272 755 jurat
3315 687 3434 757 ipse

1863 771 2064 824 electus
2111 771 2507 826 archidiacouo.
2563 775 2623 826 Et
2667 785 2784 842 post
2826 775 2938 828 lucc
2981 777 3171 832 tradito
3218 781 3435 834 subdiu.

1861 877 2030 927 cono,
2066 865 2235 932 pergit
2264 878 2384 917 cum
2419 865 2637 932 praefato
2675 866 2846 919 electo
2887 867 3023 934 apud
3069 869 3246 923 aulam
3292 869 3430 924 beati

1862 953 2001 1007 l‘ctri
2035 955 2299 1021 apostoli,
2333 955 2511 1024 ibique
2550 957 2601 1010 in
2638 957 2752 1025 ejus
2780 959 3198 1014 sacratissimum
3237 977 3436 1031 corpus

1858 1045 2138 1096 eonlirnmt
2161 1085 2175 1107 ,
2209 1045 2349 1112 quod
2382 1061 2485 1098 non
2518 1048 2854 1114 cognovisset
2885 1051 3132 1116 superius
3160 1054 3426 1105 nominata

1857 1133 2109 1197 capitula.
2158 1135 2275 1187 Alio
2318 1151 2444 1187 vero
2470 1135 2556 1188 die
2603 1139 2892 1202 nuntiatur,
2939 1141 3006 1194 ab
3051 1141 3431 1196 atcbidiacouo

1856 1222 1992 1274 sicut
2022 1234 2197 1276 aetum
2231 1233 2333 1278 est.

1927 1332 1978 1384 6.
2021 1333 2171 1387 Tunc
2196 1334 2422 1388 domnus
2449 1337 2776 1403 apostolicus
2805 1338 2972 1391 induit
3002 1355 3059 1392 se
3092 1340 3346 1408 palleum,
3377 1357 3433 1398 et

1855 1428 2002 1477 sedet
2030 1426 2135 1493 87
2182 1425 2235 1477 in
2283 1425 2450 1490 sede;
2493 1429 2759 1481 advocans
2805 1429 2870 1481 ad
2912 1445 2969 1482 se
3011 1432 3295 1499 episc0pos
3345 1437 3425 1488 vel

1856 1515 2196 1584 presbyteros
2217 1555 2230 1576 ,
2258 1514 2409 1582 jubet
2438 1529 2530 1567 eos
2563 1516 2660 1568 sibi
2691 1517 2984 1572 consedere
3039 1520 3224 1574 Stante
3246 1535 3422 1577 autem

1858 1607 2108 1660 universo
2161 1607 2331 1664 clero,
2390 1608 2626 1675 prmcipit
2681 1623 2804 1661 vero
2858 1611 3136 1663 Sacellario
3185 1626 3320 1678 suo,
3376 1626 3435 1668 ut

171 1691 326 1727 suum
359 1675 412 1728 in
444 1692 636 1739 manu,
671 1685 774 1729 stat
805 1686 928 1728 ante
959 1690 1116 1743 rugas
1159 1675 1362 1728 altatis.
1407 1676 1520 1729 Non
1561 1676 1750 1729 dicitur

1865 1695 2008 1762 plebs
2057 1696 2288 1749 civitatis
2339 1695 2685 1765 ingrediatur.
2738 1697 2830 1752 Ille
2879 1699 3002 1752 dum
3057 1704 3288 1767 perrexit
3339 1722 3434 1758 eos

170 1775 298 1820 tunc
332 1765 491 1836 Kyrie
517 1767 745 1831 eleison;
777 1766 872 1820 sed
903 1766 1179 1835 completo
1219 1766 1439 1820 Introitn
1459 1808 1473 1833 ,
1505 1767 1591 1820 dat
1627 1769 1757 1821 Ora-

174 1855 379 1910 tionem
427 1857 744 1923 epistopus,
800 1867 854 1910 et
903 1857 1092 1926 legitur
1133 1855 1426 1925 Apostolus
1466 1859 1530 1909 ad
1577 1856 1756 1910 Timu-

175 1948 362 1999 tbeum
392 1966 405 1999 :
441 1946 648 1999 Fratres
670 1989 683 2010 ,
721 1948 964 1999 diaconos
1005 1963 1111 1999 esse
1148 1957 1342 2016 oportet
1379 1947 1623 2016 pudicos,
1659 1965 1756 1999 non

171 2041 460 2109 bilingues,
494 2054 662 2107 usque
691 2041 740 2092 in
775 2041 932 2092 linem
954 2080 969 2105 ,
1017 2039 1143 2105 Quzv
1180 2048 1251 2090 est
1293 2039 1345 2092 in
1390 2039 1592 2093 Christo
1629 2038 1757 2092 Jesu

174 2129 407 2183 Domino
435 2143 629 2184 nostro.
670 2131 733 2183 Et
769 2131 1009 2198 psallitur
1039 2129 1287 2183 Gradale.
1321 2130 1521 2184 Deinde
1547 2133 1758 2184 exuitur

178 2225 294 2292 ipse
333 2225 688 2278 subdiaconus
720 2224 924 2290 plant-ta
953 2238 980 2274 a
1013 2221 1259 2275 diacono.
1290 2221 1440 2276 Tunc
1478 2223 1758 2290 cpiscopus

182 2315 354 2368 dicit:
383 2314 617 2380 Oremus,
649 2317 683 2366 d
707 2313 981 2375 lectissimi,
1008 2311 1171 2365 Drum
1205 2311 1407 2366 Patrem
1439 2314 1757 2385 omnipoten-

178 2418 300 2469 tem,
336 2417 389 2459 ut
431 2425 581 2478 super
610 2407 744 2460 hunc
774 2406 1025 2473 famulum
1052 2422 1220 2472 suum,
1261 2422 1412 2476 quem
1445 2407 1514 2458 ad
1552 2422 1622 2458 sa.
1640 2422 1754 2458 rum

182 2497 428 2551 Ordinem
460 2501 700 2567 dignatur
734 2514 989 2550 assumere
1021 2496 1382 2550 benedictionis
1409 2513 1512 2550 suis
1536 2499 1754 2566 gratiam

171 2591 283 2660 86
309 2590 578 2642 clementer
605 2617 613 2636 ι
629 2590 676 2656 ΙῙ
675 2590 856 2653 undat,
876 2590 1017 2658 eique
1047 2590 1235 2642 donum
1263 2591 1657 2643 consecrationis
1679 2593 1757 2643 in-

173 2682 404 2744 dulgeat,
434 2696 524 2746 per
549 2679 684 2748 quod
711 2695 824 2732 eum
854 2680 922 2730 ad
951 2681 1158 2748 pra'mia
1184 2689 1374 2732 (eterna
1405 2681 1666 2749 perducat.
1693 2682 1755 2735 Et

176 2779 304 2825 tunc
352 2771 532 2824 schola
579 2771 750 2825 initiat
797 2770 960 2841 Kyrie
1005 2772 1216 2824 ileison.
1265 2773 1323 2824 Et
1367 2787 1462 2840 pro
1493 2774 1653 2827 ternit
1698 2789 1756 2828 se

173 2863 457 2932 episc0pus
501 2874 624 2918 ante
663 2864 865 2930 altare,
906 2871 960 2916 et
1001 2872 1121 2931 post
1161 2878 1283 2917 cum
1323 2865 1434 2933 ipse
1472 2865 1754 2919 subdiaco-

178 2967 320 3016 nus;
352 2962 406 3006 et
435 2953 644 3020 expleta
676 2953 893 3019 litania,
933 2962 1148 3022 surgent
1178 2968 1206 3006 a
1250 2965 1420 3020 terra,
1473 2964 1527 3009 et
1573 2956 1751 3009 statim

1861 1788 2340 1855 introducendum,
2389 1788 2533 1858 eligit
2572 1805 2635 1844 ex
2683 1790 2815 1855 illis,
2860 1791 2908 1844 id
2948 1803 3029 1844 «st
3069 1807 3135 1846 ex
3186 1797 3432 1851 sacerdo-

1860 1876 2034 1942 tibus,
2083 1893 2365 1946 perSOnam
2407 1883 2493 1948 qui
2538 1881 2797 1935 rationem
2844 1883 3056 1947 reddat,
3103 1885 3226 1938 dum
3275 1887 3431 1942 fuerit

1859 1969 2235 2038 interrogatus.
2288 1971 2348 2023 Et
2406 1971 2530 2025 dum
2583 1971 2779 2026 fuerint
2829 1975 3149 2040 introducti,
3205 1978 3433 2031 interro-

1858 2071 2049 2128 gantur
2086 2076 2115 2113 a
2155 2061 2352 2114 domno
2395 2064 2686 2129 apostolico
2729 2062 2846 2118 sic:
2890 2065 3029 2131 Quid
3057 2075 3170 2130 est,
3205 2067 3428 2136 fratres,

1858 2150 1993 2216 quod
2027 2166 2111 2203 vos
2154 2151 2450 2220 fatigastis?
2491 2151 2568 2204 Illi
2610 2154 2977 2220 respondent:
3016 2153 3081 2206 Ut
3121 2157 3295 2222 nobis,
3339 2160 3434 2209 do-

1859 2242 2026 2309 mine,
2073 2247 2320 2295 concedas
2361 2253 2652 2313 patronum.
2697 2243 3002 2312 ReSpoudet
3033 2245 3263 2300 domnus
3299 2265 3429 2317 apo-

1858 2333 2116 2400 stolicus,
2159 2331 2374 2386 Habetis
2413 2345 2628 2386 vestrum
2653 2335 2678 2386 ?
2717 2335 3092 2402 Respondent,
3141 2337 3404 2392 Habemus

1861 2427 1972 2490 Quo
2021 2428 2212 2480 honore
2257 2427 2526 2498 fungitur?
2576 2428 2908 2498 Respondet,
2959 2431 3237 2499 diaconus,
3291 2449 3431 2500 pres-

1863 2519 2022 2584 byter,
2057 2528 2143 2568 aut
2172 2518 2311 2584 quod
2343 2517 2522 2570 fuerit.
2559 2517 2978 2586 ltttetrogantur,
3011 2521 3241 2584 Quantos
3271 2541 3431 2577 annos

1860 2606 2006 2658 habet
2065 2606 2115 2658 in
2171 2608 2440 2662 diaconato
2496 2619 2581 2659 aut
2639 2609 3032 2678 presbyterum?
3087 2611 3433 2680 Respondent

1859 2708 2084 2766 quantos
2115 2706 2168 2751 et
2197 2698 2484 2765 quomodo.
2519 2699 2752 2752 Domnus
2806 2700 3130 2768 apostolicus
3159 2702 3322 2755 dicit:
3355 2702 3430 2757 De

1858 2789 1972 2854 ipsa
2005 2785 2236 2839 Ecclesia
2265 2796 2339 2840 est
2366 2830 2378 2852 ,
2412 2805 2478 2840 an
2510 2790 2573 2842 de
2606 2789 2755 2842 alia?
2783 2788 3160 2857 Respondent,
3195 2791 3269 2844 De
3296 2794 3427 2861 ipsa.

1862 2877 1926 2930 Et
1971 2877 2014 2930 si
2061 2878 2292 2931 dixerint
2340 2877 2407 2932 de
2443 2879 2583 2942 alia,
2627 2879 2753 2932 dicit
2794 2877 3025 2932 domnus
3053 2881 3426 2946 Apostolicus:

1863 2967 2220 3022 Dimissariam
2254 2968 2402 3021 habet
2431 2971 2491 3020 ab
2521 2970 2756 3038 episcopo
2785 2973 2916 3024 suo?
2944 2972 3288 3039 Respondent
3319 2973 3432 3026 lla-

175 3044 270 3098 dat
309 3045 357 3098 ei
388 3044 693 3098 Orationem
738 3044 1177 3098 consecrationis.
1227 3043 1358 3097 Dum
1399 3058 1527 3099 vero
1564 3057 1751 3098 conse-

1865 3062 1975 3126 let,
2002 3072 2053 3114 et
2086 3078 2208 3114 mox
2239 3061 2464 3114 oliorum
2495 3076 2631 3114 eam.
2665 3063 2897 3116 Domnus
2924 3065 3243 3132 apostolicus
3267 3065 3429 3118 dicit:

175 3143 358 3188 cratus
388 3134 573 3195 luerit,
609 3137 696 3188 dat
723 3136 966 3188 osculum
998 3136 1250 3203 episcopo
1278 3145 1329 3188 et
1359 3135 1749 3202 sacerdotibus,

175 3237 232 3280 et
266 3235 371 3280 stat
419 3226 482 3280 ad
523 3225 796 3280 dexteram
841 3226 1212 3294 episcoporum
1253 3225 1360 3294 jam
1408 3225 1621 3280 indutus
1647 3227 1756 3279 dal-

179 3321 388 3374 ntalica.

253 3407 307 3461 4.
338 3411 390 3464 Si
420 3425 546 3463 vero
574 3409 801 3462 voluerit
825 3422 945 3462 eum
973 3421 1290 3463 consecrare
1318 3407 1390 3462 ibi
1419 3409 1589 3478 ipsum
1621 3423 1756 3474 pre:-

186 3500 456 3571 byterum,
482 3511 666 3554 teut-ns
694 3515 816 3554 eum
841 3499 1243 3553 archidiaconus
1268 3499 1410 3553 ducit
1436 3501 1576 3553 foras
1604 3513 1759 3568 rugas

185 3594 371 3646 altaris
391 3635 404 3656 ,
436 3596 582 3646 exuit
610 3608 732 3646 eum
763 3593 1076 3656 dnltnatica,
1109 3602 1162 3646 et
1189 3593 1266 3646 sic
1293 3609 1413 3648 eum
1446 3593 1614 3647 induit
1643 3593 1756 3660 pluo

183 3695 340 3748 neta,
379 3695 429 3737 et
469 3685 614 3738 ducit
653 3685 842 3738 iterum
883 3684 948 3737 ad
990 3683 1296 3753 episcopum
1348 3685 1416 3739 Et
1445 3694 1570 3739 tunc
1601 3686 1756 3738 aliam

186 3779 262 3832 illi
307 3779 440 3831 dans
479 3779 822 3844 Orationem,
871 3786 1151 3831 consecrat
1192 3790 1312 3831 eum
1353 3777 1755 3848 presbyterum,

187 3871 328 3923 dans
358 3871 598 3922 osculum
631 3869 882 3938 epise0po
910 3868 992 3922 vel
1037 3869 1245 3923 cmteris
1283 3870 1676 3935 sacerdotibus,
1708 3879 1762 3924 et

181 3971 292 4016 stat
341 3961 390 4014 in
432 3961 620 4015 ordine
669 3960 1133 4030 presbyterorum,
1178 3969 1232 4016 et
1273 3960 1466 4016 dicitur
1501 3962 1755 4025 Alleluia,

179 4051 265 4104 vel
298 4050 522 4104 Tractus
569 4060 621 4103 et
672 4049 1050 4118 Evangelittm,
1107 4059 1160 4105 et
1211 4051 1352 4120 quod
1398 4051 1658 4122 sequitur,
1709 4063 1762 4107 et

181 4140 487 4210 completur
519 4140 676 4194 Missa
707 4141 897 4196 ordine
928 4156 1047 4195 suo.

398 4271 463 4326 ll.
506 4270 639 4324 Item
677 4272 929 4341 quomodo
966 4273 1226 4344 episc0pus
1267 4274 1549 4330 ordinatur.

261 4388 314 4436 ὲ).
359 4385 489 4437 Dum
518 4395 539 4421 ε
567 4399 597 4438 a
625 4383 836 4438 civitate
863 4395 915 4438 et
939 4385 1053 4440 loco
1080 4387 1359 4456 episcopus
1387 4388 1548 4442 fuerit
1575 4388 1762 4444 del‘un-
1795 4407 1847 4464 Β

182 4484 328 4538 ctus,
347 4489 376 4526 a
407 4476 599 4543 populo
628 4474 857 4528 civitatis
883 4476 1095 4545 eligitur
1125 4477 1296 4543 alius;
1325 4488 1380 4531 et
1412 4481 1501 4532 liet
1526 4493 1555 4531 a
1587 4492 1765 4533 sacer-

185 4566 404 4619 dotibus
451 4566 597 4619 clero
641 4575 692 4619 ct
735 4567 929 4634 p0pulo
961 4564 986 4602 ά
1028 4567 1312 4633 decretus,
1355 4579 1409 4622 et
1451 4571 1669 4623 veniunt
1698 4571 1765 4625 ad

185 4657 444 4710 domuum
480 4658 867 4724 apostolicum,
914 4658 1241 4712 adducentes
1281 4674 1459 4712 secum
1491 4671 1542 4714 et
1571 4677 1767 4732 sugge-

186 4747 419 4800 stionem
443 4790 457 4814 ,
495 4747 592 4799 hoc
622 4755 704 4801 est
732 4748 1026 4815 rogatorias
1061 4749 1300 4815 litteras,
1345 4759 1402 4803 ut
1444 4752 1522 4805 eis
1561 4754 1771 4821 episeo-

190 4857 317 4910 putn
364 4852 673 4904 consecret,
711 4859 871 4912 quam
914 4858 1095 4897 secum
1139 4845 1400 4912 deportati
1446 4859 1590 4902 sunt.
1623 4849 1772 4902 Tunc

191 4932 427 4984 domnus
457 4933 780 5002 apostolicus
810 4932 1047 5001 prtecipit
1071 4935 1353 4988 saeellario
1381 4937 1458 4989 \el
1491 4938 1770 4990 numinen-

194 5022 351 5075 latori
378 5030 435 5076 ut
457 5039 579 5077 eum
603 5023 672 5076 ad
698 5023 1127 5078 arcltidiaconum
1152 5025 1365 5096 dirigat,
1385 5035 1441 5082 et
1460 5043 1581 5083 eum
1607 5028 1774 5100 inqui-

193 5125 282 5169 rat
311 5114 375 5168 de
403 5126 628 5180 quatuor
657 5116 901 5185 capitulis
944 5119 1234 5172 secundum
1277 5133 1542 5187 canones,
1593 5122 1643 5175 id
1690 5133 1776 5177 est

189 5206 526 5259 arsonoeliitn
549 5246 564 5270 ,
593 5208 732 5276 quod
763 5216 846 5262 est
873 5209 1147 5274 masculo;
1178 5223 1275 5278 pro
1318 5210 1510 5265 ancilla
1559 5212 1649 5267 Dei
1690 5230 1772 5268 sa-

272 5351 298 5378 ι
338 5341 610 5414 Epismodi
651 5344 896 5399 sacculus
935 5355 1051 5399 erat
1085 5345 1149 5399 ad
1185 5347 1541 5414 reciptendam
1573 5357 1631 5402 et
1673 5350 1766 5404 de-

194 5411 469 5465 ferendam
518 5414 936 5479 Eucltaristiam,
965 5416 1104 5483 quod
1149 5411 1386 5472 ofﬁcium
1430 5419 1559 5474 olitn
1603 5419 1768 5474 fuisse

195 5483 564 5550 acolythorum
595 5485 822 5537 vidimus
848 5485 900 5536 in
929 5485 1312 5550 superioribus.

273 5550 297 5588 ιο
332 5552 574 5625 Quatuor
601 5554 712 5606 lure
734 5553 962 5621 capitula
989 5555 1318 5623 explicantur
1345 5558 1478 5610 intra
1537 5575 1684 5614 num.
1714 5561 1768 5625 5,

194 5622 579 5692 suntittentque
603 5632 831 5690 quatuor
856 5622 1194 5688 genera’vitii
1220 5628 1467 5684 carnalis.

566 5713 832 5772 l’ATttOL.
863 5715 966 5772 LX
978 5717 1032 5774 Χ
1044 5715 1117 5774 Π
1131 5716 1146 5774 Ι
1161 5715 1204 5774 Ι.

1859 3151 2138 3221 Conjngt‘m
2165 3151 2380 3204 habuit?
2401 3152 2649 3220 disposuit
2675 3154 2736 3206 de
2762 3154 2916 3206 domo
2941 3155 3072 3208 sua?
3096 3154 3434 3223 Respondent

1860 3242 2148 3311 Disposuit.
2178 3244 2409 3295 Domnus
2435 3245 2756 3310 apostolicus
2781 3242 2936 3298 dicit:
2974 3244 3109 3310 Quid
3137 3245 3272 3298 vobis
3296 3262 3433 3298 com-

1858 3336 2052 3406 placuit
2083 3337 2144 3390 de
2171 3338 2271 3390 eo?
2299 3336 2675 3404 Respondent:
2709 3335 2771 3389 Et
2799 3338 3006 3390 castitas
3024 3379 3038 3403 ,
3071 3339 3393 3408 hosp‘talitas
3412 3383 3428 3406 ,

1860 3428 2178 3496 benignitas,
2228 3439 2273 3481 et
2324 3429 2493 3480 onmiu
2545 3429 2673 3481 bona
2710 3445 2822 3497 qua:
2858 3431 2919 3482 de
2959 3446 3015 3482 eo
3055 3441 3172 3483 sunt
3211 3429 3432 3497 prolata.

1864 3519 2097 3571 Domnus
2127 3518 2447 3587 apostolicus
2471 3518 2626 3571 dicit:
2663 3517 2860 3584 Videte,
2889 3521 3093 3589 fratres,
3123 3537 3183 3573 ne
3208 3522 3432 3590 aliquam

1862 3609 2250 3678 promissionem
2279 3609 2482 3678 fecisset
2510 3607 2674 3671 vobis;
2704 3610 2842 3662 scitis
2871 3610 3006 3677 quod
3031 3611 3362 3662 simoniacam
3388 3621 3434 3666 et

1863 3709 2040 3751 contra
2085 3715 2306 3752 canones
2345 3707 2441 3752 est.
2483 3698 2827 3767 Respondent
2854 3700 2992 3752 Absit
3024 3717 3052 3752 a
3083 3701 3244 3755 nobis.
3280 3701 3434 3754 Dom-

1865 3806 1963 3844 nus
1993 3790 2322 3857 apostolicus
2348 3789 2479 3843 dicit
2504 3806 2517 3842 :
2557 3789 2658 3842 Vos
2686 3791 2933 3844 videritis.
2967 3793 3031 3845 Et
3058 3793 3245 3846 iterum
3273 3795 3433 3849 dicit;

1865 3881 2082 3934 llubetis
2130 3881 2435 3933 decretum?
2484 3879 2858 3948 Respondent,
2891 3880 3174 3937 "abemus.
3222 3884 3282 3937 Et
3313 3885 3438 3938 dum

1866 3990 1986 4026 eum
2042 3971 2309 4036 oll‘erunt,
2358 3971 2510 4042 jubet
2575 3973 2853 4026 saeellario
2904 3981 2962 4026 ut
3027 3974 3315 4042 relegatur.
3373 3976 3440 4030 Et

1865 4066 1992 4118 dum
2027 4067 2258 4118 teEectus
2304 4065 2459 4118 fuerit
2486 4103 2501 4129 ,
2539 4063 2690 4132 jubet
2731 4065 2961 4119 domnus
2998 4068 3319 4134 apostolicus
3358 4069 3437 4122 in-

1869 4157 2150 4210 troducere
2177 4155 2425 4210 cl.ctum.

1939 4268 1993 4322 7.
2037 4267 2168 4320 Dan
2202 4281 2331 4321 vero
2361 4265 2694 4322 introductus
2733 4265 2895 4320 fuerit
2936 4271 3172 4335 electus,
3217 4281 3271 4324 et
3310 4272 3439 4326 sub-

1872 4360 2129 4413 diaconus
2167 4373 2197 4411 a
2243 4360 2397 4427 longe
2429 4359 2582 4410 tertia
2612 4356 2725 4411 vice
2753 4371 2813 4412 se
2844 4358 2894 4410 in
2928 4367 3068 4412 terra
3101 4369 3442 4428 prosternet,

1874 4462 1996 4504 tunc
2024 4463 2251 4503 cernuus
2282 4448 2604 4516 apostolicus
2647 4447 2953 4501 Orationem
2995 4448 3124 4502 dicit
3161 4450 3278 4504 sic:
3315 4451 3447 4506 l’ro-

1872 4550 2005 4611 tegat
2039 4557 2129 4593 nos
2168 4539 2441 4592 Dominus.
2485 4536 2828 4606 Respondent
2859 4554 3046 4593 omnes
3075 4540 3254 4594 Amen.
3287 4543 3446 4596 Dom-

1875 4649 1973 4687 nus
1999 4631 2321 4700 apostolicus
2373 4633 2667 4697 interregat
2716 4642 2836 4682 eum
2860 4645 2877 4680 :
2936 4629 3073 4693 Quid
3103 4640 3150 4684 te
3177 4631 3447 4702 fatigasti,

1873 4724 2080 4794 frater?
2130 4719 2477 4790 Respondet:
2533 4719 2611 4771 Αιι
2662 4721 2797 4789 quod
2847 4735 2945 4772 non
2973 4737 3085 4772 sum
3134 4722 3320 4793 dignus
3370 4725 3451 4775 isti

1875 4817 2153 4888 confumuli
2181 4816 2281 4869 mei
2312 4830 2389 4868 me
2416 4814 2760 4868 adduxerunt.
2805 4815 2868 4867 Et
2906 4814 2937 4868 d
2962 4815 3032 4868 cit
3058 4833 3072 4867 :
3119 4818 3230 4881 Quo
3258 4819 3450 4871 honore

1876 4909 2156 4980 fnngeris?
2214 4907 2542 4974 lleSpondet,
2577 4904 2795 4958 Diaconi
2847 4916 2936 4958 aut
2988 4911 3308 4977 presbyteri,
3369 4915 3447 4962 vel

1876 5000 2018 5068 quod
2067 5009 2167 5053 est.
2216 4997 2283 5050 Et
2323 4996 2616 5064 interrogat
2653 5010 2773 5048 eum
2814 4995 3043 5050 domnus
3086 5001 3445 5066 apostolicus:

1880 5093 2113 5155 Quantos
2158 5104 2318 5141 annos
2361 5085 2514 5138 habes
2553 5086 2604 5138 in
2647 5086 2953 5149 diuconato,
2986 5097 3075 5138 out
3104 5089 3158 5138 in
3194 5091 3449 5159 presbyte-

1877 5182 2036 5235 rato?
2085 5181 2395 5247 Respondet
2439 5185 2690 5246 quantos.
2744 5176 2939 5231 lterum
2994 5189 3285 5248 interrogat
3324 5197 3446 5236 eum

1951 5358 1971 5385 ³
2003 5345 2202 5400 Confer
2227 5343 2428 5398 editum
2454 5341 2708 5396 Ordinem
2738 5341 3046 5414 Romanum
3067 5383 3082 5414 ,
3125 5356 3155 5396 a
3194 5358 3313 5414 pag.
3355 5345 3450 5411 97,

1875 5427 1931 5472 et
1961 5419 2228 5485 vulgatum
2258 5415 2570 5485 Alemanni.
2610 5413 2747 5478 apud
2786 5427 2941 5485 quem
2985 5412 3173 5467 eadem
3217 5412 3330 5471 fere
3372 5416 3450 5470 le-

1875 5482 2092 5557 guntur,
2119 5501 2234 5552 pag.
2261 5483 2352 5557 T5,
2381 5482 2669 5557 itidemque
2689 5483 2827 5557 apud
2854 5482 3143 5557 Morinum,
3169 5499 3291 5557 pag.
3313 5485 3441 5540 325,

2021 5551 2292 5622 EjuSuiodi
2322 5553 2522 5605 decreti
2551 5551 2828 5606 formulam
2858 5553 3019 5606 babes
3047 5553 3100 5606 itt
3132 5551 3268 5609 libro
3297 5557 3438 5610 Dinr-

1880 5643 1949 5681 no
1976 5627 2281 5696 p0nll|iCUltt
2309 5625 2513 5676 ltotnan
2554 5638 2690 5676 rum.

2990 5713 3067 5771 32
