4008 6284
566 354 705 409 tua?)

1246 340 1583 397 Al‘Pl-LNIHX
1630 339 1716 390 Al)
1759 337 1814 392 S.
1858 334 2179 389 GllEGURll
2221 330 2430 385 fil.“th
2475 325 2845 383 LITUllGlCA
2889 323 3132 379 OPERA.

3689 318 3833 374 1001

566 466 794 520 domnus
825 458 1145 530 apostolicus
1173 472 1185 507 :
1218 455 1454 506 liatmisn
1482 466 1798 521 coiqngium,
1827 459 1873 501 et
1900 449 1963 500 de
1990 453 2139 499 domo
2174 453 2213 506 Α
2250 445 2468 497 tionem.
2514 440 2717 494 Deinde
2754 440 2951 493 dicitur
2994 438 3277 507 Apostolus
3320 434 3384 530 ad
3427 434 3789 530 Timotheum
3822 452 3835 487 :

576 569 663 611 tua
692 552 1027 626 disposuisti?
1056 548 1144 601 ille
1176 546 1459 611 respondet
1490 546 1531 596 si
1566 542 1779 605 habuit,
1810 550 1899 594 aut
1928 555 2032 593 non
2053 583 2065 606 ,
2094 550 2146 593 et

569 650 687 718 quia
742 649 809 698 de
864 644 1022 695 domo
1077 652 1167 691 sua
1202 637 1480 703 dispoSnit.
1536 634 1663 686 Item
1714 633 2069 700 interrogatur
2117 644 2145 682 a

577 743 774 791 domno
804 731 1098 799 apostolico
1129 729 1170 781 si
1203 728 1428 795 aliquam
1473 726 1742 779 dationcnt
1789 733 1879 776 aut
1922 723 2147 790 promis-

567 830 770 882 sionem
820 819 1081 875 fecisset“?
1124 815 1427 883 Respondet
1470 814 1631 867 Absit.
1676 813 1867 865 lterum
1919 812 2148 863 domnus

565 917 887 989 apostolicus
920 914 1212 978 interrogat
1256 924 1417 961 eum:
1461 909 1572 977 88
1613 906 1803 971 Quales
1850 902 2059 957 Codices
2093 902 2145 954 in

564 1009 796 1063 Ecclesia
844 1016 931 1058 tua
985 1000 1273 1071 leguntur?
1326 998 1678 1066 Respondet:
1741 993 2143 1056 Octateucltum,

564 1100 879 1168 Regnorum,
909 1092 1300 1163 Prophetarum,
1326 1090 1540 1141 Actuum
1567 1086 1913 1157 apostolortm
1932 1130 1945 1150 ,
1974 1084 2146 1137 Evan-

562 1191 784 1259 gelium,
826 1199 871 1242 et
913 1188 1234 1255 Apostolum.
1273 1186 1506 1237 Domnns
1553 1181 1873 1251 apostolicus
1917 1182 2147 1234 interro-

564 1290 651 1345 gat
678 1298 690 1333 :
728 1279 880 1332 Nosti
911 1278 1177 1331 canones?
1209 1276 1515 1342 Respondet
1545 1292 1555 1324 :
1596 1273 1732 1326 Doce
1763 1289 1882 1335 nos,
1919 1272 2143 1324 domine.

566 1370 701 1423 llicit
747 1369 974 1423 domnus
1015 1367 1373 1436 apostolicus:
1422 1365 1806 1416 Ordinationcm
1849 1363 1891 1416 si
1928 1363 2141 1432 feceris,

567 1463 757 1531 n'aptis
801 1459 1106 1531 temporibus
1146 1462 1258 1528 (ac,
1302 1458 1356 1510 id
1402 1467 1511 1519 est,
1542 1456 1727 1523 primi,
1759 1455 1957 1523 quarti,
1990 1455 2147 1520 septi-

566 1555 637 1605 mi
655 1595 669 1616 ,
702 1560 747 1606 et
778 1552 961 1605 decimi
990 1550 1197 1603 mensis.
1231 1547 1472 1619 Bigamos
1500 1556 1586 1598 aut
1615 1544 1831 1597 curiales
1861 1545 1929 1595 ad
1970 1559 2145 1596 sacros

564 1644 767 1697 ordines
810 1660 871 1696 ne
913 1654 1252 1713 promoveas;
1288 1648 1511 1690 attamen
1553 1636 1755 1689 dabitur
1794 1634 1883 1687 tibi
1922 1634 2143 1686 edictum

567 1736 631 1788 de
655 1735 875 1799 scrinio,
909 1731 1163 1802 quomodo
1204 1731 1386 1783 debeas
1423 1728 1727 1782 conversari.
1775 1726 1923 1781 Tunc
1955 1726 2143 1794 princi-

2256 535 2590 599 (Iltarissimc,
2624 532 2790 601 ﬁdelis
2822 547 3004 592 sermo,
3027 530 3071 583 si
3106 529 3215 597 quis
3253 528 3598 598 episcopatu»:
3636 526 3840 580 deside.

2251 634 2360 686 rat,
2394 624 2576 676 bonum
2610 639 2733 692 opus
2764 622 3040 683 desiderat,
3073 628 3125 674 et
3170 630 3383 673 castora.
3437 618 3500 670 Et
3531 618 3659 672 dum
3695 618 3842 686 psal-

2253 716 2374 767 litur
2404 712 2632 766 Gradalc
2654 754 2666 775 ,
2698 712 2997 780 egrediatur
3031 710 3441 764 archidiaconus
3474 724 3594 761 cum
3649 710 3837 776 acoly-

2252 804 2354 857 this
2382 813 2435 857 ct
2464 802 2835 865 subdiaconis,
2868 810 2924 855 et
2969 799 3138 853 induit
3186 815 3305 853 cum
3349 799 3641 852 daltnatica
3667 839 3682 861 ,
3718 798 3839 866 pla-

2250 903 2369 948 neta
2412 905 2466 946 et
2508 892 2800 961 campobus
2854 891 3021 964 [Leg.
3056 889 3404 960 compagis],
3446 900 3500 943 et
3547 889 3841 943 introducit

2250 1001 2394 1040 cum.
2426 984 2668 1053 Dumque
2696 982 3033 1037 introductus
3059 980 3249 1044 fuerit,
3281 987 3434 1032 vocet
3458 994 3579 1032 eum
3609 981 3841 1031 domnus

2249 1076 2572 1147 apostolicus
2602 1094 2613 1127 :
2650 1075 2821 1128 Cleros
2872 1084 2917 1126 et
2962 1072 3101 1142 plebs
3131 1072 3449 1135 consentiens
3490 1070 3707 1124 civitatis
3744 1069 3839 1121 tul.

2248 1185 2361 1221 cum
2392 1167 2747 1235 odjacentibus
2778 1164 3036 1233 parocliiis
3074 1164 3217 1228 suis,
3261 1163 3515 1232 elegerunt
3556 1162 3655 1213 sibi
3690 1161 3838 1218 illum

2248 1264 2402 1315 talem
2450 1262 2758 1323 diaconum,
2809 1258 2885 1311 vel
2932 1256 3279 1327 presbyterum
3328 1253 3621 1321 episcopum
3670 1268 3841 1304 consc-

2248 1352 2404 1405 crari.
2453 1350 2667 1403 Oremus
2708 1349 2878 1415 itaque
2923 1364 3015 1416 pro
3066 1346 3241 1399 eodem
3290 1345 3438 1408 viro,
3496 1351 3551 1395 ut
3602 1340 3745 1394 Deus
3793 1351 3839 1393 et

2250 1442 2500 1495 Dominus
2547 1450 2715 1494 noster
2758 1438 2907 1492 Iesus
2954 1437 3184 1491 Christus
3224 1436 3411 1489 tribuat
3454 1435 3500 1488 ei
3543 1434 3839 1487 cathedram

2250 1536 2592 1606 episcopalem
2635 1533 2703 1585 ad
2744 1532 3022 1602 regendum
3059 1530 3339 1583 [πάθεϊ-,ιη
3376 1545 3526 1581 suam
3565 1540 3609 1580 et
3647 1527 3838 1597 plebem

2248 1627 2556 1679 universam.
2592 1624 2793 1679 Deinde
2819 1623 3004 1678 schola
3045 1620 3231 1690 incipit
3283 1619 3330 1671 Κ
3336 1623 3451 1690 grie
3490 1620 3673 1693 eleison
3713 1634 3839 1679 cum

2250 1721 2456 1775 litania.
2507 1719 2813 1773 Prostratus
2862 1717 3092 1771 domnus
3139 1715 3467 1785 apostolicus
3508 1729 3838 1769 cnmsacer-

580 1825 656 1893 pit
686 1823 1057 1879 archidiacono
1086 1821 1311 1875 domnus
1340 1818 1684 1888 apostolicus,
1712 1826 1763 1871 et
1792 1816 1995 1886 releget
2022 1817 2152 1885 peti-
2184 1813 2232 1871 B
2258 1815 2470 1869 dotibus
2497 1823 2550 1868 et
2576 1814 2689 1881 ipso
2720 1812 2894 1867 electo
2923 1812 2976 1865 in
3012 1822 3153 1864 terra
3186 1820 3308 1864 ante
3344 1810 3514 1863 altare
3536 1850 3551 1873 ,
3578 1808 3839 1876 completa

576 1916 773 1969 tionem
806 1929 961 1984 quam
995 1913 1107 1981 ipse
1142 1912 1345 1967 electus
1386 1924 1417 1963 a
1460 1910 1655 1979 pepnlo
1695 1908 1894 1962 domno
1934 1916 2151 1977 aposto-

577 2004 682 2059 lico
709 2004 993 2058 obtulerat.
1026 2003 1089 2056 Et
1117 2002 1240 2056 dum
1274 2001 1469 2056 reiecta
1513 1999 1709 2065 fuerit,
1753 1999 1881 2054 dicit
1922 2000 2150 2055 domnus

571 2094 901 2161 apostolicus
925 2110 939 2147 :
973 2093 1236 2158 Quomodo
1262 2102 1377 2145 rota
1402 2093 1627 2146 omnium
1654 2093 1708 2145 in
1738 2100 1783 2144 te
1808 2094 2152 2146 conveniunt?

571 2183 746 2237 Hodie
781 2194 827 2237 te
859 2184 1191 2247 abstinueris,
1231 2194 1278 2235 et
1322 2183 1576 2246 crastino,
1627 2183 1670 2235 si
1713 2184 1961 2251 placuerit
2006 2182 2146 2247 Deo,

568 2276 946 2327 consecrandus
995 2275 1114 2328 eris.
1170 2274 1475 2343 ReSpondet
1523 2272 1974 2328 archidiaconus:
2024 2273 2147 2327 Jus-

568 2365 696 2431 sisti,
727 2365 932 2418 domne.
970 2364 1036 2418 Et
1064 2364 1154 2418 dat
1184 2364 1410 2417 domnus
1454 2363 1778 2431 apostolicus
1820 2362 1935 2431 ipso
1977 2363 2146 2417 electo

566 2458 807 2512 osculum
832 2496 849 2521 ,
880 2466 933 2510 et
964 2456 1305 2526 egrediantur
1336 2455 1498 2508 foras.

636 2548 688 2601 8.
732 2547 847 2601 Alit
892 2562 1019 2600 vero
1058 2546 1183 2611 die,
1225 2544 1363 2614 quod
1405 2553 1485 2597 est
1534 2543 1844 2609 Dotninica,
1901 2542 2144 2612 procedit

564 2641 795 2693 domnus
827 2637 1152 2708 apostolicus
1196 2638 1247 2689 in
1290 2636 1547 2698 eet-lesia.
1593 2635 1776 2704 ibique
1818 2636 2053 2704 episcopi
2093 2645 2145 2692 et

571 2728 863 2797 presbyteri
893 2743 1015 2782 cum
1043 2742 1127 2792 eo,
1152 2734 1206 2779 et
1230 2724 1409 2779 ca-teri
1435 2724 1651 2779 ordines
1672 2724 1989 2779 clericorum
2017 2740 2141 2779 con-

567 2820 801 2885 sistunt;
841 2828 894 2873 et
940 2817 1232 2887 ingreditur
1279 2817 1509 2870 domnus
1546 2815 1869 2885 apostolicus
1914 2826 2149 2869 secreta-

569 2909 743 2974 rium,
777 2916 829 2964 et
854 2908 1007 2977 jubet
1033 2906 1267 2962 scholam
1301 2906 1553 2974 psallere.
1600 2906 1666 2959 Et
1693 2904 2033 2980 procedit.de
2062 2920 2147 2959 sa-

565 3001 739 3053 crario
764 3015 885 3054 cum
916 2999 1062 3053 omni
1093 2996 1285 3051 decore
1315 2997 1367 3050 in
1398 2995 1624 3050 ecclesia
1666 2995 1777 3063 ipsa
1801 3036 1816 3059 ,
1849 2996 1988 3049 sicut
2032 3009 2147 3048 mos

564 3098 667 3143 est.
723 3090 998 3158 Completo
1041 3102 1166 3143 vero
1222 3087 1466 3151 lntroitu,
1522 3100 1626 3140 non
1657 3087 1842 3141 dicunt
1871 3095 1997 3139 tunc
2033 3084 2147 3155 Ky-

566 3179 640 3233 rie
678 3178 865 3235 eleison
892 3220 905 3245 ,
953 3178 1046 3233 sed
1100 3194 1221 3233 mox
1266 3179 1495 3233 domnus
1531 3178 1857 3247 apostolicus
1896 3177 1988 3233 dat
2016 3178 2148 3233 Ora-
2176 3169 2222 3230 C

638 3322 664 3385 ξ
703 3313 827 3368 llaec
852 3315 1097 3385 leguntur
1123 3314 1175 3367 in
1201 3315 1346 3368 edito
1367 3314 1563 3370 Ordine
1586 3315 1853 3380 Romano,
1878 3328 1997 3385 pag.
2026 3314 2147 3380 tot,

571 3383 665 3439 sed
695 3385 858 3437 multo
885 3384 1191 3453 prolixiora.
1884 3383 1891 3385 ἡ
1986 3390 1991 3395 ’

636 3453 663 3490 δ
703 3453 862 3508 Forte
908 3453 1185 3523 legendum
1230 3464 1465 3523 su'gent,
1518 3466 1561 3507 et
1608 3463 1729 3508 tunc
1770 3454 2053 3521 benedicet,
2094 3464 2149 3509 ut

564 3523 868 3578 notavimus
896 3525 946 3578 in
973 3529 1345 3579 commentarii
1378 3525 1563 3594 prmvii
1593 3540 1711 3593 cap.
1749 3526 1834 3580 15.

2255 1904 2437 1959 litania
2465 1915 2687 1973 surgent
2710 1942 2726 1969 ,
2752 1913 2807 1957 et
2833 1910 2959 1956 tunc
2983 1898 3009 1936 ι)
3041 1901 3356 1954 benedicent
3397 1914 3543 1953 eum.
3585 1899 3650 1951 Et
3678 1899 3837 1952 Bene-

2253 1996 2493 2050 dictione
2522 1994 2758 2063 expleta,
2790 1994 2881 2047 dat
2923 1992 3162 2047 osculum
3201 1992 3431 2061 domnus
3475 1990 3837 2058 apostolicus;

2256 2096 2308 2138 et
2331 2094 2514 2139 tenens
2535 2100 2656 2139 eum
2682 2083 3087 2138 archidiaconus
3108 2084 3220 2154 39
3235 2082 3480 2151 deportat
3505 2096 3661 2145 eum;
3691 2090 3741 2132 et
3766 2079 3838 2133 sic

2253 2175 2341 2227 dat
2384 2175 2624 2230 osculum
2657 2175 2922 2244 episcopis
2948 2184 3001 2227 et
3028 2175 3372 2244 presbyteris.
3404 2173 3474 2226 Et
3520 2182 3648 2226 tunc
3696 2172 3837 2240 jubet

2253 2282 2373 2321 eum
2407 2268 2632 2322 domnus
2665 2268 2992 2337 apostolicus
3024 2282 3182 2336 supra
3222 2282 3408 2321 omnes
3447 2267 3732 2334 episcopos
3760 2280 3837 2318 se-

2252 2359 2412 2424 dere;
2441 2369 2495 2414 et
2538 2361 2660 2413 dum
2689 2360 2910 2424 sederit,
2939 2359 3131 2414 dicitur
3157 2359 3401 2425 Alleluia,
3424 2358 3621 2414 deinde
3665 2360 3830 2412 Evan-

2253 2448 2469 2518 gelium,
2493 2459 2545 2503 ct
2570 2450 2815 2519 expletur
2847 2451 3002 2505 Missa

2323 2562 2379 2617 9.
2423 2564 2556 2619 Dutn
2586 2580 2716 2621 vero
2746 2567 2946 2621 venerit
2971 2567 3035 2621 ad
3059 2569 3584 2630 communicandum,
3616 2570 3839 2624 domnus

2254 2656 2580 2725 apostolicus
2635 2659 2855 2728 porrigit
2921 2662 2972 2714 ei
3030 2662 3307 2715 formatam
3353 2671 3516 2731 atque
3581 2674 3839 2717 sacratam

2253 2746 2619 2815 oblationem;
2649 2758 2703 2804 et
2744 2765 2860 2804 eam
2891 2753 3188 2823 suscipiens
3219 2754 3506 2823 episcopus
3553 2756 3667 2822 ipse
3694 2772 3757 2810 ex
3782 2771 3840 2811 ea

2253 2842 2614 2896 communicat
2642 2858 2804 2912 super
2832 2844 3034 2911 altare,
3066 2856 3119 2899 et
3142 2846 3239 2900 sibi
3273 2857 3527 2901 cartorum
3559 2862 3624 2901 ex
3664 2864 3724 2900 ea
3756 2864 3839 2902 re-

2255 2942 2435 2985 servat
2465 2934 2532 2987 ad
2578 2937 3079 2990 communicandum
3122 2951 3289 3007 usque
3319 2938 3384 2991 ad
3416 2938 3533 2992 dies
3567 2948 3590 2976 ε
3619 2939 3840 3008 quadra-

2253 3024 2421 3095 ginta,
2473 3033 2528 3080 et
2555 3027 2892 3094 postmodum
2922 3040 2986 3081 ex
3018 3037 3285 3099 praecepto
3315 3028 3517 3084 domini
3563 3030 3840 3099 apostolici

2256 3119 2616 3173 communicat
2642 3133 2853 3173 omnem
2885 3120 3155 3189 populum.

2336 3328 2357 3355 ο
2402 3316 2555 3393 ΙιιεξηιΔ
2575 3316 2712 3393 ritus
2742 3319 2934 3393 legitur
2963 3331 3069 3393 tum
3102 3322 3153 3374 in
3180 3322 3394 3393 vulgato
3418 3324 3621 3379 Ordine
3652 3325 3838 3379 Roma-

2257 3402 2348 3461 po,
2378 3403 2501 3455 pag.
2537 3388 2640 3441 102
2666 3431 2680 3452 ,
2724 3388 2833 3442 tum
2885 3391 2935 3443 in
2984 3392 3219 3446 Fulbcrti
3256 3388 3492 3447 s't-cunda
3524 3398 3745 3461 epistola
3770 3400 3841 3450 ad

2258 3456 2572 3523 Einardum,
2604 3468 2713 3512 tum
2740 3461 2878 3529 apud
2914 3463 3201 3530 Morinum,
3234 3479 3351 3533 pag.
3378 3464 3447 3519 32
3463 3469 3505 3529 ἱ,
3530 3456 3586 3520 et
3608 3468 3729 3521 526.

2695 3674 3834 3705 __.._________,_______

1556 3781 1893 3884 0RDO
1973 3777 2435 3886 ROMAN
2442 3782 2603 3884 US
2687 3784 2865 3889 IX.

892 3944 969 3999 De
993 3946 1237 4016 gradibus
1274 3946 1519 4000 Romana:
1538 3945 1802 4002 Ecclesiw.

644 4038 693 4092 ’l.
738 4034 976 4091 Primum
1008 4046 1056 4103 ⁸,
1107 4037 1158 4089 in
1210 4038 1563 4108 qualicunque
1602 4038 1783 4092 schola
1818 4040 2011 4108 reperti
2038 4039 2145 4095 fne-

567 4128 676 4182 rint
723 4128 873 4196 pueri
930 4127 1065 4181 bene
1115 4127 1442 4195 psallentes,
1496 4130 1754 4184 tolluntur
1779 4130 1939 4194 inde,
1970 4138 2025 4188 et
2055 4148 2146 4185 nuo

568 4220 801 4273 triuntur
825 4217 878 4271 in
905 4218 1085 4273 schola
1119 4226 1427 4283 cantorum,
1472 4229 1527 4275 et
1553 4229 1734 4289 postea
1782 4221 1916 4276 ﬁunt
1947 4222 2153 4278 cubicu-

566 4307 705 4361 larii.
749 4305 805 4360 Si
829 4315 1002 4360 autem
1036 4306 1290 4361 nobilium
1323 4308 1420 4361 ﬁlii
1448 4307 1675 4376 fuerint,
1712 4312 1888 4365 statim
1916 4312 1968 4365 in
1995 4312 2146 4367 cubi-

570 4395 690 4449 culo
714 4396 1045 4449 nutriuntur.
1090 4397 1166 4449 Ex
1210 4396 1310 4451 bac
1358 4398 1622 4466 accipient
1670 4401 1892 4468 primam
1925 4402 2149 4457 Benedi-

567 4487 801 4541 ctionent
834 4485 902 4539 ab
922 4485 1330 4552 archidiacono,
1366 4497 1423 4543 ut
1450 4490 1606 4545 liceat
1632 4492 1711 4545 eis
1740 4506 1899 4561 super
1929 4492 2147 4548 linteum

540 4578 827 4634 .vellosum
858 4578 1045 4634 sedere
1067 4618 1082 4645 ,
1123 4580 1263 4649 quod
1291 4596 1408 4636 mos
1438 4591 1519 4637 est
1550 4598 1746 4651 ponere
1775 4598 1937 4654 super
1963 4586 2147 4641 sellam

568 4670 713 4739 equi.
757 4668 891 4723 Dein
920 4708 937 4734 ,
977 4668 1117 4724 sicut
1165 4669 1631 4727 Sacramentorum
1666 4674 1842 4728 Codex
1889 4676 2145 4741 continet,

2255 3946 2341 4001 fex
2373 3948 2504 4003 dicit
2532 3949 2748 4005 Oremus
2766 3995 2782 4019 ,
2806 3963 2859 4009 et
2889 3954 3144 4012 diaconus
3172 3959 3465 4015 Flectamus
3490 3980 3680 4032 genua.
3724 3965 3842 4020 Post

2254 4037 2548 4092 Coll-ictam
2580 4042 2821 4097 ascendit
2862 4045 3031 4100 lector
3085 4048 3139 4101 in
3188 4052 3469 4107 amboncm
3496 4092 3510 4116 ,
3550 4062 3608 4108 et
3642 4057 3842 4109 elevata

2255 4143 2386 4213 voce
2417 4130 2538 4198 legit
2560 4130 2843 4188 lectionem
2874 4137 2943 4190 de
2968 4148 3151 4206 quarta
3184 4138 3335 4208 feria,
3364 4152 3419 4197 et
3447 4146 3694 4213 sequitur
3718 4149 3843 4203 Cra-

2254 4212 2392 4267 dale.
2439 4214 2569 4270 Dein
2591 4216 2719 4271 dicit
2744 4220 2978 4286 pontifex
3008 4222 3256 4279 Dominus
3278 4228 3553 4283 vobiscum.
3582 4231 3627 4285 D
3650 4248 3843 4288 aconus

2256 4315 2311 4358 ut
2347 4321 2529 4374 supra.
2575 4308 2695 4363 Post
2747 4312 3025 4368 collectam
3077 4319 3316 4373 ascendit
3363 4320 3533 4375 lector
3580 4324 3631 4377 in
3663 4326 3842 4377 ambo-

2254 4410 2397 4461 nem,
2429 4408 2481 4453 et
2511 4398 2726 4454 elevata
2761 4418 2891 4458 voce
2924 4406 3047 4475 legit
3077 4408 3291 4463 brt‘\"_‘m
3320 4412 3369 4465 in
3392 4413 3617 4468 auribus
3642 4416 3839 4484 populi,

2250 4486 2329 4541 sic
2359 4489 2761 4546 continentem:
2809 4494 3093 4567 Cognosvat
3135 4502 3431 4569 fraternitas
3462 4513 3673 4573 t'eslra,
3727 4509 3841 4575 quia

2251 4577 2333 4631 ill.
2365 4590 2411 4633 et
2436 4581 2514 4635 ill.
2540 4598 2785 4639 vocantur
2814 4588 2867 4639 in
2903 4591 2996 4643 tali
3026 4593 3220 4660 ofﬁcio.
3267 4595 3325 4648 Si
3353 4598 3464 4666 quis
3485 4597 3635 4653 habet
3667 4612 3841 4652 centra

2252 4668 2346 4721 Iros
2368 4670 2498 4724 viros
2528 4673 2756 4744 aliquam
2790 4682 3081 4745 querelam,
3117 4694 3261 4737 exeat
3292 4687 3612 4755 conﬁdenter
3640 4702 3842 4757 propter

572 4757 788 4825 quando
814 4768 868 4811 et
897 4758 986 4811 ubi
1011 4758 1214 4812 libitum
1244 4756 1424 4826 fuerit,
1455 4776 1620 4829 usque
1650 4762 1702 4815 in
1735 4762 2150 4819 subdiaconatus
2180 4766 2228 4824 Ι)
2257 4761 2417 4816 Deum
2438 4776 2485 4819 et
2510 4771 2787 4823 secundum
2813 4770 3011 4841 Deum,
3046 4785 3093 4829 et
3124 4778 3281 4831 dicat.
3320 4778 3523 4834 Memor
3567 4756 3645 4835 sit
3667 4796 3838 4837 (amen

567 4847 800 4900 ofﬁcium
851 4847 1191 4912 ordinantur,
1236 4848 1447 4903 diaconi
1496 4865 1624 4903 vero
1654 4860 1812 4919 atque
1856 4852 2148 4923 presbyteri

568 4954 837 5011 nunquam
870 4938 969 4994 nisi
1000 4939 1050 4994 in
1077 4941 1284 5008 publica
1327 4942 1687 4995 ordinatione.
1742 4942 1825 4997 Fit
1855 4943 1997 4997 enim
2023 4959 2151 4997 con-

564 5039 756 5084 Ventus
787 5030 965 5099 populi
1014 5039 1066 5085 ct
1105 5032 1444 5101 congregatio
1475 5032 1750 5100 regionum
1776 5072 1794 5098 ,
1822 5035 2052 5103 primum
2083 5035 2148 5090 ad

567 5128 809 5173 sanctum
838 5120 1158 5185 Adrianum;
1189 5131 1246 5175 et
1269 5120 1391 5176 inde
1435 5122 1603 5191 pergit
1633 5123 1867 5193 pontifex
1901 5141 2005 5179 una
2028 5141 2149 5181 cum

578 5210 808 5277 populo,
852 5211 1189 5279 prmcedente
1228 5210 1384 5265 solito
1424 5222 1715 5281 apparatu,
1750 5215 1799 5268 id
1828 5225 1908 5269 est
1936 5231 2142 5282 cruces,

568 5300 876 5368 thuribula,
903 5302 985 5356 vel
1030 5303 1172 5367 tale,
1224 5318 1393 5372 usque
1424 5302 1487 5357 ad
1537 5314 1774 5359 sanctam
1819 5306 2032 5361 Mariam
2079 5309 2145 5361 ad

570 5404 886 5459 praesepem.
915 5393 1026 5463 90
1050 5394 1349 5449 Accedente
1377 5395 1624 5463 pontiﬁce
1644 5396 1708 5450 ad
1738 5397 1926 5465 altare,
1961 5400 2145 5455 schola

569 5491 846 5535 cantorum
873 5485 1065 5551 repetit
1094 5484 1353 5549 litaniam,
1408 5485 1529 5540 dein
1554 5484 1828 5541 lntroitum
1850 5529 1863 5553 ,
1888 5497 1941 5543 et
1970 5490 2144 5560 ponti-

643 5607 668 5632 "
709 5593 905 5672 Confer
944 5597 1221 5672 ynlgatum
1254 5597 1507 5672 Ordinem
1556 5601 1854 5672 Romanum
1882 5644 1897 5665 ,
1949 5620 1978 5656 a
2024 5619 2140 5672 pag.

567 5661 661 5735 86,
693 5664 780 5735 ubi
808 5661 1063 5735 quatdam'
1078 5682 1141 5719 ex
1172 5666 1254 5720 his
1285 5669 1547 5735 leguntur,
1585 5671 1679 5725 sed
1718 5661 1940 5725 multum
1965 5661 2137 5728 aii-cla.

640 5733 669 5768 ι»
714 5733 787 5786 Ita
814 5732 975 5787 etiam
1018 5736 1210 5804 legitur
1243 5739 1294 5792 in
1338 5732 1543 5795 Codice
1589 5740 1891 5813 Gelasiano,
1922 5756 2040 5813 pag.
2068 5745 2137 5799 29

2253 4858 2459 4913 omnino
2488 4857 2515 4896 lt
2544 4866 2911 4919 communionis
2951 4883 3080 4923 sum.
3138 4870 3289 4935 Quod
3335 4874 3380 4926 si
3428 4875 3607 4929 nullus
3635 4888 3840 4931 eontra-

2256 4949 2434 5005 dictor
2461 4955 2749 5024 exstiterit,
2781 4959 3022 5028 sequitur
3053 4958 3257 5029 Lectio,
3293 4974 3346 5019 et
3390 4965 3838 5035 Responsorium.

2322 5042 2377 5099 2.
2422 5043 2549 5101 Post
2592 5047 2706 5103 haec
2751 5050 3079 5105 advocamur
3108 5068 3341 5121 sursum,
3369 5065 3424 5110 ct
3454 5068 3765 5115 statuuntur
3791 5062 3841 5113 iu

2254 5133 2469 5189 siniSIra
2510 5151 2664 5206 parte
2706 5141 2931 5206 altaris,
2990 5144 3284 5211 usquedum
3331 5149 3568 5216 pontifex
3627 5151 3837 5203 Missam
3888 5158 3891 5159 '

2256 5226 2636 5293 percempleat.
2700 5231 2826 5283 Dein
2874 5232 3202 5288 advocamur
3253 5235 3380 5290 feria
3432 5236 3465 5290 6
3507 5239 3573 5291 ad
3628 5251 3840 5294 sanctos

2255 5317 2525 5380 apostolos
2553 5335 2618 5374 eo
2657 5330 2843 5377 tenore
2882 5333 2937 5376 ut
2982 5339 3165 5393 supra.
3206 5327 3437 5383 Sabbato
3467 5345 3595 5385 vero
3627 5333 3839 5400 egredi-

2260 5413 2345 5458 tur
2380 5409 2612 5475 pontifes
2646 5412 2710 5465 ad
2740 5423 2981 5469 sanctum
3020 5416 3262 5488 Petrum,
3292 5430 3345 5475 et
3373 5420 3639 5477 universa:
3671 5427 3839 5493 regio-

2256 5510 2351 5550 nes
2396 5514 2515 5555 cum
2565 5517 2629 5558 eo
2675 5506 2911 5562 litaniam
2944 5511 3209 5567 cauendo.
3256 5512 3592 5583 logredientc
3625 5532 3759 5585 papa
3791 5518 3837 5571 in

2249 5611 2946 5741 g‘itomasianm,
2983 5632 3035 5679 et
3060 5625 3198 5696 apud
3227 5626 3513 5696 Morinum,
3549 5644 3672 5701 pag.
3706 5631 3834 5699 267,
