4008 6300
167 371 317 427 i005

1378 376 1628 431 ROMXNI
1670 375 1983 431 OllDlNES.
2028 407 2091 414 -—-
2133 374 2220 429 l.\'.

3294 388 3431 446 1008

162 482 563 551 sacratarium,
638 485 734 551 ipsi
786 486 1161 550 priestolantur
1209 486 1491 542 adventum
1545 489 1660 557 ejus
1705 491 1753 541 in
1786 485 2221 553 Aanagolaginut
2263 487 2502 552 grande,
2569 500 2750 553 postea
2800 492 3076 550 dalmatica
3124 500 3329 557 minore
3377 518 3430 561 et

162 572 533 641 presbyterio.
599 572 791 627 Scbola
838 585 1113 629 cantorum
1164 579 1305 630 canit
1357 578 1667 641 lttttoittttn,
1700 588 1754 631 et

163 664 412 729 pontifex
463 664 553 716 dat
599 665 922 719 Orationem.
1002 665 1321 722 Subdiacoui
1365 670 1541 737 legunt
1572 670 1753 723 lectio-

163 771 324 819 nem,
343 765 397 809 et
425 764 668 810 cantatur
693 756 943 820 Gradale,
972 770 1343 825 exspectantes
1372 760 1440 812 illi
1474 761 1559 827 qui
1593 761 1752 813 liene-

160 850 383 904 diceudi
409 860 533 903 sunt
562 850 660 903 sub
690 850 995 917 anibouem,
1028 853 1197 906 donec
1233 856 1462 921 quinque
1495 854 1751 906 lectiones

158 942 567 1009 compleantur.
613 940 811 994 Deinde
856 942 1180 1008 apostolicus
1210 942 1336 1010 legit
1379 944 1493 1007 ipse
1523 941 1751 994 advoca-

165 1030 339 1083 tionis
366 1030 580 1083 brevem
606 1043 785 1082 coram
819 1030 1034 1096 populo,
1068 1039 1121 1082 et
1151 1039 1294 1082 stant
1318 1034 1482 1096 parati
1516 1029 1754 1097 singulo-

166 1136 295 1173 rum
350 1121 578 1174 ministri
628 1135 749 1173 cum
781 1120 1109 1185 indumento,
1139 1119 1753 1173 donccarcbidiacunus

163 1211 393 1274 veniat,
448 1218 502 1264 et
550 1211 771 1279 singulis
820 1208 1022 1278 singula
1054 1223 1148 1262 sua
1173 1224 1327 1261 manu
1370 1207 1583 1261 tribuat.
1630 1207 1755 1260 Post

169 1301 295 1354 bcec
335 1309 510 1353 autem
544 1299 823 1353 descendit
853 1300 1256 1353 archidiaconus
1287 1297 1540 1351 innuente
1582 1299 1755 1364 ponti-

165 1393 296 1455 lice,
322 1400 375 1444 et
395 1391 486 1444 dat
516 1391 603 1443 uni
626 1405 693 1444 ex
729 1390 854 1458 ipsis
882 1404 1127 1455 manum,
1160 1389 1336 1443 caueri
1367 1401 1495 1442 vero
1522 1402 1755 1454 sequun-

168 1493 260 1536 tur
293 1499 415 1537 eum
443 1526 458 1549 ,
489 1490 543 1537 et
576 1481 869 1535 ascendunt
914 1480 978 1533 ad
1032 1480 1198 1535 altare
1223 1517 1239 1543 ,
1268 1486 1323 1534 et
1364 1477 1651 1547 prosternit
1696 1491 1755 1531 se

173 1576 417 1643 pontitex
448 1589 568 1628 cum
608 1572 738 1641 ipsis
770 1572 820 1626 in
851 1572 1141 1625 orationem
1167 1613 1183 1639 ,
1231 1571 1376 1625 clero
1420 1569 1632 1623 interim
1668 1582 1755 1620 ca-

170 1675 339 1721 nente
378 1666 637 1719 litaniam.
699 1666 988 1734 Surgentes
1014 1671 1191 1717 autem
1221 1662 1289 1717 ab
1318 1661 1589 1727 oratione,
1622 1675 1753 1729 pon-

166 1759 311 1811 tifex
339 1764 447 1810 stat
476 1756 529 1809 in
576 1754 704 1810 sede
730 1769 823 1809 sua
849 1794 866 1821 ,
912 1754 1218 1823 singillatim
1254 1753 1534 1820 imponens
1566 1765 1754 1805 manus

1856 577 2068 643 cingulo
2093 618 2107 639 ,
2142 578 2414 632 bracbiale
2438 622 2451 644 ,
2485 594 2537 634 et
2567 583 2797 636 orarium
2825 586 3059 651 brevem,
3091 589 3286 648 deinde
3319 596 3433 651 dal-

1855 667 2044 719 matica
2084 668 2311 734 majore,
2341 670 2485 723 clero
2517 672 2726 726 interim
2756 686 2980 730 canente
3011 678 3432 750 Responsoriunt

1856 755 2076 809 lmmola
2104 757 2229 822 Deo,
2262 758 2513 814 Tractum
2548 762 2650 824 Qui
2681 767 2922 831 seminat,
2960 770 3296 840 Evangelium
3337 776 3435 832 Mi-

1854 847 1918 898 sit
1950 847 2065 899 illos
2095 848 2237 901 binos
2265 860 2382 902 ante
2417 849 2599 917 faciem
2640 870 2808 907 suam.
2865 858 2930 911 Et
2976 868 3101 913 tunc
3146 864 3442 921 adt‘Oe-alttr

1860 938 1913 989 in
1942 939 2239 1005 basilicam,
2274 944 2550 1013 presbyter
2577 960 2603 996 a
2637 947 2836 1001 dextris
2865 950 2980 1020 ejus
3001 994 3014 1016 ,
3038 964 3089 1007 et
3119 956 3372 1015 diaconus
3416 979 3441 1009 :t

1858 1026 2116 1080 sinistris.
2159 1028 2274 1093 Ipse
2306 1046 2429 1082 vero
2463 1031 2718 1088 inclinato
2757 1037 2929 1104 capite
2959 1040 3009 1093 in
3040 1043 3214 1098 medio
3243 1061 3428 1104 eorum

1860 1116 2078 1182 incedit,
2108 1118 2402 1185 usquedum
2436 1123 2611 1174 veniat
2634 1134 2756 1178 ante
2776 1129 2963 1183 altare.
2997 1131 3143 1187 Tunc
3168 1150 3434 1195 exuuntur

1855 1204 2067 1267 easula;
2112 1216 2163 1258 et
2196 1206 2362 1259 induit
2391 1223 2508 1261 eum
2540 1212 2768 1277 pootifex
2804 1217 3029 1283 planetu,
3062 1230 3115 1274 et
3145 1223 3272 1293 legit
3299 1230 3437 1282 ωε..

1858 1308 1974 1347 γεω
2007 1294 2145 1347 hunc
2176 1298 2387 1349 modum
2423 1303 2780 1357 continentem
2809 1324 2821 1358 :
2856 1308 3027 1374 Cives,
3055 1311 3244 1381 inquit,
3274 1321 3435 1374 nostri

1856 1384 2110 1475 cieyerunt
2134 1388 2229 1438 δ’ὑί
2261 1389 2410 1441 illum
2457 1400 2729 1457 pastorem.
2775 1396 2987 1452 Ortmus
3018 1402 3185 1472 itaque
3220 1424 3312 1475 pro
3341 1410 3435 1463 hoc

1856 1474 1984 1539 viro,
2019 1485 2073 1527 ut
2103 1476 2236 1530 Deus
2284 1480 2597 1549 omniparens
2636 1484 2875 1551 infundat
2909 1490 3017 1559 92
3048 1492 3101 1545 in
3126 1508 3185 1546 eo
3212 1474 3431 1566 gratiam

1855 1565 2062 1633 spiritus
2087 1568 2186 1633 sui,
2211 1580 2256 1621 et
2278 1570 2462 1639 dignus
2486 1572 2733 1627 habeatur
2761 1578 2826 1630 ad
2846 1581 3141 1636 earlzcdram
3170 1565 3437 1658 ρρἰεομα-

1857 1665 1937 1710 tus
1960 1661 2254 1729 regendam.
2297 1661 2363 1714 Et
2405 1666 2755 1732 respondetur
2779 1684 2804 1724 a
2835 1672 3015 1726 schola
3044 1675 3241 1732 Christe
3261 1721 3276 1747 ,
3310 1686 3433 1737 andi

1860 1762 1977 1813 nos,
2006 1758 2061 1803 et
2090 1764 2285 1805 canunt
2317 1752 2572 1809 litaniam.
2619 1758 2681 1811 Et
2715 1768 2836 1814 tunc
2891 1766 3095 1820 accedit
3125 1773 3337 1839 propius
3365 1776 3430 1830 ad

175 1849 445 1913 capitibus
478 1862 686 1910 eorum,
732 1857 785 1899 et
815 1846 1078 1900 benedicit
1110 1860 1225 1904 eos.
1268 1843 1547 1900 Accedens
1575 1852 1750 1897 autem

1863 1839 2027 1893 ltare
2073 1843 2300 1896 subnixo
2342 1848 2535 1913 capite.
2595 1848 2836 1905 Potitifex
2879 1870 3003 1909 Vero
3032 1871 3191 1927 ponet
3219 1880 3430 1922 manum

169 1936 583 1990 archidiaconus
616 1935 751 1989 tollit
783 1936 988 1989 orarios
1018 1935 1083 1989 de
1112 1944 1137 1971 ⁸
1164 1934 1498 1989 confessione
1521 1975 1538 2001 ,
1571 1936 1659 2004 qui
1691 1935 1757 1988 de

167 2028 422 2081 hesterna
471 2027 557 2080 die
587 2026 803 2094 repositi
847 2035 968 2079 sunt
992 2026 1092 2091 ibi,
1126 2025 1349 2092 imponit
1375 2039 1535 2093 super
1554 2038 1670 2091 eos,
1704 2033 1756 2078 et

169 2116 412 2186 pontifex
464 2117 629 2170 induit
659 2132 751 2171 eos
780 2117 1007 2185 planetis
1034 2156 1049 2177 ,
1096 2123 1151 2169 et
1178 2126 1321 2169 stant
1348 2115 1539 2170 induti.
1573 2116 1757 2170 Diaco-

170 2208 303 2262 nilia
335 2209 641 2262 indumenta
685 2208 874 2261 tollunt
914 2206 1004 2275 qui
1034 2206 1290 2259 diacones
1316 2221 1434 2260 esse
1466 2204 1665 2259 debent
1692 2206 1757 2259 de

172 2300 356 2354 medio
402 2314 588 2353 eorum
616 2342 629 2365 ,
674 2309 726 2353 et
772 2297 1111 2362 complentur
1148 2296 1551 2351 Benedictiones
1572 2311 1755 2351 eorum

168 2387 265 2456 qui
314 2387 609 2456 presbyteri
661 2385 1007 2450 ordinantur;
1063 2394 1115 2438 et
1157 2394 1280 2438 tunc
1321 2385 1652 2440 descendunt
1705 2387 1755 2439 in

174 2478 567 2548 presbyterium
599 2517 614 2542 ,
669 2487 722 2530 ct
750 2478 930 2530 statim
961 2491 1096 2529 unus
1120 2490 1186 2530 ex
1211 2477 1421 2530 novitiis
1451 2476 1758 2530 diaconibus

172 2570 303 2639 legit
336 2569 698 2639 Evangelium,
725 2570 829 2638 91
857 2578 909 2621 et
930 2570 995 2620 ad
1027 2569 1195 2636 ip~am
1223 2567 1432 2621 Missam
1457 2568 1757 2622 ministrant

178 2660 543 2727 unusquisque
588 2658 883 2712 secundum
929 2657 1165 2712 oflicium
1217 2672 1395 2711 suum.
1437 2657 1598 2712 Tollit
1630 2673 1756 2714 vero

180 2751 421 2821 pontifex
473 2753 679 2806 oblatas
732 2753 1090 2821 integras,et
1134 2751 1222 2803 dat
1272 2751 1494 2821 singulis
1546 2751 1757 2805 novitiis

174 2842 545 2911 presbyteris,
611 2849 666 2896 ct
721 2841 844 2896 inde
902 2842 1364 2896 communicautur
1421 2856 1589 2911 usque
1644 2843 1757 2897 dies

176 2950 292 2988 \‘lll.
321 2932 349 2970 δ

249 3029 303 3082 5.
347 3027 583 3093 Expletis
635 3026 882 3081 omnibus
908 3068 922 3089 ,
968 3026 1127 3082 Missa
1172 3028 1271 3082 rite
1298 3027 1585 3096 completa,
1615 3036 1756 3080 stant

174 3120 424 3188 regiones
452 3130 646 3188 paratae
693 3119 757 3172 ad
798 3118 1036 3187 singulos
1068 3119 1251 3174 titulos
1283 3120 1607 3187 pertinentes
1633 3133 1753 3171 cum

1857 1945 2019 1997 super
2064 1940 2225 1999 caput
2253 1932 2367 2002 ejus
2395 1975 2409 1997 ,
2458 1947 2513 1990 et
2559 1938 2684 1993 dicit
2714 1958 2869 1997 umm
2898 1944 3200 2004 Orationem
3233 1954 3285 2007 in
3316 1972 3433 2010 mo-

1859 2020 1985 2074 dum
2017 2020 2272 2076 Collectm
2302 2064 2317 2088 ,
2367 2028 2587 2081 alteram
2629 2046 2694 2083 eo
2734 2035 3093 2095 modulamine
3144 2058 3252 2112 quo
3300 2047 3431 2102 solet

1860 2110 1885 2149 ἀ
1914 2113 2216 2168 Contestata
2241 2120 2465 2183 cantari,
2515 2129 2568 2173 et
2614 2122 2765 2177 sedet
2805 2128 3040 2194 pontifex
3079 2132 3131 2186 in
3162 2110 3289 2189 sella
3316 2152 3431 2193 sua.

1860 2202 1978 2271 lpse
2008 2218 2133 2259 vero
2162 2209 2431 2262 osculatur
2461 2211 2646 2278 pedem
2678 2216 2813 2280 ejus,
2840 2226 2893 2271 et
2922 2223 3208 2289 suscipitur
3234 2228 3298 2280 ad
3331 2246 3435 2298 pa-

1858 2304 1973 2343 cem
1993 2330 2005 2354 ,
2038 2300 2092 2346 et
2112 2294 2192 2347 sic
2214 2309 2616 2355 consunuuatur
2646 2308 2981 2363 consecratio
3011 2311 3170 2366 illius.
3227 2318 3291 2370 Et
3320 2294 3434 2386 ipso

1858 2382 1967 2449 die,
1997 2384 2293 2455 ubicunque
2310 2392 2638 2457 apostolicus
2661 2396 2868 2452 Missam
2894 2402 3147 2469 celebrat,
3174 2405 3240 2460 de
3273 2382 3427 2467 manu

1858 2480 1976 2541 ejus
2002 2480 2430 2533 communionem
2461 2484 2704 2552 accipiat.

1930 2563 1981 2615 ὕ.
2026 2565 2274 2621 Summus
2317 2586 2545 2640 namque
2576 2577 2807 2642 pontifex
2838 2582 3048 2645 qume
3080 2583 3428 2659 bcnedicitur,

1859 2653 2071 2745 eligitur
2105 2666 2127 2693 θ
2158 2672 2294 2712 unus
2317 2659 2383 2714 de
2405 2662 2778 2731 cardinalibus,
2804 2669 2869 2722 de
2898 2672 3252 2745 qualicunque
3280 2653 3434 2735 titulo

1858 2744 2039 2823 fuerit,
2073 2756 2274 2801 tantum
2308 2760 2365 2803 ut
2410 2766 2438 2803 a
2483 2767 2807 2821 praecessore
2845 2762 2916 2815 sit
2945 2744 3193 2831 pontifice
3222 2771 3435 2825 ordina-

1862 2847 1983 2899 tus,
2032 2847 2125 2892 aut
2169 2841 2467 2911 presbyter,
2520 2854 2612 2898 aut
2652 2849 2938 2918 diaconus;
2989 2871 3108 2910 nam
3157 2861 3435 2931 cpiscOpus

1858 2943 1979 2984 esse
2025 2946 2129 2983 non
2181 2934 2397 3000 poterit.
2456 2937 2844 3011 Egrediturque
2890 2958 3011 2999 cum
3056 2963 3121 3001 eo
3159 2953 3436 3007 universus

1858 3018 2034 3073 clerus
2065 3020 2147 3075 vel
2180 3023 2407 3091 populus
2434 3027 2498 3078 ad
2540 3028 2811 3084 basilicam
2840 3036 3007 3089 sancti
3038 3035 3198 3093 Petri.
3260 3042 3436 3110 Ingre-

1858 3107 2012 3162 diens
2044 3124 2165 3163 vero
2192 3116 2539 3169 sacratarium
2567 3157 2581 3181 ,
2618 3119 2853 3175 induitur
2881 3123 3187 3181 indumenta
3229 3107 3437 3198 pontifi-

187 3212 528 3266 candelabris
556 3222 610 3266 et
641 3212 946 3278 tlturibulis,
976 3222 1034 3265 ut
1059 3211 1326 3282 proprium
1356 3211 1643 3279 suscipiant
1670 3225 1755 3264 sa-

1863 3201 2027 3266 calia;
2061 3210 2115 3257 et
2144 3206 2360 3258 veu'ens
2390 3206 2456 3260 ad
2485 3209 2872 3267 confessionem
2905 3217 3070 3272 sancti
3102 3219 3276 3288 Petri,
3310 3238 3433 3292 pro-

180 3305 482 3360 cerdotcm.
545 3304 787 3359 Pontifex
845 3313 1019 3358 autem
1070 3304 1234 3357 donat
1280 3302 1359 3357 eis
1406 3301 1755 3357 sacerdotalia

184 3396 491 3449 indumenta
517 3435 530 3458 ,
574 3403 626 3448 et
679 3395 972 3449 ministeria
1005 3394 1176 3448 Missa:
1202 3435 1215 3457 ,
1247 3409 1434 3447 aurum
1460 3391 1542 3445 vel
1572 3407 1757 3460 argen-

185 3497 323 3549 tum,
355 3488 557 3546 vinum,
590 3482 911 3538 frumentum
949 3494 1005 3539 et
1053 3484 1252 3538 oleum.
1294 3482 1641 3552 Egredientes
1669 3496 1759 3533 au-

190 3583 297 3626 tem
326 3573 392 3628 de
425 3572 639 3625 basilica
667 3572 837 3626 sancti
870 3573 1031 3635 Petri,
1070 3574 1369 3641 prtccedent
1401 3586 1759 3640 unumquem-

182 3677 288 3729 que
320 3663 400 3716 vel
430 3662 641 3730 triginta
672 3662 986 3717 candelabra
1027 3678 1147 3716 cum
1181 3662 1483 3715 tliuribulis.
1523 3660 1639 3728 Ipse
1669 3675 1755 3713 se-

181 3756 273 3805 det
310 3767 471 3820 super
499 3766 690 3817 equum
724 3751 941 3807 a'bum:
978 3752 1283 3820 prmcedcns
1326 3761 1380 3806 et
1428 3752 1760 3819 subsequens

182 3843 408 3911 populus
441 3843 581 3896 canit
610 3843 658 3897 ei
686 3842 916 3897 laudem.
953 3842 1210 3898 Similiter
1230 3846 1387 3896 etiam
1420 3842 1628 3894 femina:
1650 3841 1758 3893 dia-

181 3932 406 3985 conissa:
426 3940 447 3967 ε
467 3941 518 3984 et
541 3931 958 4000 presbyteriisre,
976 3947 1094 4001 quae
1121 3931 1307 3986 eodem
1332 3932 1416 3984 die
1436 3931 1758 3985 benedicun-

183 4029 288 4072 tur.
336 4017 532 4072 Platete
581 4028 757 4073 autem
801 4020 1066 4086 civitatis,
1116 4021 1253 4074 ttndc
1302 4020 1569 4073 transituri
1614 4030 1757 4089 sunt,

184 4118 508 4164 eoronnntur
537 4110 686 4164 lauro
715 4120 766 4165 et
809 4112 981 4180 palliis
1008 4153 1022 4177 ,
1070 4120 1123 4165 et
1155 4127 1275 4165 cum
1323 4122 1462 4163 tanta
1506 4111 1669 4178 gloria
1696 4110 1759 4163 ad

181 4210 413 4254 statutos
446 4200 623 4254 titulos
651 4201 917 4256 deducunt
944 4200 1188 4271 proprios
1219 4202 1542 4267 sacerdotes,
1566 4209 1619 4255 et
1649 4202 1763 4269 lpze

183 4289 314 4343 facit
345 4291 423 4343 eis
453 4290 542 4343 illo
574 4290 658 4344 die
686 4292 1011 4346 convivium.

255 4380 308 4431 4.
354 4382 599 4451 Episcopi
644 4392 821 4436 autem
865 4385 1005 4437 omni
1060 4393 1297 4452 tempore
1342 4384 1759 4449 benedicuntur;

185 4487 328 4526 nunc
362 4488 490 4526 vero
520 4489 635 4527 mos
678 4483 758 4527 est
788 4482 843 4528 ut
871 4484 1132 4529 nocturno
1170 4486 1409 4543 tempore
1436 4475 1765 4529 benedican-

1862 3292 2050 3345 sternit
2095 3308 2154 3346 se
2201 3294 2253 3347 in
2304 3298 2628 3365 orationem,
2681 3304 2860 3357 schola
2906 3319 3130 3365 canente
3160 3312 3434 3369 lntroitum

1864 3381 2033 3452 Elegit
2053 3394 2100 3436 te
2129 3384 2398 3440 Dominus.
2451 3390 2685 3459 Surgens
2716 3408 2842 3448 vero
2884 3400 3123 3455 ascendit
3152 3403 3215 3455 ad
3247 3404 3435 3472 altare,

1861 3480 1908 3522 et
1935 3474 2228 3538 prosternit
2251 3490 2309 3527 se
2331 3477 2380 3529 in
2397 3478 2728 3547 Orationem,
2749 3496 2797 3538 et
2823 3487 2994 3541 omnis
3010 3488 3188 3544 clerus
3209 3507 3325 3546 cum
3347 3509 3433 3549 eo.

1864 3559 2052 3617 Postea
2079 3565 2300 3636 erigitur
2329 3568 2397 3622 ab
2422 3570 2702 3639 ep'seopis,
2724 3588 2776 3627 ct
2806 3578 3054 3632 statuitur
3083 3578 3224 3633 inter
3252 3584 3431 3638 sedem

1864 3659 1916 3704 et
1941 3652 2139 3720 altare;
2167 3664 2222 3711 et
2254 3665 2433 3712 tenent
2471 3660 2807 3730 Evangelium
2836 3681 2996 3736 super
3020 3680 3178 3738 caput
3209 3674 3288 3727 vel
3313 3689 3431 3730 cer-

1862 3742 2028 3797 vicem
2054 3746 2236 3813 ipsius.
2283 3750 2345 3801 Et
2367 3752 2574 3805 accedit
2608 3770 2742 3809 unus
2767 3758 3080 3827 cpiscopus,
3112 3774 3161 3814 et
3191 3763 3280 3817 dat
3307 3764 3438 3819 Ora-

1864 3836 2061 3889 tionem
2092 3852 2250 3905 super
2271 3854 2412 3905 cunt,
2454 3851 2508 3895 et
2542 3846 2763 3911 recedit,
2795 3856 2847 3900 et
2872 3848 3007 3903 alter
3036 3853 3300 3909 similiter.
3334 3859 3436 3910 Ac-

1866 3925 2005 3978 cedit
2039 3927 2258 3992 tertius,
2299 3939 2350 3982 et
2380 3944 2655 3987 consecrat
2691 3935 2856 3989 illum.
2902 3941 3314 3998 Arcltidiaconus
3345 3962 3438 4002 au-

1867 4023 1972 4067 tem
2008 4017 2232 4082 imponit
2264 4019 2311 4071 ei
2347 4020 2557 4086 tallium
2579 4064 2592 4086 ,
2616 4037 2665 4078 et
2699 4036 2823 4081 tunc
2851 4030 2986 4084 inter
3012 4033 3436 4090 arcltidiaconutn

1866 4118 1920 4163 et
1949 4108 2229 4163 diaCOnum
2263 4111 2501 4166 elevatur
2550 4115 2600 4167 in
2653 4117 2801 4173 sede.
2844 4120 3004 4175 Stans
3034 4136 3163 4178 vero
3188 4127 3238 4179 itt
3266 4129 3434 4195 gradi-

1870 4201 1967 4254 bus
1996 4201 2160 4268 ipsius
2184 4203 2326 4257 scdts
2345 4245 2359 4267 ,
2399 4204 2602 4258 elevata
2632 4223 2759 4261 recc
2787 4210 2914 4265 dicit
2949 4212 3128 4267 Gloria
3152 4217 3203 4268 in
3233 4220 3441 4272 excelsis

1868 4289 1997 4345 Deo.
2045 4292 2166 4346 Pos:
2190 4293 2323 4359 lucc,
2372 4297 2489 4348 data
2516 4312 2672 4364 pace,
2707 4300 2887 4355 schola
2921 4319 2979 4357 ca
3024 4314 3193 4360 torum
3221 4310 3363 4361 canit
3391 4313 3440 4364 ei

1870 4383 2079 4437 laudem
2100 4424 2116 4449 ,
2148 4393 2203 4438 et
2228 4386 2433 4451 patroni
2462 4389 2735 4455 regionum
2766 4390 3033 4447 similiter.
3074 4395 3319 4451 Celebrat
3346 4399 3444 4469 igi~

1868 4480 1953 4526 tur
1984 4475 2094 4542 ipse
2126 4474 2334 4528 Missam
2360 4492 2453 4545 per
2476 4479 2741 4544 ordinem,
2772 4489 2823 4534 et
2845 4487 3202 4541 communicat
3230 4502 3437 4543 onmes.

186 4572 292 4617 tur.
324 4562 567 4617 Secunda
596 4581 818 4635 namque
845 4566 1121 4631 incisione,
1150 4567 1199 4619 id
1229 4575 1311 4621 est
1334 4567 1557 4620 lectione
1586 4574 1759 4635 sexta,
1796 4552 1845 4613 D
1874 4563 2089 4618 Peracta
2118 4565 2393 4620 Missarum
2425 4569 2787 4639 solemnitate,
2813 4574 3062 4641 prmeedlt
3089 4585 3142 4631 et
3165 4579 3444 4648 subsequi-

188 4654 459 4723 egreditur
487 4656 716 4722 pontifex
751 4657 817 4710 de
841 4658 1066 4711 ecclesia
1097 4660 1263 4712 sancti
1296 4659 1459 4722 Petri,
1492 4666 1545 4712 et
1575 4674 1761 4713 ascen-

185 4747 263 4798 dit
282 4748 659 4801 monasterium
676 4750 844 4802 sancti
863 4750 1091 4815 Martini,
1120 4751 1259 4820 quod
1285 4752 1384 4805 Sub
1407 4761 1561 4820 tegna
1595 4752 1761 4821 ipsius

188 4836 431 4890 ecclesia:
460 4838 617 4891 situm
646 4848 758 4904 est,
798 4839 1112 4908 simpliciter
1134 4855 1252 4894 cum
1286 4842 1491 4910 reliquo
1514 4842 1656 4895 clero
1681 4841 1757 4895 in-

186 4927 384 4980 cedens
406 4968 418 4987 ,
451 4938 505 4981 et
551 4941 653 4985 Stat
683 4930 813 4983 foris
843 4930 1032 4983 ostium
1064 4932 1301 4984 oratorii.
1342 4931 1532 4986 Schola
1574 4941 1762 4985 canto-

189 5033 304 5070 rum
340 5017 521 5085 incipit
555 5018 868 5085 lutroitum;
916 5032 1093 5087 postea
1145 5022 1271 5075 dicit
1319 5022 1551 5090 pontifex
1585 5021 1763 5075 Gloria

188 5113 239 5160 in
264 5110 475 5163 excelsis
504 5109 632 5163 Deo.
659 5112 907 5178 Sequitur
930 5109 1131 5176 Oratio,
1154 5123 1204 5165 et
1227 5124 1479 5167 exeuntes
1504 5112 1571 5165 ab
1598 5112 1765 5166 altare

190 5214 322 5251 unus
355 5200 655 5269 presbyter,
690 5210 742 5254 et
772 5201 903 5254 alter
935 5201 1189 5254 diaconus
1211 5241 1228 5267 ,
1275 5201 1496 5254 induunt
1523 5218 1643 5256 eum
1679 5216 1766 5254 ve-

188 5290 439 5343 stimenta
470 5291 807 5359 pontiﬁcalia,
834 5292 882 5344 iu
916 5291 1098 5360 primis
1129 5293 1287 5355 linea,
1317 5302 1368 5345 et
1392 5293 1621 5360 cingulo,
1647 5293 1768 5348 dein

264 5437 286 5462 υ
330 5426 383 5479 ld
409 5436 489 5480 est
519 5442 581 5481 ex
613 5428 817 5481 tumulo
847 5428 1015 5481 sancti
1046 5428 1205 5482 Petri.
1239 5427 1333 5481 llic
1355 5428 1500 5481 locus
1528 5429 1767 5481 illrsra-

191 5508 277 5552 tur
305 5512 369 5549 ex
404 5513 551 5551 num.
581 5496 633 5549 8.
666 5544 669 5545 ν
955 5526 958 5530 λ

267 5566 293 5603 ι)
342 5568 463 5619 Dies
528 5569 872 5636 quadraginta
934 5568 1093 5620 habet
1142 5567 1429 5619 Fulbertus
1486 5566 1766 5633 etaiscotius

190 5638 534 5692 Carnutensis
557 5676 574 5702 ,
625 5639 675 5690 in
717 5639 938 5705 epistola
969 5637 1200 5691 secunda
1230 5637 1293 5690 ad
1321 5636 1606 5689 Einardum
1631 5677 1645 5701 ,
1679 5638 1763 5689 ubi

194 5709 293 5761 hac
323 5709 388 5757 de
421 5721 475 5758 re
504 5708 701 5760 diserte
724 5709 849 5775 agit.

273 5787 294 5811 η
338 5776 712 5830 Observandus
766 5778 850 5831 hic
898 5781 1045 5833 locus
1083 5777 1150 5833 de
1194 5785 1434 5846 tempore
1483 5776 1765 5832 ordinandi

1870 4664 1955 4708 tur
1984 4671 2104 4709 eum
2139 4661 2312 4713 omnis
2339 4662 2663 4728 apostolicus
2700 4675 2982 4732 apparatus
3007 4710 3022 4734 ,
3053 4679 3107 4723 et
3137 4679 3445 4727 statuuntur

1870 4745 2012 4800 acies
2056 4747 2241 4801 dextra
2296 4750 2566 4819 ltevaque;
2610 4754 2723 4821 ipse
2768 4769 2895 4809 vero
2944 4757 3140 4813 incedit
3187 4762 3238 4813 iu
3272 4763 3448 4817 medio

1869 4836 2199 4906 constipatns
2248 4844 2459 4911 agmine
2509 4849 2885 4910 sacerdotum,
2936 4858 2988 4900 ct
3033 4865 3220 4905 omnes
3250 4852 3448 4907 SChOLB

1872 4927 2109 4996 ﬂagitant
2140 4931 2207 4983 ab
2236 4945 2299 4983 eo
2332 4932 2788 4999 Benedictiunem;
2821 4953 2922 5003 quo
2949 4940 3326 5007 benedicente,
3360 4960 3445 4997 re-

1871 5022 2136 5090 spondent
2164 5024 2210 5076 ei
2245 5038 2428 5079 omnes
2458 5040 2575 5078 cum
2608 5028 2827 5096 strepitu
2854 5030 3030 5084 Amen.
3494 5022 3495 5025 O

1946 5114 1997 5166 6.
2040 5113 2316 5182 Ingressus
2341 5114 2391 5168 in
2421 5116 2789 5182 sacratarium,
2811 5117 2921 5184 jam
2947 5129 3069 5175 tunc
3097 5123 3247 5178 sedet
3273 5126 3323 5179 in
3345 5127 3442 5180 scl-

1876 5204 1925 5256 la
1955 5204 2263 5272 apostolica.
2308 5204 2601 5272 Egrediens
2623 5206 2762 5269 inde,
2796 5223 2915 5261 cum
2940 5209 3004 5262 ad
3031 5210 3307 5268 inferiores
3328 5230 3432 5284 gra-

1878 5293 1977 5346 dus
2022 5295 2189 5347 sancti
2242 5295 2379 5347 Petri
2426 5294 2739 5363 descendit,
2787 5297 2894 5367 93
2934 5300 3001 5353 ibi
3034 5308 3137 5355 stat
3169 5317 3336 5372 equus
3362 5305 3443 5358 vel

1875 5428 2202 5498 diaconissas
2234 5441 2285 5481 et
2318 5427 2746 5498 presbyter-isses.

1940 5497 1965 5534 ἀ
2012 5498 2066 5549 In
2120 5498 2349 5570 Editis,»
2390 5497 2727 5570 contestatio,
2789 5519 2893 5570 quo
2939 5506 3151 5559 nomine
3201 5507 3445 5562 Praefatio

1874 5572 2071 5689 (quam;
2086 5568 2358 5688 Vlticatlltls’)
2392 5568 2567 5622 Missae
2597 5571 2719 5623 olim
2761 5568 3176 5643 signiﬁcabatur,
3213 5584 3443 5633 maxime

1872 5653 1970 5689 anu
2080 5652 2106 5687 a
2153 5652 2232 5689 os.

1872 5654 2007 5703 apud
2032 5654 2232 5694 uanos.

1946 5714 1968 5741 ε
2013 5705 2107 5758 llic
2137 5708 2537 5784 ritusﬂmultum
2590 5709 2765 5766 dill‘crt
2805 5727 2833 5767 a
2864 5713 3076 5784 vulgato
3104 5714 3304 5772 Ordine
3336 5718 3434 5770 Ro-

1872 5790 2048 5842 mano,
2081 5790 2197 5844 pag.
2238 5780 2353 5832 105.
