4008 6288
607 354 623 404 1
641 351 739 405 t‘tt‘l

1274 342 1610 399 AN’ENDIX
1652 341 1740 394 AD
1783 339 1836 394 S.
1881 340 2204 399 GREGORII
2249 343 2458 400 MACNI
2502 333 2868 396 LITUItClCA
2908 332 3157 387 OPERA.

3733 324 3884 379 1008

603 466 730 519 sella
768 458 1103 534 praecessoris
1134 452 1420 524 pontiﬁcis,
1450 461 1498 503 et
1533 451 1596 503 ad
1620 448 1910 503 sedendum
1936 459 2169 516 paratus.
2204 455 2251 510 Α
2280 455 2333 499 et
2384 447 2572 510 legitur
2622 445 2670 495 iu
2719 456 2881 495 sensu
2932 437 3171 492 lectionis
3199 478 3212 500 ,
3260 435 3396 490 sicut
3441 433 3692 503 epistolae
3726 433 3880 488 Pauli

606 561 668 610 lit
688 555 942 609 accedunt
975 548 1181 619 patroni
1216 545 1490 612 regionum
1522 555 1630 594 uno
1663 538 1984 607 incipiente,
2014 547 2173 590 ecete-

605 648 677 700 ris
715 637 1156 710 respondentibus
1182 675 1198 700 ,
1245 634 1296 686 in
1349 633 1489 685 hunc
1517 631 1730 683 modum
1760 637 1956 682 canunt
1984 628 2031 681 ei
2063 628 2174 680 lau-

604 738 723 790 deut
753 753 764 786 :
801 734 1027 784 Oomnus
1051 729 1152 781 Leo
1179 737 1199 761 ιι
1231 741 1395 796 papa,
1421 741 1564 791 quem
1596 731 1799 775 sanctus
1823 718 2010 773 Petrus
2033 718 2178 788 elegit

603 827 656 880 in
680 841 774 878 sua
800 823 918 878 sede
945 820 1120 874 multis
1145 820 1294 871 anuis
1325 817 1514 869 sedere.
1567 815 1677 867 tloc
1708 826 1874 880 usque
1905 821 1984 864 ter
2012 810 2177 874 dicto,

603 917 807 972 accedit
830 915 976 984 prior
1006 912 1219 976 stabuli,
1247 918 1304 963 et
1334 907 1558 976 imponit
1585 906 1632 959 ei
1660 906 1710 958 in
1736 903 1910 972 capite
1937 915 2176 970 regnum,

604 1009 743 1079 quod
773 1007 835 1060 ad
868 1002 1270 1061 similitudinem
1303 998 1531 1054 cassidis
1560 1011 1622 1051 ex
1651 996 1775 1048 albo
1819 993 1876 1047 lit
1911 992 2184 1046 indumen-

605 1109 678 1153 to.
726 1098 791 1151 Et
819 1105 942 1150 tunc
969 1094 1182 1148 demum
1218 1089 1456 1146 ascendit
1493 1101 1653 1154 super
1685 1098 1901 1153 equum,
1931 1093 1983 1137 ct
2015 1082 2182 1136 valla-

608 1204 692 1245 tur
736 1207 765 1244 a
816 1188 1113 1259 judicibus,
1161 1185 1633 1251 constipanturque
1677 1176 1867 1245 plateze
1909 1173 2184 1227 immensis

606 1283 790 1336 cuneis
821 1281 1130 1348 populorum
1161 1315 1175 1341 ,
1229 1269 1655 1341 exspectantium
1684 1281 1802 1321 eum
1826 1306 1839 1332 ,
1880 1273 1931 1320 et
1960 1273 2182 1317 cantan-

607 1376 735 1430 tium
768 1370 997 1427 laudem.

1046 1457 1186 1512 Ordo
1208 1463 1425 1524 quatuor
1448 1462 1748 1520 temporum.

679 1555 736 1610 7.
774 1553 969 1623 Jejunii
1001 1548 1179 1620 primi,
1205 1543 1402 1615 quarti,
1427 1538 1641 1611 septimi
1664 1547 1717 1594 et
1739 1536 1932 1592 decimi
1962 1533 2184 1596 mensis,

615 1646 666 1699 id
692 1654 774 1699 est
802 1621 852 1696 iu
885 1642 1055 1709 primo
1085 1651 1266 1690 mense
1293 1675 1306 1699 ,
1351 1649 1380 1686 a
1425 1641 1608 1700 quarta
1642 1636 1697 1683 et
1726 1634 1878 1681 sexta
1911 1623 2074 1690 feria,
2105 1621 2188 1676 vel

613 1736 848 1791 Sabbato
871 1772 885 1796 ,
929 1731 982 1786 iu
1015 1728 1181 1798 prima
1215 1721 1547 1779 behdomada
1575 1719 1642 1773 de
1670 1731 1853 1772 mense
1882 1715 2054 1784 primo
2080 1713 2189 1782 pri-

2281 536 2465 589 dicbus
2496 533 2920 596 Dominicorum;
2953 530 3075 584 dein
3105 527 3546 596 Responsorium.
3583 524 3717 578 lude
3745 524 3879 577 dicit

2281 629 2528 683 sacerdos
2558 627 2791 691 Oremus,
2826 625 3103 688 diaconus,
3148 630 3204 674 ut
3245 634 3440 688 supra;
3483 628 3537 674 et
3581 617 3716 671 dicit
3747 618 3795 671 0
3824 635 3885 668 a-

2283 719 2480 772 tioncm
2513 724 2636 785 post
2662 716 2886 782 primam
2912 711 3216 774 lectiooem,
3247 719 3301 763 et
3329 723 3489 776 super
3512 722 3882 776 unamquam-

2281 824 2383 875 que
2412 808 2694 861 lcctionem
2741 805 2872 858 sicut
2920 801 3186 870 superius.
3231 800 3453 868 Expleta
3485 809 3666 853 autem
3695 799 3886 851 laetio-

2285 914 2371 963 ne,
2403 897 2512 968 94,
2537 912 2653 966 qum
2690 905 2773 950 est
2823 893 3003 947 Daniel
3045 891 3319 961 pr0pheta:
3345 929 3362 958 ,
3406 890 3552 944 canit
3586 902 3606 927 ε
3639 889 3882 942 Βρηοάὶο

2284 990 2550 1054 ctionem;
2582 997 2635 1043 et
2660 986 2785 1042 dum
2836 984 3148 1039 Benedictio
3190 981 3420 1049 canitur,
3449 982 3539 1049 qui
3584 979 3879 1034 ordinandi

2285 1087 2408 1134 sunt
2428 1087 2569 1132 stant
2586 1079 2637 1132 in
2656 1077 2779 1132 hoio
2794 1073 2821 1112 δ
2846 1075 2946 1129 sub
2966 1074 3252 1143 gradibus;
3275 1082 3328 1128 et
3352 1083 3475 1127 tune
3507 1071 3792 1126 descendit
3812 1071 3882 1122 ad

2285 1184 2376 1223 eos
2405 1167 2810 1222 archidiaconus
2838 1205 2852 1229 ,
2901 1173 2956 1218 et
2977 1164 3198 1220 rerestit
3233 1177 3348 1218 eos.
3386 1161 3446 1217 Si
3471 1163 3616 1216 enim
3649 1162 3874 1215 diaconi

2286 1262 2567 1318 ordinandi
2600 1269 2748 1322 sunt,
2782 1259 2988 1314 ararios
3013 1267 3068 1313 et
3103 1257 3448 1324 dalmaticas,
3480 1255 3526 1309 si
3558 1270 3688 1310 vero
3719 1268 3879 1323 prcs-

2288 1354 2491 1426 byteri,
2541 1354 2744 1406 orarios
2787 1359 2842 1404 et
2885 1351 3144 1418 planetas.
3205 1347 3374 1402 Porro
3397 1346 3559 1401 orarii
3587 1347 3678 1415 qui
3707 1346 3881 1400 dandi

2288 1454 2448 1508 sunt,
2491 1443 2717 1512 primum
2765 1457 2859 1512 per
2907 1449 3074 1495 totam
3118 1447 3331 1494 noctem
3363 1451 3522 1506 super
3550 1437 3723 1492 altare
3751 1446 3880 1491 sunt

2289 1534 2526 1605 repositi,
2555 1543 2609 1588 et
2637 1532 2706 1587 de
2745 1531 2902 1587 altari
2931 1531 2998 1586 ab
3041 1528 3418 1584 archidiacono
3459 1527 3732 1589 tollantur,
3759 1536 3816 1580 et
3850 1542 3881 1578 a

2291 1627 2544 1698 pontiﬁce
2585 1640 2745 1693 super
2785 1640 2971 1679 eorum
3003 1622 3138 1677 colla
3181 1629 3465 1690 ponantur.
3496 1617 3884 1673 Benedictione

2291 1718 2560 1788 completa
2585 1760 2597 1780 .
2634 1716 2817 1786 incipit
2846 1715 3020 1770 clerus
3051 1714 3325 1778 litaniarn;
3357 1722 3410 1768 et
3439 1712 3564 1767 dum
3595 1711 3704 1780 ipsa
3734 1711 3884 1764 cani-

616 1839 758 1878 mum
796 1820 1053 1890 jejunium
1097 1814 1414 1869 celebretur.
1477 1809 1531 1863 In
1586 1815 1775 1877 quarto
1802 1818 2021 1870 mense,
2047 1801 2186 1870 quod
2222 1818 2266 1876 θ
2302 1820 2408 1877 μιν,
2437 1809 2524 1878 qui
2555 1805 2836 1861 ordinandi
2865 1815 2986 1858 sum
3028 1811 3150 1858 ante
3190 1803 3360 1857 auare
3387 1815 3596 1870 semper
3622 1800 3880 1869 prostrati

621 1917 746 1969 facit
777 1915 888 1982 ipse
911 1908 1139 1968 mensis,
1170 1905 1295 1958 feria
1326 1903 1358 1957 4
1389 1912 1440 1956 et
1470 1900 1532 1966 6,
1563 1899 1645 1954 vel
1677 1896 1910 1954 Sabban
1939 1909 2190 1948 consum-

619 2019 811 2063 matur.
875 2004 1112 2060 Tettium
1159 2000 1414 2067 temporis
1465 1995 1728 2066 jejunium
1776 1993 1923 2048 venit
1979 1989 2187 2059 septimi

619 2099 816 2154 tuensis
842 2138 857 2162 ,
888 2095 941 2150 id
970 2103 1050 2149 est
1077 2090 1406 2160 Septembris
1434 2130 1448 2155 ,
1484 2088 1636 2142 tertia
1663 2084 1994 2141 hebdomada
2025 2082 2190 2151 ipsius

617 2189 812 2242 mensis
840 2227 855 2252 ,
890 2185 1019 2241 feria
1065 2183 1094 2235 4
1127 2193 1178 2237 et
1211 2181 1244 2236 6
1267 2223 1281 2247 ,
1325 2180 1409 2234 vel
1460 2177 1713 2241 Sabbato,
1771 2183 2188 2230 consummatur.

616 2281 871 2345 Quartum
908 2273 1160 2342 temporis
1179 2270 1440 2342 jejunium
1467 2268 1610 2324 venit
1639 2267 1833 2322 decimi
1866 2266 2098 2329 mensis,
2141 2265 2191 2318 id

615 2382 696 2426 est
735 2368 1082 2430 Decembris,
1136 2365 1266 2419 feria
1310 2363 1342 2414 4
1372 2372 1426 2418 et
1449 2362 1502 2425 6,
1544 2360 1630 2415 vel
1675 2359 1907 2416 Sabliato
1951 2357 2194 2425 proximo

620 2469 744 2512 ante
771 2456 952 2512 Natale
984 2453 1222 2516 Domini;
1266 2459 1319 2504 et
1349 2450 1393 2502 si
1426 2447 1600 2517 vigilia
1631 2445 1656 2484 δ
1687 2445 1875 2500 natalis
1903 2445 2105 2498 Domini
2138 2444 2190 2496 in

626 2550 862 2605 Sabbato
913 2546 1095 2608 venit,
1147 2542 1198 2597 in
1248 2541 1594 2595 antecedente
1654 2536 1982 2593 hebdomada
2036 2550 2190 2605 supra

622 2639 875 2706 scriptum
900 2635 1157 2705 jejunium
1182 2632 1270 2686 die
1297 2630 1512 2686 Sabbati
1544 2629 1862 2685 celebretur.

687 2731 741 2783 8.
786 2730 924 2783 llora
972 2728 1125 2782 tertia
1156 2770 1170 2794 ,
1219 2725 1301 2780 vel
1349 2725 1489 2794 quali
1538 2723 1789 2789 voluerit,
1828 2723 2194 2791 irgrediuntur

619 2819 860 2888 pontifex
888 2818 973 2872 vel
1005 2816 1180 2870 levita:
1209 2815 1260 2869 in
1288 2814 1657 2882 sacratarium,
1683 2823 1736 2868 et
1766 2813 1994 2867 induunt
2017 2827 2072 2865 se
2107 2827 2192 2866 rc-

625 2909 894 2963 stimentis
943 2907 1248 2975 religiosis,
1301 2919 1418 2959 cum
1467 2903 1660 2973 quibus
1695 2904 1885 2958 debent
1923 2903 2194 2959 et-lehrare

627 3000 904 3054 “(scarum
934 2995 1189 3049 solemnia
1209 3034 1227 3061 ,
1258 2993 1570 3048 canentibus
1599 2993 1807 3047 interim
1851 2991 2058 3045 clericis
2091 2994 2194 3044 An-

624 3088 895 3156 tiphomm
928 3087 991 3138 ad
1025 3085 1195 3153 ipsum
1223 3084 1365 3139 diem
1407 3083 1755 3152 pertinentem
1787 3081 1851 3135 ad
1896 3080 2190 3134 lntroitum.

2292 1900 2506 1968 jaceaut
2530 1939 2543 1962 ,
2577 1905 2784 1951 astante
2810 1909 2969 1963 super
2995 1909 3092 1950 eos
3135 1893 3385 1962 pontifice
3416 1891 3674 1945 inclinato
3703 1890 3882 1958 capite

2292 1992 2356 2044 ad
2399 1991 2588 2045 altare.
2631 1988 2835 2043 Litania
2874 2002 3000 2041 vero
3031 1986 3178 2039 ﬁnita
3207 1985 3372 2053 surgit
3401 1980 3664 2052 pontifex,
3693 1996 3882 2035 ascen-

2299 2085 2379 2138 dit
2409 2083 2473 2137 ad
2499 2083 2702 2146 sedem,
2735 2089 2841 2136 stet
2872 2093 3057 2134 versus
3084 2077 3353 2134 Orientem
3382 2090 3704 2130 consecrans
3735 2073 3879 2126 illos.

2293 2193 2515 2246 Sabbato
2541 2191 2862 2247 Pentecostes
2904 2193 2954 2243 in
2991 2189 3258 2243 duodecim
3297 2188 3599 2241 lectionibus
3628 2187 3781 2240 statio
3811 2186 3880 2237 ad

2835 2291 3068 2337 sanctum
3099 2280 3332 2334 Petrum.

2365 2375 2418 2429 9.
2461 2373 2516 2429 Si
2546 2383 2720 2427 autem
2751 2373 2862 2440 ipsa
2896 2372 3230 2426 hebdomada
3264 2372 3313 2423 in
3353 2384 3538 2424 mense
3563 2378 3755 2436 quarto
3788 2383 3883 2422 ve-

2296 2467 2428 2520 nerit
2452 2504 2466 2529 ,
2504 2465 2765 2534 jejunium
2815 2464 3011 2518 facitut
3043 2463 3172 2517 feria
3203 2462 3235 2514 4
3263 2471 3314 2517 et
3343 2464 3396 2528 6,
3424 2471 3480 2516 et
3539 2461 3592 2515 in
3645 2461 3885 2517 Sahbato

2295 2571 2460 2625 usque
2499 2557 2562 2608 ad
2596 2556 2780 2609 horam
2814 2570 3030 2619 nonam,
3072 2565 3124 2608 et
3151 2570 3242 2608 cas
3271 2555 3526 2608 lectiones
3559 2555 3735 2623 legant
3762 2571 3884 2621 qua:

2299 2650 2352 2701 in
2384 2661 2567 2701 mense
2624 2655 2812 2715 quarto
2859 2645 3070 2714 scripta:
3128 2654 3284 2711 sunt,
3337 2659 3456 2698 cum
3507 2645 3883 2713 Hespousoriis

2295 2747 2519 2808 quatuor
2564 2748 2617 2793 et
2646 2738 3044 2794 Benedictioue.
3089 2737 3180 2793 Sin
3211 2746 3388 2790 autem
3431 2738 3483 2788 in
3516 2748 3672 2790 antea
3700 2776 3713 2796 ,
3749 2744 3879 2789 tem-

2298 2846 2431 2901 p0re
2460 2846 2559 2885 suo
2583 2842 2788 2899 agatur.
2831 2831 2961 2885 Cum
2991 2838 3168 2884 autem
3207 2829 3475 2898 leguntur,
3506 2844 3614 2881 non
3645 2843 3877 2896 prooun-

2299 2922 2392 2977 tiat
2444 2923 2608 2976 lcetor
2657 2921 2940 2977 lectionem
2981 2921 3139 2986 libri,
3184 2920 3277 2973 Sed
3327 2919 3543 2974 inchoat
3593 2918 3772 2985 plane.
3829 2920 3884 2973 Si

2300 3028 2426 3067 vero
2458 3021 2696 3081 tempore
2725 3027 2826 3068 suo
2855 3014 3056 3082 agitur,
3092 3022 3218 3066 tunc
3249 3010 3577 3080 pronuntiat,
3609 3019 3661 3064 et
3693 3010 3744 3063 iu
3768 3025 3882 3064 sen-

2301 3121 2363 3160 su
2392 3105 2658 3169 lectionis,
2691 3104 2830 3158 sicut
2859 3106 3096 3175 epistola:
3122 3105 3292 3170 Pauli,
3327 3105 3593 3175 legantur.
3631 3103 3883 3160 Similiter

625 3180 740 3246 Ipsa
770 3176 936 3240 liuita,
967 3174 1152 3228 dicunt
1196 3173 1357 3264 Ifyrie
1390 3172 1615 3236 eteison;
1655 3170 1776 3224 dein
1809 3169 2038 3238 pontifex
2067 3169 2197 3222 dicit
2225 3178 2267 3237 ρ
2300 3205 2354 3250 e,
2383 3197 2435 3250 in
2469 3196 2686 3262 reliquis
2719 3169 3268 3264 “ibus'wmporibus.

625 3269 860 3330 Oremus,
902 3264 1156 3319 diaconus
1207 3261 1499 3317 Flectamus
1543 3278 1729 3334 genua,
1761 3269 1833 3326 et,
1866 3267 1923 3314 ut
1950 3274 2174 3313 surrexe

624 3359 771 3423 rint,
815 3355 942 3411 dicit
989 3354 1192 3409 Levate.
1234 3352 1580 3420 Prosequitur
1608 3351 1854 3404 sacerdos
1884 3345 2193 3402 Oratioue'n

624 3447 867 3516 primum,
899 3445 1036 3499 sicut
1063 3443 1114 3497 in
1145 3443 1610 3498 Sacramentorum
1640 3439 1956 3494 cootiuctur.
2012 3435 2196 3502 Sequi-

627 3545 713 3589 tur
739 3535 895 3590 lcctio
921 3550 936 3587 :
966 3541 1018 3587 et
1059 3543 1185 3587 tunc
1207 3529 1514 3602 pronuntiat
1543 3529 1709 3582 lector
1737 3527 2019 3581 lectionem
2050 3524 2194 3590 libri,

695 3653 718 3678 ⁸
761 3644 854 3698 llic
893 3645 1039 3698 locus
1084 3642 1260 3696 forsan
1290 3638 1660 3707 intelligendus
1698 3638 1764 3692 de
1808 3639 1983 3693 Leone
2011 3639 2186 3704 tertio,

632 3713 784 3781 cujus
815 3723 1052 3782 tempore
1073 3714 1301 3776 scriptus
1327 3710 1395 3763 sit
1417 3711 1516 3782 iste
1548 3711 1698 3762 liber.

695 3785 721 3822 δ
760 3781 958 3837 Confer
990 3782 1261 3848 Micrologi
1294 3787 1452 3846 caput
1483 3781 1570 3834 '53.

701 3864 722 3890 ο
766 3853 819 3906 id
850 3863 930 3906 est
951 3854 1214 3906 canticum
1248 3848 1403 3904 trium
1435 3863 1740 3918 puerorum.

2376 3285 2453 3338 Ad
2485 3286 2761 3353 marginem
2792 3287 3050 3354 sequentia
3082 3287 3338 3355 leguntur.

2377 3393 2447 3431 xu
2499 3381 2752 3432 lectiones
2804 3387 3020 3446 propter
3069 3394 3139 3432 xu
3193 3380 3419 3433 lectores
3459 3378 3750 3444 dicuntur,
3783 3391 3885 3430 non

2307 3479 2523 3539 pr0pter
2551 3485 2620 3523 xtt
2649 3469 2934 3524 varietates
2963 3469 3375 3523 sententiarum.

2374 3643 2399 3678 (³
2442 3643 2748 3712 Legendum
2772 3643 2824 3696 in
2850 3645 2967 3713 poio
2999 3658 3091 3700 seu
3119 3646 3273 3713 pogio
3291 3683 3307 3708 ,
3333 3657 3450 3711 qua:
3474 3658 3575 3713 vox
3602 3645 3885 3698 amboue-II

2305 3712 2407 3766 hoc
2435 3714 2556 3766 loco
2585 3712 2868 3782 significat,
2901 3729 2962 3766 ex
2984 3712 3269 3782 praemiSsis
3297 3729 3442 3766 num.
3465 3712 3502 3763 2
3521 3730 3539 3766 :
3577 3714 3892 3779 Exspectan.

2310 3792 2380 3834 tes
2410 3783 2485 3834 illi
2515 3785 2599 3850 qui
2622 3782 2946 3836 benediceudi
2967 3791 3085 3836 sunt
3110 3785 3201 3837 sub
3221 3786 3508 3846 ambonem,
3540 3786 3630 3850 qui
3664 3785 3887 3851 proinde

2311 3866 2471 3906 cavus
2499 3867 2617 3907 esse
2640 3853 2888 3908 debebat.
2931 3853 3057 3907 Vide
3083 3854 3448 3908 commentarii
3479 3855 3650 3907 nostri
3679 3869 3797 3922 cap.
3831 3855 3884 3906 3.

1506 4079 1958 4141 ADMONITIO
2001 4079 2081 4138 IN
2127 4076 2606 4153 SEQUENTEM
2651 4079 2974 4140 LIBRUM.

698 4208 805 4276 95
848 4207 899 4284 ιε
943 4204 996 4258 In
1015 4202 1196 4284 reteri
1228 4202 1422 4284 Codice
1448 4200 1646 4284 equitis
1673 4200 1856 4284 Mp‘tfapi
1888 4200 2120 4284 Romani
2140 4201 2408 4284 reperitur
2433 4201 2740 4282 opusculum
2773 4217 3026 4284 sequens,
3057 4201 3196 4272 quod
3229 4204 3465 4257 continet
3487 4203 3746 4260 Ordinem
3780 4206 3881 4260 fio-

629 4270 840 4352 rnaTnTm
867 4275 932 4328 de
963 4273 1136 4352 triduo
1167 4282 1288 4352 ante
1309 4270 1690 4352 Paschanitetn
1718 4270 1970 4352 Ordinem
1999 4272 2062 4323 ad
2091 4271 2321 4324 dandam
2353 4272 2740 4352 pmnitenltiam,
2769 4273 2835 4352 ad
2855 4270 3167 4341 ungendum
3196 4283 3248 4327 et
3275 4278 3774 4328 communicandum
3807 4278 3879 4330 in-

629 4349 833 4410 tiumos,
866 4354 1024 4411 atque
1055 4344 1118 4395 ad
1151 4343 1378 4418 clericos
1405 4339 1770 4418 sepeliendos.
1825 4340 1998 4418 Prima
2017 4355 2172 4418 pars,
2205 4339 2445 4418 qua;__est
2471 4341 2540 4418 de
2573 4340 2735 4418 Ctena
2769 4339 2998 4407 Domini,
3025 4344 3257 4398 occurrit
3282 4345 3441 4397 etiam
3469 4345 3524 4399 iu
3555 4346 3751 4401 Codice
3781 4347 3878 4399 Ito—

631 4409 951 4482 mauo,’quo
976 4425 1101 4465 usus
1127 4421 1206 4465 est
1235 4411 1486 4464 Onufrius
1516 4409 1879 4482 inscribenda
1917 4410 2178 4482 Vaticana:
2213 4409 2444 4464 basilica:
2475 4410 2726 4465 Historia.
3548 4462 3555 4469 ,

699 4486 755 4536 2.
798 4479 912 4563 Quo
953 4482 1460 4563 temporeAscriptus
1485 4479 1668 4563 sit‘hic
1890 4480 2034 4559 nullo
2064 4489 2211 4561 certo
2235 4479 3006 4563 constatuipdicio._Antiquior
3035 4490 3115 4535 est
3144 4482 3340 4536 smculo
3372 4485 3534 4538 tertio
3563 4485 3796 4546 decimo,
3829 4493 3878 4536 et

627 4556 690 4607 ad
721 4554 1056 4634 undecimum
1079 4550 1286 4634 videtur
1313 4549 1665 4634 revocandus.
1693 4549 1910 4616 Triplex
1937 4549 2208 4634 immersio
2237 4549 2596 4616 praescribitur
2625 4551 2676 4604 in
2703 4553 2964 4613 baptiSmo
2997 4568 3009 4601 τ
3045 4561 3328 4605 servantur
3353 4555 3512 4606 etiam
3538 4555 3588 4606 in
3615 4554 3714 4606 hoc
3741 4555 3875 4606 libro

634 4624 954 4690 paenitentiae
983 4621 1143 4688 leges,
1170 4619 1523 4690 absolutionis
1572 4621 1736 4690 terum
1769 4618 2367 4690 anteis<tholasticorumr
2389 4629 2598 4672 :etatcm
2631 4629 2863 4682 recepta,
2893 4620 3070 4673 unctio
3094 4621 3424 4676 infirmorum
3450 4633 3573 4677 ante
3603 4623 3874 4683 viaticum,

628 4687 934 4749 conminnio
964 4687 1271 4761 eorumdem
1296 4704 1360 4742 ex
1390 4689 1791 4761 particulaviuo
1820 4687 2060 4761 intincta,
2089 4689 2222 4741 cinis
2245 4699 2296 4741 ct
2327 4689 2553 4742 cilicium
2567 4704 2673 4761 pro
2698 4690 3026 4761 rnoribundis
3050 4707 3062 4753 ;
3095 4707 3212 4760 qua:
3240 4694 3418 4745 omnia
3447 4693 3642 4748 bonam
3675 4697 3874 4761 sp’r..ut

626 4762 1012 4831 antiquitatem.
1050 4758 1537 4831 Formaunctiouis
1565 4758 1894 4831 infirmorum
1927 4758 2264 4831 deprecativa
2297 4769 2396 4821 cSt,
2429 4773 2531 4811 non
2567 4758 2872 4821 indicaiva,
2902 4761 2982 4812 cui
3018 4758 3413 4814 illa‘successit.

698 4827 771 4886 5;
797 4830 1084 4885 Prmclarus
1108 4829 1159 4880 in
1191 4829 1370 4895 primis
1400 4829 1530 4881 ritus
1557 4838 1636 4880 est
1664 4827 1714 4879 in
1745 4828 1946 4880 Urdiue
1966 4829 2253 4894 sepeliendi
2283 4829 2490 4880 clericos
2521 4827 2766 4881 Romana:
2806 4830 3164 4896 fraternitatis.
3217 4830 3360 4883 Idem
3410 4831 3544 4883 ritus
3593 4831 3876 4883 translatus

628 4911 713 4956 est
744 4902 814 4980 ab
839 4901 941 4980 alio
968 4907 1186 4980 auctore
1219 4900 1269 4951 in
1298 4898 1462 4980 alium
1487 4899 1749 4980 liitualc‘m
1769 4896 2035 4975 ⁸Ιίοιιιειιιιιε
2067 4897 2316 4977 Ecclesia:
2344 4897 2736 4980 librumnquem
2765 4896 2978 4967 quidem
3009 4899 3291 4952 Florentia:
3320 4899 3370 4953 in
3407 4900 3724 4953 bibliozheca
3757 4916 3873 4952 san-

629 4986 727 5024 ctae
768 4970 953 5025 Crucis
980 4968 1246 5032 vidimus;
1290 4968 1389 5039 sed
1424 4969 1565 5039 Ordo
1605 4966 1779 5039 viatici
1811 4976 2041 5039 imitatus
2071 4976 2153 5020 Col
2181 4967 2234 5020 in
2266 4967 2518 5035 prwdicto
2562 4966 2791 5034 Rituali,
2827 4969 3123 5038 postposita
3151 4974 3426 5027 unctione.
3453 4970 3621 5039 llujus
3655 4971 3875 5024 ltituahs

632 5042 875 5109 qt-rt'dzttn
909 5040 1200 5109 fragmenta
1241 5037 1516 5109 retulimus
1549 5038 1599 5109 in
1631 5034 2046 5109 Itinereltalico.

703 5109 755 5162 4.
800 5103 1120 5165 Amalarius.
1153 5109 1205 5158 in
1236 5107 1600 5174 Antiphonarii
1625 5119 1738 5170 cap.
1768 5103 1837 5157 ($9
1864 5103 2044 5176 tradit,
2072 5119 2130 5157 se
2155 5105 2423 5176 invenisse
2449 5107 2499 5158 iu
2525 5105 2764 5158 Romano
2787 5107 2913 5161 etin
2933 5108 3176 5163 Mettensi
3213 5109 3612 5176 Antiphonariis
3640 5111 3872 5163 Ordinem

631 5183 871 5249 srriprum
900 5178 1151 5246 quomodo
1184 5176 1530 5249 [tragici/icio
1560 5176 1820 5249 conveniat
1852 5175 1986 5249 circa
2015 5175 2141 5239 [mes
2170 5175 2452 5249 hominum,
2481 5187 2528 5228 et
2560 5179 2698 5249 circa
2725 5178 3034 5249 sepulturam
3067 5195 3264 5233 eorum.
3317 5175 3371 5233 Id
3406 5179 3649 5247 sequenti
3697 5182 3870 5233 Urdmi

636 5243 924 5303 convenire
957 5263 1060 5300 non
1088 5243 1253 5318 ausim
1282 5243 1568 5301 affirmare.
1594 5244 1777 5318 Neque
1802 5243 2131 5318 cnim_ta_ut-.e
2155 5245 2282 5296 mihi
2313 5247 2517 5318 videtur
2545 5243 2892 5318 antiquitatis.
2918 5247 2976 5318 In
3002 5248 3197 5302 Codice
3229 5243 3629 5311 Vindocinensi,
3664 5251 3748 5318 qui
3777 5253 3863 5301 Ur-

634 5321 808 5398 dinem
850 5315 1435 5398 Romanumnvfttlgatult‘n
1467 5314 1739 5398 continet,_
1774 5321 1893 5398 post
1932 5311 2184 5366 Ordinem
2207 5316 2572 5398 ipteuitentim,
2612 5311 2821 5380 aliaque
2843 5316 2980 5382 apud
3008 5318 3268 5372 Morinum
3299 5321 3348 5372 iu
3383 5319 3485 5371 tiue
3515 5311 3770 5372 librorum
3812 5319 3871 5368 de

639 5387 978 5450 l’umitentia,
1008 5402 1126 5462 pag.
1153 5385 1243 5446 ‘22,
1279 5401 1343 5438 ex
1373 5384 1570 5462 Codice
1591 5385 1778 5462 Siculo
1807 5383 2184 5462 edita,_exsta_t_
2203 5385 2505 5462 Obsequium
2520 5387 2665 5462 circa
2683 5386 2981 5462 morientes,
3015 5389 3090 5440 vel
3113 5390 3330 5456 qualiter
3357 5400 3541 5457 agatur
3569 5391 3704 5441 circa
3730 5388 3868 5452 infir-

635 5474 774 5536 mum
801 5473 898 5536 mo.-
912 5466 959 5507 te
988 5455 1432 5536 detentumkquod
1463 5453 1796 5536 officiumjta
1824 5453 2007 5532 incipit
2038 5467 2053 5505 :
2085 5469 2115 5536 lt.
2141 5453 2254 5536 illo):
2272 5463 2343 5534 ,ιιι
2369 5454 2608 5536 viderint
2621 5453 2887 5536 iAufiruium
2911 5456 2974 5508 ad
2997 5453 3203 5536 exitum
3229 5453 3606 5526 prapiuquare,
3639 5472 3869 5511 contusu-

638 5527 892 5579 uicandus
921 5537 999 5578 est
1023 5525 1089 5578 de
1113 5524 1377 5595 sacriﬁcio
1403 5533 1609 5588 sancto,
1656 5521 1866 5595 etiarnsi
1911 5522 2240 5595 eomedisset
2271 5523 2386 5595 ipso
2413 5524 2530 5587 die;
2561 5524 2671 5593 96
2697 5535 2746 5575 et
2773 5521 2967 5577 faciant
2996 5521 3253 5580 lunulam.
3290 5521 3353 5580 Et
3385 5521 3668 5595 antequam
3704 5528 3870 5577 anima

633 5605 792 5648 exeat
823 5596 886 5646 de
912 5607 1158 5659 corpore,
1190 5592 1330 5645 dicat
1359 5595 1608 5647 sacerdos
1640 5591 1996 5660 Antiphonem
2033 5609 2045 5641 :

2093 5589 2261 5644 Exibit
2292 5589 2499 5660 spiritus
2528 5589 2657 5664 ejus,
2683 5603 2734 5664 _et
2763 5604 3036 5646 revertetur
3063 5598 3114 5648 in
3146 5607 3330 5650 terram
3358 5589 3540 5660 suam}
3585 5599 3633 5648 in
3671 5596 3762 5647 illa
3799 5595 3869 5644 die

635 5664 821 5743 ridebit
851 5662 1017 5743 Deum
1039 5670 1314 5743 creatorem
1342 5678 1507 5743 suum:
1535 5662 2000 5743 Deus-misericors,
2031 5660 2166 5714 Deus
2193 5663 2427 5743 clemens,
2471 5660 2560 5743 qui
2587 5662 2909 5743 multitudine
2937 5666 3389 5733 iudulgeutiarum,
3431 5677 3539 5720 etc.
3591 5668 3735 5721 Tunc
3764 5677 3869 5730 ιιι-ρο

637 5733 820 5784 sbvter
855 5732 944 5784 det
973 5731 1241 5798 viaticum,
1271 5742 1320 5784 et
1349 5740 1467 5800 post
1497 5735 1607 5787 haec
1634 5734 1774 5787 dicat
1799 5731 2101 5784 Orationem
2135 5749 2147 5784 :
2181 5733 2462 5787 Asreuduut
2485 5734 2551 5786 ad
2586 5742 2651 5786 te.
2689 5731 2925 5802 Domine,
2954 5731 3122 5804 preces
3149 5744 3358 5804 nostra;
3384 5745 3431 5790 et
3453 5738 3675 5790 animam
3698 5732 3873 5803 Ῑίιηιιιε
