4008 6322
176 331 320 387 1009
1396 333 1654 390 ROMANI
1709 333 1764 388 Oi

1877 332 2025 387 NES.
2069 363 2133 373 -—
2171 332 2240 386 Χ.
3316 344 3448 398 tota

174 454 254 496 tut
274 443 466 513 gaudia
491 440 684 498 retenta
713 444 1015 514 suscipiant,
1044 451 1108 514 fut
1131 459 1278 514 quem
1299 444 1460 513 fecisti
1485 445 1773 510 adoptionis
1799 445 2117 514 participem,
2152 445 2336 514 jubeas
2377 446 2686 500 liwreditatis
2727 452 2827 499 tua:
2857 461 2961 500 esse
2993 459 3293 502 consortem.
3321 450 3444 507 Per.

176 514 356 587 Finita
391 523 570 587 autem
605 516 704 587 ista
733 514 1009 581 Oratione,
1041 513 1321 587 ipcipiatur
1351 514 1418 587 ab
1445 517 1692 587 omnibus
1724 513 1859 587 istud
1890 513 2163 587 Respons.’
2189 534 2201 568 :
2237 517 2530 579 Subvenite,
2559 517 2719 570 sancti
2745 515 2857 587 Dei,
2881 524 2987 571 etc.
3010 516 3064 572 Si
3089 527 3264 571 autem
3290 521 3446 587 quid-

171 583 302 637 dam
341 584 717 656 supervixerit,
766 593 1026 638 eanantur
1052 583 1267 656 Psalmi,
1297 584 1381 638 vel
1405 593 1590 656 agatur
1612 585 1820 648 litania,
1853 593 1906 638 et
1940 596 2055 656 post
2086 585 2223 638 hanc
2251 587 2443 641 dicitur
2472 587 2584 640 haec
2613 585 2792 640 Oratio
2826 603 2839 639 :
2876 587 3226 656 Omnipotens,
3258 583 3445 656 sempi-

171 663 322 727 teme
350 653 506 717 Deus,
538 654 639 727 qui,
662 653 1330 727 humano_qen_eri_animam
1358 656 1425 727 ad
1453 655 1858 727 similitudinem,
1884 663 1994 727 rte.
2028 654 2154 707 Item
2189 657 2408 722 Antiph.
2442 667 2559 723 post
2589 656 2787 710 exitum
2816 653 3039 727 animm,
3059 655 3256 710 Chorus
3288 653 3445 727 ange-

176 724 348 775 lorum
377 735 424 776 te
450 724 715 792 suscipiat,
753 732 858 776 etc.
886 723 1026 776 Psal.
1055 722 1231 776 Dilea‘i
1253 725 1510 793 quoniam.
1540 740 1704 793 usque
1727 725 1790 777 ad
1815 724 1892 776 Ad
1918 722 2229 787 Dom'num;
2253 735 2305 778 et
2337 727 2404 779 ita
2435 722 2530 794 per
2551 727 2792 780 ordinem
2818 741 2982 794 usque
3009 725 3176 794 Super
3196 722 3410 793 ﬂumina
3433 745 3447 790 ;

171 804 250 853 et.
275 795 320 846 si
353 794 584 861 amplius
615 807 835 847 necesse
865 802 966 857 est,
1001 808 1170 859 usque
1196 795 1262 847 ad
1297 795 1451 864 ﬁnem
1483 794 1838 847 Psalmorum.
1868 795 2064 847 Deinde
2085 793 2267 864 Oratio
2293 796 2402 848 Diri
2423 793 2643 849 uulneris
2668 798 2884 848 novitate
2902 793 3147 864 perculsi,
3165 805 3270 850 etc.
3291 798 3443 850 Tune

168 872 328 933 roget
372 864 621 934 sacerdos
664 877 877 934 omnes
891 877 989 934 pro
1029 877 1099 934 eo
1125 878 1300 928 orare,
1346 874 1396 918 et
1435 863 1548 931 ipse
1577 873 1631 918 et
1660 878 1845 934 omnes
1877 863 2076 934 dicant,
2121 863 2280 934 It'yrie
2300 867 2510 930 etcison,
2542 876 2644 920 etc.
2679 865 2810 930 Tibi,
2845 863 3082 928 Domine,
3115 867 3442 919 commenda-

171 931 473 1005 rmis,ete.,
506 932 616 986 fere
642 932 774 1005 utin
805 932 1058 1005 Editi_s._t
1084 933 1521 1005 Delato_corpor_e
1553 934 1604 986 in
1637 931 2422 1005 ecclesiam,dicitur'tfticium
2454 938 2505 989 in
2543 936 2716 1003 vigilia
2743 936 2990 1000 defuncti,
3015 935 3237 1004 Antiph.
3268 935 3445 1005 Dirige

174 1003 413 1068 Domine,
462 1013 567 1056 etc.
601 1010 660 1055 ut
700 1002 750 1054 in
784 1003 982 1055 nostris
1007 1002 1175 1066 libris,
1216 1001 1293 1055 uti
1324 1011 1377 1056 et
1411 1002 1614 1066 priores
1653 1003 1888 1070 quinque
1937 1003 2220 1068 lectiones;
2253 1020 2372 1058 nam
2398 1014 2542 1058 sexta
2567 1001 2650 1058 est
2678 1022 2691 1058 :
2726 1005 2957 1071 Spiritus
2983 1021 3122 1058 meus
3147 1001 3444 1059 atteitttabi-

175 1083 282 1135 tur,
313 1082 415 1126 etc.
443 1071 746 1144 ;_lectiones
779 1081 884 1126 tres
916 1071 1224 1144 frequentes
1255 1086 1319 1126 ex
1352 1071 1662 1124 Enehiridin
1689 1072 1856 1144 sancti
1888 1073 2197 1141 Augustini;
2243 1077 2470 1140 septima
2504 1092 2515 1126 :
2553 1073 2690 1142 Ergo
2730 1075 3044 1128 dilectissimi
3088 1091 3202 1128 cum
3247 1076 3447 1144 sacriﬁ-

168 1144 308 1212 cium
335 1142 536 1204 altaris,
564 1142 667 1195 sive
695 1157 1110 1210 quarumcunque
1137 1141 1593 1212 eleemosyttarum,
1623 1156 1716 1210 pro
1747 1141 2001 1212 defunctis
2032 1144 2262 1195 munibus
2291 1145 2561 1212 baptizatis
2586 1144 2820 1210 olfertur,
2853 1155 2990 1209 etc.;
3035 1153 3223 1198 octava
3261 1163 3275 1197 :
3310 1141 3448 1198 Cott-

171 1210 544 1282 solentur‘ergo
565 1212 617 1263 in
648 1209 726 1282 his
749 1212 1063 1264 sermonibus
1085 1210 1266 1282 nostris
1287 1212 1519 1282 invicem,
1546 1209 1662 1273 etc;
1699 1225 1835 1282 nona
1861 1226 1876 1263 :
1905 1209 2155 1280 Egregius
2178 1209 2393 1282 namque
2412 1209 2722 1277 consolator,
2756 1209 2859 1266 etc.
2891 1213 3195 1282 Sequuntur
3218 1215 3446 1279 Laudes,

171 1281 370 1351 deinde
397 1279 665 1350 Vespera}.
695 1281 896 1348 Quibus
936 1281 1169 1351 peractis
1201 1279 1488 1349 deputandi
1528 1289 1648 1351 sunt
1679 1279 1766 1351 qui
1810 1279 1981 1351 ipsum
2028 1295 2219 1351 corpus
2265 1279 2569 1335 custodiant
2601 1297 2940 1351 :_quousque
2972 1279 3067 1349 pro
3119 1284 3228 1350 ipsa
3271 1286 3449 1336 anima

174 1349 351 1404 Missa:
382 1348 722 1405 celebrentur
742 1365 861 1405 cum
897 1350 1280 1414 oblationibus,
1316 1363 1542 1420 corpore
1571 1349 1784 1420 interim
1820 1349 1871 1402 in
1902 1348 2126 1420 ecclesia
2147 1349 2381 1417 jacente.
2409 1351 2621 1404 Modum
2654 1348 2947 1404 tumulandi
2973 1348 3254 1419 prmtereo,
3278 1353 3365 1420 qui
3398 1354 3449 1404 in

175 1419 362 1473 inultis
391 1434 515 1474 cum
547 1429 732 1490 nostro
759 1420 1032 1474 convenit.
1062 1420 1224 1474 Facta
1248 1435 1275 1471 a
1301 1419 1527 1489 singulis
1549 1419 1873 1489 presbyteris
1902 1418 2277 1475 Benedictione
2301 1434 2464 1489 super
2489 1420 2810 1489 sepulcrum,
2839 1418 3022 1475 dieunt
3047 1420 3204 1475 iidem
3232 1418 3452 1490 presby-

173 1490 272 1545 teri
309 1507 321 1542 :
347 1489 568 1558 Signum
601 1489 793 1544 Christi
822 1492 887 1545 sit
912 1506 1068 1555 super
1089 1499 1154 1544 te.
1183 1491 1364 1542 Amen.
1731 1519 1740 1526 -

211 1628 3450 1652 Mm

1186 1743 1522 1848 ORDO
1601 1740 2230 1849 ROMANUS
2310 1745 2439 1846 X.

170 1929 291 2008 οἶ
343 1927 572 2008 Qualiter
636 1926 999 2008 agendutmsit
1054 1927 1249 2008 quinta-
1283 1927 1414 1994 feria
1481 1928 1571 2008 in.
1612 1927 2090 2008 CwnaAordinis.
2143 1930 2387 1986 Pontifex
2432 1930 2602 1987 induit
2649 1934 2962 1992 vestimenta
3016 1937 3157 2006 alba,
3213 1940 3450 2008 episcotii

245 1995 476 2053 Dom‘ni.
519 2027 590 2040 —
634 1995 803 2053 Statio
842 1998 910 2050 ad
947 1995 1178 2051 sanctum
1216 1995 1468 2052 Joannem
1505 1999 1571 2050 at
1612 1997 1762 2050 Late-

245 2085 452 2122 ratium.

1877 2022 2139 2091 pluvialia,
2174 2024 2471 2094 presbyteri
2506 2026 2760 2094 planetas,
2783 2026 2992 2082 diaconi
3017 2027 3328 2084 dalmatieas
3354 2045 3452 2098 pro

248 2180 299 2234 ι.
344 2176 454 2232 llac
476 2177 565 2232 die
587 2176 905 2232 sacriﬁcium
937 2175 1074 2232 sacri
1107 2178 1348 2244 corporis
1385 2185 1440 2230 et
1485 2174 1759 2244 sanguinis

171 2270 243 2325 ab
289 2270 406 2338 ipso
453 2268 680 2322 Domino
732 2278 913 2321 nosuo
960 2266 1090 2322 Jesu
1130 2265 1346 2320 Christo
1387 2264 1763 2319 celebrationis

173 2359 408 2428 sumpsit
453 2359 684 2413 initium.
724 2358 832 2413 liae
861 2357 948 2413 die
978 2359 1030 2413 in
1063 2367 1175 2413 toto
1201 2357 1332 2412 orbe
1353 2365 1593 2410 sanctum
1618 2354 1762 2408 chri-

173 2465 291 2505 sma
318 2449 616 2506 coniicitur.
649 2449 757 2504 [Iac
787 2449 947 2505 etiam
980 2450 1065 2503 die
1097 2447 1474 2516 paenitentibus
1497 2455 1522 2483 ⁸
1557 2460 1653 2515 pro
1683 2445 1762 2498 iu-

172 2541 444 2610 dulgentia
467 2540 801 2596 subvenitur.
833 2541 985 2594 Mane
1015 2539 1171 2610 hujus
1197 2539 1299 2594 diei
1330 2538 1499 2608 primo
1530 2535 1762 2591 mansio-

175 2633 312 2687 narii
367 2639 666 2701 prteparent
716 2631 935 2695 omnia,
991 2646 1111 2700 qua:
1169 2630 1462 2685 necessaria
1522 2636 1648 2683 sunt
1697 2627 1762 2680 ad

170 2724 636 2779 consecrationem
667 2721 994 2789 chrismatis,
1028 2732 1136 2776 tres
1167 2721 1426 2789 ampullas
1463 2720 1582 2774 oleo
1608 2733 1763 2772 mun-

178 2813 407 2868 dissimo
455 2813 657 2882 plenas,
693 2812 975 2866 maximam
1008 2826 1132 2866 vero
1175 2811 1482 2879 ampullam,
1528 2824 1644 2879 qua:
1693 2805 1760 2861 ad

174 2904 410 2960 chrisma
439 2903 595 2958 debet
628 2902 740 2957 ﬁeri
765 2902 831 2958 de
857 2917 1033 2973 panno
1062 2903 1232 2957 serico
1256 2902 1400 2967 cibo,
1427 2901 1557 2955 alias
1585 2907 1762 2953 autem

177 2996 246 3051 de
273 2997 377 3049 alio
406 2995 581 3052 serico
609 3005 915 3063 coopertas.
946 2995 1024 3051 Sit
1047 3007 1221 3048 autem
1247 3009 1454 3063 pannus
1476 2995 1608 3049 adeo
1638 2995 1767 3056 sub-

177 3086 307 3148 tilis,
333 3085 475 3155 quod
499 3085 743 3156 ampullas
766 3084 970 3154 possint
993 3085 1163 3139 videri
1188 3100 1281 3154 per
1303 3101 1445 3139 eum.
1475 3085 1610 3140 Ilora
1637 3101 1766 3144 vero

178 3180 334 3234 tertia
364 3181 447 3234 vel
476 3189 624 3234 sexta
654 3188 874 3233 sonetur
903 3180 1133 3248 signum,
1159 3185 1212 3231 et
1240 3179 1454 3232 veniant
1478 3193 1666 3234 omnes
1696 3181 1760 3234 ad

1867 2117 2165 2168 reverentia
2209 2114 2537 2171 chrismatis.
2607 2116 2844 2171 Pontifex
2903 2132 3029 2172 vero
3073 2117 3182 2186 jam
3236 2118 3452 2173 indutus

1873 2202 2176 2266 dalmatica,
2211 2201 2414 2259 habens
2443 2220 2655 2260 manum
2686 2206 2752 2260 ad
2785 2206 3002 2274 collum,
3035 2207 3212 2262 sedeat
3243 2207 3294 2262 in
3326 2209 3453 2262 sede

1867 2309 1993 2360 sua;
2041 2293 2125 2346 cui
2175 2304 2528 2364 prtesentetur
2558 2297 2812 2367 ampulla,
2855 2314 2973 2367 qua:
3000 2299 3167 2367 major
3196 2307 3297 2363 est,
3331 2312 3450 2352 cum

1869 2385 1989 2438 oleo
2038 2385 2104 2441 ab
2152 2386 2433 2457 acolythis,
2482 2395 2535 2441 et
2583 2385 2912 2452 balsamum;
2957 2395 3012 2441 et
3052 2387 3165 2456 ipse
3212 2385 3451 2456 pontifex

1871 2475 2163 2530 balsamum
2195 2493 2316 2532 cum
2340 2479 2458 2532 oleo
2479 2477 2825 2533 commisceat
2853 2488 2905 2532 et
2930 2478 3195 2544 conﬁciat,
3219 2479 3448 2536 circum-

1870 2566 2130 2621 volvendo
2154 2581 2272 2622 cum
2306 2569 2493 2636 palmis
2524 2567 2768 2622 baculum
2799 2569 3092 2625 immissum
3141 2571 3194 2624 in
3241 2572 3448 2639 ampul-

1870 2657 1995 2711 lam.
2020 2658 2217 2714 Omnes
2231 2674 2354 2714 vero
2375 2660 2621 2727 ampulla:
2646 2669 2955 2716 remaneant
2977 2661 3072 2729 ibi,
3094 2672 3147 2718 et
3168 2661 3451 2733 diligenter

1869 2750 2258 2816 custodiantur,
2291 2766 2564 2821 quousque
2585 2752 2648 2806 ad
2680 2752 2845 2806 altare
2877 2762 3171 2822 portentur.

1940 2841 1993 2893 4.
2037 2841 2378 2898 Postmodum
2409 2855 2582 2900 autem
2615 2846 2872 2915 pontifex,
2917 2846 3038 2902 lotis
3083 2848 3344 2914 manibus,
3372 2850 3451 2903 in-

1874 2927 2031 2984 dutus
2064 2932 2296 3000 planeta,
2329 2932 2569 3004 procedit
2607 2948 2725 2987 eum
2767 2933 3049 3002 episcopis,
3102 2934 3292 3004 presby
3319 2936 3449 3001 eris,

1871 3021 2201 3083 diaconihus,
2229 3031 2282 3076 et
2311 3023 2721 3078 subdiaconibus
2746 3032 2799 3077 et
2825 3023 3108 3094 acolytbis,
3131 3033 3184 3076 et
3207 3025 3452 3077 onmibus

1870 3113 2186 3179 ordinibus;
2218 3121 2269 3165 et
2294 3112 2516 3167 habeant
2552 3113 2603 3165 in
2638 3115 2976 3180 processione
3004 3128 3241 3181 crucem,
3268 3115 3452 3169 Evan-

1873 3203 2090 3271 gelium,
2115 3213 2319 3270 septem
2341 3202 2680 3266 candelabra,
2708 3203 3030 3257 thuribulum
3054 3218 3172 3257 cum
3200 3205 3451 3271 incenso;

177 3269 482 3336 ecclesiam,
531 3269 582 3324 in
626 3284 729 3337 qua
765 3268 998 3324 chrisma
1048 3271 1345 3325 consecrari
1391 3270 1566 3325 debet.
1615 3272 1763 3326 Tune

1877 3301 1922 3345 et
1941 3293 2014 3346 sic
2035 3292 2501 3361 proeessionaliter
2523 3300 2746 3361 pergant
2770 3293 2832 3345 ad
2853 3294 3018 3347 altare
3042 3309 3160 3348 cum
3187 3294 3450 3363 ampulla;

177 3361 518 3431 egrediantur
573 3362 893 3430 pmnitcntes
932 3361 999 3416 de
1027 3361 1145 3416 loco
1175 3361 1227 3415 in
1257 3376 1361 3430 quo
1393 3364 1754 3429 paenitentiam

181 3452 441 3517 fecerunt,
465 3463 520 3507 ut
544 3454 746 3523 gremio
769 3453 1014 3510 ecclesias
1039 3463 1428 3524 praesentet-Aur
1448 3471 1474 3507 a
1496 3456 1763 3522 pontiﬁce,

178 3543 271 3609 qui
295 3543 484 3598 sedere
513 3543 673 3598 debet
695 3560 800 3613 prae
833 3543 1036 3600 foribus
1061 3544 1321 3610 ecclesiae,
1344 3553 1396 3599 et
1420 3532 1766 3601 reconciliare

179 3645 274 3687 eos
316 3644 438 3685 cum
488 3631 811 3702 Antiphonis
856 3641 910 3689 et
956 3633 1316 3700 Orationibus,
1365 3649 1495 3704 quas
1529 3637 1764 3705 require.

183 3720 389 3786 Quibus
423 3721 606 3788 ﬁnitis,
638 3725 915 3793 pulsentur
941 3738 1236 3794 campanre,
1267 3725 1405 3778 sicut
1444 3741 1559 3779 mos
1589 3735 1672 3781 est
1713 3728 1765 3782 in

177 3814 504 3871 solemnibus
534 3815 745 3883 diebus,
778 3827 831 3874 et
851 3833 917 3872 ex
946 3826 1069 3872 tunc
1094 3817 1281 3873 sileant
1312 3831 1581 3887 campana:
1603 3835 1767 3890 usque

180 3905 246 3958 ad
278 3905 418 3960 diem
450 3907 686 3963 Sahbati.

251 4015 302 4074 Ξ.
347 4019 643 4089 Antequam
671 4020 896 4076 domnus
927 4027 1058 4092 papa
1100 4031 1258 4076 exeat
1281 4022 1343 4077 de
1366 4037 1598 4092 came'a,
1643 4026 1768 4080 dicit

177 4106 438 4161 Tertiam.
473 4109 613 4163 llora
645 4126 772 4165 vero
801 4121 948 4167 sexta
980 4113 1089 4167 exit
1120 4111 1346 4167 domnus
1376 4129 1506 4182 papa
1535 4115 1600 4169 de
1627 4115 1770 4182 pala-

179 4199 256 4253 tio
285 4213 404 4254 cum
439 4201 704 4270 episcopis
725 4213 778 4257 et
809 4203 1189 4266 cardinalihus,
1222 4213 1275 4258 et
1304 4220 1421 4258 cum
1455 4214 1565 4260 toto
1596 4220 1768 4274 appa-

178 4296 297 4342 ratu
325 4290 491 4344 curiae
522 4291 741 4346 veniens
762 4294 826 4347 ad
861 4294 1109 4363 palatium
1142 4295 1334 4365 majus,
1370 4295 1459 4350 ubi
1489 4298 1626 4351 soiet
1650 4312 1769 4352 esse

179 4379 470 4449 hospitium
495 4385 729 4452 episcopi
756 4385 1094 4451 Albauensis,
1126 4396 1274 4440 stans
1306 4387 1377 4441 ibi
1411 4388 1462 4440 in
1497 4388 1612 4441 loco
1634 4388 1768 4443 cmi-

179 4474 329 4526 nenti
388 4474 775 4529 sermocinatur
822 4476 886 4529 ad
947 4478 1219 4546 p0pulum,
1275 4484 1332 4530 ut
1379 4478 1543 4531 moris
1580 4487 1683 4541 est,
1714 4486 1767 4534 et

181 4572 370 4631 postea
403 4565 694 4620 recitantur
724 4569 1039 4633 sententiae;
1070 4577 1123 4622 et
1151 4568 1282 4622 facta
1306 4568 1639 4622 confessione
1670 4583 1769 4637 per

1872 3391 1924 3436 et
1955 3381 2092 3436 facta
2122 3384 2458 3438 confessione
2512 3395 2565 3437 et
2619 3383 2943 3449 reverentia,
2983 3384 3222 3438 ascendit
3269 3384 3454 3438 sedem

1871 3485 2044 3525 suam.
2081 3473 2294 3526 Interim
2326 3484 2501 3526 autem
2529 3473 2840 3529 decantetur
2877 3489 2906 3528 a
2937 3476 3240 3529 cantoribus
3267 3474 3451 3529 lntroi-

1875 3573 1958 3618 tus
1983 3564 2098 3620 sine
2128 3565 2305 3620 Gloria
2335 3565 2518 3631 Patri;
2541 3575 2597 3621 et
2624 3567 2772 3620 ﬁnito
2785 3579 2943 3621 versu
2971 3566 3163 3634 primo,
3187 3575 3450 3632 repetatur

1875 3654 2142 3711 lutroitus.
2179 3657 2380 3711 Deinde
2410 3656 2648 3725 pontifex
2673 3656 2801 3712 dicit
2825 3656 3036 3711 excelsa
3054 3670 3181 3712 voce
3204 3654 3383 3711 Gloria
3405 3656 3457 3708 in

1871 3747 2078 3804 excelsis
2109 3746 2238 3800 Deo.
2273 3747 2419 3801 Dicta
2449 3747 2722 3812 Oratione,
2755 3747 2890 3802 lecta
2920 3746 3154 3817 Epistola
3183 3754 3238 3802 et
3277 3745 3452 3799 Evan-

1873 3838 2030 3909 gelio,
2063 3838 2308 3907 factoque
2338 3853 2586 3893 sermone
2614 3839 2678 3892 ad
2711 3839 2984 3908 populum,
3021 3839 3064 3892 si
3094 3837 3340 3904 voluerit,
3400 3845 3455 3892 et

1874 3927 2038 3982 Credo
2078 3927 2131 3980 in
2169 3943 2328 3980 unum
2376 3927 2543 3981 Deum
2586 3927 2893 3993 decantato,
2921 3937 3270 3997 prosequatur
3293 3927 3454 3981 Missa

1875 4017 2062 4074 ordine
2088 4033 2184 4073 suo
2216 4017 2265 4090 [δ
2297 4027 2350 4074 et
2379 4020 2626 4074 conﬁciat
2648 4019 2782 4073 duas
2811 4019 3042 4086 llostias,
3069 4034 3229 4073 unam
3252 4019 3457 4073 scilicet

1876 4109 2210 4177 sumendam,
2236 4110 2458 4164 alteram
2479 4109 2849 4164 reservandam
2867 4111 2920 4164 in
2938 4111 3250 4177 crastinum,
3275 4123 3336 4162 ac
3355 4117 3453 4175 tot,

1875 4213 2002 4270 quot
2029 4201 2344 4257 necessariae
2375 4201 2568 4255 fuerint
2599 4215 2693 4270 pro
2723 4200 2809 4268 iis,
2837 4201 2926 4270 qui
2961 4200 3118 4256 hodie
3157 4212 3280 4255 sunt
3307 4216 3450 4255 corn-

1877 4292 2239 4364 tnunicaturi.]

1946 4383 2000 4438 5.
2040 4382 2325 4452 Postquam
2348 4382 2574 4437 domnus
2600 4399 2730 4453 papa
2756 4384 2915 4438 intrat
2937 4385 3002 4438 ad
3024 4382 3451 4454 sacrificandum,

1877 4481 2002 4528 tunc
2029 4475 2307 4546 acolythus
2334 4474 2586 4530 conducit
2609 4475 2878 4546 juniorem
2907 4476 3186 4531 diaconum
3209 4476 3455 4531 cardina-

1876 4565 2004 4630 lem,
2033 4575 2087 4621 et
2112 4581 2230 4620 cum
2259 4581 2322 4620 eo
2349 4565 2525 4634 plures
2549 4565 2881 4622 subdiaconi.
2907 4566 3055 4621 Unus
3083 4575 3255 4621 autem
3283 4581 3346 4622 ex
3377 4566 3456 4621 eis

180 4653 466 4708 diaconum
517 4655 876 4724 cardinalem,
930 4667 983 4713 et
1023 4657 1358 4712 absolutiOne
1407 4672 1502 4726 per
1552 4673 1760 4727 papam,
1796 4667 1842 4729 ρ
1875 4656 2217 4712 subdiaconis
2242 4665 2668 4726 porteterucem,
2693 4657 2940 4729 acolytho
2964 4658 3312 4712 antecedente
3332 4670 3452 4710 cum

181 4745 338 4798 datur
361 4747 554 4815 populo
578 4748 924 4819 indulgentia.
971 4750 1081 4821 99
1113 4751 1345 4805 Peracﬁs
1391 4752 1455 4804 iis
1494 4752 1762 4818 omnibus,

177 4837 462 4894 descendit
489 4841 553 4896 ad
577 4842 856 4897 ecclesiam
879 4841 1312 4908 Lateranensem,
1337 4853 1388 4898 et
1410 4843 1572 4898 intrat
1602 4845 1766 4898 eccle-

175 4927 317 4981 siam
365 4932 533 4986 sancti
582 4933 823 5002 Thomat,
879 4944 932 4989 et
981 4934 1110 4988 dicit
1154 4950 1275 4989 eum
1316 4935 1602 5005 capellanis
1655 4936 1768 4990 suis

176 5017 410 5076 Nonam.
433 5021 538 5076 Sed
560 5024 603 5077 si
627 5032 708 5078 est
725 5023 790 5078 ad
812 5025 1089 5080 ecclesiam
1113 5027 1278 5079 sancti
1305 5024 1468 5090 Petri,
1494 5025 1767 5081 descendit

181 5109 248 5164 ad
299 5110 570 5178 praefatam
618 5112 923 5179 ecclesiam,
971 5114 1192 5169 veniens
1239 5122 1364 5168 ante
1418 5115 1763 5169 secretarium

177 5201 248 5256 ad
277 5201 532 5271 capellam
564 5205 734 5258 sancti
763 5204 1034 5275 Gregorii,
1060 5215 1111 5259 et
1143 5207 1271 5259 dicit
1300 5205 1369 5260 ibi
1395 5205 1620 5261 Nonam.

255 5295 311 5348 5.
355 5294 551 5350 Deinde
573 5306 678 5350 tam
710 5298 944 5365 pontifex
967 5313 1123 5365 quam
1150 5298 1411 5366 episeopi,
1443 5297 1773 5369 presbyteri,

178 5381 416 5449 diaconi,
461 5395 519 5440 et
555 5387 643 5441 alii
684 5386 887 5457 clerici,
921 5389 1145 5458 quisque
1176 5388 1422 5442 induatur
1451 5397 1640 5442 ornatu
1682 5390 1764 5444 sui

258 5533 285 5560 ⁸
320 5525 588 5589 Formula,
643 5541 761 5594 qua!
815 5533 1052 5592 tempore
1089 5524 1285 5579 Gelasii
1339 5526 1390 5578 in
1432 5541 1529 5578 usu
1561 5533 1673 5580 erat
1703 5525 1769 5578 ad

182 5596 529 5664 recipiendos
575 5598 913 5664 ptenitentes,
971 5603 1149 5650 exstat
1196 5595 1332 5665 apud
1391 5596 1651 5650 Morinum
1704 5596 1771 5650 de

183 5666 528 5726 l‘mniteutia,
563 5681 681 5734 pag.
707 5665 830 5719 696.

259 5736 286 5774 δ
314 5738 441 5806 Quzr
466 5736 677 5791 uncinis
700 5737 898 5790 inclusa
931 5742 1056 5789 sunt
1088 5751 1192 5790 non
1229 5736 1471 5807 leguntur
1495 5736 1543 5788 in
1568 5736 1761 5790 Codice

1877 4747 2143 4804 thuribulo
2172 4757 2225 4803 et
2255 4748 2428 4804 thure.
2459 4746 2525 4801 Et
2563 4747 2640 4805 sic
2673 4748 3134 4816 proeessionaliter
3161 4747 3359 4803 vadunt
3384 4746 3453 4799 ad

1875 4839 2154 4894 ecclesiam
2180 4839 2349 4894 sancti
2378 4838 2594 4893 'l'bomie
2625 4840 2706 4893 vel
2740 4841 2907 4895 sancti
2932 4839 3192 4909 Gregorii,
3223 4837 3312 4892 ubi
3335 4853 3452 4892 am-

1877 4929 2033 4998 pullas
2062 4939 2180 4985 cum
2210 4930 2500 4986 chrismate
2524 4940 2578 4986 et
2607 4932 2727 4987 oleo
2753 4939 3156 4986 conservantur.
3185 4931 3296 5001 99
3325 4930 3458 4984 Car-

1875 5020 2071 5076 dinalis
2108 5022 2366 5077 diaconus
2411 5020 2603 5091 accipit
2654 5022 2798 5078 illam
2845 5021 3153 5091 ampullam,
3207 5035 3324 5090 qua:
3371 5029 3458 5073 est

1876 5113 2211 5181 chrismatis;
2243 5114 2350 5169 duo
2379 5115 2466 5168 alii
2508 5113 2819 5170 subdiaconi
2848 5113 3118 5183 accipiunt
3154 5110 3276 5165 illas
3321 5111 3455 5164 duas

1870 5207 1975 5263 olei
2006 5207 2360 5262 exorcizatiet
2379 5208 2480 5260 olei
2503 5206 2858 5271 inﬁrmorum,
2885 5193 3156 5273 portantes
3179 5218 3268 5257 eas
3291 5217 3455 5270 super

1876 5300 2146 5355 brachium
2178 5301 2472 5363 sinistrum,
2505 5309 2562 5354 et
2588 5315 2651 5353 eo
2691 5300 2846 5353 modo
2873 5313 2978 5368 quo
3015 5298 3230 5351 iverunt
3271 5310 3460 5348 rever-

1875 5399 2072 5444 tantur.
2098 5390 2381 5445 Venientes
2408 5401 2584 5443 autem
2609 5389 2672 5443 ad
2699 5389 2886 5452 altare,
2912 5395 3196 5456 antequam
3226 5385 3456 5438 domnus

1876 5525 2151 5591 Maﬁeano,
2182 5526 2274 5581 sed
2302 5504 2502 5580 tantum
2527 5525 2576 5576 in
2599 5523 2794 5578 Codice
2819 5521 3048 5576 Onut‘rii.
3100 5518 3208 5575 Sed
3239 5517 3450 5591 hocin-

1879 5589 2244 5662 tclligendum,
2267 5612 2385 5650 cum
2417 5596 2643 5657 pontifex
2672 5608 2819 5648 sacra
2851 5593 2974 5646 facit
2994 5601 3141 5662 extra
3165 5589 3449 5662 ecclesiam

1881 5657 2312 5731 Lateranensetn,
2349 5667 2432 5720 ubi
2462 5663 2605 5719 solus
2631 5662 3009 5728 communicat,
3033 5659 3190 5724 infra,
3218 5673 3363 5713 num.
3396 5657 3447 5709 9.
