4008 6284
624 275 754 329 {0H

1300 270 1641 327 APPENDLX
1686 273 1775 325 AD
1815 274 1871 327 S.
1918 271 2247 327 GREGURII
2290 272 2505 327 MAGNI
2549 273 2911 329 LITURGICA
2957 275 3207 333 OPERA.

3765 279 3901 332 10τὲ

623 403 754 457 papa
784 388 923 442 dicat
954 383 1056 439 Per
1076 400 1223 455 quem
1253 382 1361 436 hac
1383 385 1573 447 omnia,
1606 382 1962 437 subdiaconus
1992 382 2080 452 qui
2112 382 2203 435 hac
2235 389 2277 446 Α
2310 385 2454 440 halet
2505 396 2584 440 ter
2628 385 2680 439 in
2725 387 2902 452 illam;
2952 389 3135 443 halent
3180 389 3338 443 etiam
3381 389 3434 442 in
3481 390 3656 456 ipsam
3715 404 3901 444 Olmier

619 477 754 546 julat
801 473 1087 543 ampullam
1136 470 1243 526 olei
1283 469 1636 536 inﬁrmorum,
1689 481 2036 538 reprmsentet
2085 485 2201 524 eam

622 581 833 621 summo
872 562 1105 633 pontiﬁci
1145 561 1209 614 ad
1254 560 1699 615 benedicendum.
1727 561 1965 614 Pontifex
1995 576 2120 615 vero
2151 571 2203 615 et

620 669 809 710 omnes
845 653 1081 722 episcopi
1128 661 1183 706 et
1230 652 1524 721 presbyteri
1570 651 1880 716 cardinales,
1917 661 1970 704 et
1999 653 2085 704 alii
2114 668 2206 705 ex-

623 749 897 810 sistcntes,
924 746 1103 800 dicant
1132 746 1284 814 plana
1312 760 1441 800 voce
1473 762 1487 799 :
1520 743 1775 798 Exorizo
1808 755 1872 810 te,
1898 746 2202 799 immundis-

623 838 748 893 sime
770 838 1002 907 spiritus,
1035 844 1164 904 etc.,
1192 846 1241 889 et
1269 852 1358 904 per
1391 852 1570 888 nomen
1601 836 1914 889 dilectissimi
1949 837 2045 903 ﬁlii
2093 838 2205 904 ejus

625 930 831 984 Domini
858 930 1018 984 nostri
1044 927 1167 982 Jesu
1200 928 1413 995 Christi,
1445 928 1534 997 qui
1578 937 1814 980 venturus
1859 945 1930 982 est
1969 928 2206 997 judicare

622 1024 760 1074 rivos
779 1028 826 1075 et
858 1030 1085 1073 mortuos
1107 1029 1152 1074 ct
1174 1020 1409 1073 saeculum
1434 1037 1523 1090 per
1545 1022 1732 1089 ignem.
1769 1020 2076 1075 Benedictio
2102 1021 2203 1073 olei

620 1109 975 1164 infirmorum.
1010 1108 1216 1173 Emitte,
1242 1126 1549 1179 quresumus,
1586 1110 1818 1176 Domine,
1847 1120 1975 1175 otc.,
2004 1129 2205 1183 pernm-

622 1215 746 1253 nens
790 1200 842 1253 in
872 1198 1146 1254 visceribus
1191 1201 1397 1267 nostris,
1440 1202 1492 1253 in
1544 1202 1745 1254 nomine
1786 1200 1997 1256 Domini
2049 1203 2207 1256 nostri

621 1288 748 1345 Jesu
778 1290 986 1357 Christi,
1010 1293 1097 1360 qui
1123 1302 1363 1345 venturus
1387 1303 1479 1346 est.

704 1379 757 1432 6.
790 1379 881 1432 llis
914 1379 1382 1435 ftenedictionibus
1415 1382 1664 1448 peractis,
1710 1390 2007 1437 revertatur
2040 1385 2102 1437 ad
2132 1387 2208 1437 ul-

626 1477 758 1531 tare,
791 1474 846 1521 et
871 1466 1009 1520 dicat
1042 1466 1146 1521 Per
1172 1485 1318 1537 quem
1349 1469 1457 1521 lucc
1488 1472 1681 1536 omnia,
1727 1482 1855 1536 etc.,
1889 1488 2055 1541 usque
2107 1474 2208 1527 Per

625 1559 794 1612 omnia
820 1560 1007 1613 swcula
1036 1561 1359 1614 seculorum.
1397 1563 1572 1614 Amen.
1618 1562 1833 1615 Oremus
1876 1580 1895 1616 :
1926 1563 2207 1635 Pi'wcrp'is

625 1651 929 1705 salutaribus
960 1654 1159 1718 moniti,
1185 1664 1315 1719 etc.,
1349 1669 1516 1724 usque
1548 1654 1661 1709 Pax
1686 1656 1895 1710 Domini
1924 1660 1987 1711 sit
2009 1676 2207 1729 semper

635 1744 907 1797 robiscum.
940 1746 1111 1816 Agnus
1140 1743 1234 1798 ι)ιὶ
1267 1761 1370 1799 non
1394 1756 1656 1811 cantatur,
1694 1764 1791 1815 pax
1825 1765 1927 1802 non
1960 1750 2131 1803 datur.

695 1834 751 1887 7.
795 1831 1170 1888 Verumtamen
1202 1835 1340 1889 scire
1376 1850 1473 1889 nos
1518 1840 1769 1892 convenit
1799 1840 1938 1907 quod
1970 1841 2014 1894 si
2047 1840 2207 1895 fuerit

632 1925 859 1992 pontifex
889 1926 1159 1991 Laterani,
1193 1926 1476 1981 decantatu
1500 1928 1659 1983 Credo
1682 1931 1734 1983 in
1765 1948 1919 1983 unum
1953 1932 2131 1997 Deum,
2158 1944 2209 1987 et

630 2026 909 2087 antequam
943 2018 1101 2072 intret
1132 2017 1196 2071 ad
1235 2018 1665 2083 sacriﬁcandum,
1719 2037 1748 2073 a
1796 2021 2110 2077 diacmiibus
2156 2034 2212 2079 ct

636 2109 1047 2164 subdiaconibus
1080 2112 1288 2164 levatur
1318 2118 1343 2145 ἰ
1374 2127 1439 2163 ηισ
1463 2127 1555 2164 ηιθ
1604 2112 1671 2166 tle
1710 2115 1864 2167 altari
1902 2116 2071 2183 pall:is
2119 2119 2208 2170 tle-

630 2212 790 2266 supcr
826 2198 1173 2266 complicatis,
1205 2208 1259 2252 ct
1299 2213 1419 2253 cum
1450 2203 1752 2255 reverentia
1786 2213 1835 2256 ct
1868 2206 2012 2257 omni
2041 2206 2207 2259 ἀρνυ-

634 2290 777 2342 tione
798 2287 862 2341 ab
885 2286 1083 2342 eisdem
1107 2297 1412 2357 reportetur
1437 2289 1488 2343 in
1520 2292 1719 2359 capella
1748 2295 1916 2347 sancti
1945 2294 2204 2349 Pancratii

627 2379 774 2447 juxta
806 2379 1099 2433 claustrum
1146 2380 1549 2446 canonicorum,
1583 2384 1703 2450 quia
1738 2383 1807 2436 ibi
1839 2394 1919 2437 est
1948 2385 2096 2439 locus
2124 2402 2207 2439 rc-

631 2468 968 2535 scrvationis,
999 2478 1194 2525 etcum
1222 2472 1366 2527 omni
1394 2472 1603 2527 cautela
1634 2488 1803 2544 usque
1829 2475 1878 2530 in
1908 2476 2048 2531 diem
2074 2478 2205 2534 Sab-

632 2559 740 2612 bati
770 2560 1088 2616 custoditur.

703 2652 755 2706 8.
792 2652 990 2706 Deinde
1019 2653 1257 2722 pontifex
1286 2656 1428 2709 venit
1464 2655 1530 2710 ad
1562 2656 1752 2725 altare,
1781 2658 2049 2728 accipiens
2092 2676 2205 2713 am-

636 2744 829 2809 pullam
874 2745 1119 2813 vitream,
1179 2762 1297 2817 quae
1345 2748 1489 2803 intus
1536 2765 1594 2803 se
1646 2751 1886 2805 continet
1934 2752 2200 2820 quoddam

635 2835 904 2888 vasculum
932 2850 1173 2904 aureum,
1204 2836 1329 2892 etin
1368 2839 1460 2893 illo
1490 2842 1707 2895 vasculo
1733 2852 1817 2896 est
1845 2843 1981 2911 lapis
2005 2844 2203 2912 pretiu-

628 2944 720 2984 sus
760 2944 1046 2995 concavus,
1081 2939 1135 2985 et
1161 2932 1213 2985 in
1252 2932 1339 2985 illa
1382 2932 1713 2988 concavitate
1743 2934 1931 3004 lapidis
1972 2944 2054 2990 est
2083 2936 2204 2990 dili-

627 3030 814 3086 genter
840 3022 1103 3089 pretiosus
1127 3022 1321 3077 Christi
1356 3024 1571 3093 sttnguis
1595 3026 1848 3091 inclusus,
1879 3028 1968 3097 qui
1998 3042 2198 3082 annua-

2307 480 2543 548 episcopi
2583 479 2670 548 qui
2714 481 2973 534 assistunt
3006 481 3095 545 ibi,
3133 490 3187 534 et
3229 481 3524 550 presbyteri
3566 482 3897 547 cardinales,

2306 582 2358 623 et
2405 571 2584 625 dicant
2628 572 2744 626 sine
2800 580 2958 624 cantu
3013 581 3068 626 et
3121 572 3239 626 sine
3296 571 3542 627 Dominus
3597 574 3899 635 uobiscum,

2312 657 2569 712 Exorcizo
2616 671 2682 725 te,
2728 671 2961 714 creatura
3002 661 3119 727 olei,
3166 671 3295 725 etc.,
3329 671 3381 713 ut
3420 664 3513 729 ﬁas
3542 662 3786 715 omnibus
3822 666 3901 731 qui

2308 765 2369 801 ea:
2416 759 2461 802 te
2500 752 2725 820 ungendi
2762 760 2879 803 sunt
2920 753 2972 804 in
3019 753 3345 817 adoptionem
3393 752 3625 820 ﬁliorum
3656 769 3752 821 per
3783 753 3905 821 δρί-

2306 841 2457 891 ritum
2492 839 2530 908 -ι-
2560 850 2810 905 sanctum,
2844 842 2894 893 in
2933 842 3136 894 nomine
3168 839 3263 894 Dei
3298 840 3472 894 Patris
3513 844 3900 913 omnipotentis,

2308 940 2353 982 et
2397 929 2526 983 Jesu
2573 930 2763 983 Christi
2818 930 2946 984 Filii
2986 936 3099 1002 ejus
3151 931 3360 985 Domini
3401 936 3560 985 naetri
3588 976 3601 998 ,
3651 936 3746 1002 qui
3790 952 3904 987 cum

2307 1036 2365 1071 eo
2406 1030 2583 1090 regnat
2624 1030 2667 1073 et
2717 1022 2831 1072 vivit
2878 1022 3015 1075 Deus
3062 1024 3114 1075 in
3160 1024 3358 1076 unitate
3398 1024 3626 1091 ejusdem
3673 1025 3901 1091 Spiritus

2307 1112 2487 1164 sancti.
2526 1112 2725 1165 Deinde
2765 1112 2795 1165 d
2824 1114 2897 1164 cit
2927 1114 3138 1167 excelsa
3181 1128 3331 1179 voce,
3377 1114 3615 1184 epi5e0pi
3655 1126 3708 1168 ct
3754 1132 3899 1183 pres-

2308 1205 2479 1273 byteri
2524 1203 2702 1257 dicant
2744 1204 3032 1270 sabmisse,
3082 1206 3183 1258 Per
3228 1207 3403 1259 omnia
3441 1206 3631 1260 stet:qu
3675 1210 3896 1261 circulo-

2307 1310 2442 1345 rum.
2498 1294 2682 1349 Amen.
2748 1296 2995 1349 Dominus
3057 1297 3337 1350 vobiscum.
3408 1297 3471 1351 Et
3532 1315 3559 1351 c
3596 1316 3648 1350 ηε
3714 1302 3895 1364 spiritu

2309 1390 2415 1434 tuo.
2465 1381 2684 1437 Sursum
2727 1386 2904 1440 corda.
2954 1387 3117 1456 Resp.
3173 1386 3432 1441 Habemus
3475 1390 3545 1441 ad
3592 1388 3893 1443 Dominum.

2287 1453 2514 1527 .Giatias
2539 1491 2748 1542 agamus
2780 1476 2999 1530 Domino
3033 1477 3139 1531 Deo
3172 1488 3364 1531 nostro.
3400 1479 3560 1546 Resp.
3589 1478 3817 1551 Dignum
3851 1495 3895 1534 et

2299 1565 2502 1632 justum
2530 1575 2619 1616 est.
2663 1563 2793 1616 Vere
2823 1565 3037 1634 dignum
3066 1578 3114 1618 et
3132 1568 3330 1635 justum
3374 1577 3469 1630 est,
3506 1584 3707 1637 (equum
3735 1580 3787 1623 et
3814 1587 3898 1622 sa-

2310 1651 2495 1714 lutare,
2530 1670 2620 1705 nos
2652 1654 2741 1705 tibi
2767 1670 2961 1724 semper
2984 1663 3031 1708 et
3060 1657 3241 1725 ubique
3262 1658 3455 1726 gratias
3482 1674 3645 1726 agere,
3672 1657 3898 1714 Domine

2244 1746 2285 1803 Β
2313 1754 2504 1805 sancte,
2542 1742 2699 1795 Pater
2730 1744 3069 1813 omnipotens,
3104 1754 3290 1798 (uterne
3319 1745 3481 1809 Deus,
3514 1750 3597 1815 qui
3621 1751 3674 1801 in
3705 1751 3898 1814 princi-

2311 1834 2395 1899 p’o
2441 1834 2573 1884 inter
2618 1845 2802 1886 cratera
2853 1834 3110 1901 bonitatis,
3141 1845 3269 1901 ctc.,
3317 1846 3371 1889 ut
3416 1839 3478 1891 sit
3509 1839 3571 1890 iis
3599 1840 3685 1907 qui
3732 1843 3895 1893 renati

2310 1923 2496 1992 fuerint
2526 1939 2588 1976 ea:
2615 1940 2748 1993 aqua
2776 1934 2822 1977 et
2851 1922 3051 1994 Spiritu
3078 1938 3254 1978 sancta
3276 1925 3496 1979 chrisma
3524 1929 3730 1991 salutis,
3774 1946 3889 1983 eos-

2307 2030 2406 2082 que
2432 2023 2631 2068 azternae
2656 2016 2771 2069 vita:
2795 2016 3066 2085 participes
3091 2025 3139 2069 et
3166 2016 3379 2071 cmlestis
3416 2019 3561 2088 regni
3600 2019 3763 2087 facias
3788 2036 3894 2073 esse

2309 2115 2586 2171 consortes,
2620 2121 2710 2174 per
2734 2109 2986 2173 eumdem,
3014 2116 3117 2160 ctc.

2383 2196 2467 2248 11.
2520 2196 2669 2251 Tunc
2715 2197 2997 2266 episcopus
3046 2199 3241 2253 salutet
3287 2200 3520 2255 chrisma
3570 2202 3792 2267 nudum,
3839 2214 3889 2257 et

2308 2288 2485 2341 ca~teri
2510 2302 2717 2343 oumes.
2750 2290 2865 2355 Quo
2895 2291 3130 2360 expleto,
3165 2293 3443 2347 benedicat
3469 2294 3761 2363 ampullam
3786 2296 3885 2351 olei

2308 2379 2536 2432 delatam
2567 2395 2630 2433 eo
2658 2380 2845 2436 ordine
2873 2396 2981 2450 quo
3008 2397 3197 2449 supra;
3226 2392 3279 2438 et
3304 2383 3551 2438 similiter
3582 2386 3726 2439 balet
3752 2401 3888 2455 pou-

2309 2468 2435 2524 tif‘ex
2462 2478 2539 2524 ter
2564 2471 2615 2524 in
2648 2471 2840 2539 ipsam,
2871 2472 2966 2525 sed
2992 2474 3184 2538 tacite;
3208 2484 3259 2527 et
3290 2484 3482 2542 printer
3506 2475 3678 2543 ipsum
3705 2490 3889 2531 omnes

2305 2558 2539 2629 episcopi
2572 2570 2625 2615 ct
2658 2561 2949 2632 presbyteri
2980 2563 3277 2617 cardinales
3306 2574 3358 2618 et
3386 2565 3475 2618 alii
3502 2566 3743 2635 episcopi
3790 2567 3886 2620 ha-

2308 2653 2418 2708 lent
2446 2665 2525 2707 ter
2564 2654 2617 2707 in
2651 2655 2841 2722 ipsam.
2891 2654 2957 2709 Et
2989 2666 3113 2710 tunc
3141 2656 3268 2711 dicit
3311 2658 3428 2711 sine
3462 2658 3618 2727 ιο]
3648 2670 3802 2711 cantu
3832 2671 3886 2712 et

2306 2744 2423 2798 sine
2456 2742 2702 2797 Dominus
2729 2744 3004 2810 vobiscum,
3047 2743 3299 2799 Exoreizu
3327 2757 3392 2813 te,
3426 2760 3663 2799 creatura
3696 2748 3813 2813 olei,
3835 2750 3887 2801 in

2305 2835 2527 2900 nomine,
2568 2843 2697 2899 otc.,
2725 2833 2793 2885 ad
2827 2849 3023 2887 omnem
3048 2836 3265 2911 gratiam
3290 2836 3609 2903 spiritualem
3634 2838 3887 2906 accipien-

2305 2925 2423 2978 dam
2454 2926 2790 2992 sanctiﬁcata,
2831 2940 2919 2994 per
2947 2924 3196 2990 eumdem,
3229 2934 3333 2980 etc.
3371 2926 3438 2979 Et
3469 2927 3602 2981 dicit
3653 2926 3887 2995 pontifex

2311 3001 2558 3069 Dominus
2581 3016 2853 3069 vobiscum.
2875 3014 2942 3068 Et
2959 3032 3073 3068 cum
3095 3017 3404 3086 spiritu'tuo.
3430 3018 3667 3071 Oremus.
3682 3019 3889 3073 Oratio.

633 3112 751 3165 liter
772 3112 1090 3177 extrahitur,
1121 3122 1175 3166 et
1199 3113 1472 3181 reponitur
1501 3116 1551 3168 in
1581 3117 1914 3171 concavitate
1945 3133 2117 3185 arcae;
2148 3129 2200 3174 et

2308 3109 2446 3162 Deus
2488 3110 2914 3162 incrementorum
2960 3116 3007 3161 et
3050 3109 3370 3179 prcfecluum
3421 3111 3771 3178 spiritualium
3812 3127 3891 3164 re-

633 3218 756 3261 tunc
795 3206 1050 3261 levatura
1084 3208 1359 3276 pontiﬁce,
1384 3217 1437 3262 et
1458 3210 1777 3277 ostenditur,
1817 3221 1873 3265 ut
1911 3221 2027 3265 tota
2052 3212 2205 3267 turba

632 3298 807 3366 populi
834 3298 1006 3353 valeat
1032 3312 1156 3353 cum
1186 3300 1376 3354 timore
1404 3310 1455 3355 et
1480 3302 1777 3355 reverentia
1801 3310 1855 3355 et
1874 3304 2018 3357 omni
2044 3303 2207 3357 devo-

641 3389 783 3443 tione
810 3404 933 3444 eum
966 3389 1171 3445 videre.
1196 3388 1389 3445 Ptstea
1414 3392 1639 3446 traditur
1664 3394 2012 3449 custodienda
2043 3393 2204 3463 ριὶοιί

627 3488 685 3532 et
706 3481 973 3535 canonicis
995 3479 1234 3550 ejusdem
1260 3482 1503 3537 ecclesia:
1527 3499 1691 3553 usque
1718 3485 1770 3538 in
1794 3485 1932 3539 dicm
1960 3485 2199 3541 Sabbati.

625 3570 775 3624 Tunc
822 3571 1057 3639 pontifex
1107 3573 1171 3624 ad
1223 3573 1627 3629 sacrificandum
1674 3575 1840 3629 intrat
1881 3578 2027 3630 solus
2068 3578 2201 3632 infra

624 3681 826 3731 arcam,
877 3675 933 3719 ut
978 3665 1309 3734 significetur
1339 3668 1496 3736 ι,εο
1537 3667 1677 3737 quod
1724 3668 1775 3722 in
1809 3667 1985 3724 Veteri
2019 3669 2201 3724 Testi-

625 3766 803 3811 ttteuto
850 3756 1107 3824 scriptum
1160 3766 1277 3824 est,
1326 3758 1446 3827 quia
1490 3759 1637 3812 solus
1682 3758 1918 3827 pontifex
1968 3760 2199 3815 intrabat

621 3847 790 3905 Semel
836 3847 888 3902 in
932 3862 1073 3901 anno
1119 3848 1170 3901 in
1219 3860 1398 3902 sancta
1445 3858 1773 3912 senatorum,
1829 3859 2028 3905 tantum
2076 3866 2196 3906 eum

622 3954 782 3994 cruce
811 3953 861 3994 et
894 3938 1201 3996 linteamine
1222 3940 1534 4010 suppositis,
1564 3942 1813 4011 episcopo
1838 3943 1917 3998 vel
1941 3944 2197 3998 cardinali

621 4046 740 4087 cum
771 4032 1046 4100 capellano
1073 4032 1348 4087 sacerdote
1378 4034 1718 4088 ministrante
1746 4035 1868 4088 sibi.

692 4125 746 4180 9.
777 4121 1039 4179 Confecto
1074 4126 1255 4196 itaque
1280 4128 1566 4192 sacriﬁcio,
1614 4128 1846 4195 pontifex
1876 4129 2022 4183 solus
2054 4144 2199 4183 com-

623 4216 857 4270 municat
885 4230 1046 4283 super
1085 4215 1254 4271 altare
1276 4217 1392 4270 sine
1416 4217 1707 4283 ministris;
1737 4226 1789 4271 et
1817 4233 1919 4271 non
1956 4233 2076 4272 cum
2106 4234 2199 4272 ca-

623 4310 781 4373 lamo,
813 4307 906 4361 sed
930 4323 1050 4361 cum
1076 4308 1242 4362 calice
1269 4318 1471 4362 tantum
1506 4323 1566 4362 se
1586 4311 1866 4364 conﬁrmet
1892 4310 1986 4364 illo
2012 4311 2120 4377 die,
2146 4322 2200 4366 et

620 4407 771 4452 sexta
799 4397 951 4471 feria,
984 4407 1038 4452 et
1069 4397 1220 4465 ponit
1243 4398 1386 4451 illam
1416 4409 1659 4467 quartam
1686 4408 1888 4468 partem
1920 4402 1970 4455 in
2004 4401 2191 4457 calice.

2311 3211 2621 3266 munerator,
2655 3211 2780 3265 etc.,
2815 3200 2868 3253 in
2918 3210 3236 3254 sacramento
3267 3209 3380 3255 sunt
3411 3201 3737 3269 baptismatis
3769 3204 3891 3256 ade-

2310 3293 2466 3360 pturi,
2492 3308 2579 3359 prr
2606 3291 2837 3345 eumdem
2862 3291 3132 3345 Dominum
3158 3300 3407 3356 nostrum,
3429 3301 3532 3345 etc.
3557 3292 3690 3347 Post
3714 3293 3891 3347 Bene-

2310 3382 2591 3437 dictiouem
2624 3399 2750 3438 vero
2782 3385 2933 3439 istam
2977 3401 3165 3440 omnes
3196 3387 3447 3454 episcopi,
3498 3396 3553 3441 ct
3584 3388 3885 3457 presbyteri

2308 3473 2625 3539 cardinales,
2656 3484 2706 3527 et
2730 3475 2817 3527 alii
2841 3476 3074 3544 episcopi
3106 3475 3337 3530 salutent
3356 3488 3600 3530 sanctum
3624 3478 3882 3543 chrisma,

2306 3577 2356 3618 et
2388 3563 2584 3629 oleum,
2619 3576 2697 3618 ter
2726 3581 2822 3634 pro
2853 3567 3106 3636 quolibet,
3149 3576 3202 3620 et
3230 3569 3280 3621 in
3313 3568 3594 3623 salutando
3633 3566 3888 3625 inclinent

2305 3654 2475 3721 capita
2505 3654 2765 3721 dicentes,
2789 3657 2912 3725 Ave,
2949 3669 3179 3711 sanctum
3206 3659 3445 3724 chrisma,
3477 3669 3557 3714 ter
3589 3675 3685 3727 pro
3712 3660 3887 3728 quoli-

2305 3746 2425 3811 bet;
2452 3756 2506 3801 et
2534 3747 2910 3802 deoscmentur
2941 3749 3225 3818 ampullam
3255 3750 3417 3805 semel
3448 3758 3675 3813 tantum,
3708 3761 3765 3805 et
3791 3752 3887 3805 de.

2306 3838 2505 3893 feratur
2531 3855 2560 3893 a
2591 3839 2922 3895 subdiacono
2949 3838 3180 3908 ampulla
3220 3840 3359 3905 olei;
3392 3852 3445 3895 et
3474 3856 3721 3895 summus
3754 3856 3885 3909 pun-

2305 3929 2428 3984 tifex
2460 3930 2655 3985 salutet
2694 3932 2892 3997 oleum,
2924 3940 2974 3985 et
3002 3930 3360 3985 deosculaudo
3395 3932 3714 4001 ampullam,
3745 3935 3888 3987 sicut

2302 4022 2429 4081 fecit
2456 4024 2520 4077 de
2548 4024 2859 4092 chrismate,
2890 4034 2943 4077 et
2970 4024 3148 4078 caeteri
3193 4038 3379 4079 omnes
3408 4025 3643 4078 Salutant
3675 4042 3771 4092 per
3798 4040 3886 4078 ονε

2300 4116 2476 4170 dinem
2504 4115 2792 4182 ampullam
2824 4116 2875 4169 in
2906 4115 3283 4169 deosculando.
3314 4114 3508 4170 Postea
3541 4128 3797 4184 reporten
3827 4134 3886 4170 ur

2299 4208 2548 4275 ampullas
2576 4206 3063 4275 processionaliter,
3092 4207 3226 4261 sicut
3256 4205 3473 4260 fuerunt
3518 4208 3793 4270 adductas,
3820 4209 3881 4260 ad

2299 4298 2615 4363 sacrarium,
2669 4298 2752 4351 vel
2795 4299 2968 4351 locum
3012 4296 3097 4350 ubi
3140 4297 3330 4352 sedere
3368 4296 3604 4361 debent;
3661 4306 3714 4351 et
3758 4298 3879 4350 inde

2299 4388 2643 4441 distribuatur
2673 4388 2978 4456 unicuique,
3012 4389 3151 4443 sicut
3172 4389 3325 4443 decet
3357 4398 3411 4443 et
3443 4389 3601 4443 fuerit
3627 4400 3882 4458 opportu-

626 4468 907 4556 l’ostquam
935 4494 1110 4541 autem
1142 4488 1578 4553 communicavit,
1613 4490 1761 4556 ponit
1783 4490 2002 4544 calicem
2031 4505 2194 4559 super

2304 4494 2446 4531 num.
2482 4476 2724 4531 Pontifex
2753 4493 2880 4531 vero
2901 4477 2953 4531 in
2976 4478 3107 4533 sede
3135 4495 3230 4533 sua
3255 4483 3616 4535 cummunicat
3647 4482 3769 4534 illos
3790 4482 3880 4549 qui

623 4578 812 4643 altare,
854 4587 906 4632 et
954 4586 1197 4645 patenam
1224 4577 1373 4646 juxta
1420 4592 1541 4631 eum
1571 4594 1692 4632 cum
1731 4594 1956 4646 corpore
1991 4579 2196 4633 Domini

620 4678 915 4735 reservato,
938 4669 1062 4738 quia
1084 4680 1231 4723 sexta
1261 4669 1392 4727 feria
1419 4669 1489 4725 de
1517 4669 1637 4739 ipso
1664 4671 1928 4726 sacriﬁcio
1949 4672 2194 4741 resumit,

620 4772 674 4818 et
701 4761 1009 4831 cooperitur
1038 4774 1320 4829 utrumque
1347 4760 1574 4814 sindone
1605 4761 1822 4814 munda.

691 4857 780 4910 10.
813 4856 1072 4925 Pcrccpto
1118 4854 1295 4921 itaque
1333 4866 1558 4920 corpore
1596 4861 1651 4906 et
1694 4852 1951 4921 sanguine
1986 4852 2194 4907 Domini

620 4948 789 5007 posui
842 4947 965 5003 Jesu
1022 4946 1266 5012 Christi,
1323 4944 1559 5015 pontifex
1603 4944 1845 4998 ascendit
1894 4945 1959 4999 ad
2009 4944 2191 4999 sedem

617 5044 870 5112 ligneam,
894 5038 1228 5113 etcontinuo
1254 5037 1361 5090 duo
1393 5035 1626 5100 acolythi
1663 5034 1913 5088 deferunt
1935 5036 2192 5103 ampullas

617 5131 884 5185 involutas
908 5143 1027 5182 cum
1051 5127 1277 5182 sindone
1299 5125 1420 5178 alba
1443 5125 1610 5178 serica
1635 5124 1686 5177 in
1709 5125 1927 5178 sinistro
1950 5125 2189 5192 brachio,

616 5223 690 5274 ita
717 5230 776 5274 ut
804 5220 969 5273 videri
1006 5217 1172 5283 possit
1195 5232 1225 5269 a
1258 5215 1465 5276 medio;
1504 5225 1557 5272 et
1587 5213 1843 5267 diaconus
1875 5215 1962 5284 qui
1991 5214 2194 5271 assistit

616 5311 815 5365 domno
858 5324 1006 5378 papae
1040 5306 1232 5376 accipit
1282 5304 1568 5373 ampullam
1612 5319 1770 5359 unam
1815 5305 2025 5359 mistam
2070 5319 2189 5361 cum

621 5392 879 5465 balsamo,
902 5409 956 5454 et
978 5404 1326 5467 repraesentat
1352 5410 1470 5449 eam
1497 5410 1706 5449 summo
1730 5396 1985 5463 pontifici,
2002 5404 2190 5449 tenens

619 5507 737 5546 eam
780 5494 833 5547 in
873 5492 1091 5547 sinistro
1138 5489 1357 5545 brachio
1402 5489 1710 5543 involutam.
1754 5488 1904 5542 Tunc
1946 5488 2185 5555 pontifex

692 5618 715 5645 ι
749 5609 823 5661 De
843 5607 943 5660 hoc
967 5609 1069 5662 ritu
1091 5607 1296 5660 levandi
1327 5621 1561 5659 mensam
1594 5604 1779 5657 altaris
1805 5602 1940 5670 apud
1976 5602 2189 5655 Latera-

624 5692 748 5735 num
774 5678 972 5730 mentio
1006 5680 1063 5729 lit
1091 5677 1141 5729 in
1175 5676 1310 5728 libro
1335 5687 1443 5727 tum
1476 5674 1749 5730 Benedicti
1781 5673 2044 5734 canonici.
2082 5685 2189 5727 tum

2300 4568 2694 4624 communicare
2725 4569 2927 4623 volunt.
2961 4570 3321 4625 Reserventur
3349 4580 3527 4626 tamen
3558 4572 3754 4627 oblata:
3792 4572 3875 4626 in—

2302 4670 2461 4730 tegra:
2492 4661 2558 4717 de
2591 4676 2814 4731 corpore
2862 4662 3067 4717 Domini
3100 4663 3152 4718 in
3182 4663 3269 4717 die
3300 4663 3631 4730 Pura-scere;
3664 4666 3875 4734 sanguis

2300 4767 2427 4805 vero
2460 4751 2667 4805 Domini
2702 4751 2910 4819 penitus
2949 4764 3271 4806 assumatur.
3303 4752 3456 4806 Pacis
3486 4756 3727 4807 osculum
3775 4769 3873 4807 non

2299 4841 2473 4895 datur.
2528 4842 2705 4912 Agnus
2753 4841 2850 4895 Dei
2897 4842 3125 4909 dicatur,
3172 4851 3227 4898 et
3276 4846 3581 4899 communio
3632 4845 3875 4898 Dominus

2298 4932 2329 4987 Ι
2337 4950 2449 4986 esus
2480 4933 2729 4987 Christus.

2371 5024 2458 5079 12.
2490 5026 2593 5080 Sed
2620 5034 2901 5095 antequam
2930 5026 3165 5095 pontifex
3197 5038 3497 5082 revertatur
3524 5030 3589 5082 ad
3620 5031 3789 5082 altare
3809 5030 3871 5081 atl

2296 5118 2668 5186 complendam
2699 5118 2934 5183 Missam,
2957 5117 3137 5187 junior
3160 5121 3592 5189 presbyterorum
3626 5122 3871 5175 cardina-

2299 5208 2427 5262 liutn
2472 5216 2650 5276 portet
2697 5223 2890 5276 corpus
2934 5208 3141 5262 Domini
3192 5210 3420 5277 positum
3472 5210 3523 5263 in
3573 5212 3764 5279 pyxide
3812 5213 3870 5261 ad

2297 5306 2471 5352 locum
2501 5308 2873 5366 prtcparatum,
2912 5299 3336 5368 prazcedentibus
3365 5316 3484 5354 cum
3517 5316 3679 5355 cruce
3709 5312 3763 5355 et
3794 5302 3866 5353 lu-

2299 5392 2611 5455 minaribus,
2650 5403 2704 5447 et
2746 5394 3014 5462 papilione
3043 5395 3282 5463 deSUper.
3327 5396 3479 5451 Tunc
3524 5397 3755 5464 pontifex
3790 5413 3864 5450 re-

2300 5484 2521 5537 vertitur
2550 5484 2615 5537 ad
2652 5485 2839 5551 altare,
2874 5494 2926 5539 ct
2960 5485 3084 5540 dicit
3129 5487 3263 5541 hanc
3291 5488 3599 5541 Orationem
3632 5508 3645 5541 :
3684 5487 3873 5556 Refecti

2299 5598 2817 5720 Ccncitmcautcrarii
2871 5600 3027 5655 infra.
3082 5600 3211 5655 Vide
3258 5602 3631 5658 commentarii
3692 5604 3853 5669 pia-vi

2303 5678 2461 5720 canut
2558 5707 2570 5720 .
2902 5716 2910 5720 .

2303 5678 2461 5738 caput
2492 5678 2570 5722 1U.
