4008 6306
192 314 325 367 illi?)

186 513 348 567 Missa
395 523 491 568 est.
536 515 693 569 Missa
725 515 882 583 igitur
912 515 1221 569 solemuiter
1274 527 1503 584 peracta,
1547 516 1762 571 indutus

186 604 421 672 pontifex
469 606 709 659 ascendit
755 606 1026 671 palatium,
1077 608 1455 661 comitantibus
1500 622 1619 662 eum
1655 617 1759 661 tam

181 696 450 762 episconis
493 711 649 764 quam
685 698 1008 766 presbyteris
1052 705 1106 751 et
1148 697 1483 762 diaconibus,
1516 697 1763 750 omnibus

182 786 387 854 paratis
431 785 721 840 secundum
754 788 1000 840 orditem
1045 802 1217 840 suum.
1254 788 1489 841 Pontifex
1530 802 1658 841 vero
1684 789 1764 840 in-

181 878 423 948 greditur
455 877 725 932 basilicant
758 878 931 930 sancti
962 877 1227 931 Laurentii
1255 888 1302 943 ο,
1333 887 1385 932 et
1410 878 1523 932 sine
1552 879 1763 947 planeta

180 965 427 1021 residens
456 967 507 1019 in
539 966 686 1027 sede,
706 964 827 1017 facit
858 966 1161 1018 mandatum
1187 966 1464 1021 duodecim
1482 965 1762 1020 subdiaco-

176 1073 391 1112 norum.
409 1058 517 1111 inte
527 1057 565 1110 ri
574 1073 621 1109 m
637 1064 881 1110 cantores
895 1064 1110 1109 cantant
1124 1056 1383 1123 Vesperas
1406 1064 1530 1109 ante
1544 1070 1689 1119 eum,
1708 1065 1764 1108 ut

180 1164 295 1203 mos
323 1158 422 1202 est.
448 1147 634 1201 Finitis
664 1146 905 1199 omnibus
938 1148 1099 1213 parati
1134 1145 1387 1201 accedunt
1418 1146 1483 1198 ad
1502 1160 1761 1199 mensam.

533 1237 684 1307 102
730 1236 887 1289 Feria
932 1248 1073 1290 sexta
1104 1235 1408 1289 Parasceve,

259 1330 347 1385 i5.
384 1330 523 1383 liora
570 1338 717 1383 sexta
747 1328 1067 1382 conveniant
1094 1341 1281 1381 omnes
1328 1327 1393 1380 ad
1441 1325 1765 1380 Lateranen-

177 1438 294 1476 sem
322 1422 624 1485 ecclesiam,
647 1421 725 1475 vel
750 1420 814 1474 ad
842 1421 999 1473 aliam
1026 1420 1326 1484 ecclesiam,
1356 1403 1612 1473 et°dicaut
1640 1433 1761 1486 sep-

183 1523 289 1567 tem
339 1514 599 1567 Psalmos.
633 1512 781 1567 Tunc
807 1512 1056 1567 dominus
1089 1527 1219 1581 papa
1252 1511 1434 1566 induat
1482 1526 1542 1567 se
1570 1520 1761 1565 ornatu

176 1620 278 1659 suo
331 1604 778 1673 quadragesima“
838 1612 1074 1669 tantum,
1128 1604 1362 1673 episc0pi
1418 1604 1765 1671 pluvialibus,

179 1694 498 1764 presbyteri,
525 1694 755 1759 daconi,
779 1695 1091 1749 subdiaconi
1122 1697 1371 1763 planetis.
1402 1696 1552 1750 Tunc
1572 1695 1753 1764 junior

1419 310 1673 367 ROMANI
1712 310 2024 366 OﬂDlNES.
2066 342 2136 353 -
2176 312 2239 367 Χ.

183 425 420 478 vitalibus
462 424 746 491 alimentis;
794 440 891 494 qua
946 424 1173 494 expleta,
1207 426 1458 481 diaconus
1500 426 1626 480 dicit
1658 424 1757 485 Ite.
1793 428 1835 483 A
1868 425 1979 490 Qua
2035 426 2201 493 finita,
2251 425 2376 481 dicit
2426 426 2703 482 Orationes

3308 324 3440 377 i0“

2755 444 2768 481 :
2824 428 3062 494 Oremus,
3110 428 3439 489 dilectissimi.

1865 516 2013 568 Alius
2033 533 2063 570 a
2083 517 2301 571 domino
2328 533 2457 587 papa
2489 510 2615 573 dicit
2644 521 2738 574 bas
2761 520 3040 575 Orationes
3068 538 3227 590 super
3248 526 3434 582 altare.

1864 606 2063 671 Quibus
2097 608 2275 671 finitis,
2328 608 2515 663 adorat
2562 625 2794 664 crucem.
2848 610 3047 665 Deinde
3095 626 3445 681 repraesentat

1863 711 1979 750 eam
2004 698 2219 765 populo,
2244 708 2466 753 cantans
2490 701 2848 767 Antipltonam
2881 701 3009 755 Ecce
3037 704 3227 775 lignum
3250 708 3435 760 crucis.

1867 786 2101 841 Adorata
2133 804 2311 853 cruce,
2357 790 2610 846 diaconus
2658 793 2922 861 expandat
2971 771 3249 863 corporale
3281 811 3445 867 super

1863 880 2069 946 altare;
2122 896 2284 950 super
2314 898 2416 952 quo
2449 885 2621 951 posito
2665 900 2888 953 corpore
2920 886 3151 951 Domini,
3196 898 3249 942 et
3280 889 3444 944 calice

1863 983 1984 1023 cum
2015 972 2137 1023 vino
2164 980 2216 1025 ct
2241 985 2399 1039 aqua,
2432 973 2574 1026 dicat
2604 974 2839 1041 pontifex
2872 976 3025 1044 plena
3051 992 3202 1041 voce,
3240 986 3303 1030 ut-
3329 993 3444 1030 mos

1864 1071 1963 1125 est,
1988 1062 2103 1116 sine
2126 1061 2228 1115 Per
2247 1064 2417 1115 omnia
2438 1066 2626 1117 swcula
2644 1065 2967 1133 swculorum,
2995 1067 3188 1120 Amen:
3209 1069 3442 1121 Uremus.

1866 1153 2145 1223 Prwceptis
2191 1156 2499 1207 salutaribus
2548 1157 2745 1219 moniti,
2778 1166 2907 1219 etc.,
2953 1154 3107 1208 Pater
3138 1166 3325 1210 noster.
3357 1156 3439 1211 Si-

1866 1243 2060 1296 militer
2089 1244 2137 1295 in
2170 1245 2359 1297 eadem
2398 1260 2545 1308 voce,
2581 1244 2760 1297 Libera
2796 1262 2907 1298 nos.
2955 1245 3190 1298 Oremus.
3230 1246 3445 1309 Qua‘sn-

1866 1349 1998 1398 mus,
2025 1333 2258 1385 Domine.
2299 1334 2469 1387 Finita
2502 1349 2625 1387 vero
2656 1333 2927 1399 Oratione,
2962 1334 3076 1388 Pax
3105 1334 3314 1389 Domini
3338 1352 3444 1390 non

1864 1422 2089 1476 dicatur.
2124 1426 2296 1493 Agnus
2334 1424 2430 1477 Dei
2459 1441 2564 1478 non
2596 1434 2862 1491 cantatur,
2907 1441 3004 1480 nec
3036 1426 3179 1495 pacis
3205 1427 3446 1484 osculum

1866 1516 2045 1584 datur,
2075 1531 2172 1571 nec
2203 1517 2629 1586 postcommunio
2654 1526 2920 1571 cantatur.

1942 1604 2029 1658 i5.
2059 1607 2429 1660 (Iommunicat
2465 1616 2640 1661 autem
2673 1609 2819 1662 solus
2849 1609 3082 1677 pontifex
3126 1610 3241 1664 sine
3287 1611 3441 1665 mini-

1865 1698 2008 1764 stris,
2044 1713 2146 1752 non
2176 1698 2239 1751 ad
2270 1699 2450 1753 sedem
2478 1699 2810 1766 solemniter,
2836 1700 2929 1755 sed
2962 1700 3029 1754 ibi
3054 1710 3254 1755 tantum
3282 1716 3347 1757 eo
3363 1702 3449 1757 die

181 1788 618 1857 presbyterorum
647 1786 994 1841 cardinalium
1043 1787 1177 1842 ferat
1223 1787 1537 1842 adornatum
1587 1789 1753 1855 capsi-
1793 1780 1836 1838 B
1865 1799 1989 1843 ante
2018 1788 2205 1854 altare,
2253 1791 2322 1843 ob
2367 1789 2717 1845 humilitatem
2764 1792 3078 1845 reverentire
3121 1792 3211 1846 Dei
3241 1801 3300 1851 et
3324 1806 3448 1858 pas-

180 1879 308 1931 dt‘lll
341 1894 462 1932 cum
493 1877 759 1931 dominico
787 1893 1011 1947 corpore
1042 1878 1291 1933 hesterna
1332 1880 1418 1933 die
1448 1890 1719 1933 reservato
1746 1897 1759 1945 ;

180 1982 233 2023 et
264 1972 341 2023 sic
371 1970 725 2024 subdiaconus
773 1984 892 2023 cum
946 1972 1117 2039 papali
1164 1986 1321 2026 cruce
1359 1972 1758 2026 Processionent

181 2062 538 2131 prsccedente,
570 2077 757 2116 omnes
790 2062 1097 2117 discalceati
1144 2063 1263 2118 sine
1297 2073 1454 2117 cantu
1487 2064 1761 2133 psallendo

179 2156 245 2209 ad
273 2154 552 2209 ecclesiam
583 2162 780 2209 sancta:
812 2154 1024 2220 Crucis,
1057 2172 1177 2226 qua:
1207 2166 1287 2212 est
1314 2157 1632 2228 Jerusalem,
1672 2159 1759 2212 ubi

183 2248 344 2301 statio
376 2247 489 2300 ﬁeri
517 2245 695 2302 debet.
720 2246 963 2300 ordinate
988 2257 1182 2312 tamen,
1209 2248 1517 2317 procedant,
1550 2251 1759 2318 quando

181 2337 431 2390 dounnus
461 2350 592 2405 papa
621 2344 703 2390 est
732 2335 998 2389 Laterani.
1029 2340 1161 2390 Cum
1204 2345 1378 2391 autem
1414 2338 1538 2391 illuc
1566 2354 1757 2405 perve-

184 2429 381 2492 nt-rint,
428 2424 792 2494 ingrediuntur
834 2426 1112 2480 ecclesiam
1154 2426 1270 2481 sine
1306 2436 1483 2492 cantu,
1526 2438 1581 2482 et
1635 2443 1748 2497 pro-

184 2518 340 2572 strati
386 2519 436 2570 in
483 2515 656 2571 medio
700 2517 940 2571 ecclesiae
986 2515 1186 2571 diutius
1231 2525 1401 2572 orent.
1456 2517 1759 2589 Presbyter,

184 2609 273 2676 qui
306 2614 481 2676 portat
508 2621 703 2676 corpus
731 2606 929 2662 Christi
975 2607 1030 2661 in
1081 2609 1369 2663 secretario
1409 2619 1565 2677 ponat
1606 2610 1759 2679 illud,

184 2700 310 2750 dum
342 2698 585 2752 dominus
625 2712 755 2767 papa
788 2708 1048 2767 prmparat
1077 2713 1154 2753 se.
1189 2699 1285 2754 lllo
1328 2710 1644 2768 praeparato,
1675 2717 1760 2754 rc-

188 2803 270 2854 pm
290 2795 363 2840 tet
396 2786 519 2839 illud
550 2795 672 2840 ante
698 2786 970 2840 dominum
1005 2802 1193 2856 papam
1223 2788 1276 2841 in
1323 2789 1669 2844 Processione
1693 2790 1758 2843 ad

186 2878 375 2930 altare.
422 2876 710 2945 Surgentes
758 2876 825 2930 ab
868 2877 1143 2943 Oratione,
1176 2878 1423 2933 dominus
1465 2895 1595 2949 papa
1640 2895 1759 2935 cum

185 2968 331 3020 clero
362 2966 519 3019 intret
547 2966 913 3031 secretarium,
961 2974 1036 3032 et,
1070 2967 1334 3022 abstracta
1384 2969 1596 3037 planeta
1640 2985 1757 3025 cum

183 3057 311 3126 palli
336 3077 366 3122 ι,
398 3058 576 3112 sedeat
621 3060 670 3112 in
712 3058 839 3113 sede
875 3074 990 3123 sua,
1024 3066 1079 3112 et
1111 3059 1234 3113 lotis
1280 3062 1503 3129 pedibus
1533 3064 1761 3117 ministri

1868 1878 2075 1931 sionem
2120 1877 2337 1932 Christi.
2394 1878 2459 1932 Et
2504 1878 2633 1933 feria
2683 1888 2834 1934 sexta
2885 1880 3206 1949 praecedenti
3262 1870 3449 1951 [Forte

1846 1967 2165 2039 praesenti],
2195 1978 2249 2023 et
2272 1971 2486 2037 quando
2516 1971 2815 2032 celebratur
2857 1986 2951 2039 pro
2982 1968 3265 2037 defunctis,
3317 1987 3442 2041 pcr-

1868 2058 2129 2113 fusiuuem
2163 2059 2287 2114 facit
2311 2060 2363 2113 in
2390 2062 2574 2126 calice,
2604 2069 2659 2115 et
2686 2060 2798 2129 ipse
2819 2062 2999 2125 sumit,
3024 2073 3075 2114 et
3104 2072 3285 2129 postea
3310 2063 3450 2117 lavat

1866 2164 1985 2203 cum
2033 2165 2167 2217 aqua
2218 2149 2270 2203 in
2322 2142 2604 2205 bacilibus.
2652 2152 2849 2206 Deinde
2888 2153 3099 2208 rediens
3148 2155 3212 2207 ad
3255 2154 3440 2208 sedem

1865 2248 2024 2293 exuat
2050 2255 2131 2305 se,
2149 2250 2340 2294 etcum
2367 2242 2578 2295 clericis
2609 2243 2719 2296 suis
2742 2241 2883 2297 dicat
2910 2243 3166 2312 Vesperas
3190 2245 3443 2313 praeteriti

1863 2330 1989 2397 diei,
2023 2346 2125 2385 non
2150 2333 2435 2398 cantando,
2469 2332 2560 2386 sed
2593 2333 2888 2387 recitando.

2378 2422 2444 2478 In
2483 2424 2708 2478 Sabbato
2734 2434 2932 2481 sancto.

1942 2514 2029 2571 16.
2064 2516 2203 2571 liora
2248 2526 2397 2571 sexta
2435 2518 2758 2572 conveniunt
2785 2531 2972 2572 omnes
3018 2516 3086 2570 ad
3132 2516 3450 2583 ecclesiam,

1867 2622 2094 2663 excusso
2120 2623 2259 2663 novo
2298 2608 2421 2679 igne
2449 2610 2516 2664 de
2542 2609 2815 2679 crystallo,
2848 2609 2961 2663 sive
2987 2608 3053 2663 de
3079 2609 3271 2678 lapide,
3304 2597 3445 2663 unde

1869 2717 2055 2758 cereus
2084 2703 2243 2759 debet
2259 2719 2289 2757 a
2313 2704 2536 2758 diacono
2558 2702 2797 2758 accendi.
2818 2701 3129 2758 Benedictio
3151 2717 3269 2770 qua:
3290 2702 3450 2757 debet

1870 2792 1983 2847 fieri
2006 2810 2034 2845 a
2052 2793 2264 2861 iuniore
2294 2794 2602 2865 presbytero
2631 2791 2909 2847 cardinali.
2936 2792 3152 2847 Oratio:
3176 2790 3310 2845 Deus
3355 2793 3441 2859 qui

1869 2901 1958 2955 per
2004 2884 2200 2939 Filium
2247 2894 2411 2953 tuum,
2462 2885 2758 2955 angularem
2800 2884 2990 2938 scilicet
3038 2883 3279 2954 lapidem,
3311 2891 3445 2947 etc.,

1870 2972 2123 3027 valeamus
2150 2979 2277 3043 festa
2308 2976 2607 3046 pertingere,
2640 2991 2728 3045 per
2753 2975 3003 3039 eumdem,
3033 2982 3137 3028 etc.
3173 2974 3289 3028 Alia
3312 2974 3447 3026 Ora-

1872 3066 1945 3121 tio
1977 3084 1992 3125 :
2025 3066 2240 3120 Domine
2282 3065 2445 3130 Deus,
2491 3065 2647 3118 Pater
2676 3065 3012 3135 omnipotens,
3054 3064 3224 3117 lumen
3268 3062 3450 3130 inde/i-

184 3148 414 3203 calcieut
464 3165 583 3203 cum
632 3149 937 3218 quotidiana
995 3152 1363 3207 calciamenta.
1425 3153 1653 3210 Veniens
1700 3158 1763 3210 a-l
1796 3142 1843 3203 Ο
1874 3160 2031 3224 ciens,
2063 3166 2192 3222 etc.,
2224 3167 2280 3210 ut
2325 3157 2393 3210 ad
2424 3158 2578 3210 vitam
2612 3165 2661 3210 et
2702 3157 2864 3210 lucem
2904 3164 3149 3209 cateruam
3200 3155 3456 3224 pervenire

185 3239 560 3304 faidistorium,
592 3240 720 3294 dicit
750 3240 986 3307 Nonam;
1019 3251 1075 3296 et
1100 3250 1219 3311 post
1248 3242 1515 3312 paululum
1543 3245 1768 3299 reindu-

188 3339 272 3383 tus
301 3330 511 3399 planeta
544 3339 598 3386 et
639 3330 818 3401 pallio.
849 3339 1121 3400 praeunte
1166 3348 1285 3388 eum
1317 3348 1475 3389 cruce
1509 3344 1561 3389 et
1596 3335 1768 3388 Evan-

184 3421 347 3489 gelio,
381 3421 500 3477 sine
529 3422 877 3478 iuminaribus
920 3431 973 3478 et
1013 3424 1250 3490 incenso,
1281 3439 1402 3479 cum
1435 3425 1649 3480 silentio
1677 3441 1768 3480 or—

186 3512 371 3566 dinate
400 3513 466 3567 ad
498 3514 669 3571 altare
714 3516 1027 3585 procedant,
1058 3525 1113 3571 et
1144 3525 1267 3572 tunc
1303 3533 1488 3573 omnes
1520 3520 1766 3587 prostrati

186 3603 389 3656 diutius
418 3611 592 3659 orent.

264 3693 353 3748 14.
399 3695 612 3750 Interim
642 3704 819 3751 autem
865 3697 1090 3752 ministri
1121 3714 1275 3751 unam
1310 3708 1507 3750 tantum
1540 3699 1765 3754 tualcam

188 3784 482 3838 extendant
500 3800 660 3853 super
685 3786 850 3840 altare
878 3770 1154 3840 nudatum.
1189 3786 1461 3855 Completa
1488 3803 1612 3841 vero
1638 3788 1767 3842 Ora-

193 3874 344 3927 tione
375 3875 505 3928 nihil
533 3876 672 3930 aliud
697 3875 859 3943 dicat,
885 3892 984 3931 nec
1010 3876 1398 3931 confessionem
1431 3878 1604 3931 faciat.
1635 3878 1769 3930 Pon-

189 3966 319 4021 tifex
366 3968 669 4024 deosculato
697 3969 850 4023 altari
896 3969 1150 4025 ascendat
1176 3969 1359 4024 sedem
1391 3985 1539 4024 more
1582 3970 1764 4037 solito,

190 4072 299 4111 non
332 4068 507 4113 tanien
551 4060 603 4112 in
644 4061 770 4115 sede
796 4073 979 4114 ornata
1015 4070 1068 4115 et
1096 4059 1337 4126 solemni,
1370 4059 1462 4115 sed
1498 4061 1550 4113 in
1588 4058 1769 4114 ialdis-

194 4149 334 4203 torio
377 4150 443 4203 ad
489 4151 731 4205 dextrum
776 4152 979 4216 altaris,
1010 4153 1156 4221 quasi
1187 4161 1309 4206 ante
1335 4152 1399 4205 ad
1431 4151 1643 4222 gradus,
1681 4152 1767 4206 ubi

190 4248 302 4293 stat
346 4241 700 4297 subdiaconus
739 4244 789 4297 iu
837 4244 1032 4310 Missa;
1089 4253 1144 4299 et
1186 4244 1546 4299 subdiaconus
1589 4244 1768 4298 statim

192 4334 451 4398 procedat
493 4334 556 4388 ad
605 4336 907 4404 legendum,
939 4346 994 4392 et
1033 4337 1147 4391 sine
1195 4337 1348 4391 titulo
1376 4338 1456 4392 sic
1502 4337 1767 4406 incipiat:

189 4422 324 4477 Iltec
349 4424 467 4477 dicit
493 4424 740 4481 Dominus
764 4443 784 4481 :
816 4428 878 4481 In
916 4428 1241 4481 tribulatione
1281 4445 1397 4483 sua.
1448 4430 1508 4483 in
1542 4437 1667 4483 tono
1697 4430 1773 4485 le-

1874 3264 2172 3301 mereamur.
2224 3246 2346 3300 Prr.
2393 3247 2507 3299 Alia
2550 3245 2734 3298 Oratio
2775 3261 2788 3298 :
2836 3243 3052 3297 Domine
3087 3252 3258 3297 sancte
3298 3241 3453 3296 Pater

1874 3340 2217 3408 omnipotens,
2249 3344 2378 3403 etc.,
2429 3350 2475 3392 et
2504 3338 2697 3407 adjuva
2734 3351 2849 3398 nos,
2892 3335 2980 3404 qui
3025 3334 3144 3387 vivis
3187 3343 3233 3386 et
3273 3350 3458 3403 regnas

1874 3447 1986 3483 cum
2013 3431 2189 3485 eodem
2235 3429 2506 3499 Unigenito
2532 3438 2619 3482 tuo
2646 3437 2693 3481 et
2724 3428 2924 3497 Spiritu
2960 3437 3133 3481 sancto
3165 3425 3325 3491 Deus,
3363 3442 3453 3494 per

1874 3520 2048 3573 omnia
2078 3519 2270 3574 swcula
2300 3516 2625 3571 swculorum.
2663 3516 2841 3569 Amen.
2874 3514 3179 3570 Benedictio
3204 3516 3404 3568 incensi
3435 3530 3451 3567 ι

1890 3608 2085 3675 Veniat,
2116 3624 2424 3679 quwsumus,
2472 3609 2791 3676 omnipotens
2821 3605 2977 3672 Deus,
3016 3615 3143 3671 etc.,
3171 3604 3327 3657 virtus
3356 3613 3457 3657 tua:

1878 3698 2160 3768 Majestatis
2198 3699 2427 3752 assistat.
2471 3696 2595 3750 Per.
2640 3693 2927 3750 Benedicto
2957 3695 3097 3763 igne,
3142 3701 3455 3763 aSpergatur

1875 3802 2009 3855 aqua
2040 3788 2338 3851 benedicta,
2370 3795 2423 3841 et
2452 3786 2729 3841 adoleatur
2756 3786 2996 3840 incenso.
3024 3783 3225 3838 Deinde
3256 3796 3449 3851 proce-

1876 3879 2030 3932 datur
2061 3879 2126 3931 ad
2162 3878 2593 3931 Benedictionem
2623 3877 2788 3932 cerei.

1946 3972 2028 4023 l7.
2070 3971 2283 4025 interim
2313 3970 2438 4023 dum
2469 3984 2656 4024 cereus
2687 3968 3036 4032 benedicitur,
3064 3967 3299 4037 pontifex
3331 3982 3467 4022 cum

1878 4058 2234 4115 cardinatibus
2270 4057 2428 4127 104
2453 4068 2508 4113 et
2532 4059 2741 4113 caneris
2772 4058 2969 4112 scholis
3009 4058 3249 4126 procedit
3276 4057 3341 4110 ad
3370 4058 3450 4110 al-

1880 4164 2011 4219 tare,
2036 4162 2107 4214 et,
2135 4152 2269 4205 facta
2298 4152 2618 4217 reverentia,
2639 4150 2871 4203 ascendit
2898 4158 2961 4201 att
2984 4159 3223 4202 ornatam
3246 4149 3449 4205 sedent.

1876 4246 2245 4300 Subdiacunus
2274 4259 2422 4309 vero,
2463 4243 2606 4298 finita
2657 4242 3031 4297 Benedictione
3069 4241 3230 4305 cerei,
3265 4256 3453 4294 ascen-

1877 4338 2013 4391 dens
2035 4335 2313 4390 ambot.em
2339 4333 2524 4402 incipit
2556 4334 2732 4401 legere
2761 4332 2875 4384 sine
2901 4330 3050 4384 titulo
3074 4347 3088 4383 :
3116 4328 3178 4382 In
3201 4330 3456 4399 principio

1882 4426 2015 4479 Deus
2056 4426 2245 4478 creavit
2280 4424 2460 4477 caelum
2495 4432 2539 4476 et
2571 4431 2777 4475 terram.
2813 4422 2888 4475 Eo
2920 4435 3047 4475 vero
3079 4420 3365 4490 completo,
3412 4422 3458 4474 si

189 4515 388 4569 ctionis
419 4516 654 4577 lcgantur
696 4517 951 4573 lectiones
999 4521 1118 4574 sine
1150 4521 1445 4574 reverentia
1497 4527 1551 4575 et
1594 4519 1774 4574 osculo
1806 4507 1853 4567 D
1882 4519 2124 4574 dominus
2174 4533 2305 4587 papa
2337 4517 2484 4581 velit,
2542 4516 2759 4570 Grzecus
2802 4515 3159 4569 subdiaconus
3208 4514 3453 4567 eamdem

189 4605 413 4675 pedum.
478 4606 646 4661 Finita
696 4608 919 4663 lectione
982 4617 1222 4663 cantatur
1274 4607 1497 4664 Tractus
1557 4608 1772 4662 Domine

190 4696 365 4750 audivi
409 4697 642 4749 auditum
689 4709 851 4750 tuum.
896 4698 1070 4752 Finito
1101 4699 1313 4760 Tracta,
1355 4698 1493 4753 dicat
1536 4697 1773 4765 pontifex

193 4785 436 4849 Oremus,
465 4795 518 4839 et
544 4786 801 4840 diaconus
831 4784 1121 4840 Flectamus
1148 4804 1332 4859 genua.
1374 4787 1533 4854 Resp.
1569 4784 1772 4840 Levate.

191 4878 263 4930 lit
291 4877 424 4929 dicat
450 4876 776 4942 Orationem,
808 4876 963 4942 Deus,
992 4898 1023 4931 α
1052 4895 1149 4945 quo
1172 4888 1217 4931 et
1237 4878 1423 4931 ludas.
1456 4877 1570 4943 Qua
1602 4876 1770 4944 ﬁnita,

189 4967 547 5022 subdiacvnns
598 4968 733 5036 legtt
785 4969 1029 5023 similiter
1073 4969 1189 5023 sine
1238 4969 1388 5022 titulo
1429 4984 1441 5021 :
1484 4966 1550 5020 In
1593 4968 1770 5020 diebus

190 5048 301 5111 illis
328 5059 445 5110 dicit
469 5056 717 5110 Dominus
751 5058 818 5109 ad
846 5057 1078 5128 Moysen.
1108 5060 1330 5113 Tractus
1378 5058 1532 5116 Eripe
1562 5073 1639 5110 me
1668 5056 1776 5109 Do-

191 5150 372 5211 mine;
405 5163 508 5215 quo
558 5149 726 5214 linito,
776 5146 1047 5212 diaconus,
1097 5148 1231 5202 facta
1288 5148 1603 5213 reverentia,
1657 5148 1776 5201 sine

192 5240 594 5308 Denedictione,
645 5241 886 5309 procedit
924 5257 1043 5295 cum
1096 5241 1402 5310 Evangelio,
1451 5241 1603 5314 103
1655 5240 1774 5295 sine

191 5332 385 5384 faculis
428 5341 480 5384 et
521 5332 637 5387 sine
666 5333 907 5398 incenso,
941 5340 993 5385 et
1022 5331 1315 5387 ascendens
1364 5335 1561 5386 nudum
1604 5328 1775 5398 pulpi-

194 5430 308 5472 tum
354 5420 600 5487 similiter
647 5422 830 5491 incipit
879 5439 893 5476 :
952 5421 1134 5477 Passio
1182 5421 1390 5475 Domini
1440 5423 1605 5476 nostri
1650 5420 1775 5474 Jesu

193 5508 390 5563 Christi
431 5513 706 5566 secundum
735 5512 1007 5569 Joannem.
1052 5515 1113 5569 Ei
1146 5515 1291 5569 nullo
1320 5515 1670 5583 respmtdente
1692 5516 1771 5569 le-

193 5612 287 5671 gat
319 5620 334 5659 :
366 5600 433 5657 In
465 5605 554 5658 illo
580 5613 825 5676 tempore,
855 5624 1078 5678 egressus
1117 5605 1268 5661 Iesus
1297 5616 1435 5661 trans
1477 5615 1768 5661 torrentem.

1881 4611 2162 4664 lectionem
2194 4609 2379 4663 Gtrece
2412 4608 2624 4676 relegit;
2654 4621 2755 4674 qua
2798 4605 3030 4672 expleta,
3068 4603 3195 4657 dicit
3222 4604 3455 4672 pontifex

1883 4699 2096 4753 Oremus
2116 4738 2130 4762 ,
2162 4698 2419 4752 diaconus
2449 4695 2744 4750 Flectamus
2774 4712 2967 4765 genua,
3002 4704 3053 4750 et
3074 4735 3089 4761 ,
3120 4703 3237 4762 post
3264 4697 3459 4763 paulu-

1880 4790 2012 4855 lum,
2055 4788 2258 4842 Levate.
2313 4788 2380 4843 Et
2424 4787 2656 4841 vicissim
2698 4786 2877 4840 dicant
2918 4785 3149 4847 diac0ni,
3191 4785 3233 4839 si
3280 4786 3483 4854 plures

1878 4890 2017 4946 sunt,
2059 4879 2356 4933 Flectamus
2396 4895 2583 4949 genua,
2631 4886 2684 4933 ct
2728 4876 2929 4931 Levate.
2976 4876 3179 4934 Deinde
3218 4877 3458 4945 sequitur

1880 4970 2083 5035 Oratio,
2116 4979 2169 5023 et
2197 4970 2273 5024 sic
2305 4985 2398 5039 per
2427 4970 2772 5038 ordincmxn
2808 4968 3017 5034 Latine,
3064 4978 3115 5021 et
3144 4984 3220 5021 xn
3248 4967 3454 5030 Graece,

1881 5064 2019 5114 sicut
2055 5060 2270 5114 domino
2314 5074 2465 5127 papae
2504 5060 2694 5126 placet,
2729 5059 2961 5113 vicissim
3010 5058 3272 5126 leguntur.
3323 5056 3454 5108 Cum

1881 5164 2059 5206 autem
2088 5160 2301 5207 ventum
2332 5150 2495 5204 fuerit
2532 5150 2597 5204 ad
2628 5150 2907 5203 lectionem
2936 5165 3038 5218 qua
3069 5148 3259 5217 legitur
3285 5146 3460 5201 Nabu-

1882 5243 2238 5308 chodonosor,
2268 5241 2331 5295 ad
2363 5243 2505 5295 illam
2535 5240 2840 5317 Orationem
2865 5254 2981 5307 qua:
3004 5239 3242 5308 sequitur
3265 5238 3459 5291 dicitur

1886 5335 2121 5400 Oremus,
2166 5343 2220 5388 et
2268 5347 2371 5387 non
2424 5329 2716 5385 Flectamus
2757 5346 2942 5399 genua,
2976 5344 3041 5384 eo
3072 5330 3210 5398 quod
3252 5344 3342 5383 rex
3372 5327 3461 5382 ille

1883 5438 2094 5484 omnem
2127 5424 2376 5492 populum
2409 5421 2511 5475 sub
2551 5420 2750 5476 ditione
2777 5428 3016 5491 coegerat
3050 5420 3267 5475 ﬂectere
3289 5434 3460 5488 genua

1879 5525 2002 5569 ante
2029 5522 2257 5568 statuam
2286 5525 2501 5565 auream
2544 5526 2703 5579 quam
2744 5520 3024 5576 erexerat;
3076 5509 3214 5581 quod
3269 5509 3460 5563 Eccle-

1879 5605 1955 5657 sia
2010 5610 2260 5671 reputans
2326 5599 2525 5654 factum
2591 5599 2643 5656 in
2716 5608 3073 5671 contemptum
3132 5597 3226 5655 Dei
3287 5595 3466 5653 omni:

273 5727 300 5755 ⁸
330 5716 488 5773 Addit
530 5717 709 5775 Codex
754 5719 980 5787 Onufrii,
1023 5723 1094 5775 vel
1140 5720 1300 5775 sancti
1342 5719 1572 5790 Nicolai,
1617 5721 1660 5776 si
1697 5727 1769 5774 cst
1807 5717 1942 5790 apud
1970 5724 2201 5771 sanctum
2224 5713 2460 5771 Petrum.
