4008 6326
590 290 725 347 1015

1264 284 1604 342 APPENDIX
1644 281 1735 335 AD
1775 279 1833 336 S.
1876 278 2203 335 GREGORII
2246 279 2457 335 MAGNI
2496 281 2865 338 LITURCICA
2900 283 3149 341 OPERA.

3706 280 3850 337 101$

592 406 850 476 potentis.
886 411 1004 471 post
1031 402 1173 456 illam
1207 400 1489 454 lectionem
1519 414 1622 455 non
1654 399 1937 452 ﬂectuntur
1962 409 2152 465 genua.
2185 396 2231 454 Α
2262 394 2470 458 Patris,
2501 407 2550 449 et
2576 395 2703 448 Filii
2727 406 2776 450 et
2810 397 3040 466 Spiritus
3090 399 3276 455 sancti.
3316 398 3497 451 Amen.
3546 397 3649 450 llic
3679 406 3852 449 mutet

664 498 750 553 18.
775 497 877 553 Sed
906 495 1043 549 inter
1073 493 1205 558 hmc,
1234 491 1359 545 dum
1384 489 1641 545 lectiones
1664 489 1929 558 leguntur,
1952 494 2154 553 septem

588 582 900 642 subdiaconi
951 596 1162 637 crucem
1215 589 1523 649 portantes.
1583 576 2006 647 praecedentibus
2062 589 2157 629 eos

588 675 870 748 acolytbis,
906 684 1212 730 reverenter
1246 671 1579 726 descendunt
1614 670 1678 724 ad
1722 667 2154 723 Benedictionetn

589 769 835 829 fontium,
866 776 920 821 et
950 765 1149 819 faciunt
1168 764 1239 818 ibi
1260 764 1504 823 iitaniam
1531 772 1828 832 septenam,
1861 760 2077 830 quinam
2105 768 2160 814 et

590 857 803 911 trinam.
838 855 904 910 Et
926 869 1063 908 unus
1088 854 1427 910 sacerdotum
1455 852 1833 908 canonicorum
1862 852 1913 904 in
1942 864 2158 916 compe-

591 947 718 1001 tenti
751 947 873 1000 loco
895 944 1189 1000 catccltizat
1222 952 1630 1013 reprtcsentatos
1674 942 1777 996 sibi
1821 939 2073 1004 infantes,
2105 945 2160 992 et

587 1036 789 1091 fac‘cns
817 1050 1029 1090 crucem
1059 1050 1181 1089 cum
1212 1035 1403 1104 pollice
1432 1035 1483 1089 in
1516 1033 1777 1090 frontibus
1805 1030 2156 1100 singulorum,

584 1126 711 1179 dicit
744 1142 760 1179 :
794 1124 859 1179 In
886 1126 1087 1179 nomine
1128 1124 1303 1179 Patris
1336 1124 1369 1195 1-
1417 1132 1464 1178 et
1502 1123 1631 1178 Filii
1667 1122 1709 1194 ’1-
1748 1131 1796 1177 et
1844 1122 2075 1191 Spiritus
2118 1123 2160 1192 ’ξ’

586 1217 765 1270 sancti.
793 1217 976 1270 Amen.
1002 1215 1190 1269 Postea
1217 1215 1385 1285 posita
1409 1230 1566 1269 manu
1596 1229 1755 1283 super
1780 1212 1953 1282 capita
1973 1227 2157 1268 eorum

586 1310 713 1363 dicit
755 1308 893 1364 hanc
933 1309 1240 1363 Orationem
1276 1327 1289 1362 :
1325 1309 1446 1363 Non
1482 1320 1530 1364 te
1567 1310 1742 1375 lateat,
1774 1308 1993 1368 Satana.
2028 1314 2157 1371 etc.,

587 1415 677 1468 per
693 1416 877 1469 aquam
907 1399 1323 1470 regenerationis,
1348 1407 1479 1465 etc.,
1507 1400 1561 1452 in
1586 1399 1789 1455 nomine
1814 1397 2022 1452 Domini
2064 1412 2161 1450 no-

586 1494 681 1545 stri
706 1489 828 1544 Iesu
854 1490 1064 1556 Christi,
1088 1490 1174 1558 qui
1197 1498 1434 1542 venturus
1462 1498 1555 1543 est.

661 1581 747 1636 l9.
781 1579 909 1635 Post
938 1580 1053 1634 inec
1080 1580 1245 1649 tangit
1274 1595 1428 1633 nares
1453 1589 1505 1635 et
1542 1594 1699 1634 aures
1724 1578 2054 1647 singulorum
2093 1575 2160 1631 de

586 1682 763 1739 sputo,
794 1682 850 1725 et
881 1670 1010 1724 dicit
1040 1687 1054 1723 :
1088 1670 1279 1740 Effeta,
1310 1672 1445 1739 quod
1466 1680 1538 1724 cst
1565 1672 1849 1739 adaperire,
1876 1670 1931 1723 in
1956 1671 2160 1722 odorem

2262 500 2466 547 vocem,
2500 486 2650 555 quasi
2713 485 2995 539 lectionem
3041 486 3266 556 legens:
3322 486 3451 539 liter:
3496 488 3647 538 nobis
3716 503 3849 555 prcr-

2258 583 2406 637 cepta
2428 618 2445 642 ,
2476 581 2581 630 etc.
2604 616 2619 641 ,
2649 585 2694 628 et
2732 574 3072 643 puriﬁcandis
3118 574 3371 628 mentibus
3411 576 3671 644 efﬁcaces.
3738 574 3843 628 Ριτ

2263 665 2536 719 Dominum
2566 676 2792 717 nostrum
2820 664 3021 723 Iesum.
3049 665 3144 720 Hic
3169 666 3317 734 ponit
3344 681 3530 719 cereos
3556 668 3607 718 iu
3624 681 3851 734 aquarii,

2259 766 2310 810 et
2339 755 2481 809 dicat
2525 755 2817 809 secundum
2866 757 3145 824 pristinum
3196 766 3380 810 tonum
3409 774 3424 809 :
3452 755 3753 809 Descendct
3797 760 3853 809 in

2260 847 2396 900 hanc
2437 847 2803 916 plenitudinem
2835 847 2993 915 fontis
3050 848 3206 900 virtus
3234 847 3460 916 Spiritus
3505 851 3698 902 sancti.
3756 848 3852 902 llic

2260 940 2438 995 sumet
2485 943 2536 995 in
2567 956 2757 1008 aquam
2804 941 2974 995 tribus
3018 940 3222 994 vicibus
3273 939 3324 994 in
3373 940 3513 994 hunc
3572 941 3847 995 modum:

2260 1030 2543 1101 Totamque
2570 1032 2726 1105 hujus
2777 1045 2925 1099 aqua:
2976 1030 3317 1084 substantiam
3370 1031 3716 1100 regenerandi
3767 1036 3848 1100 [e-

2260 1122 2445 1175 cundet
2492 1122 2745 1189 ofﬁcitm.
2800 1120 2894 1174 llic
2941 1119 3201 1173 tollantur
3247 1119 3428 1175 cerei:
3460 1119 3566 1173 llic
3612 1120 3849 1173 omnium

2262 1223 2584 1283 peccatorum
2607 1212 2822 1265 macula:
2841 1212 3136 1277 deleantur,
3165 1221 3268 1265 etc.
3289 1254 3303 1278 ,
3336 1228 3521 1265 nocant
3563 1213 3849 1282 infantiam

2260 1311 2578 1356 renascatur.
2611 1299 2715 1355 Per
2756 1299 3031 1354 Dominum
3058 1310 3323 1363 nostrum,
3351 1309 3458 1355 etc.
3501 1301 3598 1356 llic
3629 1304 3850 1355 tollatur

2263 1394 2329 1447 de
2382 1407 2518 1460 aqua
2566 1389 2845 1446 benedicta
2890 1390 2956 1444 ad
3010 1390 3365 1459 spargendum
3412 1391 3466 1444 in
3502 1393 3647 1444 omni
3694 1395 3843 1455 luco,

2264 1481 2565 1551 ubicunque
2619 1481 2865 1537 voluerit.
2919 1481 3107 1536 Postea
3186 1482 3427 1535 infundat
3498 1483 3735 1536 chrisma
3791 1483 3845 1535 in

2260 1573 2457 1628 fontem
2481 1572 2533 1625 in
2561 1572 2779 1626 modum
2799 1572 2971 1626 crucis
2993 1587 3156 1639 super
3176 1572 3341 1640 ipsam
3362 1586 3580 1639 aquam,
3606 1572 3800 1625 dicens
3826 1589 3841 1624 :

2269 1665 2425 1734 106
2447 1663 2627 1719 Sancti
2655 1663 2695 1733 -ι-
2723 1664 2920 1730 licetur,
2951 1662 3251 1731 fecundatur
3285 1663 3401 1733 fons
3422 1663 3518 1715 iste
3558 1663 3610 1715 in
3630 1664 3843 1714 nomine

586 1761 872 1815 suavitatis.
904 1760 980 1813 Tu
1004 1770 1172 1814 autem
1211 1760 1456 1830 e/j‘ugare,
1493 1760 1708 1825 diabote,
1735 1759 2157 1829 appropinquavit
2192 1756 2240 1814 Β
2271 1754 2347 1809 Pa
2370 1756 2409 1824 ἰ-
2432 1755 2523 1807 tris
2552 1762 2598 1807 ct
2619 1752 2687 1807 Fi
2716 1751 2755 1823 1·
2784 1751 2841 1805 lii
2868 1760 2915 1804 et
2944 1753 3166 1822 Spiritus
3195 1752 3236 1821 -ι-
3260 1753 3444 1805 sancti.
3480 1754 3663 1805 Amen.
3684 1752 3842 1806 Tune

590 1854 723 1905 enim
763 1853 1021 1922 judicium
1052 1850 1168 1904 Dei.
1198 1852 1346 1906 Tunc
1374 1852 1617 1905 invocato
1660 1852 1874 1907 nomine
1902 1850 2152 1905 uniuscu-

584 1942 781 2011 jusque
808 1941 937 1995 dicit
970 1959 982 1993 :
1021 1942 1356 1994 Abrenuntias
1384 1941 1627 1995 Solatur?
1650 1941 2156 2009 Resp.Abrennntio.

591 2030 655 2084 Et
677 2030 908 2083 omnibus
936 2029 1167 2093 operibus
1198 2031 1353 2099 ejus?
1378 2030 1535 2095 Resp.
1567 2028 1899 2083 Abrenuntio.
1945 2029 2009 2083 Et
2052 2048 2160 2084 ont-

587 2121 735 2173 nibus
769 2120 969 2188 pomst
1002 2120 1158 2188 ejus?
1195 2119 1357 2188 Resp.
1392 2120 1722 2173 Abrenuntio.
1767 2120 1954 2174 Postea
1995 2130 2044 2174 la
2071 2120 2162 2187 ‘git

592 2207 798 2264 tleoleo
850 2219 1035 2262 sancto
1084 2218 1269 2276 pectus
1325 2218 1380 2262 et
1422 2210 1558 2262 intrr
1605 2209 1867 2278 scapulas,
1920 2209 2160 2264 faciendo

586 2312 799 2352 crucem
822 2312 942 2352 cum
970 2298 1183 2367 pollice,
1210 2308 1263 2353 et
1292 2299 1420 2352 dicit
1445 2316 1459 2352 :
1487 2298 1556 2352 Et
1585 2315 1676 2368 ego
1705 2309 1752 2353 te
1783 2299 1910 2353 linio
1938 2302 2050 2352 oleo
2070 2315 2157 2352 sa-

587 2389 707 2444 lutis
738 2389 788 2442 in
818 2379 1021 2443 Christo
1048 2388 1176 2443 Jesu
1209 2389 1428 2443 Domine
1450 2401 1621 2443 nostro
1644 2392 1694 2443 in
1718 2393 1873 2443 vitam
1895 2401 2158 2458 wternam,

586 2495 754 2534 amen.
784 2483 934 2536 Tunc
963 2481 1208 2550 imposita
1240 2497 1399 2536 manu
1434 2483 1626 2537 iterum
1656 2497 1817 2551 super
1858 2485 2031 2554 capita
2061 2498 2158 2538 eo—

588 2587 729 2634 rum,
754 2566 898 2625 dicat
925 2570 1232 2626 Orationem
1254 2570 1571 2627 dominicam
1598 2584 1649 2628 et
1679 2573 2015 2643 Symbolum.

660 2659 751 2716 20.
793 2659 1086 2715 lnfautibns
1117 2676 1247 2715 vero
1283 2661 1645 2729 catecltizatis,
1689 2672 1742 2715 et
1773 2661 1935 2716 finitis
1976 2663 2161 2717 lectio—

588 2749 772 2813 nibus,
815 2759 872 2805 et
909 2751 1249 2807 Orationibus
1286 2752 1438 2822 105
1487 2762 1539 2806 et
1582 2751 1799 2807 canticis
1840 2751 2159 2817 decantatis,

590 2842 822 2909 pontifex
852 2858 972 2897 eum
1005 2844 1148 2897 onini
1189 2843 1369 2898 scitula
1408 2845 1722 2899 clericorum
1771 2844 2049 2900 descendit
2091 2845 2158 2900 ad

591 2932 981 2987 benedicendus
1035 2934 1228 3000 fontes,
1276 2935 1696 3004 praecedentibus
1742 2936 2158 2993 subdiacnnibus

589 3037 713 3075 cum
745 3038 901 3078 cruce
940 3034 992 3078 et
1032 3024 1224 3089 facula,
1254 3035 1306 3080 et
1362 3026 1460 3077 alia
1492 3029 1791 3081 necessaria
1836 3027 1902 3081 ad
1934 3029 2161 3084 Benedi-

2264 1844 2483 1898 ntisceat
2509 1843 2684 1911 ipsum
2713 1841 2943 1896 chrisma
2991 1853 3111 1892 cum
3140 1838 3326 1892 eadem
3355 1854 3514 1908 aqua,
3544 1850 3598 1895 et
3620 1849 3843 1909 spargat

2261 1949 2380 1989 cum
2408 1949 2567 1987 manu
2597 1948 2689 2002 per
2717 1941 2882 1986 totum
2913 1929 3136 1984 fontem.

2331 2024 2422 2078 22.
2468 2023 2846 2079 Benedictione
2873 2021 3157 2089 completa,
3198 2018 3402 2075 secedit
3447 2018 3724 2087 paululum
3762 2018 3835 2071 ibi

2262 2121 2315 2174 in
2353 2120 2644 2175 secretario
2684 2121 2832 2189 juxta
2885 2116 3093 2185 fontes;
3124 2129 3177 2175 et
3223 2118 3488 2172 abstracta
3541 2118 3753 2186 planet:
3786 2126 3840 2170 et

2262 2213 2448 2282 pallio,
2480 2212 2715 2282 acolytlti
2760 2220 3063 2281 praeparant
3116 2226 3270 2275 cum,
3316 2210 3457 2264 sicut
3503 2208 3839 2263 consuetudo

2262 2310 2362 2358 est.
2392 2302 2727 2371 Praeparatus
2748 2316 2873 2357 vero
2890 2300 3188 2372 regreditur
3209 2299 3275 2354 ad
3300 2299 3493 2367 fontes,
3524 2308 3581 2353 et
3602 2314 3838 2367 presen-

2262 2397 2387 2450 tatis
2417 2395 2517 2450 sibi
2546 2395 2857 2461 infantibus,
2917 2394 3119 2448 Joanne
3158 2392 3363 2447 scilicet
3383 2430 3399 2454 ,
3456 2392 3572 2444 sive
3598 2389 3759 2444 Petro
3785 2401 3840 2443 et

2263 2488 2450 2551 Maria,
2485 2487 2779 2555 interroget
2828 2484 3142 2539 olferetttem
3171 2501 3181 2534 :
3210 2481 3338 2545 Quis
3375 2482 3615 2535 uocaris?
3670 2480 3837 2548 Resp.

2260 2578 2511 2632 Joannes.
2542 2578 2776 2631 lnculcat
2803 2585 2856 2631 et
2878 2576 3039 2641 dicit,
3063 2572 3289 2626 Joannes
3316 2614 3333 2639 ,
3382 2571 3551 2626 credis
3590 2572 3646 2624 in
3673 2569 3838 2623 Deum

2262 2666 2469 2723 Patrem
2498 2669 2904 2735 omnipotentem,
2929 2677 3204 2719 creatorem
3231 2664 3343 2718 caeli
3369 2674 3415 2717 et
3456 2664 3647 2717 terris?
3676 2662 3836 2730 Resp.

2264 2756 2448 2811 Credo.
2477 2757 2732 2825 luterrog.
2760 2755 2936 2811 Credis
2970 2767 3017 2810 et
3048 2758 3098 2809 in
3120 2755 3297 2809 Jcsum
3327 2753 3611 2818 Christum,
3646 2753 3837 2806 Filium

2263 2846 2373 2914 ejus
2398 2846 2623 2911 unicum,
2683 2845 2957 2899 Dominum
3011 2856 3241 2899 nostrum
3283 2856 3453 2898 natum
3505 2855 3555 2897 et
3588 2846 3839 2915 passum!

2264 2936 2426 3005 Resp.
2455 2936 2640 2991 Credo.
2670 2934 3110 3006 lutcrrog.Credis
3138 2944 3185 2989 et
3212 2935 3265 2989 in
3297 2935 3554 3005 Spiritum
3582 2942 3837 2999 sanctum,

2262 3037 2492 3081 sanctam
2518 3025 2798 3081 Ecclesium
2826 3027 3131 3080 catholicam
3156 3065 3172 3093 ,
3195 3033 3488 3081 sanctorum
3510 3028 3842 3079 comarumc-

591 3112 820 3166 ctionem
853 3114 1099 3180 fontium,
1124 3116 1427 3175 primicerio
1448 3126 1499 3170 ct
1519 3118 1822 3170 cantoribus
1846 3118 2160 3174 decantante
2190 3114 2234 3177 C
2265 3133 2381 3171 nem
2398 3157 2413 3182 ,
2444 3118 2783 3171 remissionem
2805 3118 3028 3171 omnium
3052 3126 3389 3186 peccatorum,
3415 3118 3582 3170 carnis
3613 3131 3843 3171 ηεαηεο

594 3201 839 3256 Tractum
886 3203 1029 3257 Sicut
1074 3215 1251 3259 cervus
1296 3206 1545 3260 desiderat
1592 3207 1661 3260 ad
1698 3209 1862 3277 fontes
1888 3225 2160 3279 aquarum,

592 3293 916 3348 subdiaconn
958 3310 1086 3350 vero
1111 3305 1164 3349 et
1189 3297 1410 3364 reliquis
1438 3297 1501 3351 de
1531 3296 1674 3351 clero
1700 3298 1936 3353 litaniam
1962 3300 2160 3355 facien-

594 3383 755 3438 tibus.
794 3383 898 3440 Sed
942 3397 1225 3456 antequam
1253 3385 1414 3442 intret
1442 3388 1507 3442 ad
1542 3387 1992 3456 Benedictionem,
2034 3391 2163 3445 dicit

596 3471 732 3528 banc
776 3476 1080 3528 Orationem
1121 3476 1266 3544 juxta
1320 3478 1515 3530 fontem
1552 3494 1565 3529 :
1602 3476 1932 3542 Omnipotens
1970 3479 2161 3547 sempi-

592 3577 732 3619 terne
773 3566 927 3630 Deus,
961 3580 1089 3631 etc.,
1127 3569 1346 3622 animam
1389 3585 1670 3637 corpusque
1705 3571 2003 3639 sanctiﬁcet.
2036 3570 2159 3625 Per.

593 3657 794 3713 Deinde
842 3660 1084 3714 ascendit
1130 3661 1343 3728 gradus,
1391 3660 1683 3715 astantibus
1728 3660 1989 3717 miniStris
2039 3662 2161 3716 hinc

592 3749 715 3805 inde
763 3766 882 3804 cum
933 3750 1142 3816 facu’is,
1187 3752 1428 3822 laetoque
1470 3753 1684 3807 silentio
1730 3752 1861 3806 dicit
1910 3751 2159 3807 Dominus

590 3841 862 3895 vobiscum.
895 3841 1053 3910 Resp.
1086 3841 1145 3894 Et
1177 3858 1286 3895 cunt
1315 3844 1497 3911 spiritu
1540 3853 1646 3896 tuo.
1694 3844 1926 3899 Oremus.
1972 3843 2161 3898 Omni-

588 3943 764 3998 potens
792 3934 1088 3998 sempitern'
1120 3932 1281 3997 Deus,
1310 3934 1505 3999 adesto,
1549 3944 1679 3989 etc..
1711 3944 1811 3987 tute
1844 3936 2041 3989 virtutis
2064 3936 2160 3988 im-

588 4021 789 4088 pleatur
816 4021 1016 4088 e/I'ectu.
1052 4021 1154 4074 Per
1186 4021 1479 4076 Dominum.

657 4106 749 4165 21.
792 4110 1056 4166 Prafatin.
1102 4111 1205 4166 Per
1225 4114 1393 4166 omnia
1412 4115 1605 4166 stecula
1633 4096 1952 4168 smculorum.
1974 4117 2152 4170 Amen.

588 4199 838 4254 Dominus
865 4203 1139 4258 vobiscum.
1174 4204 1333 4273 Resp.
1359 4203 1425 4259 Et
1467 4220 1583 4258 cum
1633 4206 1818 4271 stiritu
1868 4216 1974 4259 tuo.
2020 4207 2156 4260 Sur-

586 4308 700 4349 svm
748 4296 923 4347 corda.
978 4298 1135 4363 Resp.
1194 4295 1453 4351 Habemus
1503 4298 1571 4351 ad
1601 4297 1897 4350 Dominum.
1953 4296 2158 4349 Cratias

590 4400 806 4454 agamus
838 4383 1053 4437 Domino
1084 4385 1190 4438 Deo
1215 4397 1410 4440 nostro.
1444 4388 1602 4456 Resp.
1630 4386 1856 4458 Dignum
1886 4396 1933 4439 ct
1953 4390 2157 4459 justum

2264 3210 2496 3273 ctionem,
2527 3210 2679 3261 vitam
2709 3208 2986 3262 cateruam?
3039 3207 3200 3274 Resp.
3259 3206 3443 3260 Credo.
3484 3207 3746 3276 lnterrog.
3786 3212 3842 3261 et

2264 3298 2390 3354 dicit
2417 3315 2432 3351 :
2457 3297 2705 3362 Joannes,
2734 3300 2807 3369 ris
2834 3297 3119 3369 baptizari?
3144 3295 3475 3366 Resp.Volo.
3496 3297 3650 3352 Tunc
3673 3298 3841 3366 bapti-

2266 3398 2346 3441 zat
2387 3402 2508 3442 eum
2538 3388 2635 3441 sub
2666 3388 2799 3441 trina
2849 3387 3209 3451 imtnersione,
3245 3398 3481 3441 sanctam
3521 3386 3838 3441 Trinitatem

2263 3476 2430 3531 semel
2482 3486 2682 3530 tantum
2728 3475 3025 3531 invocando
3060 3476 3170 3541 sic,
3210 3474 3281 3528 Et
3318 3492 3411 3545 ego
3440 3487 3487 3531 te
3534 3474 3742 3546 boptiao
3784 3476 3838 3530 in

2264 3569 2464 3622 nomine
2532 3566 2746 3632 Putris,
2805 3579 2857 3622 et
2904 3569 3183 3641 immergat
3229 3571 3431 3633 semel;
3488 3578 3536 3622 et
3578 3566 3730 3633 Filii,
3781 3578 3835 3622 et

2263 3661 2539 3730 immergat
2566 3660 2834 3727 secundo;
2876 3670 2925 3714 et
2966 3660 3191 3731 Spiritus
3233 3660 3424 3724 sancti,
3467 3669 3522 3715 et
3552 3666 3838 3730 tmutergat

2264 3753 2445 3817 tertio,
2497 3760 2553 3804 ut
2597 3750 2781 3804 habeas
2865 3751 3015 3803 vitan
3082 3758 3344 3804 ten-ruant.
3420 3748 3585 3818 Resp.
3645 3751 3831 3804 Arnen.

2261 3842 2515 3897 Similiter
2538 3840 2754 3894 Petrum
2783 3850 2833 3895 et
2856 3838 3097 3893 Mariam.
3127 3839 3218 3894 llis
3244 3854 3374 3895 vero
3398 3838 3567 3893 uibus
3592 3838 3834 3909 baptiza-

2263 3936 2356 3999 tis,
2388 3933 2733 3987 immantattts
2764 3941 2946 3986 manto
2996 3946 3154 4000 supra
3214 3930 3549 3985 dalmaticam
3593 3930 3835 4000 pontifex

2265 4019 2413 4076 vadit
2434 4020 2501 4075 ad
2522 4020 2893 4075 cltrismarium
2914 4059 2929 4085 ,
2966 4018 3179 4086 juniore
3205 4017 3546 4073 discutturtnu
3585 4019 3835 4073 cardina-

2262 4113 2389 4167 linm
2406 4120 2459 4166 et
2488 4110 2853 4166 sacerdotibus
2880 4109 3150 4163 canonicis
3179 4109 3575 4178 baptizantibns
3595 4110 3834 4180 reliquos

2261 4204 2530 4273 parvulos.
2552 4204 2852 4272 Baptizatus
2879 4210 3056 4255 autem
3097 4201 3345 4255 sacerdos
3368 4216 3522 4257 sacro
3545 4202 3835 4258 chrismate

2262 4295 2313 4348 in
2365 4295 2565 4349 vertice
2607 4308 2701 4348 eos
2752 4291 2997 4361 perungit
3026 4292 3246 4346 dicens:
3279 4289 3397 4344 Pas:
3447 4302 3636 4347 tecum.
3666 4291 3828 4361 Resp.

2260 4380 2328 4435 Et
2356 4399 2471 4437 cum
2495 4384 2676 4453 spiritu
2698 4394 2805 4437 tuo.
2829 4382 3049 4436 Oratio:
3080 4378 3218 4435 Deus
3272 4382 3624 4451 omnipotens,
3689 4393 3829 4449 etc.,

586 4484 680 4528 cst.
722 4472 850 4527 Vere
897 4475 1105 4544 dignum
1156 4486 1203 4530 et
1248 4478 1447 4548 justum
1494 4490 1594 4542 cst,
1642 4490 1786 4548 etc.,
1836 4490 2153 4549 omnipotens
2183 4482 2230 4541 ι)
2257 4474 2437 4544 ipsete
2455 4473 2621 4528 linivit
2661 4475 2931 4527 chrisma'e
2956 4471 3137 4525 salutis
3174 4471 3228 4523 in
3266 4468 3470 4525 Christo
3517 4471 3643 4526 Jesu
3729 4472 3830 4526 Do-

586 4577 778 4618 a'terne
808 4564 942 4619 Deus
960 4608 975 4632 ,
1003 4570 1091 4634 qui
1116 4570 1354 4622 invisibili
1399 4573 1625 4636 potentia
1645 4612 1663 4639 ,
1695 4579 1797 4625 (διο.
1823 4613 1838 4636 ,
1863 4588 2011 4625 aures
2056 4581 2155 4625 tua:

586 4657 791 4724 pie'atis
812 4659 1022 4710 inclina.
1047 4657 1187 4711 Deus
1202 4701 1217 4724 ,
1250 4660 1394 4724 cuius
1405 4662 1611 4727 spiritus
1633 4679 1785 4730 super
1803 4678 1984 4731 aquas,
2011 4670 2113 4715 etc.
2134 4705 2150 4730 ,

584 4762 836 4814 aquarum
882 4758 1063 4800 natura
1104 4750 1411 4814 conciperet.
1446 4749 1577 4803 Deus
1623 4751 1710 4819 qui
1754 4751 1979 4804 nocentis
2006 4766 2154 4803 mun-

586 4836 674 4905 di,
698 4848 804 4889 etc.
831 4877 845 4901 ,
876 4838 1095 4906 gratiam
1146 4840 1209 4891 de
1239 4838 1437 4903 Spiritu
1483 4850 1679 4894 sancto.
1714 4840 1815 4895 llic
1842 4858 1960 4894 cum
1994 4858 2151 4895 manu

586 4927 661 4979 dit
678 4928 787 4980 idat
808 4941 995 4989 aquam
1012 4928 1061 4980 in
1076 4931 1287 4982 modum
1310 4931 1513 4985 crucis:
1533 4931 1632 4997 Qui
1649 4932 1778 4983 hanc
1795 4947 2001 4998 aquam,
2020 4941 2151 4996 etc.,

583 5017 865 5085 inficiendo
922 5029 1236 5089 corrumpat.
1281 5022 1374 5074 llic
1421 5037 1554 5090 aqua
1608 5037 1766 5075 manu
1825 5033 2036 5091 tangat:
2072 5025 2155 5079 Sit

585 5106 692 5159 hac.
712 5119 887 5161 sancta
917 5117 964 5160 et
1008 5110 1248 5163 innocens
1293 5122 1557 5178 creatura,
1602 5121 1733 5178 etc.,
1783 5114 2153 5185 indulgentiam

593 5207 988 5266 consequantur.
1023 5199 1114 5253 llic
1143 5200 1295 5255 faciat
1325 5216 1538 5269 crucem
1562 5219 1722 5272 super
1745 5206 1977 5274 fontem,
2006 5206 2152 5261 Unde

588 5283 710 5335 bene
735 5284 777 5353 ’ξ’
809 5286 922 5339 dico
954 5296 1028 5353 te,
1058 5298 1161 5342 etc.
1184 5332 1199 5355 ,
1228 5291 1372 5359 cujus
1398 5290 1612 5359 spiritus
1633 5308 1783 5363 super
1807 5304 1853 5347 te
1879 5296 2151 5360 (tuebatur.

589 5371 684 5424 llic
710 5374 908 5427 dividat
956 5391 1143 5445 aquam
1190 5379 1241 5431 in
1272 5388 1500 5448 quatuor
1549 5392 1759 5449 partes,
1799 5382 2020 5437 dicens:
2056 5385 2154 5447 Qui

589 5469 638 5515 te
666 5462 729 5513 de
765 5466 996 5530 paradisi
1024 5466 1162 5533 fonte
1182 5510 1196 5532 ,
1226 5480 1333 5523 etc.
1355 5509 1369 5533 ,
1400 5480 1449 5523 et
1477 5471 1667 5523 sitienti
1711 5473 1902 5541 papqu
1927 5474 1989 5526 de
2011 5486 2155 5543 petra

594 5550 861 5615 produxit.
896 5552 992 5605 llic
1022 5553 1209 5607 iterum
1243 5572 1452 5611 crucem
1494 5558 1683 5625 faciat,
1714 5558 1848 5612 Bene
1876 5562 1915 5629 ἰ·
1946 5561 2060 5613 dico
2111 5573 2156 5615 te

589 5658 676 5703 ιω·
705 5639 879 5699 Iesum
912 5640 1169 5703 Christum
1194 5691 1205 5710 ,
1238 5657 1339 5703 etc.
1362 5690 1377 5716 ,
1406 5649 1718 5721 baptizantes
1748 5668 1831 5707 eos
1871 5652 1924 5702 in
1954 5653 2155 5706 nomine

2261 4569 2401 4621 mino
2478 4575 2652 4620 nostro
2711 4568 2765 4619 in
2814 4568 2967 4620 vitam
3034 4578 3295 4622 cateruam.
3346 4566 3510 4638 Resp.
3542 4572 3726 4625 Amen.

2336 4656 2427 4710 25.
2470 4657 2668 4713 Deinde
2696 4658 2923 4712 vestitur
2978 4658 3154 4713 infans
3199 4660 3571 4724 vestimentis,
3622 4662 3826 4714 dicente

2260 4751 2539 4804 sacerdote
2570 4768 2583 4802 :
2617 4750 2801 4815 Accipe
2846 4758 3025 4802 vestem
3070 4758 3295 4803 sanctam
3329 4752 3606 4804 candidam
3652 4761 3701 4803 et
3735 4754 3826 4801 int-

2261 4839 2588 4903 maculatum,
2622 4855 2771 4908 quam
2797 4841 3025 4905 perferas
3046 4851 3164 4892 ante
3189 4837 3415 4892 tribunal
3437 4839 3645 4894 Domini
3672 4841 3826 4893 nostri

2262 4929 2386 4982 Jesu
2419 4929 2640 4993 Christi,
2674 4939 2729 4982 ut
2751 4928 2936 4981 habeas
2964 4930 3401 4983 uitamat’ernam.
3444 4934 3605 4999 Ilesp.
3647 4936 3819 4986 Amen.

2265 5021 2457 5075 PnStea
2483 5021 2575 5074 dat
2597 5025 2644 5074 ei
2677 5021 2951 5074 candelam
2983 5022 3165 5075 dicens
3198 5039 3211 5075 :
3237 5022 3421 5092 Accipe
3442 5024 3727 5091 («tripodem
3758 5024 3824 5075 ir-

2255 5110 2743 5177 rcprehensibilem;
2792 5112 2991 5163 custodi
3042 5112 3351 5180 baptismum
3399 5120 3580 5176 tuum,
3626 5123 3678 5164 ut
3712 5128 3819 5164 cum

2259 5199 2502 5251 Dominus
2533 5201 2719 5251 venerit
2749 5199 2815 5251 ad
2842 5200 3071 5269 nuptias,
3098 5201 3260 5269 possis
3290 5216 3557 5254 occurrere
3611 5203 3663 5253 iu
3702 5202 3813 5253 aula

2253 5290 2462 5343 cwlcsti.
2493 5290 2653 5353 Resp.
2683 5290 2859 5343 Amen.

2365 5382 2507 5434 Ordo
2543 5382 2611 5434 ad
2648 5382 3055 5450 consignandum
3096 5397 3278 5450 pueros
3316 5384 3420 5435 sive
3467 5383 3714 5451 infan‘es.

2326 5474 2417 5527 24.
2462 5474 2558 5528 llie
2586 5489 2705 5527 cum
2738 5472 2966 5527 infantes
2990 5473 3041 5527 in
3065 5471 3270 5528 dextris
3296 5474 3530 5530 braebiis
3558 5485 3813 5543 tenentur,

2258 5566 2487 5633 majores
2516 5581 2641 5619 vero
2666 5566 2848 5634 pedem
2876 5576 3078 5632 ponunt
3104 5579 3264 5634 super
3293 5566 3478 5635 pedem
3508 5569 3696 5636 patrini
3715 5569 3814 5633 sui,

2259 5670 2351 5723 per
2375 5656 2613 5710 ordinem
2660 5656 2809 5729 107
2853 5656 3123 5726 dispositis
3154 5667 3277 5712 ante
3320 5659 3623 5725 pontiﬁcem
3652 5703 3667 5719 .
3716 5661 3821 5729 ipse
