4008 6308
229 334 361 388 ιοξτ

1470 333 1729 389 ROMANI
1765 333 2079 390 0RDINES.
2121 364 2188 374 —-
2228 334 2295 389 Χ.

3328 341 3463 396 1018

221 442 462 511 pontifex
496 445 738 512 imposita
771 460 927 499 manu
979 459 1138 513 super
1193 445 1364 512 capita
1416 447 1746 515 singulorum
1774 486 1786 507 ,
1819 447 1866 504 Α
1896 447 2136 498 humilem
2158 462 2210 498 se
2238 447 2546 517 recognoscit
2572 488 2585 512 ,
2615 455 2660 500 et
2688 447 2975 517 facinorum
3003 449 3226 502 omnium
3251 450 3348 502 sibi
3379 467 3458 504 ve-

217 534 359 587 dicat
385 534 695 586 Orationem
723 549 884 601 super
937 549 1029 588 eos
1061 550 1181 587 cum
1238 535 1574 587 invocatione
1630 535 1793 601 septi-

221 621 410 676 formis
437 623 624 690 gratia:
652 622 881 690 Spiritus
911 624 1114 687 sancti,
1167 624 1245 678 sic
1274 624 1459 677 dicens
1496 642 1510 676 :
1545 623 1793 675 Dominus

219 711 496 765 vobiscum.
530 711 688 779 Ιὶυερ.
730 710 794 763 Et
838 728 950 764 cum
975 714 1157 781 spiritu
1207 723 1313 768 tuo.
1341 714 1580 768 Oremus.
1613 713 1794 765 Omni-

219 814 401 872 potens
426 803 729 873 sempite'ne
777 803 944 865 Deus,
1002 805 1086 872 qui
1130 821 1450 875 rcgeuerare,
1502 817 1639 870 etc.,
1674 823 1793 857 san-

217 905 356 948 ctum
387 894 538 947 Parai
557 895 712 947 letum
747 895 810 946 de
839 896 994 947 curtis.
1032 895 1193 963 Resp.
1220 896 1398 949 Amen.
1424 895 1674 966 Spiritum
1700 914 1792 949 sa-

216 985 426 1054 pientiw
461 994 510 1039 et
536 986 842 1038 intellectus.
878 984 1035 1052 Resp.
1069 986 1247 1039 Amen.
1299 987 1550 1054 Spiritum
1593 989 1794 1041 consilii

217 1085 268 1128 et
300 1076 639 1145 fortitudinis.
673 1078 831 1144 Resp.
864 1077 1042 1130 Amen.
1073 1066 1325 1144 Spiritum
1350 1078 1576 1131 scientim
1605 1089 1652 1131 et
1680 1081 1788 1148 pie-

218 1169 364 1220 tatis.
399 1166 559 1236 Resp.
592 1167 769 1221 Amen.
796 1168 1030 1236 Adimpfe
1066 1185 1150 1222 eos
1199 1169 1384 1237 spiritu
1431 1171 1626 1224 timoris
1675 1172 1788 1236 tui,

217 1269 270 1310 et
300 1260 546 1330 consigna
587 1277 673 1313 cos
702 1262 850 1329 signa
890 1262 1054 1314 crucis
1083 1260 1272 1314 Cliiisti
1320 1263 1370 1313 in
1419 1264 1574 1314 vitam
1621 1265 1794 1333 propi-

219 1349 374 1402 tiatus
400 1360 661 1404 (eternam.
694 1348 890 1404 Pen...
915 1351 966 1402 in
994 1350 1184 1402 unitate
1215 1349 1465 1420 ejusdem.
1494 1351 1642 1405 Tunc
1665 1368 1795 1420 pon-

220 1440 379 1503 tifex,
413 1441 637 1494 intincm
667 1440 857 1508 pollice
916 1442 967 1495 in
999 1442 1322 1509 chrismate,
1377 1452 1428 1497 et
1460 1442 1794 1509 interregato

221 1527 644 1598 uniuscujusque
689 1532 926 1596 nomine,
957 1530 1115 1585 faciat
1164 1545 1373 1585 erucem
1423 1533 1475 1586 in
1529 1534 1794 1587 frontibus

215 1613 572 1683 singulorum,
593 1616 668 1670 sic
680 1616 862 1670 dicens
885 1617 1563 1688 :Joannes,velalioquovis
1579 1623 1794 1675 nomine

217 1702 477 1757 invocans
506 1719 626 1770 eos,
660 1705 821 1773 Signo
867 1716 913 1759 te
966 1708 1110 1776 signo
1157 1707 1401 1777 'j-crucis,
1453 1719 1498 1761 et
1546 1710 1794 1778 conﬁrmo

1895 544 2032 589 ntum
2065 543 2217 606 petit;
2247 549 2290 592 et
2321 547 2505 605 pra’sta
2533 542 2818 593 misericors
2852 544 2898 593 ei
2925 543 3195 608 paenitendi
3220 545 3460 609 spatium,

1894 626 2074 693 dignos
2094 627 2405 697 penitentia:
2433 631 2629 699 fructus
2652 641 2699 683 et
2727 630 2882 698 liuent
2911 632 3319 699 paenitentialiter
3357 633 3465 700 fru-

1894 726 2144 770 ctuosum.
2183 718 2303 773 Per.
2337 720 2450 773 Alia
2468 721 2673 774 Oratio.
2699 720 2835 774 Deus
2854 724 2946 775 sub
2966 723 3113 790 cujus
3135 723 3292 775 oculis
3314 739 3464 775 omne

1894 823 1980 858 cor
2001 808 2240 874 trepidat,
2261 817 2306 860 et
2327 811 2640 863 conscientia:
2659 819 2853 865 cuncta:
2873 819 3166 882 pavescant,
3189 812 3466 882 prOpitiare

1895 896 2077 965 famuli
2107 898 2180 949 tui
2207 896 2280 949 Ν.
2311 897 2598 966 gemitibus,
2627 909 2674 952 et
2695 911 2988 953 cunctorum
3009 901 3120 965 eius
3143 901 3466 969 omniumque

1895 986 2161 1038 moderare
2189 985 2512 1055 languoribus
2543 997 2594 1040 ut
2638 989 2766 1041 sicut
2796 1005 2942 1042 nemo
2970 989 3096 1042 liber
3126 999 3198 1042 est
3225 1006 3256 1041 a
3281 990 3460 1059 culpa,

1894 1075 1966 1128 ita
1996 1091 2140 1128 nemo
2163 1077 2228 1128 sit
2255 1074 2454 1130 alienus
2482 1093 2514 1129 a
2543 1078 2705 1130 venia.
2741 1076 2862 1132 Per.

1965 1165 2057 1218 27.
2088 1165 2178 1219 His
2205 1167 2340 1219 actis
2366 1209 2382 1233 ,
2433 1166 2724 1237 interroget
2749 1167 3034 1238 diligenter
3060 1183 3212 1234 eum,
3245 1170 3288 1222 si
3320 1169 3468 1223 reeto

1895 1255 2100 1321 credit,
2145 1265 2199 1310 et
2229 1271 2295 1310 ne
2325 1256 2463 1312 forte
2492 1258 2645 1312 alicui
2676 1259 2805 1312 iram
2846 1259 2928 1313 vel
2959 1260 3138 1313 odium
3168 1270 3381 1324 teneat;
3410 1267 3465 1313 et

1897 1343 1942 1398 si
1975 1345 2085 1397 vult
2115 1359 2335 1411 parcere
2364 1347 2468 1401 illis
2497 1349 2586 1417 qui
2615 1351 2666 1401 in
2697 1362 2755 1402 se
2786 1357 3157 1417 peccaverunt,
3190 1357 3241 1401 ct
3270 1348 3312 1401 si
3350 1347 3465 1400 vult

1897 1435 2167 1488 abstinere
2196 1452 2225 1488 a
2259 1437 2494 1503 peccatis
2524 1453 2641 1506 qua:
2665 1438 2924 1492 haetenus
2955 1440 3155 1508 gessit,
3199 1446 3253 1492 et
3277 1453 3464 1492 emen-

1896 1524 2024 1580 dare
2047 1526 2089 1579 si
2114 1525 2239 1593 quid
2261 1527 2494 1581 abstulit.
2515 1529 2578 1581 Et
2602 1542 2722 1581 cum
2748 1527 3046 1596 promiserit
3066 1528 3178 1582 llaec
3206 1528 3382 1580 omnia
3408 1542 3468 1582 se

1899 1617 2157 1671 facturum
2177 1658 2193 1684 ,
2247 1618 2502 1672 continuo
2531 1626 2748 1673 moneat
2768 1634 2888 1674 eum
2922 1634 2979 1673 se
3000 1618 3241 1673 conliteri
3276 1619 3382 1673 Deo
3411 1625 3468 1674 et

1898 1707 1998 1761 sibi
2021 1715 2256 1777 peccata.
2299 1708 2613 1763 Confessum
2654 1723 2780 1764 vero
2808 1710 3131 1778 interroget,
3175 1710 3330 1778 quale
3359 1711 3465 1763 mi-

221 1801 274 1847 te
300 1794 576 1848 chrismate
601 1798 780 1850 salutis
817 1797 870 1850 in
898 1799 1099 1850 nomine
1127 1799 1167 1868 1-
1197 1798 1389 1859 Patris.
1417 1810 1464 1853 et
1496 1799 1560 1853 Fi
1583 1801 1620 1870 1-
1650 1800 1708 1852 lii
1747 1811 1794 1854 et
1825 1805 1872 1864 Β
1901 1799 2180 1852 nisterium
2215 1799 2361 1854 facit.
2396 1799 2461 1852 Et
2487 1799 2532 1853 si
2562 1808 2644 1854 est
2672 1813 2872 1867 comes,
2899 1809 2990 1853 aut
3009 1799 3193 1868 judex,
3222 1799 3358 1852 dicat
3386 1798 3460 1852 illi

221 1886 460 1952 Spiritus
481 1887 523 1957 ’ί-
549 1889 732 1942 sancti.
777 1887 894 1942 Pax
923 1896 1105 1942 tecum.
1137 1888 1298 1958 Resp.
1333 1872 1400 1943 Et
1439 1908 1556 1944 cum
1609 1892 1794 1962 spiritu

229 1986 341 2030 tuo.
402 1975 737 2044 Consignatis
780 1979 1027 2032 omnibus
1065 1979 1208 2033 dicat
1254 1981 1349 2033 hos
1383 1981 1578 2035 Versus
1621 1979 1796 2035 :Ecce

215 2068 300 2122 sic
324 2069 647 2122 benedicetur
675 2071 839 2124 omnis
868 2070 1037 2139 homo,
1066 2073 1152 2142 qui
1188 2073 1329 2126 timet
1361 2073 1656 2127 Dominum.
1692 2073 1793 2127 Be-

218 2159 424 2210 nedieat
467 2173 550 2212 uox
575 2159 823 2214 Dominus
855 2145 993 2215 Deus
1031 2178 1094 2215 ex
1123 2163 1270 2217 Sion.
1320 2173 1366 2217 et
1407 2165 1616 2218 videatis
1665 2165 1796 2219 bona

219 2249 513 2303 Jerusalem
536 2253 768 2305 omnibus
798 2253 974 2308 diebus
1001 2255 1117 2308 vita:
1161 2269 1356 2310 restrcr.
1391 2255 1570 2310 Gloria
1615 2258 1794 2324 Patri,

219 2351 332 2393 etc.
366 2340 481 2394 Pax
522 2354 702 2395 tecum.
745 2344 907 2413 ReSp.
937 2343 1002 2396 Et
1029 2361 1140 2398 cum
1171 2347 1352 2412 spiritu
1399 2357 1506 2400 tuo.
1557 2348 1791 2403 Oremus.

221 2425 367 2482 Deus
390 2432 478 2498 qui
505 2433 750 2499 apostolis
780 2434 880 2486 tuis
899 2474 913 2497 ,
965 2442 1068 2489 etc.
1097 2474 1112 2500 ,
1155 2435 1490 2489 inltabitando
1541 2439 1793 2507 perﬁciat.

222 2519 331 2583 Qui
357 2538 470 2574 cum
502 2522 606 2575 Deo
632 2522 804 2578 Patre.
836 2524 1036 2580 Deinde
1065 2526 1222 2580 faciat
1246 2543 1460 2583 crucem
1490 2545 1651 2597 super
1677 2546 1793 2598 eos,

219 2612 410 2666 dicens
445 2631 458 2666 :
490 2612 624 2666 Bene
655 2613 694 2684 -ι-
724 2616 860 2667 dicat
899 2631 986 2670 vos
1032 2617 1353 2684 omnipotens
1385 2617 1546 2686 Deus,
1576 2619 1734 2675 Pater
1756 2621 1797 2692 -ι-

216 2711 272 2756 et
308 2699 358 2754 F
361 2705 477 2758 ilius
501 2712 548 2758 et
574 2705 611 2773 1·
643 2705 871 2776 Spiritus
912 2720 1137 2762 sanctus.
1171 2709 1333 2779 Resp.
1364 2711 1526 2766 Amen

578 2816 718 2870 Ordo
743 2819 810 2870 ad
839 2818 1062 2872 dandam
1093 2817 1468 2877 Paenitentiam.

295 2922 384 2978 25.
407 2927 630 2991 Quando
659 2940 874 2996 peccata
905 2947 999 2985 sua
1031 2934 1141 2987 vult
1165 2935 1354 3004 aliquis
1383 2936 1628 2994 confiteri
1654 2981 1669 3006 ,
1713 2953 1800 2993 sa.

215 3017 415 3072 cenios
440 3020 579 3073 dicat
608 3021 746 3086 apud
773 3036 833 3077 se
863 3023 1000 3077 hanc
1029 3024 1334 3080 Orationem
1361 3045 1374 3081 :
1409 3027 1630 3084 Domine
1657 3030 1796 3085 Deus

216 3109 561 3175 omnipotens,
584 3115 670 3180 qui
699 3129 798 3166 non
827 3115 900 3168 vis
930 3124 1140 3169 mortem
1161 3120 1459 3187 peccatoris,
1485 3120 1576 3174 sed
1594 3133 1647 3175 ut
1672 3138 1793 3176 con-

215 3211 446 3255 uertatur
473 3214 519 3255 et
550 3207 702 3270 vitat,
734 3208 985 3276 propitius
1012 3219 1116 3262 es'o
1141 3210 1264 3262 mihi
1293 3214 1568 3278 percatori,
1599 3224 1645 3268 et
1674 3231 1790 3268 sus-

217 3292 334 3362 cipe
373 3297 655 3347 orationem
696 3313 856 3350 meam
884 3338 899 3363 ,
955 3315 1105 3366 quant
1137 3302 1300 3369 fundo
1329 3313 1446 3357 ante
1472 3314 1794 3375 conspectum

215 3383 502 3439 clementia!
525 3397 656 3452 ture,
703 3406 803 3457 quo
831 3403 877 3443 et
908 3407 986 3442 me
1015 3393 1206 3458 pariter
1225 3435 1239 3457 ,
1275 3404 1322 3447 et
1361 3395 1496 3448 hunc
1517 3414 1548 3449 a
1575 3401 1796 3467 peccatis

218 3477 454 3530 omnibus
481 3494 660 3540 exuas,
690 3490 734 3532 et
758 3498 793 3551 p
822 3499 968 3535 ccare
990 3484 1052 3536 de
1080 3495 1258 3538 ca'tero
1284 3501 1546 3542 caveamus
1573 3490 1789 3558 efficias.

216 3564 325 3618 Per
343 3565 634 3622 Dominum.

295 3678 383 3733 26.
414 3681 492 3734 Ad
526 3681 624 3735 hoc
652 3682 940 3754 interroget
969 3686 1314 3753 pmnitentem
1341 3689 1525 3745 dicens
1549 3709 1562 3745 :
1583 3691 1791 3759 Frater,

218 3784 317 3836 pro
361 3786 460 3838 qua
497 3787 650 3824 causa
689 3775 864 3825 venisti
904 3776 970 3827 ad
1018 3777 1166 3828 istam
1200 3778 1460 3832 ecclesiam
1491 3781 1515 3833 Σ)
1544 3781 1795 3835 Peccator

216 3859 553 3926 respondet:
588 3857 699 3930 Ego
746 3863 856 3914 ueni
882 3881 1033 3932 agere
1077 3866 1424 3931 ptrnitentiam
1466 3869 1530 3921 de
1575 3872 1794 3935 peccatis

217 3950 370 4001 meis.
398 3949 548 4003 Tunc
579 3962 823 4020 peccator
851 3955 1021 4008 mittat
1051 3971 1236 4012 manus
1271 3973 1395 4012 suas
1427 3961 1562 4014 inter
1608 3977 1793 4017 manus

217 4038 542 4102 sacerdotis,
569 4050 625 4094 ct
649 4042 788 4096 dicat
812 4044 878 4096 ad
915 4045 1076 4098 Deum
1106 4047 1272 4100 tribus
1305 4048 1549 4103 vicibus:
1590 4051 1651 4104 In
1684 4068 1794 4106 ma-

219 4143 324 4182 nus
349 4137 482 4198 tuas,
516 4131 753 4198 Domine,
779 4140 1074 4190 commendo
1113 4140 1344 4205 spiritum
1374 4157 1558 4195 meum.
1591 4143 1794 4200 Deinde

217 4218 365 4273 dicat
393 4223 666 4286 sacerdos,
693 4224 1042 4294 Suscepimus,
1063 4227 1222 4289 Deus.
1243 4231 1637 4287 misericordiam
1655 4245 1792 4289 tuam

216 4311 275 4363 in
300 4313 462 4365 medio
495 4316 666 4384 templi
693 4318 786 4370 tui.
819 4318 954 4372 Psal.
983 4321 1201 4390 Magnus
1231 4321 1496 4388 Dominus,
1540 4338 1585 4380 et
1611 4328 1794 4381 lauda-

220 4404 340 4456 bilis
393 4405 564 4457 nimis.
613 4406 811 4461 Gloria.
866 4409 1015 4464 Vers.
1067 4411 1214 4466 Sicut
1258 4414 1566 4470 audivimus.
1611 4417 1789 4486 Kyrie.

1901 1901 1955 1944 ut
1982 1907 2086 1944 non
2128 1893 2351 1962 accipiat
2383 1893 2599 1962 prmmia
2627 1932 2643 1958 ,
2697 1906 2794 1946 nec
2820 1891 3020 1960 judicct
3051 1891 3281 1960 injuste;
3315 1889 3356 1943 si
3386 1899 3468 1943 est

1899 1982 2157 2046 escarius,
2183 1998 2287 2036 non
2313 1990 2488 2036 teneat
2509 1995 2774 2036 annonam
2800 1981 3011 2034 familia:
3035 1996 3048 2045 ;
3077 1980 3118 2034 si
3145 1979 3470 2032 monetarins

1899 2081 1989 2126 aut
2019 2073 2329 2142 negotians,
2361 2086 2465 2126 non
2497 2079 2678 2142 gravet
2707 2071 2936 2139 aliquem
2968 2071 3020 2122 in
3053 2069 3264 2137 negotio
3291 2107 3305 2130 ,
3331 2077 3383 2120 et
3414 2067 3466 2119 in

1901 2162 2332 2225 contracambio;
2362 2163 2404 2214 si
2430 2161 2585 2215 habet
2611 2170 2834 2229 patrem,
2859 2169 2948 2213 aut
2972 2167 3216 2222 matrem,
3243 2158 3469 2210 honoret

1900 2267 2014 2316 eos,
2047 2261 2102 2307 et
2130 2255 2217 2306 det
2246 2253 2349 2306 illis
2384 2250 2682 2305 necessaria
2708 2266 2724 2315 ;
2771 2250 2815 2302 si
2845 2248 3089 2301 animalia
3119 2248 3314 2315 pascit,
3361 2261 3468 2299 non

1900 2345 2152 2398 damnum
2182 2343 2300 2397 aliis
2325 2361 2338 2410 ;
2364 2343 2408 2398 si
2437 2352 2518 2397 est
2543 2350 2567 2377 ο
2593 2340 2900 2402 massarius,
2937 2353 3040 2392 non
3070 2337 3137 2389 sit
3164 2335 3467 2390 fraudulen-

1904 2450 1988 2492 tos
2040 2438 2236 2492 seniori
2260 2437 2326 2490 de
2363 2435 2543 2488 labore
2569 2449 2665 2488 suo
2691 2451 2705 2500 ;
2730 2435 2774 2488 si
2827 2433 2985 2487 habet
3011 2431 3216 2486 viduam
3264 2439 3354 2482 aut
3383 2443 3457 2481 or-

1901 2529 2125 2599 pltanos,
2155 2528 2308 2581 faciat
2335 2541 2454 2580 cum
2485 2527 2564 2582 eis
2589 2526 3042 2591 misericordiam;
3077 2525 3121 2578 si
3148 2537 3334 2578 servus
3365 2529 3467 2586 est,

1901 2619 1971 2670 sit
2000 2616 2170 2671 fidelis
2200 2615 2420 2669 domino
2452 2629 2570 2678 suo,
2597 2623 2651 2669 et
2679 2615 2882 2669 laboret
2911 2615 2963 2668 in
2993 2622 3245 2683 quantum
3271 2618 3466 2680 potest;

1901 2719 1953 2765 et
1968 2710 2056 2780 qui
2075 2707 2409 2762 malefaciant
2426 2707 2692 2771 ,emendet
2713 2721 2834 2770 eos;
2858 2705 2899 2759 si
2920 2705 3078 2759 habet
3096 2716 3335 2765 uxorem,
3358 2715 3462 2753 non

1900 2797 2218 2852 concumbat
2245 2811 2364 2850 cum
2389 2809 2450 2848 ea
2480 2795 2680 2848 festivis
2703 2794 2890 2850 diebus
2911 2834 2927 2861 ,
2961 2809 3059 2849 nec
3086 2794 3137 2847 in
3160 2789 3467 2858 Quadrage-

1901 2890 2035 2942 sima
2063 2902 2231 2955 usque
2258 2886 2324 2939 ad
2353 2895 2569 2940 octavas
2593 2885 2829 2950 Paschaa;
2854 2885 2896 2939 si
2926 2893 3005 2938 est
3035 2883 3346 2945 monachus,
3375 2888 3468 2934 aut

1902 2979 2186 3045 monacha,
2219 2987 2310 3032 aut
2331 2978 2628 3048 presbyter,
2658 2987 2748 3032 aut
2779 2978 3064 3040 diaconus,
3096 2983 3185 3027 aut
3208 2973 3467 3038 clericus,

1903 3079 2118 3124 servent
2158 3069 2296 3138 quod
2335 3068 2716 3138 promiserunt.
2748 3066 2946 3122 Deinde
2971 3064 3273 3120 consideret
3299 3061 3344 3117 si
3382 3070 3468 3115 est

1825 3169 1870 3231 ε
1903 3161 2049 3215 dives
2075 3171 2162 3215 aut
2191 3175 2407 3229 pauper,
2433 3161 2477 3214 si
2500 3159 2746 3214 dominus
2770 3167 2857 3211 aut
2878 3169 3086 3219 servus,
3116 3154 3158 3208 si
3188 3167 3348 3208 sanus
3375 3159 3466 3204 aut

1904 3254 2171 3319 infirmus,
2197 3253 2239 3306 si
2270 3253 2334 3306 sit
2361 3251 2673 3320 conjugatus
2695 3259 2786 3304 aut
2808 3263 2935 3316 non,
2963 3248 3006 3300 si
3039 3247 3105 3300 sit
3133 3245 3290 3314 109
3314 3245 3466 3311 juve-

1901 3345 1983 3398 nis
2014 3353 2106 3397 aut
2151 3359 2301 3414 puer.
2334 3342 2520 3396 Omnia
2554 3341 2871 3404 consideret,
2907 3349 2957 3395 et
2985 3337 3271 3392 secundum
3321 3332 3460 3403 quod

1903 3433 2135 3504 pctuerit
2163 3448 2320 3502 agere
2350 3433 2584 3499 imponat
2617 3431 2687 3483 illi
2720 3429 3118 3499 pceniteutiam;
3161 3437 3211 3481 et
3238 3425 3322 3480 cui
3357 3438 3460 3476 non

1901 3533 2073 3592 potest
2119 3525 2391 3593 imponere
2450 3520 2710 3590 jejunium
2733 3563 2746 3585 ,
2775 3521 3006 3588 imponat
3034 3519 3454 3584 eleemosynam,

1897 3617 1980 3668 vel
2021 3615 2348 3678 orationem;
2395 3623 2448 3667 et
2504 3620 2563 3666 ut
2614 3612 2984 3680 flectatgenui
3029 3625 3122 3678 per
3189 3607 3332 3661 diem
3399 3619 3462 3658 ne

1905 3718 2133 3761 noctem.
2165 3705 2271 3760 Sed
2305 3714 2586 3772 antequam
2611 3705 2838 3772 imponat
2877 3702 3238 3770 pcenitentiam
3259 3740 3275 3765 ,
3309 3697 3467 3751 debet

1899 3797 2183 3850 osmndere
2237 3809 2392 3862 quam
2446 3793 2643 3863 grande
2712 3800 2792 3846 est
2818 3791 2947 3846 illud
2978 3793 3208 3854 malum,
3255 3799 3305 3841 et
3336 3797 3467 3856 quot

1899 3887 2052 3940 annis
2101 3884 2290 3939 debeat
2312 3885 2590 3951 pwnitere.
2620 3885 2784 3938 Debet
2813 3892 2986 3937 tamen
3036 3897 3153 3935 eum
3177 3880 3466 3934 admonere

1901 3985 1958 4028 ut
2002 3988 2103 4027 non
2134 3974 2416 4042 desperet,
2463 3974 2587 4041 quia
2634 3972 2888 4026 Dominus
2936 3972 3236 4024 misericors
3266 3981 3377 4030 est.
3411 3977 3466 4022 ct

1898 4066 1946 4121 ei
1973 4065 2147 4118 omnia
2183 4072 2394 4131 peccata
2424 4062 2674 4124 dimittet,
2707 4072 2881 4114 tamen
2907 4061 2949 4112 si
2975 4059 3352 4113 emendaverit.

1968 4155 2058 4209 23.
2078 4156 2223 4209 Tunc
2237 4153 2482 4207 sacerdos
2498 4154 2543 4207 ei
2558 4154 2720 4216 dicat,
2739 4152 2925 4219 quibus
2945 4150 3118 4216 annis,
3137 4149 3465 4220 temporibus

1905 4261 1957 4307 et
1986 4249 2344 4305 diebusdebet
2369 4250 2731 4318 paenitentiam
2761 4248 3068 4301 observare.
3093 4247 3177 4301 isti
3199 4257 3316 4300 sunt
3350 4246 3464 4299 dies

1898 4343 1985 4412 qui
2020 4357 2123 4395 non
2147 4349 2517 4408 computantur
2540 4341 2590 4393 in
2608 4338 2945 4408 pmnitentia:
2974 4339 3226 4392 Nativitas
3254 4337 3460 4391 Domini

1898 4433 2125 4502 usquein
2143 4431 2506 4500 Epiphaniam,
2526 4445 2552 4483 a
2577 4429 2779 4484 Pascha
2807 4444 2968 4499 usque
3000 4430 3064 4483 ad
3091 4429 3462 4494 Pentecosten,

224 4490 387 4544 I’atcr
412 4503 621 4548 noster:
649 4506 701 4550 et
741 4499 972 4567 capitula
1021 4503 1177 4571 108
1231 4512 1286 4555 ut
1325 4506 1569 4571 superius
1594 4511 1787 4576 scripta

658 4588 718 4607 η
787 4591 796 4600 .
993 4593 1032 4607 ,.
1232 4594 1269 4607 η
1444 4596 1479 4607 η
1753 4601 1764 4607 ,

1902 4523 2157 4577 Nativitas
2185 4522 2349 4576 sancti
2381 4521 2595 4575 Joannis
2635 4522 2880 4587 Baptista:
2901 4563 2915 4586 ,
2960 4521 3128 4574 sancti
3160 4517 3464 4582 Laurentii,

217 4595 367 4649 sunt,
397 4595 451 4640 et
476 4587 618 4641 dicat
650 4588 894 4644 Dominus
923 4593 1193 4646 vobiscum.
1231 4594 1391 4664 Resp.
1433 4596 1499 4649 Et
1528 4615 1640 4650 cum
1685 4601 1789 4667 spi-

217 4677 322 4727 ritu
348 4684 454 4728 tuo.
491 4677 722 4734 Oremus.
752 4681 906 4746 Deus,
934 4683 1016 4734 cui
1044 4686 1304 4752 proprium
1328 4697 1400 4740 est
1421 4690 1646 4742 misereri
1664 4707 1794 4743 sem-

219 4783 311 4837 per
339 4778 386 4821 et
409 4785 648 4838 parcere,
683 4774 878 4842 suscipe
906 4776 1310 4843 deprecationem
1344 4791 1569 4834 nostram
1589 4822 1603 4846 ,
1634 4793 1682 4836 et
1710 4787 1793 4846 fa-

221 4859 418 4911 mulum
446 4870 588 4914 tuum
611 4865 680 4915 ad
694 4867 1056 4933 confessionem
1081 4879 1125 4921 et
1155 4871 1499 4937 pmnitentiam
1524 4889 1794 4944 veramque

217 4949 644 5012 emendationem.
669 4963 716 5005 et
744 4955 938 5006 veniam
962 4964 1062 5008 tua:
1082 4958 1285 5026 pietatis
1311 4960 1644 5028 inspiratione
1655 4979 1792 5016 cont-

220 5048 464 5106 punctum
487 5081 501 5104 ,
533 5058 680 5110 quem
714 5044 1014 5097 delictorum
1047 5058 1224 5099 catena
1253 5051 1592 5120 constringit,
1642 5055 1791 5106 mise-

217 5132 348 5184 ratio
372 5143 471 5186 tua:
492 5135 694 5202 pietatis
727 5136 972 5190 absolvat.
1001 5137 1122 5190 Per.
1157 5139 1273 5192 Alia
1305 5141 1494 5194 oratio.
1526 5142 1660 5196 Deus
1691 5144 1789 5197 mi-

218 5229 454 5292 sericors,
494 5229 626 5281 Deus
651 5227 891 5292 clemens,
925 5228 1057 5282 Deus
1089 5231 1438 5302 indulgentia',
1467 5232 1604 5287 Deus
1631 5238 1791 5302 pieta-

220 5320 284 5373 tis
312 5330 358 5372 et
387 5321 527 5389 pacis
551 5363 566 5388 ,
610 5321 695 5389 qui
726 5338 818 5388 pro
854 5337 1024 5374 amore
1053 5323 1313 5376 hominum
1353 5327 1403 5376 in
1437 5343 1583 5378 cruce
1611 5344 1789 5380 manus

218 5409 510 5477 expandisti
531 5449 546 5473 ,
579 5409 666 5477 qui
696 5409 1038 5462 Chananwam
1079 5421 1125 5463 et
1155 5413 1479 5477 publicanum
1503 5417 1690 5467 vocasti
1721 5417 1790 5467 ad

222 5501 566 5568 pamitentiam
592 5543 606 5562 ,
639 5512 926 5556 convertere
956 5503 1168 5570 dignare
1196 5503 1446 5571 famulum
1474 5514 1650 5573 tuum,
1702 5509 1790 5576 qui

219 5602 339 5644 onte
366 5599 508 5645 tuum
547 5603 779 5646 smctum
820 5593 981 5645 altare
1025 5611 1172 5647 suttm
1201 5595 1467 5660 confitetur
1493 5606 1712 5661 reafum,
1743 5606 1784 5650 et

1895 4610 2200 4679 Assumptio
2245 4626 2300 4663 sa
2311 4619 2444 4664 uetat
2462 4610 2658 4673 Mariae,
2684 4610 2939 4664 festivitas
2965 4609 3240 4662 duodecim
3256 4617 3469 4675 aposto-

1898 4707 2088 4767 lorum,
2113 4701 2367 4756 festivitas
2407 4702 2644 4755 omuium
2690 4709 3016 4764 sanctorum,
3059 4709 3113 4754 et
3144 4714 3329 4753 omnes
3358 4699 3465 4752 Do-

1898 4791 2076 4844 tuiuici
2104 4790 2216 4843 dies
2237 4833 2250 4853 ,
2285 4789 2370 4843 vel
2399 4790 2605 4842 illorum
2638 4799 2940 4843 sanctorum
2970 4804 3192 4857 quorum
3226 4787 3463 4856 reliquiae

1895 4876 2164 4942 possident
2217 4875 2543 4930 festivitates.
2574 4876 2969 4930 I’mniteutiales
3001 4891 3128 4928 Vero
3177 4875 3291 4928 dies
3340 4883 3464 4927 sunt

1896 4966 2307 5034 Quadragesima
2358 4965 2547 5034 major,
2605 4965 2894 5020 Sabbatum
2929 4965 3270 5018 Pentecostes
3294 5003 3310 5027 ,
3334 4977 3467 5030 qua-

1898 5065 2016 5108 tuor
2049 5065 2309 5123 tempora,
2341 5055 2518 5124 vigilia
2576 5055 2745 5109 sancti
2791 5053 3009 5108 Joannis
3055 5053 3336 5120 Baptistae,
3389 5053 3454 5105 vi-

1897 5144 2018 5212 gilia
2064 5143 2455 5211 apostolorum,
2489 5143 2664 5210 vigilia
2711 5144 2877 5198 sancti
2931 5141 3232 5206 Laurentii,
3284 5140 3465 5209 vigilia

1897 5245 2094 5288 sancta:
2121 5231 2321 5297 Marim,
2351 5233 2527 5301 vigilia
2569 5235 2804 5286 omnimn
2845 5243 3146 5286 sanctorum
3172 5270 3188 5297 ,
3243 5241 3298 5285 et
3350 5233 3468 5284 aliis

1897 5325 2083 5377 diebus
2105 5365 2120 5389 ,
2164 5323 2215 5376 id
2263 5333 2344 5376 cst
2373 5322 2502 5376 leria
2533 5323 2770 5375 secunda
2798 5363 2810 5384 ,
2847 5323 2974 5376 feria
3006 5323 3194 5387 tertia,
3225 5331 3278 5374 et
3330 5321 3460 5374 feria

1896 5423 2066 5476 sexta,
2098 5411 2289 5481 quibus
2320 5410 2570 5463 Dominus
2600 5409 2811 5463 dederit
2849 5410 2914 5464 ad
2943 5418 3214 5463 certamen
3243 5409 3460 5478 adjuto-

1896 5507 2030 5559 riuiu
2066 5503 2364 5572 jejuuaudi.

1966 5595 2052 5648 29.
2080 5594 2226 5648 Tunc
2255 5593 2504 5649 sacerdos
2531 5590 2689 5647 faciat
2725 5593 2774 5649 ei
2805 5593 3214 5649 confessionem.
3261 5592 3461 5648 Deinde

294 5760 319 5789 ⁶
353 5751 405 5804 id
434 5760 514 5805 est
545 5753 785 5819 colonus,
815 5755 904 5823 qui
931 5770 1157 5811 massam
1192 5770 1282 5811 seu
1313 5755 1528 5810 fundum
1551 5756 1774 5824 aliquem
1817 5766 2076 5827 procurat.
