4008 6292
599 285 728 342 ltili}

1268 285 1602 340 APPENDIX
1643 285 1732 339 AD
1775 287 1830 340 S.
1878 286 2202 341 CREGORII
2243 288 2454 342 MAGNI
2499 289 2865 348 LITUR‘QICA
2904 295 3155 349 OPERA.

3727 305 3871 361 {0'30

599 400 738 450 dicat
781 396 1089 452 Orationem
1127 414 1139 449 :
1166 394 1404 463 Exaudi,
1427 397 1642 450 Domine
1663 437 1677 462 ,
1709 413 2016 466 quwsumus,
2050 415 2166 468 snp-
2197 407 2243 461 Α
2273 401 2398 453 ritus
2426 412 2632 455 sanctus
2659 441 2674 466 ,
2707 417 2892 471 corpus
2943 415 3086 457 tuum
3128 408 3414 475 custodiat,
3467 409 3700 462 animam
3729 419 3872 466 tuam

603 490 793 555 plicum
821 503 1012 557 preces,
1060 495 1107 539 et
1137 487 1484 553 conﬁtentium
1510 489 1599 540 tibi
1623 505 1775 556 parce
1815 495 2064 558 peccatis,
2118 500 2171 542 ut

597 592 720 644 qros
758 574 1083 628 conscientia:
1112 589 1220 627 sua:
1246 584 1416 626 reatus
1442 585 1668 637 accusat,
1697 576 2018 646 indulgentia
2076 588 2174 630 tua:

595 668 934 721 miserationis
973 667 1220 735 absolvat.
1251 666 1376 720 Per.
1400 669 1516 721 Alia
1541 668 1742 722 Oratio.
1774 670 1906 723 Deus
1938 673 2173 738 omnipo-

601 768 744 820 tens,
787 764 874 817 qui
920 757 1058 809 dedit
1089 765 1390 825 potesttem
1420 758 1565 811 bean
1597 757 1753 813 Petro
1803 762 2066 828 apostolo,
2125 774 2172 815 et

596 848 790 900 cis-teris
817 848 1098 910 apostolis,
1131 846 1315 900 deinde
1374 849 1627 918 episcopis
1692 857 1741 902 et
1795 850 2172 915 sacerdotibus,

591 939 790 1006 ligandi
829 948 979 1007 atque
1006 936 1259 1004 solvendi,
1285 940 1392 1007 ipse
1428 948 1474 992 te
1499 955 1530 990 a
1563 939 1662 992 tuis
1687 942 1906 1009 peccatis
1936 940 2172 994 omnibus

595 1030 857 1093 absolvat,
917 1039 963 1082 et
1001 1028 1198 1083 liberet.
1236 1028 1358 1082 Per.
1402 1030 1698 1084 Absolutio.
1755 1030 2074 1084 Absolvimas
2127 1041 2173 1085 te

590 1119 697 1171 rice
727 1119 858 1170 beati
887 1118 1029 1172 P.tri
1060 1118 1312 1188 apostoli,
1364 1119 1449 1170 cui
1502 1128 1728 1188 potestas
1776 1120 1974 1188 ligandi
2025 1132 2174 1187 atque

589 1210 816 1264 solvendi
844 1229 876 1265 α
905 1210 1014 1264 Deo
1054 1227 1292 1264 concessa
1337 1219 1440 1275 est,
1505 1213 1649 1280 cujus
1694 1213 1890 1274 vicem,
1943 1215 2171 1279 quamvis

591 1303 832 1373 indigni,
862 1303 1066 1357 nomine
1094 1313 1284 1368 tamen,
1318 1320 1420 1356 non
1450 1311 1620 1355 autem
1670 1305 1883 1369 merito,
1919 1305 2168 1373 gerimus,

595 1406 642 1445 et
672 1408 877 1445 oramus
907 1409 962 1446 ut
1004 1393 1175 1461 quoad
1199 1403 1285 1446 tua
1314 1405 1532 1446 meretur
1563 1396 1818 1447 accusatio
1844 1435 1858 1458 ,
1911 1405 1957 1448 et
1986 1395 2053 1447 ad
2083 1412 2172 1447 nos

592 1483 809 1551 pertinet
863 1482 1027 1553 culpae
1081 1483 1345 1548 remissio,
1395 1485 1712 1553 omnipotens
1759 1485 1894 1537 Deus
1943 1487 2172 1538 omnium

591 1580 795 1626 tuorum
824 1575 1173 1643 peccaminum
1215 1576 1280 1628 sit
1310 1575 1424 1641 pius
1454 1574 1698 1628 indnlfor.
1736 1574 1836 1640 Qui
1866 1577 2006 1629 vivi'.
2057 1577 2173 1628 Alia

592 1663 798 1716 Oratio.
838 1662 920 1716 Et:
958 1665 1262 1717 auctoritate
1315 1666 1674 1734 omnipotentis
1718 1663 1812 1716 Dei
1844 1665 2019 1719 beatus
2067 1665 2168 1718 Pe-

2271 494 2448 556 salret,
2479 505 2525 545 et
2553 496 2621 546 ad
2641 507 2935 561 perpetu/mi
2964 505 3123 550 vitam
3149 507 3196 551 te
3221 500 3462 568 perducat
3493 501 3733 557 Christus
3761 503 3868 560 σῦεί

2273 579 2470 650 Filius,
2504 585 2592 652 qui
2615 595 2776 637 tecum
2798 586 2938 648 vivit,
2973 596 3080 641 etc.

2532 678 2683 744 111
2720 675 2864 729 Ordo
2894 680 2960 729 ad
2993 679 3306 733 uisitandum
3333 683 3616 749 inﬁrmant.

2345 761 2434 814 51.
2461 762 2723 816 Sacerdos
2753 768 2822 818 sit
2852 765 3065 820 indutus
3096 769 3260 821 sacris
3285 771 3522 825 vestibus
3549 815 3564 839 ,
3614 784 3672 828 et
3708 775 3871 830 ruini-

2273 850 2369 901 stri
2402 852 2666 918 accipiant
2693 853 2874 906 oleum
2903 865 3143 910 salictum
3183 874 3278 925 pro
3308 859 3520 915 inlirmo
3541 904 3554 926 ,
3587 875 3643 918 et
3673 879 3868 935 aquam

2274 939 2625 1005 beiiedictam,
2659 951 2712 997 et
2734 959 2969 1010 crucem,
2995 958 3048 1000 et
3078 947 3315 1002 cinerem
3349 961 3595 1007 sanctum
3628 955 3782 1023 vitis,
3815 967 3869 1014 et

2273 1028 2377 1080 dno
2404 1030 2719 1085 candelabra
2746 1048 2760 1097 ;
2791 1041 2844 1085 et
2873 1045 3095 1102 pergant
3127 1038 3190 1091 ad
3219 1038 3439 1093 domum
3477 1042 3706 1110 intirmi,
3735 1061 3869 1099 can-

2276 1131 2446 1176 tantes
2470 1121 2609 1176 hunc
2641 1124 3194 1183 Psalmumdliserere
3221 1132 3340 1198 mei,
3375 1131 3514 1187 Deus
3535 1150 3554 1188 .'
3583 1147 3638 1190 et
3660 1137 3868 1192 intrans

2274 1213 2487 1266 domum
2516 1215 2654 1269 dicat
2685 1219 2939 1273 sacerdos
2973 1237 2986 1274 :
3035 1219 3151 1274 Pax
3179 1224 3295 1276 huic
3323 1225 3522 1280 domui.
3560 1229 3722 1298 Resp.
3759 1234 3866 1283 Ad-

2274 1305 2522 1367 iutorium
2558 1316 2784 1359 nostrum
2825 1309 2880 1361 iu
2927 1313 3130 1365 nomine
3159 1310 3389 1369 Domini.
3422 1316 3542 1370 Mox
3589 1321 3664 1372 ait
3692 1336 3866 1376 sacer-

2275 1393 2371 1445 dos
2421 1394 2674 1450 Dominus
2730 1401 3005 1453 vobiscum.
3051 1402 3211 1472 Resp.
3257 1404 3322 1459 Et
3362 1423 3477 1460 cum
3517 1411 3705 1478 spiritu
3749 1422 3861 1465 tuo.

2275 1484 2474 1539 Oratio.
2512 1485 2745 1541 Introeat
2781 1489 2986 1542 domum
3017 1492 3178 1557 hanc,
3216 1495 3432 1550 Domine
3469 1497 3598 1552 Jesu
3627 1499 3858 1568 Christe,

2274 1577 2366 1626 sub
2395 1583 2584 1629 nostra:
2610 1578 2919 1633 humilitatis
2941 1582 3173 1653 ingressu
3206 1594 3395 1640 wterna
3421 1588 3659 1658 felicitas,
3691 1593 3863 1646 dicina

2276 1669 2610 1735 prosperitas,
2639 1686 2820 1724 serena
2847 1674 3028 1726 lwtitia
3052 1715 3067 1739 ,
3097 1676 3326 1731 charitas
3357 1682 3645 1747 fructuosa,
3667 1685 3861 1736 sanitas

593 1763 706 1804 trus
730 1794 745 1814 ,
773 1755 988 1808 ctelestis
1018 1757 1159 1824 regni
1185 1755 1422 1824 claviger,
1455 1756 1543 1823 qui
1595 1755 1744 1808 habet
1786 1765 2088 1827 potestatem
2121 1759 2170 1811 in
2206 1775 2248 1832 Β
2276 1758 2605 1824 sempiterna.
2633 1760 2859 1832 Effagiat
2889 1780 2954 1818 ea:
2995 1765 3089 1818 hoc
3116 1767 3228 1820 loco
3259 1784 3496 1824 accessus
3539 1772 3861 1839 dwmonum,‘

590 1843 716 1896 cvelo
777 1853 823 1896 et
889 1846 943 1897 in
1009 1854 1147 1899 terra
1213 1845 1410 1914 ligandi
1473 1856 1625 1915 atque
1685 1847 1953 1916 solvendi,
1987 1853 2170 1920 cujus,

599 1937 830 2003 quamvis
875 1937 1146 1999 immeriti,
1197 1937 1380 1990 'divina
1430 1946 1598 1990 tamen
1627 1938 1946 2008 suffragante
2014 1943 2178 2009 gratia

588 2026 745 2077 vicem
776 2027 1000 2096 gerimus
1035 2066 1050 2090 ,
1081 2027 1192 2094 ipse
1241 2035 1288 2080 te
1319 2027 1547 2081 absolvat
1586 2030 1650 2081 ab
1689 2028 1918 2083 omnibus
1956 2033 2175 2100 peccatis

589 2117 712 2169 tuis.
746 2115 851 2168 Per
882 2115 1155 2169 Dominum
1196 2124 1426 2170 nostrum
1451 2116 1632 2172 Jesum
1662 2118 1922 2173 Christum
1957 2119 2003 2172 F
2007 2121 2171 2176 ilium.

735 2206 890 2274 110
921 2205 1059 2258 Ordo
1107 2206 1176 2258 ad
1204 2207 1636 2260 reconciliandam
1665 2208 2019 2264 Paznitentem.

664 2294 749 2348 50.
786 2293 924 2348 Dicit
948 2296 1201 2349 sacerdos
1229 2297 1458 2364 capitula
1487 2313 1502 2351 :
1549 2299 1728 2352 Averte
1767 2299 1949 2367 faciem
1977 2310 2114 2354 tuam
2143 2321 2176 2356 a

596 2385 814 2453 peccatis
844 2386 983 2438 meis.
1027 2384 1190 2454 Resp.
1245 2386 1309 2438 Et
1337 2403 1510 2441 omnes
1540 2389 1828 2458 iniquitates
1858 2406 1996 2444 meas
2041 2391 2170 2447 dele.

591 2475 860 2531 V'ers.Cor
882 2477 1128 2530 mundum
1155 2495 1269 2531 crea
1294 2479 1346 2532 in
1369 2496 1464 2545 me,
1494 2478 1651 2534 Deus.
1677 2480 1836 2549 ReSp.
1855 2480 1920 2533 Et
1938 2483 2174 2552 spiritum

588 2575 780 2619 rectum
809 2567 996 2620 innora
1023 2568 1073 2619 in
1104 2569 1376 2620 visceribus
1395 2569 1537 2621 meis.
1575 2569 1723 2624 Vers.
1754 2571 1967 2624 Domine
1987 2573 2175 2627 exaudi

587 2659 1080 2712 orationem-meam.
1116 2658 1278 2727 Resp.
1327 2658 1391 2712 Et
1433 2659 1626 2712 clamor
1654 2677 1791 2713 meus
1819 2661 1886 2713 ad
1909 2669 1957 2714 te
1986 2664 2170 2716 veniat.

590 2750 793 2803 Oratio.
829 2749 1152 2819 Mujestatem
1176 2763 1340 2815 tuan,
1374 2751 1612 2819 Domine,
1648 2753 1902 2823 supplices
1927 2755 2169 2822 depreca-

588 2854 724 2906 mur,
749 2851 801 2892 at
825 2841 944 2894 huic
971 2843 1168 2909 famulo
1197 2853 1283 2896 tuo
1316 2842 1387 2896 N.
1420 2843 1577 2913 longo
1599 2843 1836 2911 squalore
1864 2845 2173 2912 paenitentia:

587 2938 868 2994 macerato,
895 2931 1234 2984 miserationis
1258 2942 1359 2984 tute
1378 2932 1574 2985 veniam
1607 2933 1785 3001 largiri
1815 2933 2058 3004 digneris,
2093 2945 2167 3003 ut,

587 3017 809 3087 nuptiali
845 3029 978 3073 veste
1017 3028 1241 3088 recepta,
1273 3022 1342 3072 ad
1367 3019 1588 3090 regalem
1613 3037 1860 3089 mensam,
1893 3024 2028 3078 unde
2067 3029 2168 3096 eje-

2279 1847 2448 1901 alsint
2471 1852 2642 1920 angeli
2677 1853 2819 1920 pacis
2845 1898 2859 1922 ,
2904 1855 3208 1926 domumque
3239 1859 3369 1913 hanc
3399 1863 3602 1916 deserat
3639 1864 3860 1935 effugata

2277 1936 2555 1990 discordia.
2582 1938 2863 2010 Magniﬁca
2887 1960 3039 2011 super
3060 1963 3175 2013 nos,
3209 1948 3447 2015 Domine,
3482 1970 3666 2006 nomen
3701 1965 3856 2022 tuum,

2278 2036 2324 2078 et
2352 2026 2472 2081 bene
2507 2027 2547 2098 ’ξ’
2575 2029 2658 2082 dic
2690 2042 2876 2086 nostra:
2925 2038 3332 2104 conuersationi;
3360 2043 3633 2109 sancti/ica
3678 2057 3855 2116 nostra

2278 2117 2581 2173 humilitatis
2609 2124 2892 2192 ingressum
2919 2168 2932 2190 ,
2975 2131 3061 2198 qui
3086 2147 3291 2185 sanc'us
3319 2145 3368 2186 et
3391 2137 3508 2204 pius
3531 2153 3587 2188 es
3606 2178 3622 2201 ,
3665 2149 3712 2190 et
3739 2157 3852 2206 per-

2278 2226 2450 2262 manes
2487 2227 2600 2265 cum
2634 2213 2791 2267 Patre
2828 2228 2874 2270 et
2918 2219 3121 2287 Spiritu
3149 2236 3328 2276 sancto
3350 2225 3400 2277 in
3422 2230 3615 2279 saecula
3643 2231 3854 2281 sa’cstlo-

2276 2316 2407 2352 rum.
2432 2301 2632 2356 Oratio.
2669 2304 2881 2361 Oremus
2903 2319 2947 2361 et
2977 2309 3306 2378 deprecemur
3321 2312 3594 2369 Dominum
3633 2328 3858 2372 nostrum

2275 2390 2451 2445 Jesum
2481 2393 2759 2462 Christum,
2808 2410 2862 2451 ut
2893 2400 3233 2456 benedicendo
3264 2405 3388 2459 bene
3411 2406 3452 2476 ϊ
3486 2409 3622 2461 dicat
3653 2409 3751 2462 hoc
3786 2420 3855 2462 ta-

2277 2482 2623 2552 bernaculum,
2648 2497 2694 2541 et
2721 2505 2891 2544 omnes
2913 2491 3201 2548 habitantes
3225 2497 3276 2550 in
3306 2513 3386 2562 eo,
3418 2509 3466 2552 et
3494 2501 3581 2553 det
3605 2503 3680 2554 eis
3709 2518 3856 2572 ange-

2277 2571 2382 2624 lum
2407 2573 2591 2627 bonum
2616 2579 2875 2632 custodem
2902 2623 2914 2645 ,
2946 2592 2994 2635 et
3022 2584 3177 2652 faciat
3198 2602 3282 2642 eos
3309 2591 3498 2642 servire
3523 2592 3624 2644 sibi
3648 2592 3720 2644 ad
3742 2608 3858 2647 cun-

2274 2651 2604 2722 siderandum
2629 2672 2885 2726 mirabilia
2911 2675 2974 2728 de
2997 2651 3105 2746 tege
3129 2695 3239 2732 sua.
3266 2682 3472 2736 Avertat
3493 2685 3557 2736 ab
3589 2685 3663 2738 eis
3690 2702 3857 2742 omnes

2274 2759 2561 2812 contrarias
2587 2769 2875 2830 potestates,
2901 2767 3082 2833 eripiat
3109 2785 3194 2823 eos
3213 2771 3275 2823 ab
3293 2775 3433 2826 omni
3455 2777 3858 2844 perturbatione,

2273 2859 2333 2896 ac
2355 2862 2510 2901 sanos
2540 2849 2591 2902 in
2624 2850 2718 2902 hoc
2747 2852 3045 2910 habitacula
3076 2861 3334 2915 custodire
3363 2863 3631 2933 dignetur.
3662 2867 3766 2932 Qui
3791 2869 3852 2921 ei.

2273 2938 2364 2990 vis.
2395 2939 2511 2993 Alia
2550 2941 2752 2996 Oratio.
2783 2944 2989 2999 Exaudi
3019 2967 3110 3003 nos
3133 2991 3148 3016 ,
3199 2951 3417 3007 Domine
3446 2966 3627 3011 sancte
3649 2999 3663 3022 ,
3704 2957 3857 3014 Pater

2273 3029 2611 3100 omnipotens,
2641 3045 2824 3089 ceterae
2861 3036 2994 3092 Deus
3015 3079 3032 3104 ,
3062 3051 3109 3094 et
3139 3043 3336 3098 mittere
3365 3045 3451 3113 dig
3491 3048 3591 3100 eris
3619 3061 3852 3103 sanctum

587 3117 696 3162 ctus
720 3111 912 3181 fuerat,
931 3119 1180 3164 mereatur
1209 3111 1425 3164 intrare.
1452 3111 1569 3166 Alia
1598 3112 1804 3167 Oratio.
1840 3112 2167 3185 Omnipotens
2193 3136 2240 3198 ο
2272 3122 2508 3191 angelum
2532 3133 2673 3176 tuum
2694 3123 2757 3176 de
2780 3125 2938 3190 caelis,
2969 3131 3056 3195 qui
3076 3132 3353 3200 custodiat,
3386 3111 3574 3203 foveat,
3605 3149 3858 3210 protegat,

585 3198 651 3252 de
679 3197 790 3251 Deo
817 3199 973 3260 Deus,
1005 3200 1092 3269 qui
1120 3199 1264 3254 habet
1293 3209 1593 3271 potestatem
1621 3212 1828 3272 peccata
1855 3205 2161 3273 dimittendi,

585 3297 633 3342 et
661 3289 749 3359 qui
777 3288 969 3343 latroni
986 3293 1100 3361 jam
1125 3289 1180 3343 in
1201 3306 1349 3344 cruce
1376 3309 1617 3363 suspenso
1645 3303 1852 3364 peccata
1883 3297 2096 3364 remisit,
2121 3308 2168 3352 et

585 3395 702 3432 eum
723 3381 792 3433 ad
820 3382 1050 3450 paradisi
1076 3383 1286 3436 delicias
1305 3385 1566 3454 perduxit,
1598 3396 1644 3438 et
1667 3397 1844 3440 sancto
1879 3386 2052 3456 Petro,
2085 3392 2168 3444 cui

590 3469 732 3522 dedit
773 3479 1076 3537 potestatem
1107 3473 1302 3543 ligandi
1330 3483 1482 3542 atque
1529 3474 1760 3530 solvendi
1805 3478 1858 3531 in
1886 3479 2011 3532 caelo
2041 3489 2085 3533 et
2114 3481 2168 3534 in

585 3570 748 3627 terra,
781 3573 827 3615 et
855 3563 924 3616 ad
949 3563 1078 3617 alios
1101 3563 1380 3633 discipulos
1411 3566 1585 3622 dixit:
1620 3569 1846 3635 Quorum
1875 3572 2168 3626 remiseritis

585 3664 790 3722 peccata
819 3657 1147 3709 remittuntur
1175 3657 1274 3720 eis,
1305 3666 1354 3712 et
1384 3674 1601 3728 quorum
1640 3663 1952 3716 retinueritis
1977 3673 2168 3718 retenta

584 3752 728 3796 erunt
759 3759 777 3806 ;
807 3745 914 3811 ipse
951 3754 999 3800 te
1027 3746 1303 3800 secundum
1335 3765 1571 3818 magnam
1595 3751 1994 3806 misericordiam
2022 3769 2167 3808 suam

584 3833 811 3886 absolvat
838 3835 900 3888 ab
932 3837 1164 3889 omnibus
1195 3839 1418 3905 peccatis
1447 3839 1570 3904 tuis,
1595 3848 1643 3893 et
1667 3840 1822 3910 faciat
1853 3850 1900 3894 te
1927 3858 2168 3913 perage'e

584 3937 753 3976 veram
774 3926 1133 3993 paenitentiam,
1170 3937 1213 3981 et
1239 3928 1311 3980 sic
1338 3930 1405 3981 ad
1428 3929 1579 3998 finem
1601 3946 1920 4000 perseverare
1946 3935 1999 3986 in
2023 3934 2166 3988 bonis

584 4015 836 4082 operibus,
863 4025 919 4069 ut
944 4016 1082 4071 dicat
1111 4019 1242 4072 tibi:
1273 4019 1395 4074 lam
1421 4036 1522 4074 non
1545 4030 1592 4074 te
1619 4023 1993 4091 condemnabo,
2019 4027 2162 4088 vade.

583 4116 632 4159 ct
683 4107 902 4177 amplius
956 4109 1065 4162 noli
1129 4125 1356 4177 peccare.
1390 4110 1493 4175 Qui
1527 4127 1641 4164 cum
1685 4111 1841 4167 Patre
1870 4121 1918 4166 et
1963 4113 2166 4185 Spiritu

586 4204 788 4262 sancto,
817 4207 921 4252 etc.
947 4197 1199 4268 Sequitur
1231 4199 1559 4254 Benedictio.
1591 4199 1730 4254 Bene
1752 4202 1790 4272 -ι-
1815 4202 1953 4256 dicat
1986 4212 2034 4256 te
2056 4202 2165 4256 Do-

583 4288 773 4352 minus,
806 4297 852 4341 et
881 4291 1132 4343 custodiat
1161 4307 1388 4361 semper.
1424 4291 1676 4347 Ostendat
1707 4293 1954 4348 Dominus
1983 4296 2163 4365 faciem

581 4392 725 4430 suam
754 4378 864 4447 tibi,
889 4388 934 4432 et
964 4381 1259 4433 misereatur
1281 4381 1376 4434 tui.
1400 4380 1666 4436 Convertat
1694 4383 1944 4438 Dominus
1976 4386 2163 4440 vultum

580 4482 730 4520 suum
767 4473 832 4521 ad
859 4478 904 4522 te
928 4511 944 4536 ,
989 4478 1035 4522 et
1076 4486 1241 4522 veram
1284 4472 1368 4524 det
1404 4473 1489 4525 tibi
1531 4489 1740 4543 pacem,
1768 4475 1856 4544 qui
1882 4476 2017 4528 vivit.
2048 4477 2161 4530 Alia

583 4556 910 4612 Benedictio.
946 4560 1082 4613 Bene
1108 4562 1148 4632 -ι-
1176 4561 1310 4614 dicat
1350 4573 1398 4615 te
1424 4566 1732 4630 omnipotens
1767 4565 1905 4621 Deus
1929 4606 1945 4635 ,
1985 4577 2032 4621 et
2070 4585 2161 4638 per

580 4650 947 4704 abundantiam
967 4651 1192 4721 Spiritus
1214 4656 1375 4707 sancti
1399 4671 1484 4708 cor
1507 4665 1649 4709 tuum
1678 4658 1984 4725 corroboret,
2015 4678 2157 4716 men-

581 4748 683 4792 tem
726 4750 864 4793 tuam
909 4744 1210 4812 s'tncti/icet,
1242 4746 1392 4798 vitam
1425 4756 1559 4800 tuam
1583 4751 1879 4821 ampliﬁcet,
1924 4756 2160 4808 castimo-

581 4830 720 4880 niam
749 4830 969 4896 decoret,
1002 4841 1150 4901 atque
1175 4850 1376 4888 sensum
1403 4845 1546 4889 tuum
1573 4838 1624 4891 in
1656 4840 1885 4893 omnibus
1925 4845 2158 4912 aperibus

579 4921 867 4991 conﬁrmet;
891 4941 1134 4995 prospira
1158 4926 1246 4979 tibi
1271 4927 1480 4992 tribuat,
1507 4945 1682 4997 pacem
1713 4932 1974 5001 concedat,
2015 4935 2158 4989 salu-

579 5022 676 5064 tem
704 5014 955 5082 conferat,
988 5017 1203 5080 quietem
1235 5019 1423 5071 tribuat
1447 5036 1465 5083 ;
1487 5018 1734 5072 charitate
1761 5023 1955 5075 muniat
1981 5064 1995 5090 ,
2023 5034 2067 5078 et
2092 5027 2155 5080 ab

577 5105 811 5158 omnibus
848 5105 1111 5160 diabolicis
1145 5117 1190 5161 et
1228 5107 1468 5163 humanis
1514 5110 1711 5166 insidiis
1746 5129 1841 5166 sua
1873 5125 1922 5168 te
1961 5131 2157 5185 semper

578 5195 885 5261 protectione
909 5207 954 5250 et
982 5197 1162 5252 virtute
1207 5200 1476 5268 defendat;
1504 5209 1551 5253 et
1581 5217 1891 5273 qutccunqae
1929 5207 2157 5276 postula-

579 5285 707 5336 veris
725 5287 906 5354 juste,
943 5287 1215 5343 clementer
1255 5290 1518 5343 concedat.
1550 5291 1764 5360 Auferat
1806 5297 1978 5349 omnia
2019 5300 2156 5353 mala

578 5388 690 5438 quia
715 5375 946 5444 gessisti;
968 5379 1156 5433 tribuat
1186 5379 1275 5432 tibi
1303 5381 1521 5451 gratiam
1544 5399 1699 5451 quam
1718 5401 1913 5456 semper
1941 5391 2152 5462 rogasti,

580 5462 690 5529 ipso
719 5464 995 5533 adjuvante
1015 5508 1031 5535 ,
1071 5477 1120 5522 et
1139 5472 1458 5538 pra'cedente
1486 5489 1576 5527 nos
1612 5475 1680 5526 ad
1709 5490 1863 5546 regna
1883 5484 2153 5549 caelorum,

578 5553 664 5617 qui
686 5568 799 5606 cum
830 5553 1005 5610 Patre.
1049 5559 1166 5612 Alia
1211 5560 1535 5615 Benedictio.
1560 5560 1698 5617 Bene
1720 5564 1756 5631 -ι-
1783 5568 1916 5622 dicat
1946 5576 1993 5623 te
2021 5570 2152 5625 Deus

583 5637 758 5710 Pater,
783 5654 921 5698 casto
947 5645 1104 5715 fdiat
1134 5657 1181 5704 te
1205 5649 1299 5704 Dei
1326 5649 1518 5718 Filius,
1546 5664 1594 5708 et
1611 5655 1774 5709 illumi
1799 5659 1834 5728 ἰ·
1857 5670 1937 5714 net
1960 5670 2006 5716 te
2024 5662 2148 5734 Spi-

2272 3213 2438 3266 visitet
2470 3223 2516 3267 et
2545 3215 2785 3283 defendat
2815 3235 2987 3273 omnes
3027 3221 3312 3277 habitantes
3336 3225 3388 3277 in
3417 3227 3514 3280 hoc
3542 3229 3858 3285 habitacula.

2272 3302 2375 3358 Per
2416 3303 2692 3362 Christum.
2725 3307 2838 3362 Alia
2883 3308 3084 3365 Oratio.
3113 3312 3453 3383 Omniporens
3499 3327 3545 3370 et
3577 3320 3858 3374 misericors

2273 3395 2430 3462 Deus,
2463 3400 2548 3468 qui
2578 3399 2878 3455 immensam
2901 3403 3137 3473 pietatem
3176 3414 3430 3461 tuam.....
3458 3449 3474 3472 ,
3505 3419 3560 3463 ut
3592 3412 3662 3462 ad
3693 3428 3857 3477 preces

2271 3489 2572 3543 humilitatis
2599 3504 2784 3544 nostra:
2811 3493 3078 3564 salutifere
3116 3497 3324 3551 visitare
3359 3500 3590 3570 digneris
3622 3504 3759 3556 hunc
3787 3508 3856 3576 fa-

2271 3582 2465 3633 mulam
2495 3590 2638 3634 tuum
2674 3581 2743 3635 Ν.
2773 3623 2788 3649 ,
2842 3584 2972 3638 sicut
3001 3586 3216 3640 visitasti
3248 3587 3476 3657 Tobiam,
3511 3591 3738 3661 Saram,
3770 3611 3854 3648 so-

2270 3692 2411 3728 crum
2437 3674 2597 3743 Petri,
2624 3695 2833 3746 puerum
2858 3678 3180 3736 Centurionis
3198 3700 3217 3748 ;
3235 3700 3354 3751 quo,
3380 3686 3601 3755 pristina
3623 3691 3857 3756 corporis

2269 3775 2315 3820 et
2341 3767 2526 3821 anima:
2551 3769 2772 3823 sanitate
2801 3781 3002 3838 recepta
3028 3813 3043 3834 ,
3086 3784 3133 3824 et
3161 3772 3421 3844 Majestati
3452 3787 3555 3830 tua:
3585 3778 3783 3832 debitas
3804 3781 3853 3831 in

2270 3858 2482 3911 ecclesia
2515 3858 2694 3912 laudes
2739 3861 2984 3915 exsolvat.
3032 3862 3152 3916 Per.
3203 3866 3317 3918 Alia
3358 3867 3563 3920 Oratio.
3605 3867 3744 3924 Deus
3771 3873 3855 3935 qui

2269 3945 2464 4012 famulo
2493 3955 2580 3999 tuo
2618 3948 2728 4018 regi
2759 3947 2995 4004 Ezechice
3033 3960 3108 4004 ter
3133 3955 3313 4021 quinos
3341 3971 3502 4008 annos
3527 3967 3762 4024 potenter
3788 3961 3855 4011 ad

2269 4037 2419 4088 vitam
2442 4037 2666 4102 donasti,
2693 4055 2982 4105 quwsumus
3005 4051 3057 4094 at
3080 4041 3480 4113 huncfamulum
3505 4058 3650 4099 tuum
3674 4067 3706 4102 a
3727 4051 3852 4102 lecto

2267 4126 2590 4196 (egritudinis
2623 4130 3015 4185 misericordater
3043 4133 3208 4203 erigas
3237 4135 3304 4186 ad
3345 4139 3582 4190 salutem.
3615 4138 3718 4193 Per
3751 4139 3854 4194 Do-

2269 4217 2481 4272 minum.
2513 4218 2630 4272 Alia
2672 4218 2873 4276 Oat‘o.
2908 4222 3044 4277 Deus
3091 4227 3176 4293 qui
3220 4226 3419 4279 beatum
3451 4226 3666 4282 Petrum
3711 4233 3849 4300 Δρο-

2266 4309 2455 4361 stolam
2478 4312 2546 4362 ad
2561 4311 2792 4365 Tabitam
2814 4314 3064 4383 famulam
3087 4324 3228 4369 tuam
3252 4319 3452 4384 misisti,
3468 4332 3718 4389 quatenus
3740 4327 3848 4391 eius

2269 4402 2497 4469 precibus
2527 4405 2858 4458 suscitaretur
2881 4407 2950 4459 ad
2975 4409 3146 4476 vitam,
3171 4413 3360 4464 exaudi
3388 4430 3500 4478 nos,
3533 4433 3844 4484 qucesumus,

2193 4505 2242 4565 ι)
2268 4501 2314 4544 et
2340 4493 2457 4547 huic
2485 4495 2679 4562 famulo
2708 4507 2796 4550 tuo
2820 4497 2919 4563 N.,
2942 4517 3092 4570 quem
3126 4503 3178 4555 in
3210 4505 3414 4559 nomine
3439 4516 3526 4561 tuo
3557 4511 3727 4563 visitat
3760 4529 3844 4564 nn-

2269 4591 2375 4634 stra
2419 4583 2704 4654 fragilitas,
2747 4587 3031 4643 disiderata
3061 4590 3342 4648 clementia:
3367 4606 3469 4650 tua:
3503 4601 3700 4654 medela
3725 4601 3844 4655 sub-

2267 4673 2448 4724 veniat.
2479 4677 2634 4744 112
2665 4675 2884 4730 Oramus
2909 4689 2973 4745 te,
3005 4680 3216 4736 Domine
3234 4682 3358 4738 Jesu
3382 4685 3602 4754 Christe,
3645 4700 3691 4745 et
3731 4709 3842 4745 cunt

2267 4763 2405 4813 oanni
2433 4763 2808 4832 supplicatione
2853 4785 3093 4841 rogamus
3114 4810 3129 4835 ,
3176 4783 3232 4826 ut
3256 4773 3393 4828 hunc
3421 4781 3674 4845 famulum
3703 4795 3841 4835 tuum

2266 4869 2356 4918 per
2369 4855 2608 4924 angelum
2620 4868 2851 4912 sanctum
2871 4869 3011 4914 tuum
3032 4863 3255 4931 visitare,
3274 4867 3560 4936 lwtiﬁcare,
3575 4879 3622 4923 et
3638 4877 3832 4942 confor-

2264 4953 2372 4997 tare
2387 4986 2401 5009 ,
2416 4953 2564 5014 atque
2577 4945 2844 5002 liberare-et
2862 4968 3045 5006 sanare
3054 4955 3281 5024 digneris
3296 4999 3310 5022 ,
3331 4959 3419 5028 qui
3433 4961 3555 5013 vivis
3568 4971 3613 5014 et
3637 4980 3818 5033 regnas

2332 5032 2420 5088 32.
2471 5035 2672 5092 Deinde
2704 5040 2952 5095 sacerdos
3007 5058 3125 5098 cum
3164 5059 3300 5114 aqua
3349 5049 3625 5105 benedicta
3675 5032 3834 5107 iaciat

2261 5137 2471 5177 crucem
2488 5127 2949 5200 superintirmum,
2979 5145 3033 5186 et
3055 5147 3298 5206 aSpergat
3328 5153 3424 5206 per
3447 5146 3832 5202 totamdommn

2260 5228 2483 5280 aquam,
2535 5217 2760 5272 dicendo
2793 5221 3038 5290 Asperges
3076 5240 3173 5289 me,
3222 5225 3438 5284 Domine
3464 5271 3479 5295 ,
3527 5234 3749 5305 hgssopo
3789 5244 3834 5288 et

2261 5305 2564 5373 mundabor,
2589 5321 2708 5360 cum
2736 5307 2976 5364 Miserere
3005 5315 3102 5366 mei
3125 5313 3283 5372 Deus.
3317 5317 3519 5376 Deinde
3547 5324 3690 5378 dicat
3716 5341 3729 5377 :
3757 5326 3833 5377 Αιι

2259 5394 2382 5458 quid
2407 5411 2482 5448 me
2508 5399 2717 5464 vocasti,
2751 5401 2957 5469 frater?
2985 5403 3285 5474 Respondet
3313 5409 3555 5466 intirmus
3581 5431 3592 5465 :
3628 5413 3697 5467 Ut
3717 5431 3832 5467 con-

2257 5484 2407 5550 ﬁtear
2445 5485 2553 5540 Deo
2583 5496 2627 5540 et
2657 5490 2749 5543 tibi
2774 5504 2984 5559 peccata
3015 5513 3124 5550 mea
3150 5539 3166 5564 ,
3218 5508 3265 5551 et
3295 5511 3348 5552 ut
3376 5501 3483 5554 vice
3513 5501 3608 5556 Dei
3655 5515 3708 5557 tu
3742 5505 3829 5556 illa

2257 5571 2380 5626 mihi
2408 5579 2658 5631 condones
2681 5618 2696 5644 ,
2747 5591 2794 5634 et
2825 5582 2912 5637 des
2943 5585 3067 5638 mihi
3096 5590 3473 5659 paenitentiam,
3504 5603 3553 5646 ct
3584 5593 3827 5661 infundas

2255 5669 2412 5720 sancti
2446 5667 2670 5739 Spiritus
2696 5675 3000 5731 unctionem.
3034 5677 3295 5738 Sacerdos
3325 5686 3610 5756 respondet
3641 5703 3655 5741 :
3693 5685 3817 5741 Cone
