4008 6308
211 326 336 383 1021

1422 318 1677 375 ROMANI
1717 320 2034 377 ORDINES.
2079 352 2146 363 —
2186 322 2250 377 Χ.

3332 337 3470 394 10-29

197 445 350 496 donet
379 439 469 493 tibi
504 436 750 491 Dominus
779 434 931 488 Jesus
956 432 1187 487 Christus
1218 434 1391 486 omnia
1423 444 1631 500 pecca'a
1662 446 1747 486 tua
1770 476 1782 496 ,
1820 439 1863 496 Λ
1892 437 2029 488 diam
2054 445 2229 506 parcat
2257 435 2346 489 tibi
2390 436 2635 492 Dominus
2663 438 2912 508 quidquid
2959 442 3155 495 narium
3201 444 3316 497 vitio
3341 448 3474 499 deli-

198 545 241 587 et
271 532 593 601 salutiferam
621 528 714 581 tibi
739 528 927 579 tribuat
958 526 1270 578 unctionem.
1304 524 1497 576 Tamen
1521 525 1563 577 si
1583 533 1630 576 te
1657 524 1788 577 Deus

197 622 419 694 respexit
463 631 508 674 et
556 619 807 673 sanaverit
854 615 1131 682 Dominus,
1173 616 1423 669 custodias
1464 616 1644 668 illam?
1687 615 1789 668 Re-

198 715 428 784 spondet
452 711 771 765 Custodiam.
800 708 949 762 Tunc
970 708 1218 761 sacerdos
1241 721 1396 775 supra
1426 716 1607 774 pectus
1635 706 1788 758 faciat

202 818 417 857 crucem
450 817 569 855 cum
595 814 728 867 aqua
760 806 814 851 et
841 797 1040 862 cinere,
1082 796 1524 865 snperimponens
1554 794 1785 849 cilicium

199 895 266 948 ita
295 895 477 947 dicens
502 910 513 944 :
540 890 690 959 Apud
721 889 995 941 Dominum
1021 888 1374 940 misericordia
1399 896 1492 954 est,
1518 898 1561 939 et
1583 888 1788 957 eopiosa

197 985 341 1052 apud
372 1000 490 1037 eum
516 980 817 1049 redemptio.
848 976 932 1030 Ita
964 979 1095 1031 enim
1118 980 1274 1048 lapsis
1303 978 1589 1031 hominibus
1612 980 1789 1031 subve-

196 1077 305 1140 nit,
343 1084 398 1127 ut
427 1090 527 1126 non
554 1071 719 1126 soluat
760 1086 850 1140 rer
875 1069 1111 1139 baptismi
1142 1078 1188 1121 et
1216 1069 1617 1135 conﬁrmationis
1667 1086 1788 1139 θαα-

199 1168 350 1232 tiam,
384 1166 472 1219 sed
499 1166 650 1218 etiam
683 1180 770 1231 per
789 1162 1096 1231 pauitantia:
1117 1169 1163 1213 et
1196 1161 1452 1214 unctionis
1480 1161 1784 1214 medicinam

196 1258 413 1323 spiritus
467 1257 718 1309 humanus
763 1254 878 1306 vita:
907 1261 1175 1321 reparetur
1202 1260 1422 1304 teter-nte.
1482 1251 1788 1317 ReSpon.!et

203 1348 453 1401 inﬁrmus
488 1345 594 1398 Deo
614 1344 825 1415 gratias.
856 1341 1026 1406 Tunc,
1058 1351 1299 1408 suscepta
1332 1338 1696 1404 confessione,
1730 1348 1785 1393 et

197 1438 398 1492 indiCIa
431 1436 737 1506 pmuitentia
766 1473 782 1500 ,
830 1442 1118 1503 sequantur
1148 1441 1348 1498 septem
1388 1430 1578 1485 l’salmi
1611 1432 1779 1499 paeni-

197 1527 447 1582 tentiales
478 1537 530 1581 et
560 1525 764 1579 litania.
821 1522 1022 1577 Deinde
1067 1522 1255 1575 dicitur
1288 1519 1449 1590 Kyrie
1472 1560 1488 1587 ,
1537 1519 1735 1574 Christe
1764 1561 1779 1587 ,

194 1620 409 1683 eleison,
441 1615 635 1687 Kyr'e;
666 1615 823 1670 Pater
849 1623 1037 1668 noster.
1071 1614 1223 1667 Vers.
1249 1611 1313 1666 Et
1346 1629 1409 1665 ne
1433 1629 1523 1666 nos
1546 1613 1779 1667 inducas.

198 1707 362 1776 Resp.
396 1706 502 1760 Sed
524 1705 681 1759 libera
708 1721 818 1758 nos.
854 1703 1006 1758 Vers.
1041 1702 1253 1758 Salvum
1279 1704 1363 1772 fac
1383 1719 1581 1757 servum
1614 1714 1668 1756 tu
1690 1720 1779 1758 .m.

1893 530 2068 596 quisti.
2101 529 2260 597 Resp.
2294 530 2475 583 Amen.
2508 531 2587 584 Ad
2616 546 2675 584 os
2706 548 2717 583 :
2755 530 2855 586 Per
2912 534 3061 587 istam
3088 546 3316 588 sanctam
3363 556 3468 590 un—

1892 620 2103 671 ctionem
2135 630 2180 672 et
2220 636 2366 672 suam
2412 621 2692 689 piissimam
2722 623 3125 676 misericordium
3162 641 3338 695 parcat
3382 630 3469 681 tibi

1896 708 2147 762 Dominus
2197 712 2440 779 quidquid
2491 712 2701 782 linguae,
2750 714 2827 765 vel
2875 715 2980 766 oris
3023 716 3141 767 vitio
3192 716 3468 780 deliquisti.

1897 797 2054 866 Resp.
2088 799 2269 852 Amen.
2320 800 2399 853 Ad
2454 816 2639 855 manus
2684 818 2699 854 :
2748 800 2849 855 Per
2903 804 3049 856 istaut
3104 816 3329 857 sanctum
3379 824 3473 859 un-

1894 891 2109 941 ct'onem
2158 900 2205 941 et
2234 905 2378 941 suam
2407 892 2688 959 piissimam
2722 894 3121 945 misericordium
3167 906 3336 960 parcat
3384 897 3472 948 tibi

1903 978 2154 1033 Dominus
2182 981 2425 1048 quidquid
2456 990 2642 1045 tactus,
2668 983 2743 1035 vel
2771 986 3015 1049 incessus,
3039 995 3124 1036 aut
3165 986 3473 1049 lumborum,

1890 1088 1977 1125 seu
2008 1073 2174 1124 carnis
2202 1074 2318 1125 vitio
2341 1072 2617 1141 deliquisti.
2646 1073 2804 1142 Resp.
2836 1076 3015 1130 Amen.
3049 1076 3170 1129 Post
3203 1077 3313 1129 lucc
3334 1080 3477 1131 uicat

1890 1163 2139 1217 sacerdos
2167 1181 2179 1216 :
2211 1163 2444 1230 Respice,
2472 1180 2783 1232 quaesumus,
2814 1165 3029 1218 Domine
3052 1167 3300 1234 famulum
3327 1176 3470 1219 tuum

1889 1253 2186 1321 inﬁrmitate
2217 1254 2298 1305 sui
2343 1254 2572 1322 corporis
2616 1254 2952 1321 fatiscentem,
2988 1265 3031 1307 et
3062 1257 3285 1307 animam
3308 1256 3475 1322 refove

1891 1357 2045 1411 quam
2076 1342 2283 1406 creasti,
2308 1350 2383 1404 ut,
2411 1341 2825 1412 castigationibus
2862 1345 3177 1407 emendatus,
3207 1360 3258 1395 se
3291 1346 3475 1396 sentiat

1890 1442 1976 1484 tua
2020 1431 2273 1484 medicina
2333 1431 2606 1483 salvatum.
2655 1430 2776 1483 Per.
2833 1430 2947 1483 Alia
3002 1430 3203 1483 Oratio.
3258 1431 3472 1485 Domine

1888 1530 2078 1586 sancte,
2104 1520 2261 1575 Pater
2307 1522 2647 1589 omnipotens,
2698 1530 2885 1574 ceterae
2931 1520 3088 1584 Deus,
3136 1523 3242 1589 qui,
3275 1521 3475 1574 bmedi-

1891 1614 2070 1666 ctionis
2100 1620 2198 1665 tute
2225 1612 2444 1682 gratiam
2466 1610 2943 1681 wgrisinfundendo
2966 1611 3282 1677 corporibus,
3308 1611 3473 1681 factu-

1891 1719 2001 1755 ram
2038 1712 2173 1755 tuam
2216 1701 2489 1772 multiplici
2513 1702 2697 1769 pietate
2724 1701 2970 1765 custodis,
3002 1701 3068 1753 ad
3104 1702 3469 1756 invocationem

202 1796 367 1864 Resp.
402 1795 539 1849 Deus
572 1811 732 1847 meus.
761 1793 912 1847 Vcrs.
950 1793 1096 1846 Mitte
1115 1793 1192 1856 ei,
1245 1792 1481 1859 Domine,
1511 1796 1782 1848 auxilium.
1821 1822 1862 1880 Β
1892 1796 1966 1847 tui
2013 1794 2230 1847 nominis
2280 1793 2525 1862 benignus
2577 1793 2776 1853 assiste,
2823 1804 2875 1845 ut
2921 1793 3175 1862 famulum
3218 1804 3361 1845 tuum
3412 1794 3474 1845 ab

226 1888 368 1954 ’uzsp.
422 1884 488 1937 Et
528 1886 592 1936 de
644 1885 796 1938 Sion.
845 1884 999 1939 Vers.
1042 1882 1168 1936 Esto
1198 1884 1263 1953 ei,
1308 1884 1560 1950 Domine,
1609 1886 1785 1939 turris.

206 1978 368 2045 Resp.
403 1976 625 2043 Afacie.
660 1976 812 2029 V'ers.
851 1975 1000 2027 Nihil
1046 1975 1283 2044 proﬁciat
1332 1977 1591 2029 inimicus.
1624 1977 1787 2046 Ru-sp.

201 2067 270 2121 Et
310 2068 471 2135 ﬁlius.
534 2066 686 2120 Vers.
747 2066 961 2119 Domine
986 2106 1001 2131 ,
1042 2067 1227 2118 exaudi
1268 2066 1564 2119 Orationem
1603 2083 1785 2122 meam.

198 2159 360 2227 Resp.
391 2158 457 2210 Et
480 2159 689 2211 clamor.
718 2157 921 2210 Oratio.
954 2155 1283 2227 Omnipotens
1301 2158 1602 2227 sempiterne
1626 2156 1786 2224 Deus,

197 2250 293 2317 qui
318 2265 408 2318 per
434 2249 633 2302 beatum
649 2246 898 2300 Jacobum
928 2248 1216 2318 apostolum
1239 2258 1381 2301 tuum
1409 2248 1649 2302 inducere
1678 2263 1791 2317 pre-

197 2343 426 2411 sbyteros
468 2340 713 2394 Ecclesia:
756 2349 801 2393 et
830 2356 1018 2409 ungere
1048 2341 1158 2394 oleo
1198 2340 1429 2407 inﬁrmos
1455 2340 1741 2409 prtecepisti
1765 2379 1780 2403 ,

200 2442 412 2497 prwsta,
434 2447 746 2501 qucesumus,
780 2440 831 2483 ut
854 2430 1075 2500 digneris
1099 2446 1189 2500 per
1211 2447 1391 2484 manus
1422 2439 1595 2483 nostra
1650 2430 1784 2482 hunc

196 2524 454 2587 laniatum
485 2533 624 2577 tuum
652 2523 913 2590 inﬁrmum
932 2525 993 2575 de
1018 2524 1127 2575 oleo
1152 2520 1470 2589 sanctiﬁca'o
1495 2536 1708 2593 ungere,
1738 2533 1784 2574 et

196 2614 387 2684 bene-l-
435 2614 638 2678 dicere;
688 2622 733 2666 et
780 2614 919 2679 quod
946 2613 1163 2681 ﬁdeliter
1212 2613 1524 2681 postulantes
1566 2614 1781 2667 exterius

195 2704 577 2770 amplectimur,
604 2701 700 2755 hoc
722 2702 940 2755 interius
970 2702 1308 2771 spiritualiter
1329 2702 1501 2755 divina
1526 2711 1612 2754 tua
1630 2704 1785 2756 virtus

196 2791 516 2845 invisibiliter
546 2800 800 2859 operetur.
833 2790 948 2845 Alia
980 2792 1183 2845 Oratio.
1220 2791 1438 2844 Domine
1467 2790 1605 2845 Deus
1630 2831 1644 2857 ,
1695 2796 1787 2861 qui

197 2900 290 2950 per
312 2884 599 2951 apostolum
624 2890 763 2934 tuum
790 2880 991 2935 locutus
1016 2898 1067 2935 es
1089 2899 1107 2935 :
1140 2880 1441 2951 Inﬁrmatur
1466 2885 1578 2954 quis
1607 2884 1659 2936 in
1693 2901 1781 2939 ro-

195 2980 293 3043 bis,
325 2978 530 3031 inducat
559 2976 876 3046 presbyteros
908 2977 1170 3044 Ecclesiae,
1196 2988 1240 3033 et
1280 2988 1420 3032 orent
1448 2995 1602 3048 super
1631 2996 1745 3033 eum
1764 3019 1780 3047 ,

194 3080 443 3141 augentes
471 3086 587 3125 eum
609 3071 719 3124 oleo
766 3080 943 3124 sancto
973 3071 1028 3124 in
1059 3072 1259 3125 nomine
1287 3071 1515 3139 Domini,
1536 3087 1582 3126 et
1620 3074 1783 3128 oratio
1808 3086 1811 3089 λ

1891 1885 2197 1956 (egritudine
2223 1884 2516 1951 liberatum,
2558 1895 2604 1938 et
2629 1884 2839 1938 sanitati
2869 1885 3133 1949 donatum,
3161 1884 3366 1937 dextera
3387 1893 3473 1936 tua

1888 1978 2077 2047 erigas,
2102 1979 2280 2029 virtute
2308 1976 2596 2045 conﬁrmes,
2627 1975 3087 2043 potestatetuearis,
3117 1976 3342 2027 ecclesia:
3374 1985 3473 2027 tua:

1890 2066 2175 2133 sanctisque
2204 2066 2303 2117 tuis
2331 2065 2580 2117 altaribus
2610 2082 2726 2118 cum
2764 2064 2900 2117 omni
2930 2065 3228 2116 desiderata
3267 2079 3461 2134 prospe-

1889 2158 2040 2210 ritate
2095 2156 2353 2210 restituas.
2409 2154 2528 2209 Per.
2584 2155 2699 2209 Alia
2740 2155 2941 2209 Oratio.
3008 2154 3257 2207 Dominus
3320 2156 3473 2208 Jesus

1894 2246 2122 2300 Clirfstus
2152 2247 2292 2313 apud
2321 2256 2368 2300 te
2399 2247 2484 2310 sit,
2518 2257 2571 2299 ut
2602 2256 2649 2300 te
2682 2246 2965 2314 defendat;
2994 2247 3127 2299 intra
3156 2256 3202 2298 te
3227 2246 3310 2308 sit,
3341 2254 3395 2298 ut
3425 2256 3471 2298 te

1890 2340 2126 2403 reﬁciat;
2152 2340 2287 2391 circa
2318 2348 2365 2391 te
2392 2339 2477 2401 sit,
2512 2348 2566 2391 ut
2598 2350 2645 2391 te
2672 2349 2962 2404 conservet;
2992 2346 3110 2392 ante
3138 2348 3186 2390 te
3222 2340 3306 2403 sit,
3342 2348 3393 2391 ut
3422 2349 3471 2392 te

1887 2431 2100 2483 deducat
2124 2448 2144 2496 ;
2181 2442 2293 2499 post
2321 2442 2368 2485 te
2397 2434 2483 2495 sit,
2517 2443 2568 2485 ut
2595 2441 2640 2486 te
2672 2433 2925 2486 custodiat
2945 2448 2965 2498 ;
2992 2449 3146 2501 super
3167 2441 3212 2485 te
3240 2434 3322 2498 sit,
3350 2442 3400 2484 ut
3424 2442 3471 2483 te

1888 2521 2011 2574 bene
2036 2520 2073 2591 -ι-
2102 2521 2259 2585 dicat,
2292 2522 2380 2589 qui
2410 2522 2464 2574 in
2497 2520 2763 2577 Trinitate.

2063 2631 2219 2704 114
2254 2632 2397 2687 Ordo
2418 2634 2487 2687 ad
2512 2636 2987 2689 communicandum
3015 2636 3295 2702 inﬁrmum.

1964 2722 2054 2778 54.
2080 2724 2244 2779 Lavat
2273 2726 2523 2781 sacerdos
2549 2742 2735 2781 manus
2764 2742 2911 2794 suas,
2941 2738 2993 2782 et
3025 2729 3314 2781 lavamrani
3346 2743 3462 2796 pro.

1886 2815 2005 2885 jicit
2037 2817 2087 2870 in
2120 2819 2402 2887 piscinam,
2456 2822 2536 2874 vel
2593 2821 2789 2889 ignem,
2842 2830 2892 2878 et
2931 2830 3053 2876 tunc
3100 2820 3220 2873 facit
3268 2836 3464 2889 a-grum

1890 2908 2115 2963 adorare
2156 2918 2210 2964 et
2237 2911 2466 2965 osculari
2500 2926 2734 2975 crucem,
2770 2925 2821 2967 et
2868 2915 2983 2967 ait:
3032 2911 3277 2966 Dominus
3318 2911 3461 2965 Iesu:

1890 2998 2135 3067 Christus,
2186 3003 2273 3071 qui
2302 3003 2429 3055 dixit
2474 3003 2741 3072 discipulis
2780 3005 2937 3059 suis:
2979 3004 3302 3071 Quaecunque
3336 3004 3464 3069 liga-

1889 3090 2056 3143 veritis
2097 3108 2251 3160 super
2273 3100 2459 3145 terram
2488 3102 2635 3145 erunt
2678 3095 2857 3164 ligata,
2890 3105 2935 3146 et
2960 3110 3271 3163 quoscunque
3307 3094 3445 3146 solre

195 3165 320 3230 ﬁdei
349 3164 562 3217 salvabit
591 3164 883 3233 inﬁrmum,
921 3173 967 3218 et
998 3166 1253 3220 alleviabit
1282 3182 1396 3220 eum
1421 3167 1700 3233 Dominus,
1734 3178 1778 3223 et

1888 3180 2000 3233 ritis
2034 3197 2187 3249 super
2211 3192 2418 3251 terram,
2449 3193 2596 3236 erunt
2622 3183 2787 3237 soluta
2816 3194 2861 3237 et
2887 3184 2937 3235 in
2980 3182 3137 3247 caelis,
3169 3184 3231 3235 de
3251 3197 3461 3246 quorum

194 3255 241 3307 si
274 3256 325 3307 in
350 3257 572 3325 peccatis
602 3254 687 3320 sit,
718 3256 1035 3309 dimittentur
1057 3258 1136 3321 ei;
1159 3274 1303 3323 cura,
1335 3275 1643 3325 quasumus,
1682 3260 1775 3313 Re-

195 3350 432 3417 demptor
463 3356 651 3412 noster,
677 3348 844 3416 gratia
877 3348 1106 3416 Spiritus
1146 3350 1309 3402 sancti
1336 3350 1605 3422 languores
1630 3352 1779 3405 istius

193 3441 245 3490 iw
253 3440 409 3505 ﬁrmi,
438 3448 486 3491 et
522 3455 615 3491 sua
646 3455 773 3491 sana
801 3441 1031 3503 vulnera,
1064 3443 1271 3513 ejusque
1296 3442 1494 3496 dimitte
1528 3458 1733 3512 precata
1758 3485 1772 3510 ,

192 3542 349 3601 atque
378 3532 578 3585 dolores
608 3542 812 3585 cunctos
841 3534 1011 3587 cordis
1048 3542 1095 3586 et
1122 3536 1347 3604 corporis
1372 3535 1433 3588 ab
1457 3553 1513 3589 eo
1543 3552 1654 3603 exp.
1672 3536 1740 3589 lle
1759 3575 1773 3599 ,

191 3623 497 3691 plenamque
537 3623 581 3675 ei
622 3622 838 3676 interius
867 3623 1185 3693 exteriusque
1214 3625 1366 3694 113
1389 3626 1652 3679 sanitatem
1682 3629 1776 3677 m'-

188 3714 522 3765 sericorditer
550 3713 704 3766 redde
732 3721 785 3766 ut
816 3731 912 3779 ope
949 3716 1309 3769 misericordia:
1344 3724 1445 3770 tua:
1472 3718 1731 3771 resti.‘utus
1758 3758 1773 3782 ,

188 3805 266 3857 ad
295 3806 511 3873 pristina
537 3815 797 3874 reparetur
829 3805 1021 3874 ofﬁcia.
1056 3805 1179 3860 Per.

270 3917 412 3972 Ordo
456 3918 1265 3990 compendiozmsretconsequens
1306 3920 1373 3972 ad
1415 3921 1707 3990 ungendum

854 3988 1130 4055 inﬁrmum.

275 4079 365 4135 53.
409 4079 637 4135 lntincto
668 4094 898 4147 namque
949 4080 1140 4147 pollice
1188 4095 1238 4133 In
1269 4080 1389 4135 oleo
1419 4080 1770 4145 inﬁrmorum,

188 4172 450 4228 sacerdos
503 4173 555 4225 in
608 4172 733 4240 aegri
776 4185 1001 4238 corpore
1050 4172 1258 4240 signant
1299 4171 1472 4225 crucis
1515 4171 1667 4224 faciat
1721 4173 1770 4224 in

190 4274 425 4331 septem,
458 4262 540 4316 vel
572 4262 622 4315 in
652 4262 935 4329 aliquantis
968 4259 1121 4325 locis,
1149 4261 1217 4313 ita
1243 4260 1447 4326 dicens,
1480 4260 1544 4313 ad
1572 4273 1762 4325 capuz:

194 4352 262 4406 In
291 4353 493 4406 nomine
521 4352 557 4420 ἦ·
591 4351 761 4404 l’atris
784 4363 826 4403 et
858 4349 983 4403 Filii
1011 4348 1049 4420 -ξ-
1070 4360 1117 4401 et
1159 4349 1385 4416 Spiritus
1432 4350 1596 4403 sancti
1620 4350 1661 4420 -ιι
1684 4367 1773 4402 ex-

190 4446 488 4513 stinguatur
530 4443 582 4495 in
626 4451 671 4495 te
708 4443 870 4495 omnis
898 4442 1053 4494 virtus
1077 4440 1269 4494 diaboli
1295 4458 1384 4511 per
1405 4442 1775 4510 impositionem

190 4551 443 4589 manuum
496 4544 800 4599 nostrarum,
831 4536 933 4586 imo
984 4549 1074 4603 per
1129 4534 1496 4585 invocationem
1549 4533 1773 4586 omnium

190 4640 490 4682 sanctorum
517 4628 836 4699 angelorum,
863 4625 1306 4695 arcltangelorum,
1344 4626 1775 4694 patriarcharum,

192 4720 585 4790 praphetarum,
635 4721 999 4788 apostolorum,
1053 4728 1359 4787 martyrum,
1409 4721 1774 4787 confessorum,

194 4814 477 4880 virginum,
535 4821 685 4880 atque
738 4812 965 4863 omnium
1019 4810 1173 4862 simul
1238 4818 1552 4862 sanctorum.
1613 4809 1773 4875 Resp.

192 4905 379 4956 Amen.
412 4903 524 4955 Alia
565 4902 769 4957 Oratio.
814 4900 915 4954 Per
958 4901 1108 4953 istam
1155 4908 1381 4952 sanctam
1408 4899 1695 4951 unctionem
1730 4908 1773 4951 et

192 5008 343 5044 suout
398 4992 676 5059 piissimam
730 4990 1135 5043 misericordiam
1181 4997 1355 5057 parcat
1386 4989 1473 5042 tbi
1525 4988 1776 5042 Dominus

186 5084 442 5153 quidquid
484 5088 750 5135 oculorum
789 5082 909 5133 vitio
936 5080 1215 5145 deliquisti.
1270 5081 1430 5148 Resp.
1465 5082 1643 5133 Amm.
1698 5082 1772 5135 Ad

186 5190 349 5228 attres
380 5191 395 5227 :
434 5173 534 5227 Per
562 5175 712 5226 istum
756 5182 984 5225 sanctam
1014 5173 1298 5224 unctionem
1319 5181 1367 5224 et
1413 5186 1559 5223 suam
1606 5172 1657 5241 pi
1681 5171 1774 5224 ssi-

186 5281 328 5318 mam
348 5263 750 5316 misericordium
772 5270 947 5327 parcat
978 5262 1064 5315 tibi
1099 5260 1345 5314 Dominus
1390 5262 1637 5329 quidquid
1666 5277 1770 5314 au-

186 5356 329 5406 rium
362 5353 482 5406 vitio
513 5352 798 5420 deliquisti.
831 5354 995 5420 Resp.
1024 5353 1204 5405 Amen.
1238 5351 1316 5404 Ad
1342 5366 1499 5405 nares
1530 5369 1543 5404 :
1576 5351 1676 5404 Per
1697 5354 1772 5406 is-

184 5454 295 5497 tum
321 5454 547 5498 sanctam
591 5445 876 5498 unctionem
907 5455 951 5497 et
980 5461 1126 5498 suam
1162 5445 1445 5514 piissimam
1484 5448 1771 5499 misericor-

265 5587 290 5614 ⁸
324 5581 380 5633 1η
420 5580 619 5635 Rituali
661 5581 920 5644 Romano,
956 5582 1095 5649 quod
1144 5584 1428 5637 Florentiae
1477 5585 1529 5637 in
1578 5586 1770 5640 biblio-

192 5652 351 5705 theca
384 5660 585 5705 sanctae
617 5649 805 5704 Crucis
834 5663 1155 5717 asschntnt‘,
1190 5655 1269 5707 his
1318 5657 1535 5709 (nnisais
1578 5658 1648 5708 ita
1693 5659 1764 5711 le-

189 5722 337 5787 gitur
366 5737 381 5775 :
415 5720 530 5775 Tali
558 5722 854 5775 intinctione
876 5725 1276 5791 sanctificatum,
1306 5725 1472 5779 dicens
1506 5744 1515 5775 :
1561 5728 1764 5794 Accipe,

1887 3288 2119 3341 uumtra,
2173 3277 2400 3341 quamvis
2426 3276 2683 3346 indignos,
2715 3294 2805 3329 nos
2837 3292 2943 3329 ese
2967 3276 3140 3340 voluit,
3175 3276 3278 3344 ipse
3310 3285 3355 3326 te
3381 3273 3459 3325 nb-

1884 3364 2045 3416 solv..~t
2092 3381 2179 3433 per
2224 3365 2559 3419 ministerium
2591 3378 2843 3429 nostrum,
2894 3376 2938 3419 et
2970 3366 3031 3418 ab
3074 3364 3304 3417 omnibus
3351 3379 3458 3430 pcc~

1884 3469 1910 3505 c
1947 3455 2011 3506 tis
2040 3456 2137 3508 tuis
2164 3471 2473 3524 quiecunque
2501 3458 2823 3526 cogitatione,
2850 3458 3121 3521 locutione,
3146 3455 3459 3522 operatione,

1884 3546 2194 3614 negligenter
2219 3548 2386 3614 egisti,
2419 3555 2465 3599 et
2506 3564 2543 3599 α
2569 3547 2782 3601 nexibus
2829 3558 3150 3615 pecca‘orum
3182 3545 3462 3597 alnolutum

1883 3637 2159 3703 perducere
2213 3639 2451 3707 dignetur
2492 3639 2560 3691 ad
2587 3656 2741 3710 regna
2783 3640 3042 3704 cwlorum,
3091 3640 3176 3707 qui
3217 3654 3329 3691 cum
3363 3636 3461 3689 Pa-

1890 3736 1983 3789 tre,
2017 3737 2123 3781 etc.
2164 3727 2312 3782 Tunc
2353 3729 2526 3783 tradat
2567 3731 2614 3783 ei
2655 3731 2906 3784 Sacerdos
2937 3730 3321 3782 Eucharistiam
3367 3728 3461 3781 tin-

1888 3815 2065 3869 minici
2121 3819 2358 3885 corporis
2411 3820 2615 3873 intincti
2658 3821 2799 3883 vino,
2842 3829 2895 3873 et
2930 3821 3107 3874 vinum
3164 3819 3253 3873 tali
3299 3818 3459 3871 intin-

1884 3904 2061 3959 ctione
2084 3906 2470 3960 sanctilicatum
2496 3917 2521 3944 α
2547 3909 2595 3961 in
2626 3907 2824 3963 Christi
2847 3910 3156 3977 Sanguinem
3193 3921 3458 3960 transum-

1887 4004 2073 4058 tatum,
2114 3996 2345 4051 dicens:
2390 3999 2602 4068 Accipe,
2633 4003 2816 4067 frater,
2865 4000 3101 4051 viaticum
3153 3999 3379 4061 corporis
3412 4004 3459 4049 et

1885 4088 2150 4156 sanguinis
2184 4086 2391 4142 Domini
2418 4092 2581 4143 nostri
2610 4091 2758 4145 Jcsus
2783 4091 2989 4155 Christi,
3021 4094 3107 4155 qui
3139 4101 3184 4143 te
3209 4091 3460 4144 custodiat

1879 4178 1942 4231 ab
1964 4178 2106 4232 hoste
2137 4178 2383 4249 maligno,
2417 4192 2463 4233 et
2493 4182 2735 4250 perducat
2769 4192 2814 4233 te
2841 4183 2908 4233 ad
2938 4183 3086 4234 vitam
3114 4191 3373 4232 aeternam.

1959 4269 2083 4321 Post
2109 4269 2537 4323 communionem
2562 4270 2754 4324 dicitur
2775 4271 2953 4324 Oratio
2980 4289 2992 4323 :
3028 4270 3241 4323 Domine
3265 4281 3456 4336 sancte,

1882 4356 2043 4410 Pater
2094 4359 2428 4428 omnipotens,
2476 4370 2662 4414 aeterne
2720 4360 2873 4425 Deus,
2926 4368 2974 4413 te
2999 4361 3222 4429 ﬁdeliter
3274 4362 3454 4430 depre-

1882 4463 2081 4514 camur,
2135 4457 2188 4500 ut
2230 4449 2500 4515 accipienti
2529 4452 2688 4518 fratri
2736 4460 2910 4504 nostra
2940 4460 3167 4504 sanctum
3200 4467 3382 4519 corpus
3413 4460 3458 4502 et

1809 4557 1856 4617 υ
1882 4539 2182 4608 sanguinem
2214 4537 2420 4593 Domini
2452 4542 2610 4595 nostri
2656 4540 2784 4594 Jesu
2823 4538 3011 4595 Cltristi
3050 4539 3171 4593 Filii
3215 4544 3307 4603 tui,
3353 4548 3458 4592 tam

1882 4631 2106 4697 corpori,
2139 4647 2287 4699 quam
2315 4632 2524 4699 animat,
2558 4634 2715 4701 prosit
2762 4633 2829 4686 ad
2873 4633 3149 4687 remedium
3198 4634 3460 4701 sempiter-

1879 4738 2020 4776 num.
2058 4722 2158 4775 Per
2184 4725 2415 4776 eumdem
2448 4725 2741 4779 Dominum.

1950 4814 2258 4869 Benedictio
2285 4816 2465 4869 cilicii.
2502 4816 2853 4883 Omnipotens,
2889 4825 2937 4868 et
2965 4815 3250 4868 misericors
3293 4811 3454 4879 Deus,

1878 4905 1965 4973 qui
2001 4906 2345 4975 peccatoribus
2376 4908 2578 4976 pietatis
2610 4917 2711 4960 tua:
2748 4906 3149 4959 misericordiam
3188 4906 3460 4972 qua:renti-
3507 4976 3515 4995 ν

1880 4994 1968 5047 bus
2002 4997 2095 5048 ltoc
2116 4998 2412 5050 indumento
2442 4998 2629 5051 vestitis
2652 4995 3048 5049 miscricordiam
3073 5004 3117 5047 et
3144 4996 3337 5046 veniam
3364 4995 3459 5045 tri-

1882 5086 2053 5153 (misti,
2088 5103 2290 5140 oramus
2321 5087 2634 5140 clementiam
2671 5096 2830 5150 tuam,
2869 5094 2921 5137 ut
2959 5084 3053 5136 hac
3080 5084 3453 5145 indumentum,

1877 5176 2012 5243 quod
2035 5186 2238 5229 vocatur
2265 5177 2509 5240 cilicium,
2535 5177 2654 5229 bene
2680 5175 2719 5244 1-
2752 5177 2937 5237 dicere,
2964 5185 3009 5225 et
3040 5174 3200 5225 sancti
3226 5170 3265 5242 ἰ·
3294 5172 3453 5240 ﬁcare

1878 5267 2121 5338 digneris,
2173 5277 2227 5319 ut
2282 5269 2570 5336 quicunque
2617 5283 2676 5319 eo
2716 5283 2807 5333 pro
2841 5262 3054 5333 peccatis
3094 5265 3202 5318 suis
3244 5266 3452 5317 indutus

1881 5361 2058 5428 fuerit,
2082 5371 2125 5412 et
2152 5359 2549 5412 misericordiam
2592 5358 2955 5429 implorarerit,
2996 5359 3188 5411 veniam
3219 5355 3454 5412 etindul-

1877 5452 2100 5521 gentiam
2144 5465 2243 5506 tua:
2269 5452 2624 5505 misericordite
2647 5464 3001 5520 consequatur.
3029 5449 3154 5505 Per.

1878 5590 2391 5713 frttler,“Viuticum,
2468 5600 2571 5646 etc.
2642 5589 2770 5644 Vide
2832 5588 3199 5647 commentarii
3269 5589 3446 5659 praevii

1878 5669 2027 5713 caput
2146 5699 2159 5713 .

1875 5669 2027 5728 caput
2078 5669 2093 5713 Ι
2115 5669 2159 5714 1.
