4008 6320
550 294 571 350 Ι
583 293 685 349 0'23

1228 286 1569 346 APPENDIX
1611 283 1702 342 AD
1738 283 1796 337 S.
1838 273 2165 336 CREGORII
2211 273 2419 330 MAGNI
2477 273 2838 333 LITURGICA
2879 276 3128 333 OPERA.

3679 279 3819 335 £033

617 408 922 464 Benedictio
950 406 1167 464 cineris.
1206 405 1343 457 Deus
1368 403 1594 471 pietatis,
1622 401 1760 453 Deus
1788 394 2120 464 indulgentia:
2150 391 2200 452 Α
2227 400 2333 446 tuo.
2359 393 2561 449 Oratio.
2590 395 2711 450 Non
2738 397 2894 450 intres
2934 398 2985 449 in
3000 397 3283 466 judicium.
3315 397 3442 453 Post
3464 399 3556 455 ille
3593 405 3684 471 qui
3714 420 3814 470 op-

540 514 594 557 et
617 502 998 565 misericordia,
1036 501 1124 568 qui
1155 497 1400 551 Ninivitis
1433 498 1598 549 cinere
1619 503 1665 546 et
1707 493 1876 544 cilicio
1906 491 2121 557 indutis,

540 602 595 646 ει
612 593 1015 646 misericordiam
1056 602 1196 644 tuam
1230 590 1566 643 clamantibus
1602 587 1898 648 subvenisti,
1936 586 2126 639 exaudi

550 700 638 735 uas
678 683 953 752 prapitius,
987 690 1039 732 ut
1069 682 1200 732 hanc
1221 692 1510 733 creaturam
1530 680 1733 744 cineris,
1757 694 1858 742 quo
1884 685 2124 744 peccato-

549 790 622 826 res
643 773 1011 840 indulgentiam
1032 783 1130 825 tua:
1153 772 1515 826 misericordia:
1543 772 1870 840 implorantes
1890 779 2121 834 utuntur,

548 863 668 915 bene
697 863 734 932 ἦ·
765 864 952 925 dicere,
987 872 1032 914 et
1069 865 1233 916 sancti
1274 861 1300 933 ι-
1324 863 1576 930 ﬁcationis
1599 872 1700 916 tua:
1728 863 1947 934 gratiam
1972 877 2126 927 super

546 969 658 1006 eum
672 951 940 1017 infundere
955 955 1202 1024 digneris,
1217 963 1271 1008 ut
1289 955 1512 1025 quisquis
1525 955 1662 1009 illius
1674 970 1910 1023 aspersus
1921 953 2126 1023 pulvere

547 1047 719 1115 fuerit,
768 1047 1136 1118 indulgentiam
1167 1057 1214 1102 et
1246 1049 1586 1102 remissionem
1637 1054 1940 1103 cunctorum
2002 1063 2034 1098 a
2078 1054 2128 1101 te

547 1141 630 1209 pio
663 1138 879 1193 Domino
917 1139 1070 1210 115
1103 1139 1354 1208 percipere
1374 1148 1623 1200 mereatur
1646 1140 1962 1192 delictorum.
1999 1135 2124 1192 Per.

617 1229 706 1283 55.
737 1228 890 1283 Tunc
919 1227 1240 1283 extendatur
1290 1229 1340 1281 in
1378 1235 1519 1282 terra
1565 1226 1819 1293 cilicium,
1857 1234 1910 1281 et
1937 1225 2006 1281 de
2051 1224 2128 1280 ci-

550 1337 679 1373 nere
709 1319 997 1374 benedicto
1024 1334 1190 1390 super
1236 1320 1361 1374 illud
1391 1335 1419 1372 a
1448 1321 1728 1375 sacerdote
1773 1320 1864 1372 fiat
1893 1333 2042 1382 crux,
2072 1327 2128 1374 et

549 1427 700 1480 aqnte
731 1411 1025 1466 benedicta:
1058 1412 1329 1478 aspersio;
1362 1419 1420 1466 et
1441 1425 1604 1479 super
1636 1410 1763 1465 illud
1799 1419 2022 1478 ponatur
2046 1410 2129 1464 in-

553 1503 770 1566 firmus;
801 1512 858 1556 et
887 1502 1132 1557 similiter
1161 1501 1250 1554 fiat
1268 1516 1396 1555 crux
1421 1510 1474 1555 et
1495 1502 1736 1568 aspersio
1756 1515 1915 1567 super
1941 1510 2124 1569 pectus

548 1595 716 1660 illius,
751 1601 805 1647 et
831 1593 973 1647 dicat
1022 1593 1070 1646 ei
1103 1593 1221 1646 sic:
1270 1593 1558 1646 Recordare
1576 1593 1694 1659 quia
1713 1591 1842 1644 cinis
1880 1607 1952 1654 es,
1982 1601 2028 1644 et
2068 1591 2122 1644 in

548 1689 765 1740 cinerem
796 1686 1076 1738 reverteris.
1133 1686 1222 1738 Ait
1251 1700 1432 1738 rursus
1462 1687 1509 1738 ei
1560 1685 1811 1738 sacerdos
1840 1701 1854 1736 :
1913 1683 2128 1739 Placent

2231 485 2434 552 positus
2456 499 2538 538 est
2571 485 2646 539 illi
2675 486 2982 542 subalterne
3027 488 3215 542 eodem
3244 489 3398 544 modo
3427 503 3638 561 repetat
3671 512 3816 562 pra:-

2227 573 2420 628 dictam
2446 577 2778 630 Orationem.
2814 578 3004 633 Postea
3035 588 3276 648 quartus.
3304 579 3479 636 Finita
3515 599 3642 638 vero
3675 586 3816 640 Ora-

2228 666 2391 730 tione,
2425 666 2490 717 ad
2528 667 2830 721 mandatum
2864 670 3107 736 praedicti
3138 670 3356 738 incipiat
3394 683 3614 728 cantare
3641 677 3817 727 colle-

2225 755 2368 823 gium
2398 755 2622 825 alicujus
2667 759 2908 814 ecclesia:
2939 758 3355 830 ReSponsorium
3401 764 3590 817 Adesto
3621 767 3818 818 dolori.

2231 849 2382 905 Vers.
2424 850 2584 905 Versa
2618 862 2692 906 est
2739 853 2792 906 in
2835 854 3045 906 luctum.
3094 855 3224 909 Dum
3278 866 3519 910 cantatur
3575 858 3817 925 Respon-

2230 939 2452 1004 sorium,
2503 940 2583 994 illi
2630 951 2857 1010 quatuor
2885 944 3182 999 ascendunt
3227 945 3291 999 ad
3335 947 3524 1012 altare,
3557 958 3613 1000 ut
3650 964 3819 1015 supra

2228 1029 2426 1082 dictum
2453 1038 2555 1093 est,
2605 1040 2658 1085 et
2689 1032 2891 1087 faciunt
2941 1042 2999 1087 ut
3026 1048 3185 1104 supra
3223 1035 3423 1090 dictum
3460 1049 3562 1091 est.
3607 1038 3818 1094 Tamen

2231 1119 2321 1174 ille
2347 1120 2437 1189 qui
2471 1120 2672 1188 primus
2699 1131 2780 1177 est
2812 1122 2866 1176 in
2891 1123 3119 1179 dicendo
3140 1125 3449 1181 Orationem
3493 1142 3811 1198 sequentem

2230 1208 2434 1278 primus
2478 1208 2637 1266 debet
2667 1211 2962 1268 incensare.
2999 1214 3135 1269 Cum
3166 1232 3294 1271 vero
3325 1221 3525 1273 reversi
3568 1223 3635 1276 ad
3667 1222 3814 1278 fere-

2232 1308 2368 1354 trum
2403 1300 2620 1368 fuerint,
2652 1303 2740 1359 ille
2774 1305 2862 1373 qui
2894 1305 2989 1359 fuit
3036 1308 3251 1363 ultimus
3293 1309 3346 1364 in
3388 1313 3640 1380 pratdicta
3674 1317 3815 1371 Ora-

2231 1390 2376 1445 tione
2434 1391 2653 1460 incipiat
2716 1393 2963 1450 Dominus
3017 1397 3292 1462 vobiscum.
3359 1401 3478 1456 sine
3541 1405 3811 1474 capitulis.

2230 1480 2434 1535 Oratio.
2468 1481 2626 1546 Deus,
2679 1485 2764 1537 cui
2810 1488 2981 1539 omnia
3014 1489 3206 1556 vivunt,
3252 1501 3380 1558 etc.,
3414 1495 3592 1549 abluas
3644 1497 3813 1551 indul-

2230 1572 2417 1638 gendo.
2459 1569 2565 1626 Per
2599 1572 2857 1627 Christum
2899 1576 3192 1633 Dominum.
3248 1583 3313 1635 Et
3352 1581 3549 1638 faciant
3590 1585 3656 1641 de
3703 1588 3810 1642 i523

2233 1661 2486 1717 Oratione
2507 1665 2644 1718 εἰη-ιιι
2666 1666 2733 1720 de
2765 1667 2955 1735 prima.
2981 1669 3155 1723 Finita
3173 1670 3446 1739 Oratione,
3474 1675 3542 1730 de
3559 1679 3808 1733 mandato

545 1776 635 1829 ιςω
661 1775 805 1842 cinia,
851 1785 899 1828 ει
938 1775 1160 1829 dudum
1198 1776 1266 1829 ad
1307 1777 1647 1828 mamma-um
1681 1776 1986 1841 ρωηηεηεεω
2023 1787 2125 1832 ww
2155 1756 2202 1816 Β
2241 1753 2479 1820 prmdicti
2511 1755 2735 1809 rectoris
2757 1758 3036 1828 collegium
3075 1761 3295 1815 alterius
3321 1765 3563 1819 ecclesia:
3591 1767 3809 1837 incipiat

547 1879 671 1920 ante
700 1865 976 1920 Dominum
1004 1868 1058 1919 in
1090 1868 1170 1920 die
1190 1868 1417 1937 judicii?
1457 1868 1618 1934 ReSp.
1653 1867 1886 1922 Placent.

673 1959 814 2011 Ordo
844 1957 1122 2028 sepeliendi
1151 1959 1362 2011 clericos
1386 1957 1633 2011 Romanw
1653 1959 2004 2023 fraternitatis.

625 2050 716 2103 '56.
763 2049 817 2101 In
849 2047 1034 2116 primis
1060 2047 1393 2100 annuntiatio
1439 2057 1596 2102 nocte
1637 2049 1750 2101 lita
1801 2049 1998 2102 nuntiis
2036 2062 2130 2116 per

553 2152 741 2193 omnes
787 2137 1042 2190 ecclesias
1089 2137 1340 2189 Romana:
1374 2135 1521 2190 urbis
1558 2152 1622 2190 ex
1655 2138 1904 2191 mandato
1953 2146 2128 2192 recto-

555 2243 694 2281 rum.
745 2227 898 2280 Mane
948 2237 1124 2280 autem
1170 2226 1327 2291 facto,
1371 2236 1489 2294 post
1532 2228 1770 2294 pulsatas
1815 2243 2126 2298 campanas,

549 2319 737 2375 clerici
767 2327 1160 2389 congregantur
1189 2333 1252 2373 es
1287 2317 1534 2373 omnibus
1561 2320 1802 2374 ecclesiis
1833 2320 2129 2375 secundum

555 2409 959 2480 dispositionem
1008 2409 1343 2476 prmlatorum
1393 2408 1444 2461 in
1493 2409 1740 2474 ecclesia,
1773 2409 1860 2464 ubi
1904 2410 2132 2466 clericus

552 2504 836 2558 defunctus
864 2511 947 2556 est
976 2501 1348 2571 sepeliendus;
1380 2510 1431 2556 et
1462 2503 1690 2572 quisque
1718 2518 1974 2559 Sacerdos
2004 2519 2128 2559 cum

558 2597 672 2648 suls
692 2593 901 2647 clericis
953 2601 1130 2646 cantet
1177 2592 1405 2659 vigiliam
1439 2607 1494 2647 ix
1551 2594 1858 2650 lectionum.
1913 2596 2130 2652 Interim
2210 2655 2220 2672 ,

559 2688 841 2755 episcopus
869 2686 950 2741 vel
980 2683 1288 2749 cardinalis,
1315 2697 1410 2739 seu
1444 2685 1669 2753 quilibet
1706 2702 1928 2756 magnus
1953 2687 2020 2743 de
2041 2704 2131 2744 ar-

555 2779 994 2850 eltipresbyleris,
1031 2779 1132 2834 nisi
1186 2781 1300 2834 dies
1341 2779 1610 2834 Dominica
1655 2779 1838 2846 inStet,
1868 2780 2018 2850 jussu
2049 2796 2130 2836 re-

559 2879 763 2923 ctorum
797 2870 1010 2926 Missam
1055 2873 1293 2928 celebrat
1335 2888 1430 2943 pro
1458 2872 1730 2928 defuncm.
1781 2871 1956 2926 Finita
2007 2884 2136 2926 vero

561 2959 740 3025 Missa,
771 2961 956 3015 clerici
979 2976 1169 3018 omnes
1200 2973 1590 3034 congregantur
1618 2965 1760 3019 circa
1789 2966 2044 3019 feretrum
2079 2965 2131 3018 in

559 3051 773 3105 modum
803 3065 954 3116 τοίω.
990 3063 1043 3109 et
1082 3054 1150 3108 de
1188 3056 1435 3110 mandatu
1479 3065 1742 3111 rectorum
1783 3065 1997 3111 cantant
2024 3056 2135 3111 cle-

560 3140 654 3194 rici
687 3139 828 3194 illius
873 3144 1143 3208 ecclesiaz,
1174 3147 1257 3199 cui
1303 3160 1332 3198 a
1361 3144 1659 3201 rectoribus
1705 3145 2015 3217 injungitnr,
2047 3165 2130 3203 re-

556 3231 894 3297 sponsorium
947 3232 1234 3288 Subvenite.
1287 3236 1438 3291 Vers.
1473 3237 1757 3309 Suscipiat.
1816 3239 1989 3294 Finito
2030 3240 2135 3294 Re-

557 3324 860 3391 sponsorio,
892 3341 1027 3379 unus
1055 3342 1121 3380 ex
1163 3329 1461 3383 rectoribus
1492 3329 1637 3385 dicat
1668 3331 1823 3385 Orate
1851 3347 2045 3398 omnes,
2077 3342 2130 3388 et

563 3427 751 3468 omnes
793 3413 896 3467 sub
921 3415 1134 3469 silentio
1158 3425 1376 3472 cantent
1405 3418 1561 3473 Pater
1600 3429 1792 3475 noster.
1819 3423 1971 3477 Tunc
1999 3439 2135 3493 pra:-

557 3501 730 3558 dictus
775 3515 951 3558 rector
984 3507 1224 3576 praecipit
1277 3509 1434 3563 alicui
1481 3511 1553 3579 de
1598 3512 1892 3582 majoribus
1942 3525 2000 3570 ut
2041 3517 2135 3569 ab-

558 3592 765 3657 solvat;
797 3593 886 3648 ille
914 3609 1040 3650 vero
1069 3597 1198 3650 dicit
1230 3616 1244 3652 :
1277 3598 1346 3652 Et
1374 3617 1437 3653 ne
1459 3617 1573 3656 nos.
1610 3602 1765 3660 Vers.
1796 3602 1863 3658 In
1889 3608 2131 3660 memoria

557 3691 768 3735 a'terna.
804 3681 957 3737 Vers.
989 3685 1033 3737 A
1060 3696 1209 3755 porta
1231 3689 1402 3757 inferi.
1442 3690 1592 3748 Vers.
1624 3693 1949 3764 Requiescat.
1977 3696 2131 3753 Vers.

562 3769 798 3838 Domine,
844 3777 1050 3831 exaudi.
1104 3777 1254 3834 Vers.
1309 3781 1557 3838 Dominus
1611 3786 1890 3842 uobiscum.
1928 3787 2132 3844 Oratio.

557 3863 787 3931 Absolve,
814 3877 870 3920 ut
899 3882 1080 3936 supra.

631 3957 720 4009 57.
756 3958 926 4012 Finita
982 3977 1108 4016 vero
1137 3963 1409 4032 Oratione,
1453 3968 1735 4036 pnedictus
1781 3982 1962 4027 rector
2000 3987 2136 4044 prat-

559 4046 691 4111 cipit
730 4047 886 4100 alicui
923 4051 1164 4106 ecclesia:
1193 4063 1249 4108 ut
1277 4065 1452 4111 cantet
1490 4059 1851 4129 Antiphonam
1889 4062 2134 4132 Requiem

559 4145 824 4189 arternam.
859 4137 999 4194 Psal.
1032 4140 1104 4195 Te
1153 4145 1314 4200 decet.
1347 4146 1534 4203 Postea
1569 4151 1806 4222 prmcipit
1846 4155 2005 4208 alicui
2052 4168 2137 4209 ec-

559 4229 736 4283 clesia:
785 4243 839 4286 ut
905 4245 1083 4291 cantet
1125 4240 1482 4308 Antiphonam
1527 4245 1721 4302 Sitivit.
1779 4247 1921 4302 I‘sal.
1987 4249 2134 4304 Sicut

559 4334 753 4376 cervus.
814 4323 1112 4392 Antiphona
1181 4329 1348 4398 ﬁnita,
1421 4343 1637 4391 cantent
1687 4336 1865 4408 Kgrie,
1915 4339 2133 4407 Christe,

555 4409 768 4475 cleison,
827 4413 1009 4484 Kyrie,
1060 4420 1268 4487 eleison,
1319 4420 1478 4477 Pater
1507 4435 1696 4482 noster.
1741 4428 1860 4483 Istis
1907 4439 2133 4486 cantan-

558 4499 721 4591 tibus,
754 4503 966 4561 interim
998 4517 1225 4575 quatuor
1249 4512 1486 4583 episc0pi
1523 4517 1604 4571 vel
1635 4520 1930 4591 presbyteri
1957 4525 2132 4579 cardi-

563 4589 734 4658 nales,
787 4594 867 4647 vel
918 4595 1392 4670 archipresbyteri,
1452 4604 1623 4663 induti
1675 4589 1841 4666 sacris
1893 4615 2128 4670 vestibus

557 4695 678 4734 cum
709 4683 1046 4754 pluvialibus,
1097 4699 1299 4746 etcum
1331 4706 1561 4764 quatuor
1589 4701 1896 4772 tlturibulis,
1943 4721 2131 4763 ascen-

559 4774 688 4828 dant
732 4777 797 4830 ad
828 4779 1016 4847 altare,
1047 4791 1101 4836 et
1131 4785 1410 4845 incensent
1453 4793 1602 4850 illud.
1640 4795 1828 4852 Postea
1869 4785 2004 4854 unus
2041 4803 2129 4871 qui

559 4866 729 4933 major
773 4877 854 4923 est
883 4883 948 4923 ex
990 4870 1104 4928 istis
1158 4887 1407 4948 quatuor,
1437 4884 1540 4937 alta
1586 4900 1716 4941 voce
1766 4889 2026 4961 absolvat,
2058 4866 2130 4948 vet

559 4955 699 5010 dicat
740 4974 753 5010 :
894 4977 957 5054 ne
1011 4980 1120 5019 nos.
1172 4967 1332 5040 Resp.
1385 4973 1494 5028 Sed
1538 4976 1714 5032 libera.
1762 4955 2024 5054 Capitula,
2075 4995 2132 5040 ut

558 5058 744 5115 supra.
795 5051 1038 5119 Capitula
1073 5071 1175 5112 non
1229 5060 1358 5117 dicit
1409 5065 1510 5119 nisi
1561 5070 1789 5135 primus.
1847 5051 2130 5134 Orationes

558 5136 807 5194 dicuntur
856 5142 908 5196 in
953 5153 1078 5200 tono
1125 5151 1279 5220 116
1323 5152 1635 5212 Orationum
1680 5161 1872 5217 Missa}.
1920 5167 2126 5224 Oratio.

559 5227 682 5282 Non
718 5233 872 5288 intres
904 5238 954 5288 in
979 5240 1257 5309 judicium,
1290 5256 1395 5301 etc.
1435 5250 1702 5319 signaculo
1737 5268 1926 5312 sancta:
1957 5259 2130 5316 Trini-

556 5320 694 5374 tatis.
743 5323 845 5390 Qui
874 5328 992 5381 vivis
1037 5342 1082 5383 et
1111 5347 1294 5404 regnas
1324 5353 1413 5404 per
1440 5344 1628 5397 omnia.
1661 5344 1831 5401 Finita
1871 5351 2126 5410 Oratione

557 5411 835 5514 reincipiat
860 5423 1102 5478 eamdem
1133 5425 1217 5482 ille
1243 5427 1330 5499 qui
1358 5443 1440 5486 est
1461 5437 1868 5497 contradictorie
1899 5446 2124 5514 positus,

557 5499 740 5559 dicens
773 5507 920 5565 Vers.
955 5511 1206 5572 Dominus
1230 5521 1501 5578 vobiscum.
1528 5525 1691 5599 Resp.
1717 5527 1786 5585 Et
1813 5499 1924 5587 cuni
1947 5499 2128 5607 spiritu

631 5603 1286 5702 ςηῖροὲἔςξιὶιηρηξιιω
1306 5623 1534 5702 sanctuli
1562 5627 1815 5702 redditum
1852 5631 1919 5687 de
1940 5603 2045 5702 quo
2077 5639 2128 5694 in

557 5671 739 5729 officio
767 5677 1080 5736 clericorum
1111 5671 1642 5764 chuttctoru'tiinaptid
2066 5671 2118 5763 ill:

2237 1840 2658 1909 Responsorinnt
2710 1844 2791 1898 Ne
2842 1848 3141 1902 recorderis.
3179 1850 3330 1905 Vers.
3365 1852 3448 1906 Ne
3489 1856 3678 1920 intres;
3726 1873 3814 1912 re-

2232 1932 2454 1999 petenda
2487 1931 2752 2001 Requiem.
2809 1936 2873 1988 Iit
2912 1938 3036 1991 dum
3089 1938 3504 2009 Ilesponsorium
3537 1955 3804 2014 cantatur,

2233 2019 2310 2073 illi
2341 2036 2467 2076 vero
2495 2032 2722 2090 quatuor
2749 2039 2867 2077 Cllttt
2894 2027 3110 2080 incenso
3133 2031 3424 2086 ascendant
3444 2033 3510 2086 ad
3541 2035 3727 2100 altare,
3756 2047 3811 2091 et

2231 2111 2430 2166 Iac'attt
2474 2115 2613 2168 sicut
2670 2117 2908 2183 primus;
2951 2126 3005 2172 et
3046 2118 3132 2174 ille
3172 2120 3262 2189 qui
3314 2120 3413 2177 fuit
3463 2126 3730 2180 secundus
3760 2129 3810 2181 in

2233 2205 2404 2274 prima
2434 2204 2689 2261 Oratione
2721 2208 2881 2262 debet
2927 2210 3097 2277 primo
3145 2212 3449 2282 incensare,
3492 2224 3549 2271 et
3580 2217 3812 2286 incipere

2232 2295 2479 2349 Dominus
2509 2299 2783 2352 vobiscum.
2821 2299 2979 2369 Reslt.
3012 2301 3075 2353 Et
3103 2317 3239 2356 cum.
3269 2305 3470 2358 Oratio.
3508 2305 3641 2372 Fac,
3673 2326 3813 2376 qm]?-

2233 2404 2431 2453 sumus,
2462 2387 2696 2454 Domine,
2727 2398 2856 2456 etc.,
2886 2394 3039 2446 societ
3066 2394 3313 2463 angelicis
3341 2397 3528 2450 choris.
3563 2396 3668 2451 Per
3700 2398 3810 2452 Do-

2233 2481 2428 2532 minum
2457 2491 2682 2533 nostrum
2722 2479 2900 2536 Iesum
2943 2481 3226 2541 Christum.
3259 2486 3326 2540 Et
3365 2500 3555 2557 quater
3596 2491 3696 2544 ista
3735 2492 3814 2544 di-

2233 2582 2441 2638 cantur,
2465 2574 2602 2628 sicnt
2633 2575 2799 2644 prima
2825 2586 2880 2630 et
2907 2578 3162 2633 secunda.

2310 2677 2399 2732 ὃς.
2430 2680 2620 2734 Postea
2673 2680 2741 2735 de
2785 2682 3036 2736 mandato
3065 2685 3303 2753 praedicti
3338 2688 3562 2741 rectoris
3596 2689 3756 2744 Pater
3786 2701 3811 2727 ἰ

2239 2771 2536 2841 spiritualis
2568 2773 2744 2825 veniat
2784 2773 2836 2827 in
2871 2774 3126 2844 medium,
3151 2787 3205 2830 et
3231 2779 3416 2831 reddat
3449 2781 3811 2834 testimonium

2240 2879 2335 2933 pro
2371 2864 2644 2932 defuncto,
2697 2867 2741 2920 si
2788 2865 2944 2921 fuerit
3000 2878 3210 2934 unctus,
3241 2871 3285 2924 si
3335 2878 3632 2936 confessus,
3668 2875 3816 2928 etde

2242 2953 2345 3009 vita
2397 2969 2513 3008 sua.
2562 2957 2760 3010 Audito
2816 2958 3141 3025 testimonio,
3205 2975 3347 3030 saepe
3406 2961 3581 3016 dictus
3638 2975 3818 3017 rector

2241 3048 2432 3117 quaerit
2457 3062 2486 3099 a
2519 3055 2628 3100 toto
2654 3047 2820 3110 clero,
2865 3047 3050 3103 dicens
3095 3067 3109 3103 :
3144 3049 3322 3104 Placet
3370 3052 3510 3106 vobis
3555 3061 3614 3106 ut
3641 3054 3813 3106 absol-

2240 3148 2385 3192 vatur
2408 3142 2568 3207 frater
2587 3140 2684 3193 iste
2702 3140 3012 3210 defunctus?
3039 3140 3200 3212 Resp.
3234 3141 3429 3196 Placet.
3462 3144 3615 3200 Tunc
3643 3156 3809 3198 rector

2238 3241 2383 3300 rogat
2410 3231 2480 3286 de
2512 3231 2785 3288 voluntate
2812 3233 3046 3287 omnium
3077 3249 3198 3288 eum
3240 3235 3331 3305 qui
3361 3235 3531 3304 major
3569 3247 3652 3290 est
3683 3237 3811 3290 intet

2235 3337 2348 3389 eos,
2381 3324 2464 3377 vel
2491 3324 2580 3393 qui
2610 3324 2702 3379 fuit
2728 3324 2929 3393 primus
2952 3326 3001 3378 in
3028 3326 3306 3392 Oratione,
3338 3339 3396 3379 ut
3419 3328 3530 3396 ipse
3547 3328 3814 3386 absolvunt.

2240 3413 2331 3467 Ille
2372 3428 2501 3468 vero
2548 3417 2630 3468 cui
2665 3414 2959 3485 injungitur
3004 3417 3174 3470 dicit:
3225 3416 3382 3471 Orate
3421 3433 3612 3472 omnes.
3663 3418 3820 3472 Pater

2237 3513 2422 3558 noster.
2467 3503 2622 3559 Vers.
2664 3504 2727 3557 Et
2759 3521 2820 3558 ne
2851 3521 2960 3558 nos.
2999 3505 3162 3571 Resp.
3197 3506 3303 3562 Sed
3348 3507 3527 3561 libera.
3560 3507 3720 3562 νει-δ.
3753 3508 3819 3562 In

2237 3597 2502 3662 memoria,
2528 3605 2584 3650 ut
2604 3611 2782 3665 supra.
2825 3598 3028 3652 Oratio.
3063 3598 3294 3654 Absolve.
3330 3600 3502 3655 Finita
3526 3601 3808 3669 Oratione,

2232 3688 2342 3756 jam
2391 3688 2564 3743 dictus
2615 3703 2792 3744 rector
2847 3691 3089 3761 praecipit
3136 3694 3466 3750 subdiacono
3504 3704 3559 3751 et
3592 3697 3820 3751 diacono

2238 3787 2293 3831 ut
2314 3779 2578 3847 accipiant
2610 3783 2886 3837 feretrum.
2927 3783 3004 3837 Illi
3031 3785 3351 3853 accipientes
3381 3787 3670 3856 deportant
3693 3806 3816 3844 eum

2235 3871 2300 3924 ad
2336 3872 2614 3940 tumulum,
2649 3884 2928 3929 cantantes
2959 3879 3076 3928 Anti
3090 3877 3317 3945 phonam
3361 3878 3560 3934 Chorus
3606 3882 3818 3952 angelo-

2236 3978 2374 4028 rum,
2393 3972 2446 4017 et
2480 3964 2634 4035 117
2663 3964 2874 4019 d‘catur
2893 3966 3077 4021 Oratio
3113 3986 3124 4020 :
3153 3967 3311 4036 Deus,
3337 3972 3425 4039 qui
3453 3973 3686 4040 fundasti
3714 3983 3817 4026 ter-

2236 4069 2369 4119 ram,
2402 4063 2530 4120 etc.,
2563 4072 2677 4108 cum
2705 4058 2892 4111 sanctis
2922 4059 3153 4112 omnibus
3199 4075 3316 4114 uera
3344 4064 3660 4115 resuscitatio
3685 4082 3720 4133 p
3751 4081 3819 4117 aa-

2236 4159 2399 4203 stante
2422 4151 2593 4204 eodeni
2625 4150 2848 4205 Domino
2877 4161 3050 4206 nostro
3079 4151 3204 4206 Iesu
3237 4153 3458 4220 Christo,
3487 4166 3594 4210 etc.

2307 4239 2391 4295 ⁸59.
2423 4241 2514 4295 llis
2535 4241 2686 4308 actis,
2710 4242 2762 4296 in
2782 4257 3005 4311 persona
3029 4243 3284 4309 defuncti,
3307 4245 3518 4300 dicatur
3533 4250 3656 4301 Ant.
3686 4249 3823 4317 Ape-

2235 4333 2332 4384 rite
2363 4332 2488 4385 mihi
2515 4341 2712 4399 portas,
2760 4342 2816 4388 et
2857 4349 2978 4387 mox
3023 4335 3290 4403 aperiatur
3334 4337 3629 4405 sepultura.
3675 4339 3818 4394 Psal.

2237 4421 2563 4492 Conﬁtentini
2592 4421 2833 4478 Domino.
2859 4425 2986 4479 Item
3019 4427 3070 4479 itt
3097 4441 3324 4495 persona
3347 4428 3589 4499 ejusdem
3613 4431 3822 4485 dicatur

2233 4515 2535 4585 Antiphona
2566 4515 2836 4587 Ingrediar
2865 4519 2916 4571 in
2947 4520 3136 4584 locum,
3170 4529 3224 4574 et
3248 4521 3522 4591 scpelitur.
3557 4524 3698 4578 I‘sal.
3732 4524 3821 4578 Si-

2233 4613 2316 4657 cut
2344 4621 2548 4671 crrvus;
2577 4614 2632 4660 et
2656 4608 2887 4674 sepulto,
2919 4608 3041 4664 item
3076 4611 3126 4663 in
3158 4625 3379 4679 persona
3406 4612 3644 4682 ejusdem
3672 4613 3817 4667 dica-

2236 4706 2320 4750 tur
2348 4698 2473 4753 Ant.
2509 4697 2636 4752 lIa’c
2662 4700 2857 4768 requies
2884 4717 2994 4754 mea
3029 4702 3079 4755 in
3108 4705 3352 4755 siccatum
3382 4703 3577 4756 saeculi.
3615 4704 3808 4757 Psalm.

2235 4790 2514 4857 Memento,
2543 4791 2781 4851 Domine.
2811 4791 2998 4848 David.
3025 4798 3148 4848 Ant.
3174 4794 3249 4848 De
3269 4804 3404 4849 terra
3424 4796 3694 4866 plasmain
3713 4813 3811 4858 me,

2233 4882 2471 4949 Domine,
2502 4892 2549 4936 et
2580 4899 2734 4938 carne
2754 4885 2966 4939 induisti
2986 4901 3081 4952 me,
3111 4885 3418 4956 Redemptor
3437 4903 3601 4954 meus,
3625 4889 3814 4940 suscita

2233 4990 2313 5028 me
2339 4975 2390 5028 in
2421 4977 2689 5030 nouissimo
2715 4979 2814 5031 die.
2840 4979 3036 5033 Psalm.
3069 4977 3305 5044 Domine,
3329 4981 3552 5049 probasti
3581 4999 3678 5035 me.
3704 4986 3810 5036 An-

2233 5064 2366 5133 tiph.
2401 5065 2522 5120 Non
2553 5068 2709 5121 intres
2733 5068 2784 5120 in
2808 5069 3084 5139 judicium.
3112 5071 3306 5125 Psalm.
3334 5070 3566 5137 Domine,
3600 5075 3809 5136 exaudi,

2231 5159 2286 5211 2.
2325 5158 2542 5226 Antiplt.
2579 5158 2757 5212 Omnis
2793 5159 3003 5228 spiritus
3047 5157 3218 5213 laudet
3264 5160 3557 5215 Dominum.
3613 5162 3810 5216 Psaltn.

2232 5248 2466 5303 Laudate
2495 5249 2772 5304 Dominum
2789 5251 2854 5304 de
2879 5250 3035 5304 caelis.
3068 5251 3288 5319 Antiplt.
3314 5251 3428 5322 Ego
3447 5269 3581 5306 sum.
3616 5253 3809 5307 Psalm.

2231 5340 2558 5395 Benedictus.
2587 5341 2789 5396 Oratio.
2825 5340 3074 5405 Oremus,
3123 5346 3310 5412 fratres
3354 5345 3670 5409 charissimi,
3718 5361 3809 5413 pro

2226 5435 2411 5501 spiritu
2437 5434 2613 5503 fratris
2642 5433 2819 5498 nostri,
2853 5442 2977 5498 etc.,
3009 5435 3301 5488 resuscitari
3325 5435 3500 5504 faciat.
3531 5432 3635 5488 Per
3662 5432 3810 5487 Chri-

2229 5533 2363 5578 stum
2393 5523 2670 5578 Dominum
2701 5536 2947 5578 nostrum.
2994 5526 3156 5596 Resp.
3187 5529 3367 5581 Amen.
3397 5525 3602 5581 Oratio.
3647 5525 3803 5606 Deus.

2239 5642 2655 5714 Responsoriali,
2687 5657 2806 5714 pag,
2838 5645 2901 5699 “21
2921 5649 2961 5699 l.
3002 5645 3224 5701 Romani
3254 5646 3516 5714 patrinum
3551 5644 3810 5700 hactenus

2227 5713 2457 5768 sanctulo
2483 5723 2694 5769 vocant.
