4008 6298
177 343 317 400 1025

1384 348 1638 404 ROMANI
1677 350 1991 408 0RDINES.
2037 380 2093 392 --
2147 350 2230 405 XI.

3302 358 3441 409 “ﬁt,

169 457 257 506 cui
279 470 451 506 omnia
473 464 663 518 vivunt,
686 463 817 523 etc.,
842 470 991 523 quam
1017 458 1319 525 pra’parasti
1345 458 1666 528 diligentibus
1690 472 1754 512 te.
1790 465 1838 522 Α
1862 461 2033 530 inferi.
2070 461 2217 514 Vers.
2254 459 2413 527 Erue,
2441 459 2673 514 Domine.
2723 460 2872 514 Vers.
2934 460 3170 526 Domine,
3227 466 3439 519 exaudi.

171 540 279 593 Per
311 540 587 594 Dominum
618 554 862 597 nostrum.
888 545 1067 597 Amen.
1096 545 1295 599 Oratio.
1323 546 1638 601 Temeritatis
1657 550 1770 619 qui-

168 630 291 683 dem
321 640 413 694 est,
444 629 692 695 Domine,
749 642 851 685 etc.
872 674 888 699 ,
945 635 997 686 in
1028 645 1171 704 parte
1212 636 1393 689 dextra
1422 639 1764 692 coronandus.

170 718 282 773 Per
311 719 568 775 Christum
596 720 893 777 Dominum.
939 725 1140 777 Oratio.
1199 724 1340 792 Opus
1372 735 1443 778 est
1472 728 1765 779 miserit-or-

170 810 298 874 dite,
331 809 566 873 Domine,
599 819 935 874 sancte,etc.,
959 811 1192 864 insinnm
1237 811 1455 866 Abraha:
1482 816 1763 882 transfera-

174 908 286 950 tur.
331 896 435 950 Per
457 897 713 951 Christum
739 896 1037 952 Dominum.
1075 900 1235 970 Resp.
1268 901 1447 953 Amen.
1479 900 1594 955 Alia
1625 902 1762 955 Ora-

175 986 278 1041 tio.
306 985 538 1039 Debitum
560 985 772 1040 humani
796 990 1041 1056 corporis,
1071 998 1197 1053 etc.,
1228 997 1275 1042 et
1301 993 1509 1060 perenni
1525 990 1768 1060 felicitate

173 1077 377 1147 perfrui
392 1086 659 1129 mereatur.
675 1075 776 1130 Per
790 1076 1063 1130 Christum.
1078 1078 1277 1131 Oratio.
1297 1078 1627 1145 Omnipotens
1639 1096 1769 1133 sem-

174 1169 374 1234 piterne
400 1166 557 1231 Deus,
582 1168 667 1236 qui
694 1166 916 1220 humano
942 1170 1162 1237 corpori,
1186 1177 1316 1234 etc.,
1346 1169 1545 1223 a’ternis
1566 1171 1767 1224 sedibus

175 1256 451 1325 prwcipias
475 1257 676 1310 sociari.
709 1256 814 1310 Per
844 1256 1118 1310 Dominum
1147 1268 1397 1311 nostrum.

250 1344 340 1400 40.
374 1347 502 1402 ltem
536 1350 601 1402 ad
615 1350 1019 1418 absolvendum,
1042 1359 1318 1419 postquam
1338 1350 1577 1419 sepultus
1606 1353 1767 1408 fuerit

174 1452 300 1492 cum
322 1454 460 1508 aqua
481 1452 663 1494 sancta
682 1444 980 1513 aspergitur
998 1453 1277 1512 antequam
1295 1445 1518 1515 populus
1532 1448 1763 1512 recedat,

174 1537 232 1580 et
253 1528 395 1583 dicat
417 1533 667 1585 sacerdos
691 1551 703 1584 :
735 1533 892 1589 Pater
919 1546 1105 1588 noster.
1130 1535 1277 1589 Vers.
1302 1535 1365 1588 Et
1387 1552 1449 1589 ne
1468 1553 1579 1590 nos.
1612 1536 1764 1593 Vers.

1875 552 2035 621 Resp.
2081 552 2143 604 Et
2178 551 2391 604 clamor.
2420 550 2569 606 Vers.
2598 551 2843 605 Dominus
2870 552 3138 605 uobiscum.
3184 553 3344 620 Resp.
3380 553 3446 606 Et

1874 656 2009 694 cum.
2041 641 2242 696 Oratio.
2276 641 2411 703 Tibi,
2437 641 2673 707 Domine,
2694 642 3121 705 commendamus,
3141 652 3269 705 etc.,
3294 643 3447 695 mise-

1871 732 2229 785 ricordissima:
2253 732 2451 797 pietatis
2473 733 2717 803 absterge.
2743 731 2843 785 Per
2882 730 3173 797 Dominum,
3208 741 3310 786 etc.
3345 732 3450 785 Pro

1871 821 2177 875 cmmeterio
2206 820 2400 875 Psa'm.
2426 820 2668 876 Miserere
2690 823 2806 887 mei,
2859 821 3017 875 Deus.
3069 820 3226 875 Pater
3255 834 3448 875 noster.

1877 908 2024 964 Vers.
2060 909 2125 963 Et
2153 927 2213 964 ne
2242 928 2353 967 nos.
2378 910 3448 983 Vers.Requiematernamﬂers.Aperta

1873 999 2045 1069 inferi.
2082 999 2229 1055 Vers.
2261 1000 2492 1068 Domine,
2533 1003 2736 1055 exaudi.
2780 1002 2940 1072 Resp.
2975 1002 3037 1056 Et
3066 1004 3259 1057 clamor
3283 1018 3447 1056 meus.

1880 1090 2030 1143 \‘ers.
2050 1090 2294 1144 Dominus
2319 1093 2592 1145 vobiscum.
2616 1092 2777 1161 Resp.
2800 1093 2866 1145 Et
2894 1094 3246 1148 cum.0ratiu.
3279 1094 3447 1161 Deus,

1873 1182 2019 1249 cujus
2062 1181 2403 1247 miseratione,
2431 1191 2559 1245 etc.,
2596 1191 2759 1234 tecum
2788 1184 2898 1236 sine
2923 1184 3024 1250 ﬁne
3057 1184 3310 1237 (celentur.
3344 1182 3445 1236 Per

1878 1267 2169 1321 Dominum.
2197 1270 2473 1325 Posucmo
2501 1271 2705 1325 dicatur
2719 1272 3175 1339 OratiozAbsolve,
3212 1273 3448 1329 Domine.

1876 1357 1941 1411 Et
1963 1357 2329 1427 subjungatur,
2360 1360 2543 1412 Anima
2560 1361 2667 1431 ejus
2691 1372 2735 1415 et
2754 1364 2979 1414 omnium
3014 1362 3245 1430 ﬁdelium
3265 1364 3450 1432 defun-

1872 1458 2069 1501 ctorum
2090 1450 2404 1518 requiescant
2446 1451 2498 1504 in
2538 1468 2683 1521 pace.
2707 1451 2886 1505 Amen.
2930 1452 3131 1507 Deinde
3158 1452 3379 1507 redeunt
3399 1456 3449 1506 in

1874 1538 2178 1604 ecclesiam,
2211 1540 2473 1595 cantando
2525 1551 2726 1610 septem
2774 1542 3012 1596 l’saltnos
3059 1541 3451 1611 poenitentiales

177 1618 304 1675 Non
324 1623 483 1678 intres
504 1627 555 1678 in
575 1626 845 1694 judicium.
874 1627 1033 1697 Resp.
1060 1628 1191 1694 Quia
1212 1644 1334 1683 non.
1362 1628 1508 1684 Vcrs.
1539 1629 1581 1683 A
1612 1641 1760 1698 porta
1804 1627 1848 1686 Β
1876 1644 1994 1684 cum
2022 1631 2273 1687 OratiOue
2293 1633 2521 1687 Absolve.

3156 1794 3447 1809 '—

1183 1900 1518 2003 ORDO
1597 1899 2225 2005 ROMANUS
2303 1904 2439 2004 XI

1769 2107 1881 2149 SEU

186 2263 849 2355 BENEDICTI,
902 2264 1248 2347 BEATI
1297 2264 1654 2347 PETRI
1706 2262 2656 2359 CANONICIJJBER
2712 2267 3447 2356 POLLICITUS,

309 2568 404 2633 Ad
433 2564 774 2627 Guidonem
805 2563 874 2624 tle
903 2560 1197 2636 Castello,
1238 2569 1391 2625 tunc
1427 2560 2043 2703 cardiéta’lemsnnclt;
2085 2561 2321 2636 Marci,
2377 2562 2485 2641 qui
2536 2564 2929 2642 postmodum
2983 2567 3191 2647 factus
3249 2587 3332 2632 est

1628 2662 1675 2702 te
1702 2661 1759 2701 cs
1795 2659 1935 2701 mus
2050 2681 2064 2697 .

1628 2659 1935 2702 ωιεειιηιιε
1974 2659 2038 2700 ll
2050 2681 2064 2697 .

274 2769 434 2839 118
458 2768 505 2821 t.
539 2765 842 2835 Perspicua:
871 2765 1105 2820 scientia:
1131 2771 1186 2818 et
1208 2762 1478 2831 profunda:
1500 2760 1771 2831 sapientia:
1801 2763 1848 2827 (ζ
1879 2769 1930 2814 et
1961 2759 2152 2813 damus
2177 2773 2285 2813 sua:
2315 2761 2554 2817 ubertate
2596 2761 2919 2819 inebriavit?
2946 2764 3324 2822 Verumtamen
3349 2810 3363 2835 ,
3398 2779 3459 2826 ut

188 2870 446 2927 magistro
469 2866 491 2890 ει
510 2854 736 2910 Cuiduni
755 2855 821 2910 de
834 2855 1085 2917 Castello,
1103 2854 1284 2908 divino
1305 2866 1429 2908 nutu
1452 2864 1647 2907 sancta?
1671 2850 1777 2905 Ro-

190 2964 362 3005 manzn
385 2946 626 3002 ecclesiae
649 2945 961 3015 presbytero
982 2942 1237 2998 eardinali
1262 2942 1345 2998 tit.
1386 2943 1554 2997 sancti
1604 2939 1769 2995 Muci

194 3040 516 3096 Benedictus
538 3079 553 3104 ,
587 3038 723 3092 beati
755 3037 894 3090 Petri
925 3034 1151 3105 apostoli
1198 3034 1443 3104 indignus
1489 3033 1776 3087 canonicus

189 3141 245 3186 et
278 3133 530 3186 Romana:
555 3128 807 3183 Ecclesiae
837 3136 1021 3181 cantor
1040 3166 1055 3191 ,
1090 3125 1286 3179 intima:
1315 3124 1612 3179 dilectionis
1642 3122 1774 3178 alic-

190 3234 359 3289 ctum,
391 3232 448 3277 et
477 3222 618 3275 inter
642 3226 940 3273 sanctorum
971 3216 1263 3270 antistitum
1291 3217 1499 3285 agmina
1523 3230 1773 3270 coronam

191 3310 715 3367 immarcescibilem.
744 3308 942 3362 Divinm
964 3306 1177 3375 pietatis
1199 3305 1596 3373 misericordim,
1618 3305 1777 3360 Pater

192 3402 487 3459 reverende
506 3442 523 3469 ,
555 3415 650 3470 pro
679 3413 813 3454 meae
841 3397 1015 3452 tenuis
1057 3398 1292 3451 scientia:
1322 3396 1523 3451 viribus
1552 3395 1777 3450 immen-

190 3507 281 3547 sas
312 3493 505 3562 gratias
535 3505 656 3560 ago,
684 3489 932 3558 quoniam
964 3495 1155 3542 vestra:
1184 3486 1370 3542 salutis
1398 3502 1578 3540 curam
1609 3495 1660 3540 et
1688 3500 1778 3540 ec-

193 3581 479 3639 clesiastici
511 3580 715 3636 ordinis
741 3578 1151 3634 sollicitudinem
1182 3591 1276 3632 vos
1315 3576 1511 3633 habere
1558 3591 1770 3632 concer-

192 3692 284 3732 no.
320 3675 473 3731 Unde
502 3687 744 3744 magnam
779 3672 870 3726 Dei
893 3670 1310 3725 misericordiam
1333 3680 1384 3724 et
1407 3670 1775 3738 multiplicium

200 3784 420 3824 suarum
450 3766 844 3822 miserationum
876 3766 1145 3834 copiosam
1179 3763 1465 3817 bonitatem
1506 3760 1778 3815 humiliter

193 3864 443 3930 imploro,
471 3869 730 3931 quatenus
759 3859 810 3911 in
840 3858 937 3909 hoc
968 3865 1075 3909 tam
1101 3856 1239 3908 bono
1265 3854 1561 3923 proposito,
1586 3867 1780 3920 usque-

190 3955 319 4008 dum
349 3955 462 4024 ipse
492 3952 670 4007 veniet
697 3951 760 4004 ad
794 3949 1111 4003 movendum
1152 3947 1220 4002 de
1260 3946 1377 3999 loco
1406 3959 1502 3999 suo
1527 3944 1778 3999 candela—

194 4048 372 4111 brum,
426 4058 521 4099 vos
562 4041 956 4096 corroboraudu
1002 4039 1251 4093 stabiliat.
1302 4036 1567 4092 Cteterum
1617 4049 1779 4102 super

1876 2850 2005 2916 dixi,
2037 2862 2212 2905 vestra
2242 2851 2528 2907 difeetione
2564 2862 2620 2907 et
2642 2854 2853 2908 assidua
2884 2855 2973 2923 pul
2992 2856 3185 2910 alioue
3212 2872 3454 2914 conuno-

1876 2952 1981 3011 tus,
2015 2945 2157 3015 quod
2189 2945 2256 2999 de
2284 2945 2541 3014 dignitate
2586 2945 2809 3000 Romani
2839 2948 3123 3016 pontiﬁcis,
3155 2958 3209 3004 et
3237 2952 3458 3023 presby‘

1877 3048 2108 3093 terorum
2139 3040 2486 3095 cardinalium
2508 3084 2523 3107 ,
2554 3050 2607 3095 et
2637 3041 3001 3110 diaconorum,
3033 3054 3458 3116 ceterorumque

1875 3126 2116 3181 ordinum
2147 3128 2327 3196 curia»,
2363 3142 2568 3182 necnon
2597 3128 2664 3183 de
2691 3130 3057 3186 eccle‘iastico
3084 3132 3265 3192 officio
3296 3137 3463 3191 totius

1874 3218 1998 3272 anni
2030 3233 2125 3287 per
2152 3218 2313 3272 multa
2353 3229 2649 3288 temporum
2680 3221 2847 3289 spatia
2881 3221 3010 3287 vidi,
3042 3231 3096 3277 et
3134 3238 3162 3276 a
3209 3225 3461 3294 sapienti-

1875 3310 1976 3365 bus
2016 3310 2179 3365 curiae
2207 3310 2419 3376 audivi,
2452 3320 2505 3366 et
2534 3311 2673 3380 quod
2704 3311 2792 3366 alii
2823 3313 3068 3368 doctores
3098 3315 3149 3369 in
3181 3314 3293 3369 suis
3319 3319 3457 3371 scri-

1877 3402 1980 3472 ptis
1998 3401 2344 3471 reliquerunt,
2369 3401 2436 3458 ad
2459 3413 2727 3473 perpetua:
2747 3404 3126 3460 recordationis
3145 3407 3461 3461 memoriam

1875 3494 2109 3549 scribere
2137 3495 2359 3551 curabo.

1945 3584 2001 3639 2.
2034 3586 2087 3639 tn
2118 3585 2361 3641 Adventu
2394 3585 2625 3653 Domiut,
2649 3588 2862 3656 quando
2890 3588 3188 3643 annualiter
3217 3589 3275 3643 tit
3303 3604 3457 3644 reca-

1879 3673 2122 3743 pitulatio
2150 3672 2310 3729 oflicii
2339 3685 2391 3730 et
2422 3675 2677 3731 librorum
2718 3677 2807 3747 qui
2837 3678 2889 3731 in
2921 3677 3160 3733 Ecclesia
3193 3678 3459 3748 leguntur,

1878 3761 2112 3816 Subbato
2140 3763 2191 3815 in
2222 3763 2396 3831 vigilia
2427 3765 2705 3818 Adventus
2734 3764 2963 3831 Domini,
2995 3768 3057 3819 ad
3092 3766 3353 3836 Vesperas
3379 3765 3461 3821 in-

1879 3853 2009 3919 θίιςίι
2037 3852 2337 3921 Antiphonti
2370 3851 2435 3907 In
2464 3854 2558 3907 illa
2578 3856 2659 3908 die
2684 3855 2946 3910 stillabunt
2967 3866 3180 3912 montes.
3206 3858 3315 3912 Sub
3361 3858 3461 3913 ista

1879 3942 2098 4011 Antipb.
2129 3956 2317 3997 omnes
2358 3942 2551 3997 Psalmi
2579 3943 2735 4013 hujus
2764 3943 2983 4013 Vesperi
3015 3957 3316 4001 can‘antur.
3347 3946 3460 4011 Qua

1882 4033 2181 4103 Antiphonta
2216 4034 2607 4098 liuita,'dieitnr
2656 4034 2852 4089 Versus
2895 4035 3117 4088 Ostende
3142 4035 3318 4101 nobis,
3353 4032 3464 4087 Do-

193 4137 505 4206 petitionem
532 4132 875 4187 ecclesiastici
905 4128 1114 4185 Ordinis
1143 4126 1303 4182 totius
1331 4126 1475 4190 anni,
1508 4132 1562 4179 et
1595 4124 1774 4191 pratci-
1808 4121 1855 4179 Ι)
1881 4123 2033 4190 mine,
2079 4124 2475 4177 misericordiam
2524 4133 2686 4176 tuam.
2716 4114 2807 4178 ἈΔ
2859 4123 3176 4194 Magni/ient,
3234 4123 3465 4191 Spiritus

193 4243 296 4297 pue
325 4224 627 4293 apostolicae
656 4220 928 4290 dignitatis
955 4226 1006 4273 et
1038 4219 1198 4272 tutius
1226 4218 1408 4282 curias,
1439 4215 1505 4269 de
1534 4228 1636 4283 qua
1666 4214 1777 4283 pla-

192 4316 304 4369 cuit
335 4323 525 4367 vestra:
551 4311 745 4365 illustri
776 4310 1049 4379 sapientia:
1086 4319 1135 4363 et
1167 4309 1392 4378 egregia:
1421 4305 1716 4375 prudentia:
1746 4317 1777 4357 a

192 4422 281 4460 me
313 4405 514 4458 famulo
543 4413 720 4457 vestro
751 4404 1062 4473 opusculum
1093 4408 1348 4469 expetere
1367 4438 1384 4464 ,
1408 4398 1635 4469 qualiter
1667 4397 1777 4452 Deo

193 4496 404 4549 furente
432 4494 658 4547 domnus
703 4492 1024 4561 apestoliws
1067 4505 1188 4544 cum
1236 4489 1382 4543 curia
1427 4502 1523 4542 sua
1566 4494 1622 4542 et
1666 4495 1775 4542 tota

197 4584 436 4639 Romana
465 4583 701 4638 Ecclesia
730 4585 780 4636 in
809 4581 1095 4651 prmcipuis
1120 4578 1545 4634 solemnitatibus
1567 4585 1621 4632 et
1645 4593 1778 4649 quo-

196 4680 417 4734 tidianis
446 4678 638 4733 ciliciis
666 4677 839 4733 valeat
867 4692 926 4731 se
956 4689 1167 4744 regere,
1202 4682 1362 4744 prout
1410 4671 1598 4727 melius
1646 4670 1777 4727 mihi

196 4771 342 4825 Deus
368 4766 715 4835 concesserit,
747 4767 873 4821 licet
901 4765 947 4820 si
974 4766 1137 4820 ardua
1161 4808 1174 4832 ,
1207 4774 1260 4818 et
1288 4763 1464 4818 otticio
1494 4761 1775 4832 professio-

196 4862 284 4915 nis
314 4877 417 4915 non
449 4859 703 4927 indebita,
727 4857 996 4914 elucidare
1019 4858 1314 4927 aggrediar.
1347 4854 1453 4912 Sed
1478 4855 1775 4910 mirandum

194 4951 356 5006 valde
383 4961 465 5007 est
493 4966 589 5005 cur
617 4966 646 5003 a
676 4966 761 5004 me
790 4950 949 5004 idiota
971 4989 987 5016 ,
1018 4957 1071 5001 et
1096 4948 1244 5017 quasi
1273 4947 1470 5001 nullius
1497 4946 1736 5001 scientiae
1761 4985 1777 5011 ,

195 5042 439 5112 quaeritis
468 5043 675 5111 aperire
703 5058 821 5112 qua:
860 5043 910 5093 in
959 5038 1216 5108 apotheca
1257 5036 1434 5093 Cordis
1469 5038 1624 5107 119
1671 5052 1775 5092 non

198 5133 374 5188 habeo
402 5133 684 5188 enucleare
704 5171 720 5197 ,
749 5146 866 5200 quae
897 5127 1212 5197 investigare
1240 5141 1345 5181 non
1376 5127 1558 5192 valeo,
1591 5127 1777 5197 propi-

200 5241 334 5280 nare
362 5239 480 5294 qua:
508 5224 807 5281 sitibuudus
834 5223 1080 5292 piucerna
1112 5219 1323 5275 haurire
1352 5234 1380 5275 a
1408 5218 1561 5273 vobis
1587 5221 1776 5289 gestio.

196 5318 333 5384 Quis
364 5317 503 5370 enim
536 5329 757 5370 noscere
785 5324 957 5382 potest
986 5312 1109 5382 quid
1138 5321 1256 5381 agat
1286 5312 1383 5366 llos
1421 5310 1591 5379 campi
1634 5320 1686 5363 et
1716 5309 1779 5363 li-

201 5406 334 5458 lium
366 5403 705 5469 convallium,
734 5405 858 5458 dum
883 5413 1087 5457 muntes
1117 5401 1519 5472 transgreditur,
1544 5408 1597 5454 et
1616 5397 1780 5452 colles

199 5493 453 5559 transilit,
503 5493 601 5548 nisi
630 5509 786 5552 quem
819 5501 1052 5548 torrente
1080 5492 1363 5560 voluptatis
1391 5504 1502 5544 sua:
1550 5488 1750 5558 potavit

1878 4221 2083 4267 sanctus
2113 4215 2163 4267 in
2197 4225 2243 4267 te
2266 4212 2539 4277 descendit,
2566 4211 2761 4265 Maria.
2785 4211 2951 4265 Finita
2985 4212 3309 4281 Antiphoua,
3338 4210 3463 4266 dici-

1882 4313 1968 4360 tur
1995 4307 2176 4361 Oratio
2202 4304 2331 4374 [Al.,
2362 4300 2684 4372 Orationes].

1949 4395 2003 4451 5.
2033 4396 2112 4450 Ad
2143 4396 2450 4449 hlatutinum
2500 4391 2861 4447 Invitatmium
2914 4391 3099 4461 Regem
3148 4401 3418 4445 venturum
3442 4433 3460 4459 ,

1878 4505 2000 4545 cum
2022 4504 2121 4543 suo
2152 4488 2347 4543 Venite.
2375 4488 2490 4553 Quo
2514 4487 2686 4550 linito,
2711 4487 2849 4554 incip
2874 4493 2893 4538 t
2921 4488 3084 4553 prima
3112 4486 3414 4555 Antipboua
3441 4501 3460 4542 :

1880 4577 2073 4634 Missus
2102 4588 2172 4631 est
2201 4576 2406 4632 Gabriel
2432 4577 2662 4647 angelus.
2694 4576 2932 4630 Psalmus
2956 4574 3143 4630 Beatus
3171 4578 3268 4641 vir,
3292 4592 3463 4646 usque

1880 4669 2117 4734 Domine,
2150 4686 2215 4724 ne
2250 4670 2304 4723 in
2347 4670 2455 4738 ira,
2489 4678 2542 4722 et
2569 4669 2762 4723 dicitur
2792 4669 3111 4736 Antiphona.
3150 4668 3349 4723 Deinde
3378 4671 3463 4722 dio

1880 4762 2019 4817 citur
2047 4760 2276 4816 secunda
2317 4763 2417 4815 Ant
2445 4759 2616 4829 phona
2661 4759 2784 4826 Ave,
2830 4758 3019 4824 Maria,
3070 4746 3234 4829 gratia
3277 4757 3459 4828 plena;

1882 4849 2163 4905 Psalmus:
2198 4849 2416 4906 Domine
2446 4849 2583 4904 Deus
2609 4867 2748 4905 meus
2783 4851 2834 4903 in
2865 4860 2911 4902 te
2936 4849 3165 4918 speravi,
3197 4862 3363 4918 usque
3395 4845 3462 4899 In

1882 4939 2108 4994 Domino
2137 4941 2358 5010 conﬁdo.
2392 4941 2692 5010 Antiphona
2724 4940 2893 5006 ﬁnita,
2919 4940 3112 4994 dicitur
3138 4939 3290 4993 tertia
3310 4936 3461 4991 Anti-

1883 5030 2056 5100 phona
2088 5047 2101 5083 ε
2137 5030 2220 5085 Ne
2259 5035 2457 5099 timeas,
2494 5030 2685 5086 Maria.
2720 5031 2960 5084 Psalmus
2986 5028 3199 5085 Salvum
3226 5043 3304 5080 me
3340 5030 3460 5096 fac,

1881 5120 2130 5189 Domine,
2163 5138 2194 5191 q
2232 5123 2402 5175 oniam
2431 5122 2612 5189 defecit
2637 5131 2872 5187 sanctus,
2904 5134 3072 5188 usque
3098 5121 3162 5173 ad
3190 5118 3463 5172 Psalmutn

1882 5212 2121 5277 Domine,
2153 5214 2266 5281 quis
2295 5212 2557 5265 habitabit.
2592 5210 2809 5280 Antiplt.
2841 5212 3010 5276 ﬁnita,
3036 5209 3231 5264 dicitur
3262 5208 3465 5263 \'er5u5

1886 5307 2106 5360 Ostende
2152 5306 2328 5367 nobis,
2364 5306 2600 5361 Domine.
2643 5307 2776 5360 Tres
2808 5306 3061 5360 lectiones
3103 5304 3349 5374 leguntur
3391 5304 3501 5359 de.

1882 5396 2013 5451 Isaia
2046 5397 2323 5465 prupbe'a.
2360 5397 2528 5451 Primi
2563 5397 2715 5450 lectio
2750 5394 2893 5450 Visio
2923 5395 3093 5450 Isaiae.
3120 5396 3282 5464 Resp.
3306 5396 3465 5463 Aspi-

1882 5488 2016 5540 ciens
2044 5504 2075 5540 a
2122 5488 2285 5557 longe,
2317 5502 2423 5557 quo
2467 5485 2616 5541 linito
2632 5524 2650 5551 ,
2683 5486 2875 5542 dicitur
2906 5486 3061 5542 γεγε.
3091 5487 3286 5556 Quique
3312 5486 3462 5538 terri-

278 5639 310 5702 s
337 5604 560 5702 Proinde
604 5631 831 5701 scriptus
860 5630 958 5685 fuit
985 5629 1068 5687 bic
1098 5629 1230 5687 liber
1257 5636 1382 5686 ante
1408 5643 1603 5683 annum
1640 5625 1774 5682 1145
1811 5616 1914 5688 quo
1945 5626 2113 5684 Guido
2144 5630 2242 5685 iste
2269 5628 2337 5684 ad
2364 5628 2725 5700 pontiﬁcatum
2787 5620 3087 5702 assumptus
3111 5638 3219 5696 est,
3283 5628 3462 5683 (Ιὶιςιυς

192 5698 519 5756 leestinus
546 5700 606 5756 ΙΙ.
