4008 6284
566 337 697 395 1027

1238 333 1572 392 ΑΡΡΕΝΙΠΧ
1620 329 1705 382 AD
1744 332 1799 387 S.
1845 324 2170 383 GltEGORll
2213 322 2423 377 MAGNI
2467 322 2833 377 Ll'I‘URClCA
2874 324 3123 383 OPERA.

3702 329 3835 383 1033

563 468 725 521 gente,
763 458 927 503 totum
955 466 967 511 ;
997 447 1190 501 deinde
1222 446 1500 514 repetenda
1536 443 1609 496 ita
1640 444 1833 496 obvium
1869 450 1914 493 et
1962 438 2133 490 dicite.
2169 437 2214 493 Λ
2242 434 2340 487 Sub
2369 449 2470 502 qua
2497 448 2682 486 omnes
2715 434 2908 487 Psaluti
2939 445 3244 489 cantentur.
3280 436 3449 492 Prima
3476 439 3693 494 canitur
3716 455 3834 493 cunt

563 542 711 597 νοτε.
776 540 875 605 Qui
920 538 1054 607 regis
1106 536 1270 590 Israel
1309 536 1549 599 intende,
1598 544 1803 597 totum;
1854 530 2139 599 repetenda

568 631 757 682 Nuntia
785 630 924 680 nobis
951 629 992 679 si
1022 638 1073 679 tu
1103 644 1153 679 es
1193 628 1317 696 ipse.
1350 626 1505 680 Vers.
1539 625 1725 679 Tollite
1755 633 1959 689 portus,
1999 621 2142 691 prin-

557 724 710 785 cipes,
741 727 960 780 vestras,
992 726 1191 774 totum:
1228 718 1509 782 repetenda
1546 717 1645 783 Qui
1674 726 1977 786 regnaturus
2008 729 2060 766 es
2088 712 2137 764 in

559 808 744 875 populo
769 805 953 860 Israel.
982 806 1160 861 Gloria
1190 807 1331 860 Patri
1359 820 1403 859 et
1437 805 1576 859 Filio
1608 816 1653 859 et
1694 804 1915 874 Spiritui
1940 813 2135 855 sancto.

560 898 742 965 Incipit
768 913 795 949 a
825 899 995 965 capite
1023 898 1284 964 Aspiciens
1314 898 1535 968 alonge.
1567 898 1623 950 In
1656 895 1884 950 secunda
1912 894 2141 948 lectione

558 988 847 1042 secundum
881 989 1039 1055 Resp.
1072 988 1387 1055 Aspiciebam
1417 988 1467 1039 in
1507 988 1615 1039 visu
1642 988 1825 1050 noctis,
1856 1000 1974 1038 cum
2005 985 2139 1037 duo-

560 1079 658 1132 bus
674 1080 947 1133 versibus:
970 1079 1098 1133 Ecce
1121 1081 1405 1132 dominator
1426 1079 1689 1141 Dominus,
1716 1087 1767 1131 et
1787 1076 2016 1129 I’otes'as
2032 1078 2142 1146 ejus

558 1181 779 1242 potestas
809 1184 1016 1235 a'ttirna,
1046 1188 1163 1225 cum
1198 1172 1496 1240 repetendis
1544 1172 1674 1235 suis,
1706 1171 1841 1224 sicut
1868 1171 2140 1237 superius;

564 1264 721 1333 120
747 1272 800 1315 et
831 1262 1009 1315 Gloria
1042 1262 1211 1327 Patri,
1245 1272 1292 1316 et
1328 1261 1739 1330 Responsorium
1786 1275 1815 1312 a
1860 1260 2051 1328 capite.
2085 1259 2142 1311 ln

562 1354 711 1403 tertia
744 1352 973 1405 lectione
1006 1351 1165 1419 Resp.
1201 1349 1392 1403 Missus
1420 1360 1491 1403 est
1520 1348 1726 1403 Gabriel
1756 1347 1990 1420 angelus,
2022 1362 2141 1400 cum

563 1439 769 1492 duobus
800 1441 1073 1503 versibus,
1116 1444 1247 1507 Ave,
1285 1438 1483 1506 Maria,
1516 1448 1602 1505 et,
1641 1439 1788 1491 Daliit
1816 1440 1861 1491 ei
1892 1439 2143 1491 Dominus

562 1529 720 1583 Deus.
774 1530 1075 1597 llepetenda
1108 1533 1273 1598 pritna
1308 1530 1389 1584 Ne
1432 1532 1629 1592 timeas,
1678 1529 1881 1591 Maria;
1913 1538 1961 1581 et
1994 1544 2143 1595 repe-

560 1620 713 1672 tenda
748 1620 977 1674 secunda
1013 1620 1075 1672 Et
1114 1622 1394 1684 vocabitur,
1423 1632 1473 1672 et
1506 1621 1728 1687 reliqua.
1765 1620 1939 1672 Gloria
1974 1618 2139 1671 Patri.

558 1714 669 1777 Qua
700 1714 862 1775 finita,
899 1717 1290 1781 rcsponsorium
1325 1729 1353 1765 a
1385 1716 1557 1781 capite
1585 1722 1849 1766 Cunlctnr.
1884 1714 2004 1766 lltec
2035 1714 2138 1765 tria

2246 524 2469 577 lectione
2500 523 2566 577 de
2600 524 2841 577 Adventu
2870 534 2925 579 et
2956 526 3199 594 capitulis
3220 568 3236 591 ,
3269 528 3404 581 sicut
3440 529 3683 584 Ecclcsm
3715 546 3837 585 con-

2244 618 2440 682 suevit,
2471 632 2606 683 genu
2635 616 2792 670 flexo.
2824 618 3027 683 Tertia,
3049 618 3233 685 Sexta,
3257 620 3403 673 Nona
3427 637 3547 675 cum
3580 623 3839 691 Antipho-

2244 710 2324 762 nis
2351 711 2417 765 de
2448 711 2691 767 Adventu
2728 715 2778 768 in
2812 725 3009 769 terram
3042 719 3325 784 prostrati,
3356 732 3476 771 cum
3506 718 3762 784 capitulis
3788 732 3836 772 et

2246 799 2469 853 Psalmis
2496 812 2548 855 et
2578 802 2872 869 Oratione,
2917 805 3055 857 sicut
3100 819 3215 859 mos
3265 813 3368 859 est.
3414 805 3493 860 Ad
3546 807 3839 876 VeSpertnn

2244 907 2431 945 omnes
2466 892 2658 947 Psalnii
2690 894 2901 948 feriales
2932 906 3213 950 cantentur
3238 899 3338 951 sub
3375 914 3477 951 una
3508 901 3837 967 Antiphon",

2245 977 2311 1033 In
2358 980 2449 1033 illa
2480 982 2559 1035 die
2590 984 2856 1036 szillabunt
2886 996 3098 1050 montes,
3129 995 3183 1040 et
3230 988 3294 1040 ad
3357 990 3514 1041 linem
3564 1000 3841 1045 cantcutur

2247 1072 2359 1124 istm
2385 1074 2729 1141 Antiphonze,
2765 1075 2954 1127 Missus
2974 1086 3047 1129 est
3078 1074 3292 1129 Gabriel
3312 1078 3551 1145 angelus;
3576 1080 3701 1141 Ave,
3733 1079 3841 1131 Ma-

2245 1161 2345 1225 ria,
2376 1163 2541 1229 gratia
2563 1163 2736 1231 plena,
2768 1162 3013 1217 Dominus
3037 1176 3219 1228 tecum,
3244 1181 3363 1219 cum
3395 1166 3655 1221 Oratione
3684 1165 3837 1230 Deus,

2244 1251 2329 1316 qui
2359 1250 2423 1302 de
2452 1251 2611 1305 beata:
2642 1252 2827 1305 Maria:
2856 1255 3062 1323 virginis
3101 1266 3265 1319 utero,
3297 1265 3348 1309 et
3381 1258 3685 1324 Antiphona
3716 1257 3841 1314 Ecce

2250 1338 2498 1393 Dominus
2528 1343 2718 1407 veniet,
2749 1352 2795 1395 et
2835 1359 3010 1395 omnes
3056 1345 3219 1396 sancti
3260 1346 3371 1413 ejus
3417 1362 3532 1397 cum
3574 1363 3655 1401 eo.
3697 1346 3837 1401 Vers.

2250 1433 2593 1487 Exsultabunt
2626 1437 2789 1487 sancti
2816 1436 2868 1487 in
2899 1436 3084 1503 gloria.
3113 1436 3265 1488 Missa
3296 1438 3362 1490 de
3393 1438 3645 1491 Adventu
3679 1456 3839 1507 usque

2248 1525 2300 1577 in
2329 1527 2513 1594 quinta
2544 1524 2699 1579 feria.
2734 1528 2893 1580 Sexta
2925 1527 3054 1580 feria
3097 1529 3303 1581 canitur
3349 1528 3507 1580 llissa
3540 1531 3607 1583 de
3653 1530 3834 1594 Ciuee,

2249 1618 2393 1684 quod
2441 1633 2544 1671 non
2579 1619 2830 1671 convenit
2863 1621 2911 1671 in
2960 1619 3223 1672 Adventu.
3271 1620 3505 1673 Sahbato
3555 1621 3623 1675 de
3666 1634 3837 1675 sancta

2248 1706 2433 1770 Maria,
2464 1707 2509 1761 si
2541 1724 2642 1760 non
2694 1708 2851 1761 fuerit
2900 1708 3158 1762 festivizas
3210 1726 3399 1763 novem
3435 1712 3759 1775 lectionum;
3787 1724 3835 1768 et

562 1803 914 1871 Responsoria
960 1805 1028 1857 ita
1059 1805 1251 1857 debent
1281 1806 1481 1857 cantari
1511 1806 1560 1856 in
1595 1804 2098 1873 congregationibus
2130 1818 2142 1853 :
2179 1803 2224 1859 B
2252 1802 2295 1854 si
2341 1801 2515 1867 fuerit,
2544 1819 2701 1857 omne
2732 1804 2963 1857 officiunt
3006 1805 3073 1858 sit
3120 1806 3196 1859 les
3221 1805 3449 1870 ivitatis;
3497 1817 3548 1860 et
3592 1809 3637 1860 si
3693 1807 3837 1861 Fuetit

562 1894 713 1948 Prior
761 1905 811 1948 et
858 1895 1121 1948 sctuudus
1177 1904 1395 1949 cantant
1442 1895 1860 1961 Responsoriutn
1902 1895 2141 1961 primunt

560 1994 683 2037 ante
710 1985 877 2038 altare
906 2000 1024 2037 cum
1056 1984 1303 2037 otuuibus
1336 1984 1608 2048 Versibus,
1642 1994 1695 2038 et
1718 1983 2026 2049 repetendis
2056 1997 2143 2035 uso

562 2091 662 2145 que
701 2076 764 2129 ad
799 2076 991 2139 linem;
1024 2076 1207 2128 tertius
1234 2083 1287 2128 et
1315 2085 1533 2143 quartus
1563 2075 1851 2128 secundum
1898 2072 1955 2125 R.
1979 2087 2145 2140 Spon-

559 2169 757 2221 snrium
783 2169 916 2220 sicut
943 2168 1117 2233 prius;
1141 2169 1357 2236 quintus
1382 2174 1435 2219 et
1458 2176 1639 2219 sextus
1661 2165 1871 2218 tertium
1902 2164 2145 2231 Restion-

560 2259 781 2311 stiriam.
812 2256 869 2309 ln
900 2258 1134 2311 secundo
1165 2266 1425 2310 nocturno
1457 2257 1640 2324 incipit
1670 2254 1969 2320 Antiphona
2018 2253 2149 2307 Ecce

557 2348 745 2400 ancilla
788 2346 1028 2411 Domini;
1062 2348 1300 2402 Pstlmus
1331 2345 1581 2399 Conserva
1618 2361 1695 2398 me
1716 2386 1728 2407 ,
1763 2344 2000 2395 Domine.
2033 2344 2146 2396 Alia

560 2439 862 2506 Antiphonti
888 2440 1108 2508 Angelus
1134 2437 1369 2501 Domini;
1396 2437 1636 2490 Psaltnus
1664 2434 1889 2497 Exaudi,
1914 2433 2144 2496 Domine,

559 2528 810 2593 iustitiam
842 2545 1023 2582 meam.
1057 2527 1233 2582 Tettio
1262 2526 1563 2594 Antipltoua
1595 2526 1880 2594 Antequam
1909 2524 2148 2575 conveni-

558 2630 700 2685 rent;
727 2620 989 2682 I’saltnus,
1018 2618 1246 2689 Diligam
1266 2629 1332 2685 te,
1366 2617 1603 2678 Domine,
1630 2626 1842 2681 totoque
1864 2614 2146 2666 liuitovunt

559 2710 886 2777 Antiphonta,
918 2710 1111 2763 dicitur
1143 2708 1359 2773 Versus,
1392 2718 1443 2762 et
1477 2715 1586 2760 tres
1616 2705 1872 2759 lcetioues
1905 2705 2149 2773 leguntur

560 2802 626 2853 de
654 2815 903 2855 sermone
932 2806 1098 2854 satu-tl
1149 2798 1466 2868 Augustini,
1516 2806 1570 2851 ct
1616 2798 1786 2850 sancti
1838 2796 2051 2856 Leonis,
2096 2804 2151 2847 et

563 2892 660 2944 tria
692 2891 1043 2959 Responsoria
1074 2902 1355 2943 cantan:ur
1394 2891 1528 2943 sicut
1576 2903 1690 2943 mos
1745 2897 1846 2942 est.
1894 2888 1948 2939 lu
1993 2886 2150 2939 tertio

562 2990 822 3034 nocturno
854 2986 931 3033 Au
961 2982 1151 3045 iptioua
1181 2980 1285 3032 Bca
1311 2997 1341 3032 a
1382 2998 1452 3043 es,
1486 2979 1657 3032 Maria
1685 3021 1697 3037 .
1742 2994 1855 3045 qua:
1883 2977 2149 3030 credidisti

562 3071 821 3134 Domino;
851 3085 924 3134 et,
950 3070 1160 3123 Beatam
1184 3086 1260 3123 me
1286 3069 1449 3122 dicent
1473 3085 1647 3122 omnes
1667 3069 2047 3139 generationes;
2072 3077 2146 3134 et,

2252 1892 2409 1944 tiium
2463 1894 2746 1946 lcetionum
2802 1894 3100 1963 festivitas,
3148 1898 3197 1948 in
3243 1896 3416 1965 vigilia
3449 1898 3512 1949 ad
3547 1897 3829 1965 Vesperum

2250 1981 2442 2035 Psaltni
2472 1984 2573 2037 diei
2598 1995 2877 2038 cantentur
2898 1987 2996 2039 sub
3018 2002 3121 2039 una
3146 1986 3451 2055 Antiphona
3475 1989 3541 2043 de
3567 1991 3829 2044 Adventu.

2248 2070 2379 2122 Cum
2413 2075 2617 2125 venerit
2646 2074 2709 2126 ad
2764 2073 3061 2143 Magniﬁcat
3082 2117 3096 2138 ,
3130 2075 3327 2130 Versus
3358 2078 3567 2131 dicotur
3598 2079 3667 2132 de
3699 2077 3836 2133 festi-

2252 2160 2408 2213 vitate
2440 2176 2560 2215 cum
2594 2164 2846 2232 Antipho:
2870 2180 2900 2217 a
2931 2174 2984 2218 et
3010 2165 3268 2219 Oratione
3297 2168 3495 2230 sancti;
3528 2179 3579 2221 et
3610 2167 3669 2221 ﬁt
3700 2185 3836 2221 com.

2254 2250 2569 2302 memoratio
2598 2250 2666 2304 tle
2700 2251 2963 2317 Adventu,
2998 2251 3190 2306 Missus
3233 2264 3308 2307 est
3354 2254 3564 2310 Gabriel
3608 2260 3833 2326 angelus.

2251 2348 2356 2392 etc.
2390 2338 2703 2394 Matutinum
2732 2351 2897 2394 totum
2924 2343 2989 2396 de
3012 2352 3216 2411 sancto,
3245 2354 3557 2399 tamencum
3582 2356 3834 2401 nocturno

2250 2427 2356 2482 diei
2383 2443 2397 2491 ;
2433 2430 2702 2483 matutiuse
2735 2430 2977 2495 Laudes,
3008 2431 3051 2485 si
3087 2424 3284 2486 habent
3316 2434 3559 2501 proprius
3588 2434 3837 2504 Antipho-

2252 2535 2367 2582 nas,
2396 2532 2708 2588 eantentur;
2740 2522 2819 2576 sin
2852 2534 3051 2590 autem,
3080 2525 3181 2579 sub
3211 2542 3311 2579 una
3344 2527 3653 2595 Antiphona
3699 2543 3833 2581 com-

2254 2610 2454 2663 munali
2509 2626 2696 2665 omnes
2763 2612 2957 2666 Psalmi
3013 2624 3313 2667 cantetttur.
3373 2616 3547 2668 Prima
3604 2627 3837 2671 cantetur

2251 2713 2371 2749 cum
2407 2714 2505 2751 una
2536 2701 2838 2768 Antiphon:
2885 2701 3186 2756 feszivitalis
3231 2712 3285 2756 et
3333 2702 3570 2758 lectione
3619 2705 3764 2766 diei;
3793 2715 3837 2759 et

2257 2801 2418 2840 omne
2451 2786 2683 2841 ofﬁcium
2718 2804 2822 2841 non
2870 2790 3142 2858 prostrati,
3193 2789 3287 2843 sed
3339 2791 3529 2843 Staudo
3580 2802 3836 2847 cantetur.

2255 2875 2434 2929 'l‘craia
2467 2887 2520 2932 et
2551 2878 2712 2933 Sexta
2741 2878 2807 2934 de
2839 2878 3126 2935 festivitate
3147 2924 3161 2947 ,
3192 2879 3337 2935 Non:
3371 2891 3424 2937 et
3458 2880 3756 2952 Vesperum
3784 2886 3837 2939 de

2256 2968 2526 3023 Adventu.

2328 3061 2381 3115 6.
2440 3060 2712 3115 Dominica
2742 3061 2970 3116 secunda
3017 3062 3263 3133 leguntur
3306 3074 3416 3120 tres
3470 3066 3735 3120 lectiones
3776 3067 3832 3119 alii

567 3163 717 3217 Dabit
754 3166 800 3215 ei
847 3162 1117 3227 Dominus,
1149 3176 1267 3215 cum
1298 3162 1408 3214 suis
1440 3160 1685 3225 Psalmi:,
1717 3159 1841 3213 Caeli
1891 3170 2151 3222 enarrant,
2183 3159 2229 3222 C
2261 3151 2448 3207 eodem
2482 3153 2738 3222 propheta
2770 3154 2926 3219 lsaia,
2950 3164 3004 3209 et
3031 3165 3141 3210 tres
3182 3157 3441 3213 lectiones
3471 3159 3538 3213 de
3570 3175 3834 3219 sermone.

561 3254 820 3309 Exuudiat
845 3263 893 3305 te
918 3250 1186 3316 Dominus,
1216 3260 1268 3304 et
1294 3250 1509 3303 Domine
1531 3252 1581 3303 in
1606 3252 1788 3302 virtute
1814 3258 1921 3301 tua.
1952 3249 2150 3303 Versus

568 3356 621 3399 ct
648 3346 765 3398 dote
797 3344 1052 3397 lectiooes
1079 3342 1146 3396 de
1175 3349 1198 3375 ³
1230 3342 1474 3410 cp‘stola,
1500 3342 1652 3394 tert'a
1675 3341 1740 3393 de
1764 3340 1999 3393 homilia.
2025 3339 2151 3405 Qui-

566 3438 664 3491 bus
693 3436 871 3499 tinitis,
915 3442 1162 3487 cantatur
1205 3432 1274 3485 Te
1305 3432 1465 3485 Deum
1498 3432 1811 3496 laudamus;
1843 3446 1949 3500 quo
1977 3431 2148 3495 linito,

564 3527 821 3595 incipiunt
850 3526 1120 3578 matutinm
1148 3523 1383 3588 Laudes,
1420 3534 1471 3576 et
1504 3522 1808 3590 Autiphoua
1838 3520 1902 3574 In
1927 3522 2015 3574 illa
2046 3521 2147 3583 die,

563 3634 683 3671 cum
726 3618 974 3671 omnibus
1021 3616 1141 3668 a|.is
1190 3614 1612 3683 Antiphonisct
1657 3613 1900 3667 Psalmis.
1952 3613 2153 3678 Quibus

565 3709 763 3775 (initis,
798 3708 990 3761 dzcitur
1026 3706 1175 3760 Veis.
1209 3707 1323 3772 Quo
1372 3706 1542 3769 linito,
1596 3705 1782 3774 incipit
1826 3704 2145 3773 Antiphona,

562 3798 793 3863 Spiritus
822 3810 1025 3852 sanctus
1056 3799 1107 3851 in
1139 3807 1183 3851 te
1225 3797 1479 3850 descendit
1512 3794 1713 3861 Maria,
1746 3804 1818 3859 ct,
1852 3794 2153 3848 Benedictus

562 3890 815 3944 Dominus
844 3889 981 3943 Deus
1015 3887 1202 3950 Israel,
1235 3897 1341 3941 etc.
1748 3890 1751 3895 ’

634 3983 686 4035 4.
723 3983 921 4036 Deinde
950 3982 1079 4035 dicit
1108 3981 1370 4046 Primam,
1403 3990 1455 4032 et
1498 3980 1681 4047 incipit
1725 3980 2013 4031 secundum
2043 3978 2152 4030 An-

570 4073 839 4141 tiphonam
871 4071 1131 4136 Matutini,
1160 4069 1404 4124 Jucunda
1436 4087 1493 4132 e,
1527 4087 1644 4122 cum
1679 4070 1920 4122 Psalmis.
1954 4070 2153 4135 Quibus

565 4162 754 4230 finitis,
808 4162 932 4215 dicit
965 4161 1242 4215 lectionem
1282 4162 1550 4229 l‘pistolce,
1584 4169 1637 4213 et
1671 4161 1909 4221 Versum,
1944 4169 1998 4213 et
2024 4161 2153 4213 O.a-

562 4258 759 4307 tionem
785 4254 907 4307 dici.
931 4254 1083 4307 Mane
1106 4256 1265 4306 Statio
1287 4255 1349 4306 ad
1374 4262 1611 4305 sanctam
1638 4253 1849 4304 Mariam
1877 4252 2147 4319 Majoretn,

561 4361 666 4412 quo
691 4346 936 4397 dominus
965 4359 1097 4413 papa
1125 4359 1242 4397 cum
1268 4345 1513 4398 omnibus
1536 4344 1813 4398 ordinibus
1840 4347 2013 4407 venit;
2052 4346 2147 4397 ibi-

564 4452 669 4504 que
715 4439 1029 4503 honorifice,
1063 4439 1200 4493 sicut
1241 4454 1359 4492 mos
1390 4452 1492 4503 est,
1539 4448 1717 4493 cantat
1763 4439 1977 4493 Missam
2028 4456 2146 4493 cum

2240 3240 2314 3297 iet
2352 3243 2469 3297 duze
2515 3244 2772 3301 lectiones
2821 3246 2888 3300 de
2929 3246 3186 3314 Epistula,
3232 3249 3381 3302 tertia
3414 3250 3483 3304 de
3514 3250 3759 3315 humilia,
3792 3264 3835 3303 et

2256 3335 2467 3389 eanitur
2519 3337 2586 3390 de
2635 3336 2854 3392 historia
2900 3353 3019 3391 sua.
3076 3338 3229 3392 Mane
3258 3339 3323 3391 ad
3358 3341 3572 3393 Missam
3608 3341 3662 3393 fit
3696 3343 3839 3393 ειηιίη

2259 3428 2323 3481 ad
2381 3428 2680 3483 Jerusalem
2728 3430 2777 3482 in
2830 3432 3026 3498 palatio
3070 3432 3416 3497 Susurriano,
3466 3432 3555 3487 ubi
3590 3434 3839 3486 Dominus

2259 3521 2497 3586 pontifex
2542 3536 2661 3576 cum
2698 3531 2806 3576 tota
2857 3524 3001 3577 curia
3054 3523 3213 3577 debet
3259 3535 3480 3579 cantare
3522 3526 3767 3591 MiSSam,
3795 3541 3837 3579 et

2258 3615 2504 3682 ascipere
2528 3631 2803 3681 coronam,
2838 3626 2890 3669 et
2916 3632 3033 3669 eam
3058 3616 3353 3683 celebrare,
3402 3617 3543 3671 sicut
3586 3633 3706 3671 mos
3746 3630 3835 3671 (st.

2332 3707 2380 3758 7.
2439 3706 2713 3761 Dominita
2763 3708 2829 3761 de
2871 3707 3120 3774 Gaudete,
3153 3708 3314 3763 statio
3361 3708 3427 3762 ad
3476 3719 3727 3763 sarctum
3754 3710 3839 3763 Pe-

2263 3806 2422 3848 trum.
2473 3797 2604 3850 Cum
2658 3798 2906 3851 dominus
2953 3813 3084 3866 papa
3116 3814 3236 3852 cunt
3267 3800 3518 3855 omnibus
3549 3800 3755 3854 scholis
3782 3800 3839 3852 ad

2260 3886 2550 3953 Vesperutn
2579 3889 2747 3952 venit,
2777 3886 2957 3956 ibique
2989 3889 3238 3942 dominus
3269 3899 3481 3954 manet;
3518 3900 3645 3944 tunc
3674 3890 3840 3943 domi-

2260 3995 2358 4033 nus
2408 3981 2645 4047 pontifex
2686 3982 2879 4050 accipit
2930 3998 2994 4035 xx
3052 3982 3254 4035 solidos
3294 3984 3360 4036 de
3396 3983 3765 4043 confessione.
3794 3992 3841 4035 et

2256 4071 2578 4139 expendium
2628 4072 2807 4136 curiae,
2858 4082 2913 4126 et
2958 4089 3220 4140 equorum
3250 4090 3493 4127 suorum.
3522 4074 3834 4128 Card'nales

2258 4178 2383 4218 κθιο
2429 4174 2482 4217 et
2543 4164 2793 4227 diaconi,
2855 4164 3187 4232 primicerius
3244 4181 3363 4218 cum
3420 4167 3648 4229 schola,
3704 4166 3834 4219 sub-

2256 4252 2461 4307 diacoui
2494 4254 2775 4306 basilitraiii
2820 4262 2873 4307 et
2910 4252 3218 4307 subdiaconi
3252 4255 3562 4323 regionarii,
3618 4264 3675 4308 et
3721 4270 3837 4309 aen-

2259 4344 2386 4412 lytlti
2464 4346 2619 4414 122
2684 4344 2949 4412 aet-ipiunt
3004 4347 3235 4414 quinque
3293 4346 3494 4398 solidos
3553 4346 3680 4399 den.
3738 4346 3838 4399 Pr-

2256 4434 2559 4499 picns‘uut,
2606 4434 2745 4502 quod
2793 4446 3013 4487 vocatur
3061 4435 3296 4489 cwnaria
3348 4435 3467 4507 [AL
3523 4435 3839 4504 ρεηςιιίε.ι];

560 4528 738 4583 Gloria
770 4530 821 4581 in
850 4529 1063 4582 excelsis
1097 4527 1233 4596 Deo,
1267 4530 1401 4581 sicut
1436 4530 1483 4581 iu
1514 4529 1633 4581 alis
1669 4528 1955 4582 Demiuicis
1986 4544 2148 4598 usque
2187 4520 2233 4578 D
2259 4541 2311 4583 et
2364 4530 2770 4583 archidiaconus
2822 4529 3015 4596 accipit
3070 4545 3198 4583 xvtn
3258 4530 3508 4583 denarius
3568 4545 3673 4598 pro
3734 4529 3836 4581 Rc-

563 4620 628 4671 ad
657 4619 895 4673 Natalem
930 4618 1169 4680 Domini,
1204 4626 1257 4671 et
1286 4631 1591 4673 coronatur.
1628 4619 1707 4672 Ad
1736 4620 1968 4673 Tertiam
1997 4624 2146 4673 cani-

563 4718 647 4762 tur
676 4707 825 4762 tertia
859 4708 1197 4775 Antiphoua;
1231 4708 1295 4760 ad
1340 4707 1556 4761 Sextam
1591 4722 1777 4777 quarta
1810 4710 2142 4778 Antiphonti;

559 4801 627 4851 ad
663 4800 861 4852 Nouato
893 4799 1076 4868 quinta
1110 4798 1441 4866 Antiphonta;
1469 4801 1533 4851 ad
1570 4800 1856 4868 Vesperum
1884 4815 2005 4853 cum
2040 4817 2148 4854 oni-

563 4892 717 4943 nihus
743 4888 1061 4956 Atttiphouis
1081 4930 1095 4952 ,
1126 4889 1218 4941 sed
1252 4904 1353 4941 non
1381 4889 1573 4943 dicitur
1606 4889 1789 4942 Missus
1821 4901 1891 4944 est
1922 4891 1963 4943 G
2002 4892 2148 4957 briel,

518 4982 521 4985 ’
564 4997 738 5050 neque
773 4980 901 5033 Ecce
933 4980 1182 5034 Dominus
1226 4984 1409 5047 veniet,
1447 4980 1546 5033 nisi
1576 4980 1708 5033 infra
1738 4981 2145 5049 hebdomadam,

563 5073 654 5126 sed
689 5084 890 5125 tantum
922 5072 1124 5127 Oratio.

634 5164 688 5218 5.
718 5164 857 5218 Infra
886 5164 1295 5230 helnlomadani,
1323 5165 1552 5217 ofﬁcium
1578 5164 1645 5217 de
1670 5165 1916 5219 Adventu
1946 5167 2010 5220 ad
2036 5168 2145 5220 Ma-

566 5253 790 5308 tutinum
830 5258 983 5325 121
1020 5254 1381 5309 lnvitatoriuut
1432 5255 1618 5325 [legem
1660 5265 1947 5309 venturum.
1990 5259 2142 5313 Noct.

564 5362 684 5399 cum
720 5347 1020 5416 Antiphuua
1051 5348 1118 5402 de
1164 5347 1467 5403 l’saltuista.
1516 5349 1709 5403 Versus
1758 5351 1823 5404 de
1874 5351 2140 5416 Adventu,

565 5447 617 5491 et
659 5438 851 5507 legitur
896 5442 963 5495 de
1011 5442 1140 5495 lsaia
1186 5442 1462 5511 propheta.
1516 5444 1592 5497 Atl
1626 5444 1911 5498 matutinas
1940 5450 2145 5501 Laudes

565 5532 771 5587 canitur
810 5550 912 5589 una
941 5537 1242 5605 Antiphuna
1273 5537 1341 5591 In
1375 5539 1467 5591 illa
1495 5539 1576 5591 die
1602 5539 1869 5592 stillabant
1918 5553 2141 5607 montes,

636 5677 660 5701 ει
692 5667 891 5733 Nempe
935 5676 1001 5721 de
1042 5669 1259 5738 epistola
1286 5670 1477 5724 Leonis
1512 5671 1679 5738 Magni
1710 5672 1774 5724 ad
1809 5670 2139 5740 Flavianum,

568 5750 681 5802 qua:
714 5750 901 5803 magna
929 5751 1047 5791 cum
1078 5740 1332 5806 dignitate
1372 5742 1599 5809 explicat
1630 5743 1937 5810 mysterium
1968 5742 2141 5796 Incur—

2256 4622 2551 4688 SpoIISOI‘iis
2609 4620 2699 4686 qui
2756 4622 3131 4690 expenduntur
3189 4636 3281 4686 per
3331 4636 3521 4674 manus
3579 4635 3744 4680 snas;
3790 4630 3836 4671 et

2254 4713 2495 4769 canonici
2546 4728 2577 4767 e
2610 4713 2787 4766 etesia:
2829 4712 3026 4766 debent
3078 4711 3275 4765 habere
3305 4713 3371 4765 de
3403 4713 3743 4783 presbyterio
3770 4726 3833 4763 xu

2255 4806 2355 4857 sol.
2390 4804 2455 4857 de
2496 4803 2682 4857 eadem
2714 4804 3076 4857 confesswnc.
3112 4804 3377 4857 Pradibati
3424 4819 3551 4857 vero
3582 4804 3720 4857 sacri
3749 4818 3831 4870 pa-

2257 4898 2360 4951 latii
2408 4897 2620 4950 ordines
2670 4897 3006 4966 IIOSpitautnt'
3036 4900 3087 4948 in
3119 4895 3280 4947 domo
3311 4895 3466 4965 Agnli
3490 4914 3518 4945 ν
3566 4894 3705 4965 [Αιη
3737 4898 3831 4947 An-

2254 4989 2453 5057 guliie].
2486 4999 2538 5042 et
2571 4989 2818 5041 dominus
2861 4986 3074 5052 ltoSpitii
3121 4986 3275 5038 debet
3328 5000 3634 5053 pra'parare
3681 4987 3833 5038 lectis

2253 5083 2317 5135 de
2348 5082 2458 5133 suis
2502 5080 2654 5133 bouis
2700 5078 3118 5139 liuteaminilms,
3162 5087 3215 5131 et
3260 5079 3503 5144 accipere
3535 5076 3585 5129 in
3619 5075 3831 5129 stabulis

2252 5175 2361 5227 suis
2404 5190 2570 5241 equos
2600 5188 2804 5236 eorum,
2836 5184 2887 5224 et
2909 5171 3218 5233 custodire;
3258 5179 3311 5223 et
3358 5171 3403 5223 si
3434 5170 3733 5237 oportuerit
3762 5169 3831 5219 fa-

2253 5281 2376 5318 cere
2418 5280 2624 5318 eteiiam
2668 5263 2783 5331 ejus
2823 5261 2952 5325 diei,
2997 5273 3170 5315 tamen
3211 5262 3643 5330 deprrcscriptis
3674 5262 3828 5313 dena-

2258 5359 2347 5411 riis
2380 5360 2468 5427 qui
2500 5366 2759 5409 vocantur
2802 5356 3089 5418 cmnatica,
3145 5372 3247 5409 non
3290 5357 3463 5407 solum
3510 5356 3561 5406 in
3596 5354 3826 5406 stationi-

2257 5454 2372 5511 bus,
2407 5466 2589 5504 verum
2621 5449 2780 5503 etiam
2826 5464 2918 5517 per
2957 5459 3124 5501 totum
3155 5463 3377 5512 annum,
3411 5448 3827 5513 quandocumme

2254 5543 2387 5613 [Al.,
2416 5539 2751 5609 quocunque]
2785 5539 3027 5592 venetint
3058 5537 3358 5591 cardinales
3380 5546 3601 5589 cantare
3626 5536 3824 5587 Missam

2245 5673 2475 5796 nationi;
2513 5679 2696 5727 contra
2734 5684 2970 5725 errorem
3018 5667 3357 5738 Eutychetis,
3405 5667 3472 5723 de
3511 5680 3614 5735 qua
3665 5665 3826 5727 infra,

2252 5759 2397 5796 lllllll.
2468 5778 2484 5796 ο

2252 5759 2397 5799 ιιιιιιι.
2431 5759 2484 5796 υ.
