4008 6294
152 329 297 382 1019

1374 324 1634 380 ROMANl
1675 327 1987 387 OﬁDlNES.
2034 363 2096 369 —
2141 332 2229 386 XI.

3280 346 3414 400 1050

147 454 273 491 cum
304 434 610 505 primicerio
641 443 695 487 et
719 432 1025 488 cantoribus
1054 435 1136 488 vel
1168 434 1283 488 aliis
1313 435 1551 502 palatinis
1579 436 1731 489 elcrl-
1758 448 1807 503 Α
1837 440 1944 493 cavi
1970 439 2194 505 Filium;
2244 442 2484 497 Psalmus
2527 445 2712 500 Beatus
2763 448 2855 514 vir,
2899 458 2950 503 et
2998 465 3183 507 omnes
3216 453 3410 510 Psalmi

146 530 245 592 eis,
271 536 329 581 et
360 526 446 579 ille
475 525 720 578 dominus
753 524 964 593 hospitii
997 526 1155 581 debet
1188 527 1386 580 habere
1432 542 1526 594 pro
1574 528 1735 580 liene-

146 622 274 671 tit-io
316 618 462 670 omni
496 616 580 670 die
614 630 768 668 unam
798 626 1064 669 monetam
1094 618 1164 672 de
1194 618 1386 672 oblatis
1424 618 1553 688 [.-ll.,
1586 619 1733 671 obla-

145 707 405 776 tionibus]
439 709 634 770 Μίδεω,
661 717 713 761 et
742 706 1003 775 lacrymas
1032 723 1191 773 cene,
1217 724 1333 777 qum
1366 720 1643 761 remanent
1666 708 1733 761 de

143 798 426 853 oﬁ‘creuda
457 798 645 851 Missae.
702 796 797 850 llic
842 797 1148 862 praelibatus
1178 797 1311 850 ordo
1344 798 1500 850 debet
1529 812 1647 851 esse
1680 798 1730 849 in

144 894 399 946 omnibus
439 891 710 944 nocturnis
743 888 1063 941 stationibus
1094 890 1264 941 saneti
1295 889 1433 942 Petri
1462 907 1475 953 ;
1511 890 1559 941 in
1588 888 1734 941 diur-

144 968 240 1038 nis
270 996 399 1037 vero
428 982 620 1033 dantur
652 988 853 1032 tantum
893 978 1126 1043 quinque
1175 979 1300 1031 sol..
1352 978 1445 1030 sed
1484 978 1733 1030 dominus

144 1088 285 1143 papa
320 1076 370 1127 in
403 1071 675 1126 nocturnis
705 1080 758 1124 et
802 1071 852 1121 in
898 1068 1100 1121 diurnis
1153 1070 1341 1137 accipit
1391 1085 1455 1121 xx
1507 1068 1727 1135 solidos,

142 1168 284 1220 sicut
308 1168 469 1233 supm‘
497 1163 693 1215 dictum
725 1170 824 1215 est.

218 1257 274 1311 8.
316 1258 484 1311 Media
514 1264 689 1307 autem
729 1261 883 1307 nocte
915 1268 1135 1320 surgens
1166 1250 1346 1304 audito
1375 1250 1527 1318 signo
1553 1250 1725 1303 donti-

142 1362 251 1401 nus
288 1361 443 1414 papa,
489 1360 610 1397 cum
643 1342 887 1396 omnibus
917 1343 1195 1397 ordinibus
1222 1340 1286 1394 ad
1313 1352 1558 1394 sanctum
1591 1342 1641 1392 ιι
1665 1358 1727 1391 o-

143 1455 271 1494 nem
323 1440 505 1491 venire
562 1437 751 1499 debet,
802 1435 978 1504 ibique
1024 1434 1414 1488 mansionarius
1468 1442 1730 1501 prmparat

149 1528 483 1583 tlmribulum
529 1526 798 1594 episcopo,
835 1535 885 1579 et
932 1523 1215 1593 episcopus
1272 1521 1525 1591 pontiﬁci,
1558 1524 1730 1574 omni-

143 1623 243 1671 bus
273 1619 471 1670 intlntis
500 1618 564 1669 de
594 1617 703 1669 suis
728 1614 1075 1667 indumentis.
1100 1613 1426 1667 Cubicularii
1458 1628 1583 1666 vero
1605 1628 1726 1666 cum

138 1708 351 1762 duabus
400 1706 588 1760 faculis
640 1706 902 1768 accensis,
954 1713 1007 1757 et
1051 1704 1332 1757 camerarii
1364 1717 1485 1756 cum
1517 1699 1725 1756 duobus

1841 532 1994 596 primi
2027 534 2267 587 nocturni
2296 550 2417 588 cum
2446 537 2763 605 Antiphontis
2783 540 2913 593 suis.
2948 542 3125 598 Primo
3155 556 3413 603 nocturno

1838 621 2004 684 linito,
2039 637 2117 675 ca'
2142 624 2281 676 onici
2333 628 2569 681 ecclesia:
2604 630 2783 697 legunt
2820 641 2927 685 tres
2957 632 3235 700 lectiones,
3274 637 3415 691 Gau-

1836 712 1958 762 dens
1986 714 2238 781 gaudebo,
2286 725 2337 768 et
2387 729 2603 771 cantant
2658 719 2755 772 tria
2789 721 3184 791 Responsoria;
3218 735 3413 779 czctera

1835 812 2081 856 cantores
2109 812 2161 856 et
2190 804 2251 856 ba
2287 804 2494 859 ilicatii.
2532 808 2731 863 Deinde
2762 813 2999 879 episcopi
3041 814 3221 882 legunt
3252 830 3415 882 quar—

1842 899 1947 943 tam
1982 902 2035 945 et
2069 895 2309 960 quintam
2344 897 2626 951 lectionem
2654 900 2717 953 de
2749 901 2974 967 epistola
3012 905 3179 957 sancti
3221 904 3415 958 Leonis

1836 994 2007 1048 papa),
2053 985 2213 1036 missa
2260 985 2516 1038 Flaviano
2553 989 2801 1056 episcopo
2831 991 2896 1044 de
2921 992 3284 1048 incarnatione
3313 994 3416 1047 Do-

1835 1074 1962 1126 mini
1991 1084 2179 1127 c0ntra
2211 1075 2488 1146 Eutychen
2520 1077 2847 1148 lueretiCt.'rn,
2882 1083 3182 1137 cardinales
3211 1094 3413 1138 sextam

1833 1172 1887 1216 et
1931 1166 2219 1229 septimam
2246 1183 2259 1231 ;
2294 1168 2444 1221 l’rior
2470 1168 2803 1223 basilicarius
2834 1182 3072 1227 octavam
3105 1176 3170 1229 de
3205 1177 3419 1245 exposi-

1835 1250 1977 1305 tione
2006 1253 2265 1320 epistolte,
2302 1253 2527 1308 Gaudete
2573 1259 2624 1309 in
2668 1257 2886 1313 Domino
2928 1279 3169 1331 semper;
3222 1281 3415 1319 nonam

1830 1358 1960 1396 vero
1982 1344 2053 1397 ibi
2080 1345 2167 1398 ubi
2200 1346 2361 1398 intrat
2400 1348 2527 1414 legit
2580 1350 2811 1415 pentifex
2837 1351 2903 1404 de
2928 1354 3168 1419 humilia,
3202 1365 3256 1407 et
3286 1356 3317 1408 d
3346 1358 3416 1410 cit

1831 1430 1983 1499 lube,
2023 1433 2259 1499 Domine,
2292 1434 2605 1490 benedicere.
2637 1438 2823 1493 Nullus
2850 1441 3117 1495 benedicit
3138 1458 3279 1508 eum,
3314 1445 3413 1497 nisi

1832 1522 2061 1591 Spiritus
2102 1533 2357 1589 sanctus;
2407 1535 2609 1579 tantum
2660 1542 2848 1581 omnes
2877 1531 3411 1599 respondentAmen.

1834 1611 2003 1666 Finita
2036 1612 2262 1668 lectione
2293 1616 2582 1683 pontiﬁcis,
2628 1618 2961 1683 primicerius
2990 1619 3121 1673 dicit
3148 1620 3219 1673 Te
3248 1620 3415 1675 Deum

1833 1705 2123 1771 laudamus,
2157 1715 2210 1759 et
2234 1707 2322 1759 alii
2353 1708 2677 1774 reSpnndent
2707 1726 2722 1774 ;
2772 1718 2825 1763 et
2854 1710 3040 1780 incipit
3082 1713 3415 1782 Antiphonns

145 1800 486 1854 candelabris
517 1808 570 1851 et
596 1797 784 1850 faculis
807 1798 1048 1851 accensis
1073 1797 1273 1850 debent
1297 1795 1377 1849 ire
1406 1805 1529 1849 ante
1552 1794 1725 1863 ponti-
1762 1809 1803 1867 Β
1830 1794 1898 1847 ad
1933 1796 2219 1849 matutinas
2262 1796 2489 1851 Laudes.
2529 1797 2644 1863 Quo
2677 1800 2844 1865 linito,
2880 1801 3167 1858 basilicarii
3199 1816 3414 1861 cantant

148 1892 325 1944 licem.
360 1888 601 1944 Pontifet
630 1898 805 1941 autem
831 1890 1061 1955 primum
1091 1888 1331 1941 incensat
1362 1888 1529 1941 altare
1554 1888 1723 1941 sancti

139 1981 382 2045 Leonis;
414 1978 605 2033 deinde
628 1993 747 2031 cum
779 1978 1129 2032 Processione
1154 1977 1408 2032 incedens
1431 1992 1522 2046 per
1553 1978 1726 2045 porti-

135 2089 261 2125 cum
315 2072 641 2140 pnntiticium
691 2068 757 2123 ad
808 2078 1051 2123 sanctum
1103 2067 1445 2137 Gregorium,
1498 2066 1723 2136 primum

136 2172 383 2217 incensat
426 2164 593 2215 altare
638 2160 776 2228 ejus,
820 2167 875 2214 et
903 2161 1073 2213 altare
1104 2159 1275 2212 sancti
1309 2157 1638 2223 Sebastiani,
1673 2168 1727 2211 et

134 2258 309 2310 altare
358 2256 524 2308 sancti
573 2253 839 2318 Tiburtii;
890 2252 1090 2307 deinde
1153 2252 1259 2307 duo
1290 2251 1478 2307 altaria
1520 2252 1573 2305 in
1606 2267 1722 2305 me-

143 2349 306 2402 diana
340 2347 405 2401 ad
437 2348 745 2412 cruciﬁxos,
779 2346 867 2399 ubi
891 2346 957 2400 ab
988 2345 1220 2415 antiquis
1248 2345 1488 2414 patribus
1522 2346 1725 2398 audivi~

140 2455 262 2491 mus
293 2437 633 2507 requiescere
663 2435 933 2505 apostolos
953 2435 1227 2490 Simonem
1252 2443 1307 2489 et
1332 2434 1545 2489 ludam.
1574 2434 1726 2488 Post-

134 2544 201 2582 ea
235 2527 383 2581 Vadit
411 2526 477 2581 ad
509 2526 782 2580 sudarium
826 2525 1047 2590 Christi,
1101 2525 1241 2593 quod
1287 2534 1512 2578 vocatur
1548 2524 1720 2579 Vero-

136 2622 281 2683 nica,
310 2621 648 2682 etincensat,
699 2629 754 2673 et
801 2618 971 2672 altare
1015 2626 1214 2672 sancta:
1248 2617 1424 2672 Maria:
1454 2617 1719 2671 similiter.

143 2716 334 2765 PoStea
380 2711 617 2765 ascendit
652 2711 716 2763 al
750 2720 994 2763 sanctum
1032 2710 1307 2763 Pastorem
1350 2709 1505 2779 juxta
1540 2724 1721 2762 areum

136 2804 551 2871 triumphalem,
605 2812 659 2856 et
706 2804 963 2856 incensat.
1026 2802 1230 2857 Deinde
1278 2802 1610 2856 descendens
1656 2801 1721 2855 ad

132 2910 354 2960 (ιη-ρης,
401 2896 644 2948 incensat
689 2892 855 2947 altare
887 2907 1049 2962 super
1080 2894 1381 2961 sepulcrum
1412 2894 1582 2948 sancti
1615 2894 1724 2947 Pe-

140 2986 234 3048 tri,
265 2994 319 3039 et
351 2984 426 3038 sic
447 2983 599 3039 sedet
628 2984 679 3037 in
708 2982 964 3037 subsellio
986 2997 1106 3036 cum
1129 2983 1461 3037 candelabris
1491 2991 1614 3036 ante
1640 2996 1717 3037 se.

134 3075 518 3139 Paraphonista
548 3088 668 3127 cum
710 3074 891 3126 schola
924 3073 1107 3143 incipit
1136 3074 1342 3142 vigilias
1369 3073 1453 3126 Ea:
1481 3072 1718 3143 .Egypto

1830 1900 2041 1938 Versum
2095 1896 2219 1940 ante
2273 1889 2462 1940 altare.
2526 1888 2871 1944 Primicerius
2928 1896 3128 1949 nuntiat
3174 1898 3411 1964 pntiﬁti

1833 1976 2188 2045 Antiphonam
2243 1978 2309 2030 ad
2366 1976 2673 2033 Benedictus
2720 1980 2969 2036 Dominus
3032 1982 3169 2038 Deus
3223 1985 3408 2039 Israel.

1828 2069 2127 2139 Episc0pus
2159 2078 2513 2138 repraesentat
2544 2071 2737 2125 librum
2786 2074 3043 2140 pontiﬁci,
3086 2074 3185 2129 sibi
3227 2077 3410 2130 datum

1828 2172 1859 2211 a
1888 2160 2216 2237 subdiaCOno
2257 2162 2597 2229 regionario;
2637 2162 2877 2231 pontifex
2909 2163 3037 2217 dicit
3069 2165 3411 2233 Orationem;

1828 2251 2085 2305 diaconus
2131 2250 2262 2305 dicit
2310 2251 2681 2306 Benedicamtts
2712 2250 2956 2305 Domino.
2988 2253 3144 2308 Masa
3174 2272 3200 2306 a
3233 2258 3408 2323 ponti-

1829 2342 1926 2395 tice
1956 2341 2256 2395 celebratur
2281 2350 2333 2395 et
2359 2342 2551 2395 dicitur
2580 2341 2759 2396 Gloria
2792 2345 2842 2395 in
2874 2345 3087 2398 excelsis
3114 2345 3239 2412 Deo,
3272 2358 3325 2399 et
3355 2351 3411 2401 ﬁt

1828 2432 1944 2487 laus
1974 2446 2003 2485 a
2030 2432 2293 2498 diaconis,
2325 2443 2381 2488 et
2407 2435 2769 2502 subdiaconis,
2820 2444 2874 2490 et
2916 2439 3185 2503 notariis;
3228 2449 3285 2493 ct
3318 2455 3411 2493 co-

1828 2532 2051 2579 ronatur
2077 2540 2106 2578 a
2137 2536 2325 2580 sancto
2363 2526 2523 2581 Petro
2551 2526 2707 2597 124
2740 2544 2833 2596 per
2860 2529 3091 2582 mediam
3128 2532 3400 2585 civitatem

1828 2630 1992 2685 usque
2016 2616 2080 2669 ad
2104 2617 2354 2683 palatium
2379 2633 2501 2671 cum
2527 2617 2779 2672 omnibus
2811 2618 3103 2685 ordinibus,
3131 2623 3267 2675 sicut
3294 2639 3409 2676 mos

1829 2715 1936 2760 est.
1964 2706 2006 2759 A
2035 2706 2324 2762 festivitate
2353 2710 2523 2762 sancti
2554 2708 2754 2763 Nicolai
2779 2725 2945 2779 usque
2972 2712 3035 2763 ad
3064 2712 3248 2765 feriam
3282 2726 3407 2768 ante

1826 2794 2067 2850 Natalem
2112 2795 2319 2851 Domini
2352 2810 2637 2853 cantantur
2670 2801 2752 2855 ha:
2784 2803 3108 2872 Antipltomc
3136 2812 3199 2858 ad
3232 2809 3401 2860 Matu-

1829 2887 2018 2951 tinum,
2053 2888 2096 2939 0
2135 2887 2433 2957 Sapientia,
2463 2891 2528 2943 ad
2558 2889 2883 2961 Benedictus,
2918 2905 2969 2948 et
2991 2906 3197 2950 extera:
3220 2914 3408 2952 omnes

1831 2978 1880 3031 in
1913 2988 2143 3048 quatuor
2174 2981 2521 3047 temporibus.

1898 3068 1986 3122 10.
2030 3066 2182 3123 Feria
2210 3079 2398 3139 quarta
2426 3072 2588 3126 statio
2619 3076 2683 3126 ad
2714 3084 2954 3131 sanctam
2986 3077 3202 3132 Mariam
3241 3080 3409 3148 Majo-

128 3167 305 3217 t-ocasi
359 3164 524 3233 ﬁlium
573 3179 742 3218 meum
776 3181 793 3228 ;
837 3163 1079 3217 Psahnus
1110 3164 1298 3217 Beatus
1324 3166 1419 3219 vir.
1474 3164 1716 3219 Secunda
1745 3175 1793 3239 ο
1826 3172 1961 3212 rem.
2000 3156 2086 3211 Fit
2123 3156 2355 3212 Collecta
2384 3160 2450 3213 ad
2478 3170 2719 3215 sanctum
2755 3163 2972 3218 Petrum
3004 3166 3069 3219 ad
3100 3166 3317 3221 Vincula
3352 3168 3402 3221 in

133 3262 262 3310 Ant.
293 3254 422 3308 Ecce
445 3254 707 3325 apparebit
737 3253 987 3308 Dominus
1009 3271 1167 3323 supra
1196 3256 1377 3308 nubem
1404 3255 1719 3319 candidam;

136 3348 386 3401 I'salmus
420 3350 590 3412 Quare
631 3350 944 3417 fremuerunt
980 3356 1170 3417 gentes.
1209 3347 1386 3401 Tertia
1430 3352 1556 3400 Ant.
1593 3346 1722 3401 Ecce

132 3438 297 3489 veniet
338 3435 612 3500 Dominus,
654 3452 801 3499 quem
844 3435 1074 3490 Joannes
1106 3437 1438 3503 prtcdicavit;
1480 3437 1720 3489 Psalmus

134 3529 379 3591 Domine,
399 3529 521 3598 quid
542 3527 865 3597 multiplicati
887 3538 1021 3580 sunt.
1054 3528 1249 3582 Deinde
1274 3528 1379 3582 duo
1402 3528 1719 3583 subdiaconi

132 3618 427 3673 liasilicat-ii
466 3618 651 3672 dicunt
694 3617 949 3682 Versum;
991 3620 1143 3689 123
1175 3620 1406 3686 acolythi
1442 3630 1625 3673 tenent
1657 3621 1722 3673 li-

135 3711 297 3763 lirutn
342 3707 701 3771 stationalem,
750 3716 803 3761 et
846 3709 1160 3761 cubicularii
1206 3708 1425 3773 faculas,
1466 3718 1517 3762 et
1545 3710 1722 3764 basi'i-

132 3800 275 3854 cat‘ii
314 3798 495 3869 legunt
543 3798 799 3853 lectiones
848 3798 1089 3851 Gaudeas
1119 3799 1351 3869 gaudebo
1378 3799 1430 3851 in
1466 3798 1720 3864 Domino;

133 3893 399 3944 diaconus
426 3890 667 3958 praecinit
697 3888 777 3943 Tu
804 3901 994 3944 autem.
1027 3889 1366 3943 Primicerius
1394 3905 1513 3944 eum
1538 3891 1721 3945 schola

134 3990 329 4036 cantat
352 3980 732 4049 Responsoria.
761 3980 950 4034 Finitis
980 3980 1146 4033 tribus
1180 3980 1512 4047 lectionibus,
1539 3982 1725 4050 primi-

133 4074 322 4127 cerius
351 4070 478 4124 dicit
514 4070 581 4123 Te
615 4069 777 4123 Deum
822 4070 1114 4123 laudamus.
1156 4069 1522 4125 Subdiaconus
1552 4071 1723 4139 regio-

136 4164 329 4218 uarius
377 4162 599 4231 porrigit
640 4160 1125 4216 Sacramentarium
1176 4161 1454 4230 episcopo,
1499 4170 1553 4215 et
1600 4162 1723 4231 cpi-

134 4271 341 4324 scopus
388 4262 533 4309 tenet
574 4264 697 4308 ante
738 4253 1080 4322 pontiﬁcem;
1124 4262 1176 4305 et
1214 4252 1497 4308 basilicarii
1536 4262 1723 4307 tenent

132 4346 490 4411 candelabra,
533 4353 589 4399 ct
634 4344 871 4414 pontifex
914 4342 1045 4398 dicit
1082 4342 1413 4397 Orationem.
1463 4344 1721 4399 DiacOnus

134 4436 276 4493 dicit
322 4434 693 4491 Benedicamus
735 4432 976 4501 Domino,
1018 4442 1074 4488 et
1108 4432 1352 4488 dominus
1384 4449 1515 4503 papa
1547 4434 1721 4489 benc-

130 4530 290 4584 dicit.

164 4659 181 4664 μ
220 4622 275 4674 9.
313 4619 513 4674 Deinde
543 4626 567 4653 ³
596 4619 781 4672 exiens
812 4617 933 4671 inde
965 4616 1207 4671 ascendit
1234 4616 1297 4670 ad
1329 4618 1498 4671 altare
1522 4616 1715 4684 majus,

138 4721 197 4764 et
224 4711 506 4775 incensat;
539 4719 591 4763 et
618 4708 893 4763 descendit
926 4706 993 4761 ad
1017 4705 1042 4743 ι)
1076 4709 1348 4774 pectorale
1378 4718 1501 4762 ante
1526 4708 1715 4776 altaze,

138 4807 293 4858 circa
343 4792 718 4855 eum‘diaconi
766 4799 956 4853 induti.
1013 4798 1259 4867 Episc0pi
1302 4808 1444 4852 stant
1483 4798 1547 4852 ad
1575 4798 1717 4853 aliud

144 4894 440 4963 pectorale,
480 4891 777 4946 cardinales
820 4892 871 4942 in
905 4889 1071 4942 choro
1096 4902 1216 4942 cum
1244 4889 1516 4943 canonicis
1544 4890 1715 4944 eccle-

141 4989 264 5037 size.
316 4982 639 5037 Cubicularii
685 4991 738 5032 et
779 4978 1057 5033 camerarii
1106 4986 1308 5046 ponunt
1354 4977 1555 5032 faculas
1593 4989 1718 5033 ante

142 5074 475 5141 pontiﬁcem.
535 5072 774 5128 Pontifex
825 5085 951 5124 vero
1004 5070 1187 5137 incipit
1233 5070 1571 5134 Matutinum,
1612 5070 1719 5123 Do-

139 5167 304 5230 mine,
346 5166 479 5218 labia
518 5179 630 5216 mea
678 5162 896 5229 aperias.
938 5160 1193 5213 Cantores
1221 5168 1435 5213 cantant
1464 5158 1716 5214 invitato-

141 5259 313 5323 tiutn;
344 5275 448 5327 quo
485 5258 633 5310 linito
665 5254 995 5323 primicerius
1027 5254 1209 5321 incipit
1260 5252 1339 5306 Ex
1369 5251 1602 5319 [Eat/pta
1634 5271 1718 5308 vo-

219 5400 244 5424 ει
278 5391 374 5444 llic
420 5390 686 5443 distinctio
724 5389 1001 5442 manifeSta
1033 5390 1168 5443 inter
1196 5389 1403 5457 vigilias
1432 5398 1486 5441 et
1512 5388 1723 5441 Matutt-

146 5477 298 5521 num,
346 5463 487 5527 quod
515 5462 707 5527 duplex
747 5458 983 5512 ofﬁcium
1017 5460 1067 5512 in
1097 5459 1361 5511 dominica
1392 5458 1426 5527 ξ’)
1451 5458 1721 5512 Adventus

144 5534 212 5582 ait
248 5526 487 5583 sanetum
532 5526 739 5581 l’etrum
784 5529 1081 5583 dicebatur.
1132 5528 1348 5596 Aliquid
1389 5526 1475 5581 hic
1513 5527 1720 5580 videtur

140 5602 303 5655 desse
332 5601 394 5652 ad
418 5600 818 5667 signiﬁcandum
848 5598 1009 5651 diem.

223 5672 247 5707 ι’
282 5673 354 5723 Ita
399 5666 692 5724 cancellutn
738 5670 1027 5736 appellant,
1080 5683 1202 5721 eum
1251 5667 1317 5719 ad
1369 5666 1581 5719 modum
1614 5681 1717 5729 quo

144 5741 318 5794 Graeci
354 5745 535 5799 στήθεα
567 5747 753 5794 vocant
774 5740 1082 5793 Columellas
1112 5740 1296 5792 ordine
1315 5736 1622 5804 dispositas,
1655 5750 1714 5789 ac

1828 3252 2087 3307 Eudoxia.
2116 3253 2459 3310 Primiccrius
2503 3272 2624 3311 cutn
2657 3259 2864 3323 schola,
2896 3270 2955 3316 et
2984 3262 3293 3317 subdiaconi
3323 3280 3407 3318 re-

1824 3341 2072 3412 gionarii,
2106 3344 2413 3413 etacolythi
2452 3360 2574 3399 cum
2622 3361 2781 3402 cruce
2826 3358 2847 3386 ε
2903 3350 3170 3405 stationali
3230 3354 3403 3405 sancti

1826 3432 1989 3497 Petri,
2036 3434 2215 3487 levant
2262 3436 2385 3488 inde
2422 3451 2633 3491 crucem
2663 3452 2783 3492 eum
2817 3440 3036 3495 collecta
3090 3443 3193 3496 Pro
3209 3445 3405 3497 cessio-

1824 3523 1954 3587 nali,
1985 3524 2253 3579 cantando
2287 3541 2453 3595 usque
2495 3528 2560 3581 ad
2593 3540 2833 3584 sanctam
2862 3531 3076 3585 Mariam
3118 3534 3396 3603 Majuretn.

1826 3614 1901 3667 lbi
1953 3614 2214 3668 Dominus
2246 3631 2378 3684 papa
2413 3631 2737 3687 pra-paratos
2782 3629 2963 3675 cantat
2997 3623 3210 3676 Missam
3259 3639 3409 3677 mou:

1824 3706 2288 3775 quadragesimali,
2328 3720 2381 3762 et
2412 3710 2481 3762 ibi
2514 3712 2725 3765 nuntiat
2749 3728 2902 3781 quem
2947 3714 3193 3769 ordinare
3221 3716 3404 3784 ἀίδρυ-

1826 3797 1905 3846 nit
1936 3795 2033 3848 hoc.
2064 3798 2219 3851 modo
2245 3814 2257 3848 :
2288 3801 2440 3851 Attin
2462 3812 2576 3853 ante
2601 3800 2816 3854 Domino
2850 3813 2895 3855 et
2933 3806 3184 3858 salvatore
3232 3816 3405 3860 nostra

1822 3886 1945 3940 Jcsu
1977 3888 2178 3941 Christo
2216 3890 2460 3956 elegimus
2499 3892 2631 3943 hunc
2676 3894 2946 3946 diaconum
2992 3896 3043 3948 in
3084 3899 3406 3967 presbytera-

1825 3991 1951 4031 tnm.
1986 3980 2045 4033 Si
2074 3980 2185 4047 quis
2214 3979 2362 4031 liabet
2401 3992 2578 4033 contra
2619 3997 2730 4034 eum
2773 4000 2863 4051 pro
2904 3982 3036 4049 Deo,
3073 4002 3184 4037 cum
3209 3988 3405 4055 [iJucia

1823 4079 1996 4134 exeat,
2047 4078 2091 4122 et
2136 4069 2291 4120 dicat.
2359 4066 2706 4122 Verumtamen
2759 4085 2949 4124 memor
2992 4073 3057 4125 sit
3099 4077 3404 4128 conditionis

1824 4175 1951 4214 δααν.

1898 4248 1984 4302 11.
2025 4250 2183 4304 Sexta
2236 4248 2362 4303 feria
2413 4251 2572 4304 statio
2614 4249 2680 4303 ad
2722 4258 2934 4305 sanctos
2979 4253 3251 4319 apostolos
3281 4270 3400 4309 cum

1826 4339 2186 4408 processione.

1898 4429 1982 4484 12.
2017 4430 2250 4485 Sabbato
2277 4431 2435 4484 statio
2463 4431 2527 4484 ad
2558 4441 2799 4487 sanctum
2845 4431 3083 4498 Petrum,
3122 4433 3211 4489 ubi
3246 4434 3405 4491 debet

1756 4546 1801 4605 D
1827 4520 2089 4573 ordinatio
2122 4522 2236 4575 fieri
2267 4535 2298 4574 a
2331 4523 2600 4589 pontiﬁce,
2631 4531 2683 4576 et
2710 4523 2980 4577 celebrare
3002 4523 3231 4577 Missam.
3268 4526 3401 4579 Dum

1830 4626 1957 4663 vero
1988 4619 2229 4664 cantatur
2252 4613 2486 4665 ofﬁcium
2516 4612 2861 4667 celeberrime
2883 4629 2911 4666 a
2936 4614 3144 4680 schola,
3175 4625 3227 4669 et
3253 4616 3395 4685 hym-

1828 4717 1927 4753 nus
1958 4705 2113 4754 trium
2145 4717 2448 4769 puerorum,
2474 4701 2761 4757 Benedicite
2791 4706 2962 4758 omnia
3002 4723 3157 4771 opera
3192 4706 3400 4760 Domini

1828 4793 2063 4855 Domino,
2090 4793 2367 4847 descendit
2390 4795 2625 4863 po..tifex
2653 4797 2719 4850 ab
2745 4797 2919 4861 altari,
2950 4807 3004 4852 et
3028 4799 3169 4850 vadit
3190 4800 3252 4851 ad
3276 4813 3400 4852 san-

1823 4897 1963 4941 ctum
1996 4886 2282 4940 Andream.
2324 4888 2396 4940 lbi
2427 4891 2549 4943 facit
2574 4893 3051 4944 consecrationem.
3088 4892 3242 4945 Facta
3275 4909 3402 4945 con-

1824 4980 2154 5042 secratioue,
2192 4980 2479 5034 revertitur
2511 4982 2575 5033 ad
2616 4981 2815 5047 altare,
2849 4983 2967 5048 quia
2998 4982 3062 5035 ad
3096 4982 3196 5036 hoc
3236 4984 3404 5039 altare

1825 5075 1962 5127 nulla
1995 5075 2328 5129 consecratio
2362 5075 2520 5129 debet
2551 5074 2687 5140 ﬁeri,
2722 5076 2822 5128 nisi
2851 5075 2916 5129 de
2947 5074 3187 5129 Romano
3218 5078 3402 5143 ponti-

1828 5170 1943 5220 tice.
1990 5167 2054 5219 Et.
2094 5166 2173 5220 sic
2215 5167 2265 5220 in
2302 5167 2551 5221 onmibus
2594 5178 2821 5236 quatuor
2868 5166 3197 5226 tmnnoribns
3235 5170 3392 5221 debet

1830 5260 1962 5314 ﬁeri.

1826 5393 2084 5459 superiori
2115 5387 2594 5461 epistilioittttctas,
2631 5402 2685 5446 ut
2706 5408 2769 5446 ex
2800 5391 2975 5446 Goaro
3006 5408 3058 5446 tn
3089 5393 3389 5450 Cedrenum

1825 5465 2073 5516 observat
2102 5464 2441 5517 doctissimus
2468 5462 2717 5532 Congius.

1900 5545 1919 5570 ε
1969 5533 2112 5585 Crux
2160 5534 2478 5593 stationalis.
2523 5547 2643 5598 qua:
2691 5532 2847 5585 solita
2886 5532 3076 5585 deferri
3111 5533 3175 5587 ad
3205 5534 3399 5586 statio—

1824 5616 1944 5666 nes,
1998 5618 2118 5726 33:13
2171 5602 2374 5657 solebat
2421 5601 2606 5671 reponi
2665 5616 2825 5671 super
2876 5604 3078 5671 altare,
3134 5604 3390 5672 inferius,

1825 5687 1970 5725 num.
2074 5711 2087 5725 .

1825 5687 1970 5725 nam.
1998 5687 2087 5725 Συ.
