4008 6288
588 321 716 378 1051

1264 314 1603 370 APPENDlX
1642 315 1732 369 AD
1770 315 1827 370 S.
1873 313 2168 370 GREGORI

2274 314 2286 369 l
2309 313 2452 369 tCNl
2492 312 2861 369 LITURGICA
2898 312 3152 367 OPEllA.

3734 313 3866 368 1053

658 442 745 495 15.
792 434 1061 491 Dominiea
1093 430 1160 483 de
1200 430 1378 483 Canite
1419 430 1537 481 tuba
1578 430 1768 498 legitur
1796 428 1864 482 de
1894 428 2007 482 Joel
2039 444 2161 498 pro-
2194 437 2243 495 Α
2275 427 2601 481 Flaminettm
2621 466 2635 488 ,
2658 424 2853 480 deinde
2876 424 3021 478 vadit
3042 424 3194 494 juxta
3214 425 3474 493 porticum
3496 425 3864 491 Severinum;

589 535 771 603 pheta,
818 526 996 581 Canite
1029 522 1148 576 tuba
1179 521 1231 573 in
1268 520 1419 583 Sion,
1449 529 1501 573 et
1526 519 1593 572 de
1620 532 1889 583 sermone,
1938 527 1992 571 et
2032 518 2157 586 Ερί-

585 626 742 685 stola,
769 628 825 675 et
854 619 921 672 de
960 612 1198 668 homilia.
1245 611 1376 665 Cum
1427 609 1673 664 venerint
1724 617 1899 662 autem
1949 608 2163 661 ieriales

587 711 930 781 Antiphonze,
980 719 1167 759 onmes
1198 717 1292 770 per
1317 701 1562 754 ordinem
1594 708 1877 754 canteutur
1895 698 1960 752 ad
1990 698 2162 751 Matu-

582 804 773 855 tiuutu.
808 797 889 853 Ad
929 795 1221 861 Vesperum
1266 805 1455 845 omnes
1506 790 1699 843 Psalmi
1741 796 2022 844 cantentur
2064 786 2165 841 sub

588 894 754 961 prima
806 886 1132 956 Autiphona.
1182 883 1262 937 Ad
1313 881 1615 951 Magni/irat
1664 889 1909 935 cantetur
1947 880 2162 949 propria

587 981 910 1051 Antiphonti.

661 1073 750 1129 M.
786 1074 842 1128 In
868 1069 1049 1139 ‘vigilia
1078 1065 1277 1121 Natalis
1303 1063 1509 1117 Domini
1531 1062 1596 1116 ad
1629 1061 1942 1116 Matutinttm
1975 1060 2167 1114 Invita-

584 1167 777 1220 torittm
808 1162 1038 1216 Christus
1069 1157 1303 1212 adveniet
1328 1154 1495 1221 nobis,
1524 1155 1686 1208 venite
1713 1155 2004 1207 adoremus.
2039 1155 2162 1205 Ant.

585 1257 832 1311 Dominus
878 1253 1007 1306 dixit
1050 1251 1118 1303 ad
1176 1263 1285 1312 me;
1327 1246 1570 1300 Psaltnus
1621 1244 1793 1309 Quare
1849 1247 2165 1311 fremuerunt

586 1357 777 1420 gentes.
809 1342 1027 1411 Antiplt.
1065 1337 1128 1390 In
1155 1337 1263 1391 sole
1285 1337 1450 1407 posuit
1472 1333 1891 1397 tabernaculum;
1924 1330 2165 1386 Psalmus

587 1437 714 1490 (ἐωιί
754 1440 1015 1489 enarrant.
1073 1428 1291 1495 Antiph.
1331 1425 1613 1479 Elevamini
1658 1433 1817 1492 portte
1863 1422 2164 1487 wternnles;

587 1528 831 1582 Psalmus
883 1523 1090 1575 Domini
1121 1529 1193 1573 est
1225 1530 1379 1572 terra.
1412 1516 1606 1572 Versus
1640 1514 1809 1568 Hodie
1837 1514 2004 1567 scietis
2038 1514 2161 1583 quia

586 1619 745 1673 veniet
793 1614 1078 1677 Dominus,
1123 1622 1176 1664 et
1225 1610 1457 1677 quinque
1502 1606 1760 1661 lectiones
1787 1647 1802 1672 ,
1842 1614 1896 1658 et
1934 1603 2165 1673 quinque

593 1706 749 1777 125
770 1702 1147 1771 lle-ponsoria.
1180 1699 1383 1766 Quarta
1428 1697 1585 1751 lectio
1624 1709 1802 1750 sermo
1843 1693 2013 1747 sancti
2056 1696 2165 1745 Au-

2265 527 2319 570 et
2365 518 2629 570 transiens
2656 526 2780 570 ante
2825 516 3083 584 templum
3123 513 3421 579 Craticulai,
3467 524 3524 569 et
3554 526 3684 570 ante
3720 520 3863 570 inso-

2263 608 2367 662 lant
2404 608 2559 678 126
2587 606 2883 661 Milicenam
2905 614 2960 660 et
2998 606 3369 662 draconiorum
3394 645 3413 672 ,
3445 618 3501 661 et
3530 609 3610 661 sic
3641 606 3862 663 sinistra

2266 714 2426 753 manu
2446 697 2718 754 descendit
2742 698 2808 753 ad
2838 713 3094 769 maiorem
3120 699 3256 753 viam
3282 698 3552 767 Arenulae,
3579 703 3858 757 transiens

2268 808 2361 859 per
2391 797 2654 847 theatrum
2685 792 2961 858 Antonini,
2985 800 3040 845 et
3061 805 3155 861 per
3177 791 3426 861 palatium
3451 790 3738 853 Cromatii,
3766 795 3855 847 ubi

2265 884 2362 937 fuit
2394 883 2776 938 llolotnitreum
2806 883 2936 954 [Αι.,
2957 882 3325 957 Oloritreum],
3351 894 3406 937 et
3430 885 3531 939 sub
3555 900 3686 939 arcu
3717 887 3861 941 Gra-

2267 975 2393 1029 tiani
2422 974 2708 1029 Theodosii
2739 986 2792 1030 et
2823 974 3173 1029 Valentiniani
3212 977 3594 1045 imperatorum
3624 996 3639 1043 ;
3672 989 3730 1033 et
3785 981 3865 1032 it.-

2267 1076 2413 1121 trans
2460 1080 2557 1134 per
2603 1075 2818 1134 pontem
2871 1065 3086 1119 Adriani
3132 1074 3255 1119 ante
3303 1068 3557 1136 templum
3607 1068 3773 1136 ejus,
3806 1078 3861 1123 et

2261 1138 2411 1225 juxta
2439 1157 2729 1211 obeliscum
2759 1156 3004 1221 Neronis,
3033 1167 3087 1210 et
3115 1166 3237 1211 ante
3265 1157 3576 1212 memoriam
3612 1159 3857 1224 Romuli,

2263 1258 2317 1301 et
2349 1263 2442 1316 per
2473 1248 2728 1317 porticum
2759 1248 3053 1302 ascendens
3074 1248 3126 1300 in
3153 1247 3465 1301 Vaticanum
3487 1250 3553 1302 ad
3579 1249 3861 1304 basilicam

2263 1340 2431 1393 sancti
2459 1340 2620 1404 l’etri,
2651 1339 2739 1393 ubi
2769 1347 2851 1393 est
2871 1339 3058 1404 statio;
3089 1348 3143 1393 et
3174 1339 3243 1392 ibi
3277 1339 3572 1394 honoriﬁce
3597 1354 3854 1395 cantatur

2267 1426 2420 1479 Missa
2450 1442 2569 1480 cum
2599 1426 2844 1481 omn-bus
2873 1425 3151 1479 ordinibus
3177 1425 3376 1495 palatii,
3400 1427 3545 1481 sicut
3569 1427 3724 1482 decet
3748 1442 3771 1493 ;
3804 1440 3861 1482 et

2263 1518 2419 1571 debet
2447 1517 2517 1571 ibi
2546 1518 2786 1587 accipere
2814 1530 3064 1570 coronam
3094 1515 3147 1567 in
3176 1516 3350 1585 capite
3378 1532 3501 1579 suo,
3528 1526 3582 1570 et
3614 1533 3707 1585 per
3738 1534 3855 1573 tne-

2263 1607 2404 1660 diam
2447 1606 2629 1660 urbem
2671 1622 2790 1661 cum
2832 1606 3180 1660 Preces-ioue
3222 1606 3395 1660 redire
3436 1606 3505 1660 ad
3552 1609 3806 1663 nalati-tru
3833 1650 3851 1677 ,

2268 1697 2521 1765 perlicere
2547 1698 2737 1750 lestum
2768 1711 3002 1750 coronae.

586 1797 806 1865 gusttni,
840 1788 973 1857 Vos,
1003 1792 1231 1859 inquam,
1275 1788 1537 1853 convenio,
1579 1784 1824 1839 oJudwi.
1870 1784 1924 1837 ltt
1973 1793 2156 1851 quarta
2192 1796 2238 1854 Β
2336 1787 2423 1841 17.
2455 1787 2556 1841 Sed
2590 1796 2805 1855 propter
2849 1787 3164 1855 parvitatem
3212 1784 3321 1840 diei
3369 1795 3424 1840 et
3470 1785 3843 1843 difﬁcultatem

584 1894 872 1941 cantantur
900 1879 1132 1952 Sibyllini
1166 1893 1349 1933 versus
1387 1875 1586 1930 Judicii
1624 1876 1846 1947 signum,
1895 1872 2044 1928 tellus
2084 1890 2170 1926 su-

591 1981 716 2030 dore
743 1974 1010 2029 madescit.
1045 1970 1233 2035 Quinta
1255 1969 1321 2023 de
1347 1967 1583 2022 homilia.
1612 1966 1689 2019 Eo
1717 1967 1801 2019 die
1834 1979 1939 2017 non
1971 1964 2172 2017 dicitur

593 2068 663 2121 Te
691 2065 855 2119 Deum
881 2064 1172 2123 laudamus,
1216 2059 1309 2113 sed
1336 2067 1539 2111 tantum
1582 2057 1741 2121 Deus,
1774 2056 1825 2108 in
1854 2054 2170 2124 adjutorium

590 2170 757 2210 meum
784 2153 1014 2217 intende,
1059 2164 1180 2203 cum
1223 2146 1542 2216 Antiphonis
1572 2143 1769 2213 vigilia:
1796 2184 1811 2209 ,
1845 2157 1898 2198 et
1929 2141 2171 2197 Psaltnus

594 2247 845 2303 Dominus
872 2242 1119 2311 regnavit,
1146 2253 1266 2291 cum
1289 2238 1410 2290 aliis
1443 2237 1686 2290 Psalmis.
1714 2234 1892 2288 Prima
1918 2250 2038 2287 cum
2060 2233 2170 2286 Att-

592 2336 811 2405 tiphotta
860 2331 1072 2401 vigiliae,
1102 2339 1154 2383 et
1188 2328 1343 2381 lectio
1373 2325 1571 2378 Paulus
1594 2341 1767 2378 servus
1794 2322 1923 2377 Iesu
1950 2323 2165 2389 Christi,

589 2442 713 2482 cum
744 2425 932 2485 Versu,
975 2420 1089 2473 sine
1127 2416 1307 2486 Kyrie,
1356 2426 1559 2469 tantum
1591 2415 1797 2468 dicatur
1822 2414 2009 2467 Oratio
2038 2414 2166 2467 diei.

589 2515 793 2579 Tertia,
840 2514 1002 2569 Sexta
1050 2521 1106 2566 et
1146 2511 1294 2564 Nona
1335 2523 1455 2562 cum
1496 2507 1605 2561 suis
1648 2506 1997 2575 Antiphonis.
2046 2506 2166 2559 Non

595 2608 873 2679 prostrati,
930 2603 1026 2659 sed
1079 2611 1280 2656 tantum
1326 2598 1518 2654 stando
1566 2598 1810 2651 dicantur
1864 2597 2167 2651 Orationes.

590 2702 698 2755 Isto
726 2700 813 2753 die
838 2695 999 2751 Statio
1026 2694 1091 2747 ad
1122 2705 1359 2747 sanctam
1391 2691 1605 2743 Mariam
1632 2688 1909 2757 Maiorem,
1944 2686 2032 2741 ttbi
2062 2687 2168 2740 do-

590 2794 769 2847 minus
809 2805 940 2860 papa
985 2786 1142 2841 debet
1190 2785 1402 2839 hiis-ant
1440 2792 1658 2838 cantare
1682 2794 1803 2835 cum
1833 2779 2034 2834 scholis
2065 2781 2172 2835 ele-

592 2888 821 2939 ricorutn
866 2891 920 2936 et
964 2878 1160 2933 familia
1194 2877 1409 2946 palatii;
1448 2886 1503 2930 et
1528 2874 1811 2944 episcopus
1844 2873 2171 2929 Albanensis

596 2975 760 3030 debet
785 2973 962 3027 lacere
1010 2984 1217 3024 coenam
1265 2968 1517 3037 optimam
1563 2966 1659 3021 toti
1696 2965 1882 3032 curiae,
1931 2972 1986 3019 et
2014 2965 2173 3019 debet

600 3069 816 3121 mittere
868 3064 933 3116 ad
973 3060 1176 3115 curiam
1207 3059 1312 3112 duo
1342 3058 1542 3127 optima
1569 3057 1719 3109 busta
1750 3069 2059 3125 porcorum.
2090 3054 2169 3109 Ad

2275 1878 2372 1929 viae
2395 1914 2411 1941 ,
2446 1876 2569 1930 facit
2600 1879 2880 1930 stationem
2911 1876 2977 1930 ad
3022 1887 3259 1930 sanetam
3290 1874 3509 1930 Mariam
3540 1876 3798 1945 Majoretn
3832 1918 3846 1941 ,

2272 1976 2326 2020 et
2355 1966 2499 2018 vadit
2525 1966 2576 2020 in
2617 1954 2988 2020 secretarium.
3028 1966 3353 2020 Cubicularii
3408 1970 3721 2022 custodiunt
3765 1984 3853 2023 se-

2271 2055 2575 2110 cretarium.
2609 2054 2760 2108 Prior
2780 2054 3060 2124 episcopus
3088 2055 3253 2108 servit
3304 2056 3370 2110 de
3419 2056 3560 2110 libro
3588 2058 3856 2110 archidia-

2271 2161 2438 2201 conus
2465 2146 2531 2200 de
2560 2147 2866 2215 Evangelia,
2920 2146 3280 2201 subdiaconus
3333 2148 3667 2219 regiouarius
3709 2152 3853 2217 prior

2271 2237 2338 2291 de
2366 2237 2635 2306 mappula,
2683 2236 2824 2303 prior
2852 2237 3180 2292 hasilicarius
3207 2237 3274 2292 de
3304 2239 3528 2308 epistola
3560 2280 3575 2305 ,
3608 2240 3855 2308 primice-

2272 2326 2381 2380 rius
2413 2338 2465 2379 et
2492 2326 2672 2380 schola
2702 2326 2772 2381 de
2799 2338 2955 2380 cantu
2989 2343 3005 2392 ;
3030 2339 3082 2380 et
3106 2327 3185 2381 sic
3211 2336 3545 2382 sustentatus
3568 2344 3599 2382 a
3649 2331 3856 2385 duobus

2273 2417 2555 2483 diaconis,
2583 2417 2987 2472 archidiaconus
3036 2418 3154 2473 sine
3213 2419 3360 2472 socio
3409 2421 3559 2473 solus
3612 2422 3851 2488 procedit

2270 2515 2394 2559 ante
2419 2506 2719 2573 pontﬁcem
2742 2546 2757 2573 ,
2782 2517 2835 2563 et
2862 2507 2939 2561 sic
2971 2508 3133 2561 intrat
3153 2506 3204 2561 in
3234 2509 3587 2565 Processioue
3612 2527 3629 2577 ;
3681 2513 3855 2567 omnis

2270 2598 2403 2650 ordo
2425 2597 2474 2650 in
2503 2613 2601 2651 suo
2628 2598 2745 2653 loco
2769 2642 2783 2665 ,
2816 2597 2925 2652 bini
2953 2607 3008 2652 et
3049 2597 3158 2653 bini
3210 2598 3545 2667 procedunt,
3605 2602 3846 2671 acolythi

2268 2703 2389 2743 cum
2441 2690 2818 2751 cattdelahris,
2871 2702 2928 2744 et
2974 2705 3105 2744 crux
3150 2691 3351 2745 domini
3403 2693 3682 2761 pontiﬁcis
3732 2704 3857 2747 ante

2273 2781 2697 2836 Processionem.
2732 2780 2785 2836 ln
2840 2781 3056 2835 introitu
3099 2781 3341 2836 ecclesia:
3383 2783 3699 2837 cubicularii
3749 2785 3859 2838 alte

2274 2884 2481 2942 portant
2504 2872 2802 2942 mapputarn
2827 2886 2989 2941 super
3010 2883 3165 2942 caput
3199 2872 3484 2940 pontiﬁcis.
3516 2876 3651 2928 Cum
3677 2884 3853 2930 autem

2273 2966 2431 3017 intrat
2462 2963 2849 3035 presbyterium
2882 3003 2897 3027 ,
2924 2963 3314 3018 mansionarius
3347 2964 3594 3019 ecclesia:
3624 2966 3851 3035 porrigit

2271 3053 2323 3107 ei
2372 3052 2537 3106 aruud
2563 3068 2683 3106 nem
2732 3068 2852 3106 cum
2906 3066 3066 3107 cereo
3119 3067 3367 3108 accenso.
3416 3053 3569 3108 Tune
3616 3057 3860 3125 pontflex

598 3156 862 3222 Vesperas
892 3160 945 3204 et
968 3150 1033 3202 ad
1067 3147 1303 3217 vigiliam
1336 3146 1496 3199 debet
1524 3144 1595 3199 ibi
1623 3159 1899 3198 remanere
1934 3143 2163 3213 potttil'et
2197 3164 2243 3227 ο
2274 3141 2465 3210 accipit
2492 3157 2608 3197 eant
2635 3182 2649 3207 ,
2671 3151 2726 3197 et
2759 3143 2907 3210 ponit
2951 3141 3124 3210 ignem
3156 3142 3207 3197 in
3260 3152 3415 3213 Stupa
3456 3145 3629 3213 posita
3687 3159 3855 3214 super

590 3264 686 3319 per
716 3255 878 3299 tutam
908 3250 1141 3297 noctem.

662 3338 749 3392 15.
783 3336 838 3390 ltt
864 3334 1030 3403 prima
1069 3329 1242 3399 vigilit
1273 3329 1453 3399 legunt
1480 3327 1727 3381 canonici
1783 3326 2027 3381 ecclesia:
2059 3335 2167 3380 tres

592 3432 848 3487 lectiunvs
871 3427 937 3481 de
963 3424 1093 3479 Isaia
1123 3420 1375 3492 propheta
1404 3463 1420 3490 ,
1471 3434 1522 3475 et
1551 3429 1768 3475 cantant
1794 3420 1895 3472 tria
1928 3419 2165 3486 ltespon-

597 3524 761 3577 sotia.
796 3519 972 3572 Primo
1020 3525 1243 3581 tempore
1270 3512 1508 3565 alltviata
1554 3523 1626 3565 est
1659 3521 1789 3581 terra
1815 3508 2046 3563 Zabnlon
2068 3550 2082 3574 ,
2116 3518 2170 3562 et

596 3610 978 3674 Consolantini,
1007 3620 1061 3662 et
1112 3610 1370 3673 tonsurge
1404 3617 1423 3667 ,°
1452 3612 1507 3657 et
1553 3602 1624 3656 ita
1673 3603 1731 3656 lit
1779 3603 2017 3656 ol’ticium
2076 3617 2171 3671 per

597 3703 892 3758 cardinales
911 3710 967 3753 et
991 3700 1269 3766 episcopos
1322 3701 1380 3748 et
1404 3703 1648 3747 cantores
1664 3732 1680 3759 ,
1702 3693 1839 3747 sicut
1885 3705 2171 3748 nocturna-

598 3796 739 3849 hbus
768 3789 1082 3845 stationibus
1132 3786 1301 3841 sancti
1334 3786 1498 3839 Petri.
1545 3785 1600 3838 In
1629 3784 1859 3839 secunda
1899 3785 2078 3854 vigilia
2104 3784 2173 3839 de

599 3882 954 3938 sermonibus.
988 3880 1040 3934 lu
1068 3877 1216 3933 tertia
1264 3877 1331 3930 de
1355 3876 1557 3930 eisdem
1609 3876 1946 3930 sermonibus
1969 3916 1985 3941 ,
2012 3885 2067 3931 et
2105 3876 2173 3933 de

598 3976 831 4030 hotni.ia.
862 3973 928 4025 Et
967 3974 1030 4023 al
1079 3968 1394 4038 praesepium
1448 3965 1605 4020 debet
1653 3978 1870 4020 cantare
1911 3965 2170 4032 Missam,

598 4079 645 4120 et
675 4066 852 4119 dicere
876 4061 1053 4115 Gloria
1082 4060 1134 4113 in
1177 4057 1385 4112 excelsis
1408 4055 1513 4110 Deo
1539 4096 1554 4120 ,
1597 4064 1654 4110 et
1680 4070 1835 4110 uuam
1864 4056 2168 4112 Orationem

598 4167 803 4212 tantum
828 4164 920 4221 ,et
945 4152 1109 4206 Credo
1154 4151 1207 4202 in
1251 4165 1409 4201 unum
1454 4145 1639 4200 Deum.
1673 4145 2016 4201 Primicerius
2051 4161 2172 4200 cum

597 4250 773 4305 schola
823 4245 1018 4299 ollieiat
1070 4241 1328 4305 Missam;
1376 4253 1479 4308 qua
1540 4247 1789 4306 peracta,
1833 4237 2173 4305 primicerius

596 4339 877 4395 revertitur
921 4336 986 4389 ad
1015 4334 1235 4388 chorum
1267 4372 1281 4397 ,
1332 4328 1598 4383 cantando
1629 4326 1760 4381 Ecce
1790 4327 1959 4381 Maria
2002 4328 2176 4398 genuit

597 4431 744 4485 nobis
776 4427 1087 4484 Sulvatorem
1114 4463 1129 4489 ,
1158 4437 1280 4476 cum
1306 4420 1531 4475 Psalmis
1558 4428 1613 4473 et
1640 4419 1943 4487 Antiphone
1967 4460 1981 4484 ,
2032 4423 2173 4474 sicut

2269 3237 2439 3305 capita
2460 3235 2825 3289 columnarum
2852 3235 2919 3289 ad
2938 3234 3156 3304 ﬁguram
3175 3235 3294 3290 linis
3320 3237 3502 3291 mundi
3533 3254 3630 3306 per
3652 3239 3855 3308 ignem.

2271 3326 2327 3382 In
2358 3327 2533 3382 medio
2555 3328 2865 3399 presbyterii
2892 3328 3236 3398 progrediens
3264 3328 3363 3383 sist
3386 3337 3406 3382 t
3435 3330 3562 3384 iter.
3600 3330 3860 3385 Prinne-‘-

2274 3419 2384 3471 rius
2437 3419 2655 3487 deponit
2702 3419 2912 3472 mitram
2956 3417 3023 3472 de
3067 3416 3241 3485 capite
3308 3431 3450 3483 suo,
3481 3426 3537 3472 et
3587 3419 3863 3474 osculatur

2276 3508 2519 3563 dextram
2549 3508 2821 3578 scapulam
2876 3507 3135 3577 pontiﬁcis
3158 3549 3174 3574 ,
3205 3519 3258 3563 et
3288 3507 3525 3581 pontifex
3584 3510 3861 3566 benedicit

2274 3617 2417 3655 eum.
2446 3602 2687 3671 Cumque
2715 3600 2923 3655 venerit
2948 3610 3075 3654 ante
3103 3601 3273 3653 altare
3296 3637 3311 3664 ,
3360 3600 3677 3655 cubicularii
3728 3600 3863 3655 οσα-

2282 3705 2404 3747 runt
2428 3693 2455 3732 δ
2486 3694 2788 3762 mappulattt
2814 3707 2975 3761 super
3017 3700 3178 3760 caput
3207 3691 3512 3759 pontiﬁcis;
3564 3694 3681 3761 ipse
3731 3708 3862 3749 vero

2282 3783 2514 3854 pontifex
2545 3785 2636 3839 dat
2667 3798 2849 3853 pacein
2881 3782 3044 3852 priori
3090 3783 3343 3852 episcopo
3367 3822 3383 3847 ,
3405 3778 3496 3841 uiti
3526 3786 3577 3839 ei
3610 3787 3852 3842 servitu-

2278 3890 2371 3929 rus
2398 3883 2481 3930 est
2513 3891 2529 3939 ;
2559 3874 2755 3930 deinde
2784 3872 2995 3929 duobus
3022 3871 3379 3928 cardinalibus
3402 3910 3419 3939 ,
3470 3874 3637 3942 priori
3683 3884 3743 3930 et
3770 3888 3860 3931 se-

2274 3966 2470 4022 cutttlo.

2350 4057 2438 4113 l8.
2471 4056 2777 4111 Ascendens
2795 4070 2917 4110 cum
2950 4069 3122 4125 primo
3151 4055 3216 4109 ad
3238 4056 3410 4110 altare
3438 4097 3455 4115 .
3484 4054 3615 4110 facit
3639 4058 3859 4121 contes-

2275 4148 2481 4201 sionem
2511 4185 2527 4213 ,
2556 4145 2829 4201 osculatur
2871 4145 3216 4217 Evangelium
3247 4183 3266 4212 ,
3312 4145 3453 4215 quod
3498 4145 3867 4200 subdiaconus

2276 4245 2420 4292 tenet
2439 4246 2562 4290 ante
2591 4252 2714 4291 eum
2738 4276 2753 4302 ,
2782 4246 2838 4292 et
2884 4237 3048 4291 intrat
3071 4236 3137 4290 ad
3163 4236 3332 4291 altare
3356 4252 3371 4303 ;
3403 4247 3456 4291 et
3483 4237 3749 4293 inclinato
3773 4254 3861 4292 ca-

2277 4332 2385 4399 pite
2411 4328 2539 4383 dicit
2556 4328 2861 4385 Orationem
2889 4345 2905 4396 ;
2951 4345 3053 4399 qua
3081 4338 3313 4395 peracta,
3357 4331 3634 4384 osculatur
3650 4333 3862 4397 altare,

2276 4430 2331 4474 et
2357 4420 2513 4489 erigit
2554 4434 2615 4474 se
2664 4419 2797 4473 dans
2841 4435 3024 4489 pacem
3072 4419 3447 4476 archidiacono
3475 4431 3533 4476 et
3605 4422 3863 4475 omnibus

596 4524 649 4577 in
692 4518 1076 4588 Antipltonario
1114 4515 1367 4582 scriptum
1418 4518 1524 4565 est.
1571 4509 1758 4564 Finitis
1810 4512 1913 4564 isto
1953 4507 2173 4582 [modo]
2206 4533 2250 4589 η
2279 4507 2613 4563 diaconibus.
2672 4510 2966 4580 Acolythus
3022 4519 3369 4579 repraesentat
3416 4511 3751 4566 thuribuluttt
3805 4525 3859 4567 et

593 4610 875 4667 matutinis
901 4605 1167 4662 Laudibus
1211 4619 1331 4657 cum
1375 4602 1627 4657 Oratione
1653 4640 1669 4666 ,
1712 4601 1892 4669 incipit
1930 4603 2167 4669 pontifex

597 4712 621 4736 ει
650 4699 983 4755 Matutinum.
1015 4694 1208 4750 Schola
1233 4692 1362 4747 dicit
1385 4692 1774 4759 lnvitatoriutn,
1816 4701 1958 4747 eteo
1984 4692 2172 4748 ordine

590 4794 657 4847 lit
681 4790 1028 4854 Matutinum,
1055 4788 1196 4840 sicut
1222 4784 1412 4855 vigilite
1435 4783 1671 4838 luerunt.

667 4878 756 4936 16.
781 4879 935 4933 Mane
955 4877 1082 4930 dicit
1104 4875 1315 4929 Missam
1333 4872 1402 4927 ad
1429 4885 1666 4926 sanctam
1682 4869 2045 4936 Anastasiam;
2070 4885 2170 4939 qua

591 4976 741 5031 finita
768 5014 788 5040 ,
820 4969 1100 5026 descendit
1149 4983 1273 5023 cum
1318 4965 1666 5020 Processione
1719 4978 1812 5033 per
1839 4964 1974 5016 viam
2020 4962 2172 5028 juxta

597 5068 858 5137 porticum
881 5061 1214 5117 Gallatorum
1236 5067 1361 5112 ante
1376 5056 1637 5125 templum
1665 5055 1885 5125 Sibylla:
1904 5095 1920 5121 ,
1948 5064 2004 5109 et
2034 5059 2171 5110 inter

603 5157 859 5226 templum
890 5152 1164 5209 Ciceronis
1186 5160 1247 5205 et
1277 5148 1535 5218 porticum
1582 5147 1850 5201 (lituorum
1887 5146 2025 5219 μί..
2055 5147 2173 5201 Cri-

594 5247 812 5320 nortttu]
827 5257 910 5315 ;et
932 5244 1279 5317 progrediens
1294 5240 1437 5295 inter
1456 5239 1730 5293 basilicam
1743 5237 1889 5292 lovis
1909 5248 1966 5292 et
1980 5254 2170 5293 arcum

569 5364 579 5415 ρ
669 5391 698 5418 ι
726 5381 964 5435 Quae",
994 5378 1084 5433 hic
1123 5373 1375 5444 distingui
1421 5371 1689 5440 Vigiliasa
1718 5369 1972 5425 Matutino
1999 5414 2014 5444 ,
2050 5374 2174 5431 licet

601 5451 741 5505 idem
770 5453 838 5505 sit
882 5449 1153 5511 ofﬁcium,
1209 5443 1349 5515 quod
1393 5445 1484 5515 illa
1519 5456 1746 5515 summa
1780 5450 1936 5495 nocte
1982 5443 2173 5515 divisis

608 5522 878 5574 nocturnis
896 5561 911 5585 ,
936 5521 1084 5588 quasi
1118 5512 1336 5588 totidem
1368 5513 1561 5588 vigiliis
1582 5553 1601 5588 2
1633 5512 1899 5588 ltetttane
1927 5513 2168 5588 celehra-

606 5601 807 5644 rentur.
838 5580 970 5641 Vide
1020 5602 1165 5641 num.
1191 5586 1261 5639 60
1293 5594 1349 5638 et
1388 5580 1486 5647 65,
1522 5582 1676 5636 intra.
1708 5580 2008 5635 Amalarius
2039 5589 2174 5639 hanc

606 5657 997 5710 distinctionem
1027 5657 1264 5723 designat
1294 5654 1345 5707 itt
1394 5651 1761 5723 Antiphottarii
1784 5666 1906 5723 cap.
1939 5652 2023 5706 15.
2075 5654 2173 5706 lte-

606 5726 716 5796 ;teti
744 5759 771 5791 ,-
813 5726 976 5794 intptit
1008 5766 1022 5793 ,
1074 5727 1121 5775 in
1147 5720 1405 5777 'liontano
1458 5720 1827 5790 Atttipltonario
1867 5720 1967 5776 duo
2009 5724 2170 5792 o/ﬁcnt

2277 4614 2492 4668 capsam
2519 4614 2639 4655 cum
2670 4600 2890 4655 incenso
2918 4600 3297 4655 archidiacono
3321 4641 3338 4666 ,
3367 4600 3458 4669 qui
3509 4603 3751 4656 lecturus
3774 4614 3859 4658 est

2282 4693 2647 4764 Evangelium.
2682 4695 2834 4765 127
2869 4693 3107 4748 Pontifex
3160 4702 3335 4748 autem
3364 4693 3559 4763 accipit
3604 4710 3822 4761 capiant
3843 4735 3858 4758 ,

2280 4793 2336 4840 et
2367 4791 2512 4854 ponit
2533 4784 2811 4840 incensum
2838 4787 2890 4839 itt
2918 4784 3245 4839 thuribultttn
3271 4826 3288 4852 ,
3306 4796 3361 4840 et
3380 4786 3625 4839 incensat
3645 4787 3857 4850 altare,

2278 4886 2333 4931 et
2360 4876 2767 4931 archidiaconus
2823 4877 3020 4930 retinet
3063 4875 3329 4945 planetam
3387 4891 3454 4930 ne
3507 4876 3853 4945 impediatur.

2279 4966 2461 5023 Posito
2502 4971 2755 5033 incenso,
2807 4967 3049 5022 ascendit
3094 4968 3159 5021 ad
3209 4967 3425 5031 sedem,
3454 4978 3513 5023 et
3552 4967 3857 5021 cardinales

2278 5058 2609 5114 descendunt
2633 5058 2701 5112 ad
2730 5057 2952 5112 chorum
2972 5059 3024 5111 in
3065 5057 3194 5112 locis
3215 5056 3329 5111 suis
3351 5095 3368 5123 ,
3398 5066 3455 5111 et
3504 5057 3749 5126 episcOpi
3803 5058 3855 5111 ia

2277 5150 2548 5205 dexteram
2578 5149 2633 5203 itt
2658 5150 2788 5203 locis
2816 5149 2931 5203 suis
2947 5148 3098 5217 juxta
3129 5148 3459 5217 pontiﬁcem.
3510 5147 3733 5203 Interim
3764 5163 3856 5217 pa-

2278 5241 2583 5310 raphonista
2612 5256 2731 5295 cum
2768 5240 2949 5295 schola
2976 5249 3153 5295 cantat
3204 5239 3479 5296 lutroitum
3508 5282 3525 5306 ,
3555 5252 3611 5295 et
3658 5238 3817 5312 K’ric
3838 5281 3855 5306 ,

2278 5379 2602 5502 1uiteturnalia
2629 5378 2680 5431 in
2702 5394 2806 5431 una
2832 5384 3105 5448 eademque
3133 5387 3280 5433 nocte
3320 5378 3483 5448 posita
3507 5422 3523 5446 ,
3556 5379 3764 5433 scilicet
3806 5378 3856 5431 iit

2326 5458 2581 5502 altVItale.

2326 5458 2581 5583 at';l|t‘l3tl‘:le;
2612 5533 2760 5572 num.
2787 5518 2875 5582 «10,
2907 5533 3021 5570 cum
3070 5518 3223 5572 linteo
3251 5526 3456 5571 extenso
3496 5534 3654 5584 super
3700 5527 3855 5584 caput

2277 5588 2408 5657 ejus.
2444 5589 2575 5641 ttittc
2604 5589 2913 5657 mappularii
2954 5589 3083 5643 dicti
3117 5628 3133 5651 ,
3156 5588 3348 5657 quibus
3378 5587 3431 5640 id
3462 5588 3697 5657 muneris
3727 5603 3854 5640 Cou-

2278 5674 2484 5713 cessum
2507 5669 2589 5714 est
2610 5700 2623 5724 ,
2655 5656 2721 5714 de
2742 5660 2935 5729 quibus
2965 5662 3014 5714 in
3046 5656 3289 5727 sequenti
3320 5658 3501 5712 libello
3520 5656 3725 5712 Ceneii.
