4008 6322
98 345 229 402 H33

1302 334 1560 399 ROMANI
1602 338 1910 399 ORDINES.
1930 324 2103 427 -έ-ΧΙ.

3205 330 3342 393 ιοξιι

92 463 290 514 eleiron.
323 458 565 512 Pontifex
619 456 805 526 incipit
851 456 1027 510 Gloria
1075 472 1128 509 ιη
1158 459 1369 510 excelsis
1427 457 1537 511 Deo
1562 500 1578 523 ,
1612 468 1663 512 et
1695 468 1741 521 Α
1771 467 1962 523 papae;
1990 444 2113 503 ante
2142 460 2351 501 crucem
2382 444 2574 499 milites
2602 444 2917 509 draconarii,
2951 445 3222 514 portantes
3269 466 3342 504 χιι

106 549 278 601 schola
301 547 586 615 respondet
615 545 678 598 Et
700 547 753 599 in
779 554 913 599 terra
957 562 1062 614 pax
1090 546 1379 599 hominibus
1406 548 1553 600 bonae
1577 564 1665 600 vo-

92 640 290 693 luntatis
312 677 327 702 ,
360 653 525 707 usque
553 637 604 691 in
628 638 810 691 finem.
852 638 917 691 Et
942 639 1179 707 pontifex
1201 638 1328 691 dicit
1349 637 1461 691 Pax
1482 639 1619 691 vobis
1647 678 1662 701 ,

96 730 262 783 schola
291 728 574 796 respondet
600 741 703 780 non
730 727 783 781 in
816 727 901 780 illa
932 742 1063 787 voce
1086 770 1101 793 ,
1129 728 1221 783 sed
1260 726 1365 782 alta
1391 767 1409 793 ,
1458 727 1524 779 Et
1554 743 1668 779 cum

96 818 271 885 spiritu
308 828 393 870 tuo
415 832 436 882 ;
460 824 512 870 et
541 815 735 869 dicitur
757 830 859 869 una
891 816 1095 869 Oratio.

168 908 250 963 l9.
281 909 483 961 Interea
511 907 919 960 archidiaconus
958 918 1079 961 cum
1111 906 1426 960 diaconibus
1455 917 1511 961 et
1538 907 1667 959 sub-

97 998 401 1052 diaconibus
432 997 483 1049 in
552 995 641 1048 Iilu
672 996 941 1050 stantibus
969 996 1036 1048 ad
1066 995 1338 1049 dexteram
1364 995 1513 1061 juxta
1537 995 1671 1047 alta-

98 1102 175 1155 re,
208 1096 259 1140 et
291 1086 480 1139 notarii
507 1084 686 1153 jusum
708 1082 799 1155 [id
820 1093 916 1148 est,
951 1081 1239 1153 deorsum]
1269 1084 1320 1135 in
1348 1085 1517 1135 choro
1549 1083 1667 1148 plu-

102 1175 321 1228 vialibus
352 1173 523 1227 induti
552 1180 779 1237 stantes,
811 1170 1218 1224 archidiaconus
1240 1169 1345 1222 alta
1380 1182 1511 1222 voce
1548 1182 1668 1221 cum

99 1265 338 1318 omnibus
360 1263 493 1316 dicit
519 1279 532 1314 :
567 1260 797 1325 Exaudi,
823 1260 1041 1312 Christe.
1066 1258 1409 1326 ReSpondent
1434 1254 1624 1308 notarii
1652 1271 1669 1309 :

97 1351 311 1404 Domino
337 1360 506 1403 nostra
529 1358 555 1385 ⁸
580 1348 897 1412 Innocentio,
921 1364 952 1401 a
980 1346 1089 1399 Deo
1104 1346 1301 1398 decreto
1329 1359 1525 1397 summa
1545 1359 1672 1412 pon-

106 1443 235 1509 tiﬁci
265 1452 310 1495 et
355 1442 633 1494 unirersali
672 1456 841 1515 ‘papw,
892 1440 1013 1491 vita.
1063 1438 1255 1491 Tribus
1300 1436 1503 1490 vicibus
1546 1436 1676 1488 dicit

112 1532 513 1586 archidiaconus
558 1546 675 1583 cum
721 1530 871 1593 suis;
903 1528 1071 1582 tribus
1110 1528 1312 1580 vicibus
1342 1526 1666 1594 respondent

106 1621 317 1675 notarii.
351 1619 544 1674 Sancta
574 1616 769 1681 Maria,
808 1617 941 1671 dicit
980 1616 1418 1679 archidiaconus;
1450 1627 1673 1684 respon-

101 1716 228 1764 dent
253 1710 468 1774 notarii,
498 1707 576 1761 Tu
601 1708 747 1759 illum
775 1708 984 1775 adjuva.
1015 1705 1209 1760 Sancta
1230 1704 1424 1768 Maria,
1454 1721 1677 1773 respon-

102 1803 229 1853 dent
247 1799 487 1853 similiter
513 1799 579 1851 de
601 1812 921 1865 unoquoque
934 1797 1099 1850 choro
1121 1795 1309 1862 tribue,
1328 1804 1540 1849 sanctus
1557 1794 1675 1865 (sic)

101 1889 303 1943 duabus
331 1887 551 1941 vicibus.
585 1887 639 1940 In
669 1888 773 1940 line
797 1884 958 1954 Kyrie
985 1886 1154 1939 tribus
1182 1884 1381 1939 vicibus
1413 1884 1678 1938 archidia-

101 1994 268 2033 conus
296 1994 416 2033 cutn
447 1979 754 2032 diaconibus
779 1991 830 2031 et
859 1977 1297 2044 subdiaconibus,
1325 1984 1379 2030 et
1406 1976 1680 2044 accipiunt

104 2080 214 2123 tres
238 2070 334 2123 sol.
370 2084 464 2137 pro
505 2067 681 2120 laude.

176 2158 265 2211 20.
307 2158 458 2211 Priur
507 2157 865 2210 subdiaconus
915 2156 1152 2218 Latinus,
1204 2163 1259 2207 et
1316 2153 1670 2207 subdiaconus

108 2248 323 2300 (ira-cus
354 2256 564 2313 portant
593 2244 759 2298 libros
786 2256 911 2298 ante
932 2251 1116 2313 pectus
1139 2258 1292 2297 suum
1322 2258 1440 2295 cum
1470 2243 1679 2297 duobus

103 2337 460 2401 Subdiaconis,
490 2344 546 2390 et
568 2350 671 2388 uno
714 2335 962 2404 acolytho
992 2335 1190 2386 camiso
1231 2333 1434 2396 induto,
1470 2342 1680 2386 antece-

107 2426 269 2478 dente
317 2411 832 2477 eumﬂoblationario
865 2421 971 2494 [ΑΙ.
1023 2419 1369 2489 blacionario]
1417 2421 1469 2473 in
1520 2434 1677 2472 manu

108 2513 354 2568 faciendo
392 2513 553 2566 viam.
579 2511 693 2565 Duo
721 2520 985 2575 cantores,
1017 2512 1159 2580 prior
1184 2519 1239 2565 et
1266 2510 1548 2573 secundus,
1578 2512 1679 2563 isto

107 2606 196 2657 die
215 2614 265 2655 et
292 2604 375 2656 die
394 2613 593 2655 sanctte
641 2601 856 2654 Pascha;
871 2600 1201 2655 descendunt
1223 2602 1276 2654 in
1305 2602 1608 2664 atnhonem,
1630 2612 1685 2655 et

109 2690 391 2758 acolythus
421 2698 529 2742 stat
566 2697 687 2742 ante
716 2688 766 2741 in
800 2690 1040 2742 amboue.
1072 2687 1245 2740 Finita
1275 2689 1428 2742 laude
1457 2688 1683 2745 subdiu.-

118 2795 287 2832 conus
318 2778 539 2831 Latinus
578 2777 705 2845 legit
735 2778 1023 2846 Epistulam
1052 2777 1315 2842 Latinam,
1344 2778 1537 2833 deinde
1558 2779 1685 2832 sub-

113 2874 378 2927 diaconus
407 2873 624 2927 Graecus
665 2872 792 2941 legit
819 2872 1114 2940 Epistulam
1152 2870 1411 2926 Graecam.
1445 2872 1687 2927 Redeunt

110 2964 177 3014 ad
240 2965 404 3015 altare
455 2963 653 3030 gratias
712 2961 987 3024 habentes,
1037 2970 1091 3015 et
1158 2961 1463 3014 osculantur
1524 2961 1689 3029 pedes

119 3053 408 3121 pontiticis.
433 3052 690 3106 Cantores
722 3066 847 3105 vero
886 3052 1142 3118 incipiunt
1167 3049 1416 3117 Gradale,
1445 3061 1500 3106 et
1540 3052 1685 3105 Aue-

112 3145 245 3207 luia,
273 3152 327 3198 et
373 3142 706 3212 primicerius
751 3158 871 3196 cum
903 3141 1082 3196 schola
1114 3142 1550 3209 ReSponsorium.
1580 3145 1685 3196 Δι’-

110 3234 464 3288 chidiaconus
486 3242 540 3287 et
559 3234 812 3287 diaconus
836 3232 1054 3287 Graecus
1083 3233 1314 3288 ferentes
1340 3233 1531 3287 librum
1558 3242 1684 3287 ante

113 3332 329 3393 pectora
357 3340 448 3378 sua
472 3340 593 3378 cum
619 3334 843 3393 quatuor
866 3325 1225 3389 subdiaconis,
1252 3324 1484 3393 acolythi
1516 3324 1695 3379 feren-

115 3425 198 3468 tes
225 3414 544 3468 candelabra
574 3423 696 3468 ante
726 3428 820 3468 eos
850 3422 1065 3467 manent
1086 3428 1204 3467 cum
1234 3414 1566 3467 candelabris
1599 3428 1689 3466 ac-

118 3504 300 3558 censis
324 3513 447 3557 ante
469 3504 749 3573 pulpitum,
775 3503 846 3555 illi
869 3517 998 3557 vero
1029 3504 1208 3569 legunt
1234 3503 1540 3570 Evangelia.
1568 3502 1694 3556 Des-

119 3597 420 3649 cendentes
465 3605 675 3664 portant
713 3596 1000 3663 Evangelia
1047 3595 1254 3647 obviam
1307 3593 1589 3662 pontiﬁci;
1639 3605 1693 3649 et

117 3685 357 3752 pontifex
390 3686 657 3739 osculatur
693 3700 778 3750 ca,
809 3684 1049 3738 ascendit
1080 3686 1130 3737 in
1155 3684 1435 3753 pulpitum,
1465 3694 1520 3738 et
1553 3698 1692 3752 pra:-

111 3775 261 3828 dicat
313 3776 675 3845 Evangelium.
724 3775 805 3829 Ad
855 3775 1013 3828 linem
1056 3787 1184 3827 vero
1229 3774 1355 3826 facit
1400 3773 1691 3827 confessio-

112 3880 266 3929 nem,
304 3867 470 3935 128
515 3864 801 3927 henedicit,
840 3873 895 3917 et
938 3862 1080 3917 redit
1120 3862 1186 3915 ad
1226 3862 1429 3925 sedem,
1473 3870 1529 3915 et
1572 3861 1699 3915 dicit

108 3952 282 4006 Credo
314 3954 365 4003 in
394 3966 551 4005 unum
578 3951 757 4005 Deum.
796 3950 1083 4004 Basilicarii
1132 3950 1455 4017 respoodent
1482 3958 1535 4002 et
1563 3964 1687 4002 can-

112 4052 256 4094 tant.
284 4041 621 4093 Primicerius
645 4054 763 4092 cum
786 4039 967 4093 schola
991 4046 1205 4091 eantant
1225 4037 1527 4091 Olferenda.
1552 4036 1594 4087 Τ
1598 4049 1699 4089 unc

112 4143 189 4181 vtt
230 4127 531 4181 cardinales
573 4127 865 4181 ascendunt
917 4125 983 4180 ad
1014 4125 1179 4179 altare
1216 4139 1334 4178 cum
1378 4124 1546 4187 libris,
1590 4133 1701 4177 tres

112 4235 186 4271 ex
221 4232 325 4271 una
359 4228 528 4286 parte,
560 4226 613 4270 et
638 4226 861 4285 quatuor
888 4230 952 4269 ex
982 4214 1084 4267 alia
1116 4223 1281 4282 parte,
1311 4222 1364 4267 et
1406 4212 1642 4266 Pontifex
1672 4227 1699 4264 a

94 4310 358 4361 diacono
385 4316 711 4361 sustentatus
739 4306 900 4359 intrat
924 4305 989 4358 ad
1028 4304 1198 4357 altare
1236 4302 1288 4355 in
1332 4304 1596 4355 Canonem
1638 4301 1701 4353 ad

112 4397 534 4453 sacrificandum
561 4396 795 4450 llostiatn
826 4409 955 4448 cum
987 4391 1278 4446 cardinale.
1302 4390 1538 4444 Perfecta
1565 4389 1706 4442 Pras-

112 4490 326 4542 fatione
374 4487 656 4542 basilicarii
704 4492 925 4538 cantant
964 4482 1208 4547 Sanctus,
1257 4479 1498 4544 Sanctus,
1532 4479 1701 4533 Sauc-

114 4595 226 4645 tus,
255 4590 361 4635 etc.

190 4671 289 4723 iul.
337 4668 511 4723 Finita
553 4668 733 4729 Missa,
766 4664 1001 4734 pontifex
1033 4677 1099 4713 an
1139 4659 1515 4713 arcltidiacono
1555 4671 1699 4711 coro-

114 4771 286 4814 natus
320 4760 562 4812 ascendit
601 4768 817 4825 equum,
852 4766 905 4808 et
946 4752 1187 4821 procedit
1214 4764 1331 4802 cum
1363 4748 1706 4801 Processione

112 4854 187 4906 ad
222 4851 475 4919 palatium
509 4849 612 4903 hoc
642 4847 819 4901 modo.
859 4844 980 4898 Post
1009 4854 1128 4897 eum
1175 4841 1454 4909 praefectus
1496 4837 1711 4891 indutus

113 4951 317 4996 manto
347 4940 601 5010 pretioso,
631 4946 686 4991 et
710 4938 980 4991 calceatus
1009 4933 1206 4986 lttllclia
1237 4945 1341 4982 una
1369 4942 1549 4992 aurea,
1576 4928 1710 4980 alte-

114 5044 178 5085 ra
215 5030 419 5094 rubea;
446 5029 583 5083 circa
615 5042 735 5079 eum
784 5024 989 5092 judiees
1036 5017 1355 5088 pluvialibus
1384 5016 1553 5070 induti
1583 5024 1707 5069 ante

116 5121 465 5182 Pontilicem,
490 5115 895 5170 archidiaconus
933 5121 987 5163 et
1012 5111 1267 5163 diaconus
1291 5119 1411 5159 cum
1458 5105 1708 5173 prunice-

115 5213 204 5263 rio
240 5209 353 5262 bini
386 5213 441 5262 et
466 5206 597 5268 bini,
620 5204 814 5258 deinde
851 5198 1160 5255 subdiaconi
1186 5212 1199 5249 :
1225 5204 1348 5248 ante
1373 5209 1507 5262 quos
1541 5193 1712 5247 cardi-

115 5303 317 5361 nales;
347 5307 470 5351 ante
513 5296 809 5351 cardinales
857 5289 1121 5346 cantando
1166 5294 1291 5340 ante
1339 5299 1432 5337 eos
1474 5284 1706 5347 notarii;

118 5404 263 5445 azite
293 5389 535 5443 notarius
563 5386 800 5456 episcopi
829 5400 844 5449 ;
874 5391 998 5436 ante
1040 5379 1317 5448 episcotios
1343 5390 1477 5428 crux
1505 5375 1705 5428 domini

198 5557 225 5585 ει
258 5547 471 5615 Quippe
498 5548 583 5600 hic
623 5547 756 5601 liber
782 5545 1014 5612 scriptus
1042 5544 1365 5615 esrtpvivente
1392 5552 1453 5592 ac
1487 5533 1710 5615 sedente

123 5609 390 5687 pontifice
408 5609 725 5669 'lnnocentio
749 5609 999 5687 secundo,
1027 5614 1111 5667 cui
1136 5613 1215 5687 lite
1242 5610 1423 5687 laudes
1443 5609 1710 5687 aptantur.

198 5671 412 5741 iillinc
455 5686 721 5754 vulgatum
778 5671 997 5736 niancizn
1061 5681 1374 5736 vocabulum
1430 5671 1526 5746 pro
1574 5671 1713 5725 tlonu
1795 5728 1799 5732 ,

439 5777 708 5833 Parent.
760 5772 1094 5832 LXXVlII.

1774 543 1982 605 vexilla,
2005 554 2122 609 quae
2150 538 2382 591 handora
2405 547 2660 591 vocantur
2683 544 2770 601 ;et
2788 550 2956 603 equus
2976 537 3174 591 domini
3197 554 3344 608 νίψω

1770 638 2008 697 ornatus,
2037 632 2130 685 sed
2158 643 2390 694 vacuus;
2418 628 2705 695 dirungarii
2736 628 2874 680 circa
2906 613 3344 697 ΡΓοοθεεὶὀιιθιιις

1772 726 1880 777 duo
1912 722 2161 777 Pra'fecti
2206 723 2437 778 navales.
2472 719 2561 788 qui
2607 719 2856 772 dicuntur
2898 720 3178 787 dilungarii
3210 722 3347 793 [Al.,

1770 803 2107 875 dirungarii],
2140 820 2261 859 cum
2290 804 2492 858 baculis
2522 807 2573 855 in
2620 803 2882 865 inanibus,
2927 803 3242 869 pluvialibus
3272 808 3349 860 iu-

1772 896 1924 959 duti;
1960 893 2280 962 majorentes
2324 906 2451 946 vero
2501 892 2763 951 tnantellls
2792 892 2977 945 sericis
3025 902 3078 947 et
3124 896 3348 957 baculis,

1772 986 1860 1051 qui
1892 992 2150 1036 vocantur
2194 982 2374 1035 schola
2420 981 2700 1045 stimulati,
2734 982 3097 1037 custodientes
3127 984 3350 1039 Proces~

1774 1077 2001 1138 sionem,
2042 1086 2111 1129 ne
2142 1073 2331 1142 aliquis
2359 1087 2418 1128 se
2446 1074 2783 1131 intrumittat:

1844 1202 1932 1256 ‘22.
1966 1202 2095 1255 Cum
2125 1212 2299 1256 autem
2326 1203 2471 1256 venit
2500 1202 2733 1271 pontifex
2757 1205 2820 1256 ad
2846 1189 3120 1259 basilicam
3145 1196 3351 1261 Zacha-

1774 1292 1870 1345 riae
1899 1305 2070 1359 papa),
2101 1302 2384 1360 antequam
2415 1293 2722 1355 descendat,
2756 1296 3083 1351 descendunt
3109 1300 3351 1352 cardina—

1779 1380 1856 1432 les
1884 1381 1950 1431 ad
1976 1379 2274 1433 faciendum
2308 1379 2509 1433 laudes.
2534 1380 2683 1433 'l‘unc
2710 1382 2853 1448 prior
2874 1384 3158 1438 cardinalis
3183 1390 3350 1439 sam-ti

1777 1470 2046 1524 Laurentii
2094 1470 2221 1523 foris
2270 1484 2474 1534 muros.
2523 1470 2763 1539 deposita
2804 1472 2978 1538 mitra,
3009 1476 3351 1542 dicitzlube,

1778 1560 1985 1624 domne,
2026 1559 2335 1612 benedicere.
2366 1559 2604 1613 Pontifex
2640 1560 2903 1613 benedicit
2930 1576 3069 1615 eum.
3101 1563 3200 1629 Qui
3247 1566 3353 1618 alta

1788 1662 1920 1702 voce
1953 1647 2113 1701 dicit:
2147 1646 2363 1701 Summo
2390 1657 2438 1700 et
2466 1648 2685 1718 egregio,
2709 1664 2769 1699 ac
2799 1659 2871 1701 ter
2897 1651 3181 1704 beatissimo
3208 1669 3355 1722 papa:

1782 1738 2081 1792 Innocentio
2117 1740 2244 1792 vita.
2276 1739 2612 1806 Respondent
2635 1740 2933 1792 cardinales
2964 1755 3149 1793 omnes
3175 1758 3188 1794 :
3217 1742 3353 1795 Deus

1712 1827 1754 1884 Β
1786 1841 2040 1884 conservet
2075 1847 2211 1897 eum,
2261 1829 2427 1883 tribus
2458 1831 2682 1883 vicibus.
2718 1827 2959 1884 Salvator
2987 1834 3183 1886 mundi.
3224 1835 3356 1889 Car-

1781 1918 1986 1972 dinales
2031 1919 2356 1987 respondent
2381 1934 2394 1970 :
2420 1918 2499 1971 Tu
2527 1920 2675 1971 illum
2710 1920 2920 1989 adjuva,
2953 1931 3008 1974 et
3035 1923 3237 1977 vicibus
3265 1928 3357 1979 tri-

1783 2007 1899 2060 bus.
1933 2008 2130 2062 Sancta
2162 2007 2357 2071 Maria,
2390 2019 2445 2060 tu
2475 2010 2621 2061 illum
2650 2009 2862 2079 adjuva,
2896 2025 2985 2079 per
3012 2026 3219 2067 omnem
3242 2016 3357 2065 clio-

1782 2113 1899 2150 rum
1932 2107 2239 2152 sanctorum
2271 2108 2380 2151 tres
2419 2109 2655 2151 sanctos.
2696 2098 2751 2151 In
2801 2099 2923 2164 fine,
2956 2099 3143 2153 Omnes
3189 2105 3358 2155 sancti

1781 2187 2020 2257 adjuvate
2062 2186 2227 2251 illum,
2262 2186 2430 2238 tribus
2460 2187 2685 2239 vicibus.
2718 2185 2883 2255 Kyrie
2926 2189 3092 2242 tribus
3133 2191 3357 2243 vicibus.

1786 2278 1850 2329 Et
1900 2291 1997 2345 pro
2041 2277 2198 2330 laude
2228 2276 2495 2339 accipiunt
2538 2287 2644 2330 tres
2689 2278 2845 2331 solid.
2876 2277 3090 2333 Judices
3136 2294 3263 2335 vero
3301 2297 3361 2336 se

1785 2374 2192 2433 repraesentant,
2242 2374 2295 2419 et
2345 2365 2474 2419 dicit
2525 2368 2879 2435 primicerius,
2933 2368 3087 2435 Jube,
3152 2373 3360 2436 domne,

1785 2456 2102 2511 benedicere.
2131 2452 2375 2509 Pontifex
2407 2456 2673 2509 bencdicit
2694 2473 2835 2521 eum,
2864 2470 2915 2512 et
2944 2460 3049 2512 alta
3080 2476 3208 2514 voce
3235 2464 3362 2515 dicit

1787 2545 1942 2599 Hunc
1970 2546 2122 2599 diem.
2143 2544 2729 2613 Respondentjudices:
2757 2544 2950 2599 Multos
2981 2564 3159 2611 annos,
3189 2550 3362 2602 tribus

1791 2634 2020 2689 vicibus.
2056 2633 2310 2699 Tempora
2349 2634 2478 2685 bona
2508 2635 2709 2686 habeas.
2738 2634 3075 2701 Respondent
3115 2636 3360 2704 judiccs:

1796 2725 2049 2793 Tempora
2099 2725 2231 2777 bona
2256 2724 2530 2777 habeamus
2560 2740 2753 2778 omnes.
2783 2724 2931 2780 Tunc
2957 2727 3200 2781 dominus
3230 2743 3364 2796 pons

1796 2817 1924 2872 tifex
1955 2816 2233 2871 descendit
2262 2816 2329 2869 de
2355 2830 2492 2883 equo
2518 2831 2531 2879 ;
2563 2817 2895 2883 primicerius
2934 2817 3272 2872 defensorum
3310 2830 3366 2872 et

1791 2909 2188 2964 secundicerius
2218 2907 2516 2975 suscipiunt
2556 2922 2675 2959 eum
2712 2914 2810 2975 per
2854 2923 3059 2975 manus,
3103 2920 3156 2961 ct
3206 2914 3364 2981 129

1793 2999 1999 3053 ducunt
2043 3010 2213 3064 usque
2262 2996 2314 3049 in
2364 3008 2652 3048 cameram.
2706 2994 2778 3048 Ibi
2836 2996 2927 3048 dat
2975 2997 3361 3066 presbyterium

1792 3087 2041 3141 omnibus
2070 3085 2367 3140 ordinibus.
2406 3084 2514 3137 Isto
2564 3095 2689 3136 vero
2716 3083 2804 3138 die
2833 3082 3032 3139 Natalis
3059 3085 3266 3139 Domini
3314 3095 3367 3141 et

1716 3179 1763 3239 C
1803 3175 1889 3229 die
1920 3183 2118 3227 sancta:
2141 3171 2361 3225 Pascha.-
2390 3170 2483 3224 dat
2510 3172 2755 3225 omnibus
2784 3172 3047 3240 prioribus
3067 3171 3092 3208 δ
3126 3189 3363 3239 manum,

1794 3266 1849 3319 id
1898 3272 1980 3319 est
2022 3262 2410 3333 presbyterium
2456 3261 2672 3328 duplum
2705 3276 2720 3312 :
2751 3260 3002 3329 praefecto
3037 3262 3241 3317 scilicet
3290 3281 3363 3316 xx

1796 3356 1957 3412 solid.
1994 3356 2241 3409 dominus
2269 3366 2401 3421 papa
2432 3362 2486 3407 et
2514 3365 2728 3405 manum
2753 3366 2769 3417 ;
2799 3352 3098 3420 primicerio
3123 3353 3361 3420 judicum

1794 3463 1846 3501 tv
1895 3445 2052 3501 solid.
2084 3453 2139 3499 et
2186 3457 2439 3506 manum;
2473 3441 2757 3510 unicuique
2796 3441 3033 3509 judicum
3082 3454 3135 3495 tr
3175 3442 3361 3505 solid.;

1795 3538 1955 3606 priori
1987 3537 2239 3605 episcopo
2269 3549 2320 3587 tv
2351 3533 2506 3588 solid.
2539 3544 2589 3587 et
2620 3548 2834 3587 manum
2862 3550 2875 3597 ;
2920 3533 3201 3601 unicuique
3225 3536 3369 3602 epis-

1794 3640 2046 3694 coporum
2092 3624 2190 3695 [ιιι
2233 3620 2461 3691 solid.];
2512 3635 2562 3674 tv
2606 3619 2765 3675 solid.
2809 3619 2973 3688 priori
3019 3620 3276 3673 cardinali
3318 3634 3373 3674 et

1798 3729 2031 3778 manum,
2067 3713 2351 3780 unicuique
2391 3710 2538 3764 card.
2571 3724 2626 3764 ιιι
2657 3710 2839 3774 solid.;
2870 3709 3073 3763 arcliid.
3118 3724 3174 3762 ιιι
3204 3709 3363 3762 solist.

1784 3812 1854 3859 et
1888 3817 2100 3856 manum
2129 3818 2143 3867 ;
2173 3800 2458 3868 unicuique
2506 3800 2849 3854 diaconorum
2880 3814 2934 3852 Ill
2966 3799 3145 3863 solid.;
3187 3800 3372 3866 primi-

1797 3891 1940 3946 cerio
1982 3899 2257 3945 cantorum
2292 3904 2351 3944 ιιι
2399 3889 2557 3943 solid.
2608 3897 2661 3942 et
2706 3904 2921 3942 manum
2953 3905 2969 3953 ;
3000 3889 3369 3943 secundicerio

1799 3990 2074 4034 cantorum
2110 3994 2143 4031 ιι
2199 3977 2382 4041 solid.;
2413 3976 2573 4043 priori
2602 3976 2901 4030 basilicario
2935 3991 2972 4028 ιι
3001 3976 3160 4030 solid.
3193 3988 3248 4030 et
3282 3992 3374 4029 vni

1800 4073 2037 4137 den.pro
2062 4068 2396 4132 honorantia;
2421 4066 2702 4134 unicuique
2724 4066 2929 4118 cantori
2960 4080 2998 4117 ιι
3028 4064 3208 4128 solid.;
3234 4066 3377 4130 prio-

1805 4160 1849 4213 ri
1881 4158 2176 4213 basilieario
2212 4173 2250 4213 ιι
2286 4156 2443 4211 solid.
2473 4162 2527 4209 et
2566 4169 2821 4217 manum;
2851 4153 3130 4220 unicuique
3164 4152 3377 4206 subdia-

1804 4263 1939 4301 cuno
1969 4258 2005 4300 ιι
2035 4246 2220 4310 solid.;
2251 4245 2413 4314 priori
2445 4243 2740 4312 regionario
2764 4255 2802 4295 ιι
2828 4240 2988 4295 solid.
3029 4249 3084 4294 et
3120 4256 3332 4294 manuni
3362 4280 3375 4304 ,

1807 4335 2088 4405 unicuique
2110 4351 2293 4390 eorum
2316 4350 2352 4388 tt
2371 4332 2551 4396 solid.;
2577 4332 2855 4396 unicuique
2873 4329 3119 4398 acolytho
3140 4346 3174 4383 ιι
3197 4332 3379 4394 solid.;

1808 4425 2016 4479 duobus
2038 4424 2346 4493 dilungariis
2361 4438 2452 4476 vni
2470 4420 2934 4484 solid.;scsiuariis
2954 4434 2987 4472 x
3009 4419 3188 4484 solid.;
3216 4420 3380 4486 maio-

1736 4530 1786 4586 Ι)
1815 4516 2048 4570 rentibus
2072 4529 2105 4567 ν
2132 4514 2311 4578 solid.;
2339 4512 2666 4566 draconariis
2694 4526 2723 4563 v
2748 4507 2933 4574 solid.,
2963 4516 3017 4562 et
3036 4509 3155 4562 aliis
3182 4509 3381 4562 ordini-

1811 4610 1929 4673 bu=,
1951 4607 2091 4660 sicut
2116 4619 2229 4658 mos
2254 4613 2358 4658 est.

1878 4740 1969 4793 25.
2004 4739 2132 4792 Dato
2162 4736 2508 4806 presbyterio,
2537 4742 2735 4788 intrant
2759 4732 2823 4786 ad
2852 4744 3086 4785 mensam
3114 4742 3384 4798 pra-para-

1811 4840 1941 4884 tam.
1960 4825 2589 4898 Episcopietcardinales
2615 4824 2800 4877 sedent
2817 4823 2870 4875 in
2895 4822 3075 4875 dextra
3103 4831 3280 4888 parte;
3302 4836 3382 4873 ar-

1809 4919 2170 4979 chidiaconus,
2185 4923 2241 4970 et
2257 4916 2530 4977 diaconus,
2548 4924 2601 4966 et
2615 4911 2964 4979 primicerius,
2978 4922 3025 4961 et
3046 4912 3189 4976 prior
3211 4910 3401 4973 basili-V

1811 5010 2005 5073 carius,
2020 5018 2071 5060 et
2084 5007 2228 5075 prior
2240 5005 2565 5073 regionarius
2579 5004 2627 5056 in
2642 5004 2877 5065 sinistra;
2896 4999 3068 5051 omnis
3078 4998 3210 5052 ordo
3223 4999 3274 5050 in
3292 5012 3391 5050 suo

1813 5101 1947 5149 locu.
1972 5098 2231 5149 Ustiarius
2258 5095 2403 5163 ponit
2430 5094 2705 5147 leCtorium
2737 5105 2856 5143 cum
2892 5090 3026 5141 libro
3053 5087 3389 5140 botniliarum

1814 5189 1865 5241 in
1894 5188 2151 5240 medium.
2170 5185 2317 5238 Circa
2350 5184 2583 5238 medium
2611 5180 2904 5234 convivium
2930 5192 2993 5229 ex
3022 5187 3286 5244 praecepto
3309 5191 3394 5225 ar-

1815 5276 2107 5331 chidiaconi
2124 5274 2292 5342 surgit
2307 5272 2580 5335 diaconus,
2603 5271 2755 5336 etleg
2777 5267 3108 5328 tlectionem,
3134 5267 3246 5333 ipse
3265 5278 3397 5317 vero

1815 5368 2219 5431 archidiaconus
2242 5361 2463 5431 imponit
2493 5362 2674 5417 linem.
2700 5358 2850 5412 Tunc
2870 5356 3107 5425 pontifex
3132 5370 3152 5395 ε
3178 5358 3393 5409 mandat

1820 5527 2097 5581 clientibus
2128 5526 2262 5579 facto
2289 5521 2599 5589 profluxisse
2620 5517 2883 5589 existimo.
3127 5580 3143 5589 _

1899 5579 1918 5632 ὲ
1963 5579 2020 5648 ιιι
2048 5579 2131 5648 est
2155 5579 2334 5661 minii,
2362 5592 2518 5646 modo
2547 5587 2686 5643 Italis
2710 5584 2867 5639 hodie
2890 5596 3099 5651 quoque
3126 5579 3394 5636 familiari.

2972 5740 3047 5798 33
