4008 6300
657 386 675 439 Ι
685 383 787 438 0‘55

1337 372 1675 430 APPENDIX
1713 373 1800 427 AD
1839 374 1894 429 S.
1939 370 2262 427 GREGORII
2300 373 2509 429 MAGNI
2549 370 2910 429 LITURGICA
2949 370 3197 427 OPERA.

3774 371 3899 429 1036

648 493 1044 563 acolythum,ut
1064 495 1280 555 surgant
1308 495 1571 551 cantores,
1595 494 1648 539 et
1667 493 1882 538 cantent
1909 493 1935 520 ι
1963 483 2213 551 Sequen-
2244 489 2281 543 Λ
2315 487 2624 554 Jerusalem,
2657 497 2710 540 et
2733 487 2850 540 alim
2883 487 3138 541 lectiones
3165 488 3233 542 de
3271 502 3539 552 sermone,
3574 494 3783 556 preter
3806 504 3900 541 no-

649 588 774 640 tiant
807 578 1086 635 modulatis
1115 577 1350 638 vocibus,
1381 573 1469 642 qui
1507 585 1782 642 surgentes
1814 573 2012 626 faciunt
2047 574 2213 639 impe-

648 687 780 732 rata.
831 671 1002 726 Finita
1028 668 1332 736 Sequentia,
1374 665 1571 717 vadunt
1614 673 1669 718 et
1716 664 2021 717 osculantur
2054 661 2215 731 pedes

648 764 926 832 pontificis,
955 771 1007 814 et
1035 758 1300 827 accipiunt
1327 770 1359 808 a
1391 754 1668 808 sacellario
1695 769 1856 806 unum
1892 753 2212 817 hyzantium,

649 863 701 908 et
722 852 966 908 dominus
994 865 1126 918 papa
1169 849 1262 900 dat.
1287 847 1368 899 eis
1404 860 1624 914 cuppam
1668 845 1876 912 plenam
1911 844 2126 911 potione
2151 857 2214 896 ex

646 944 674 982 δ
701 958 793 996 ore
819 956 939 1004 suo,
970 948 1025 993 et
1056 938 1261 991 bibunt.
1288 934 1464 988 Finito
1487 933 1753 996 convivio,
1779 947 1964 985 omnes
1995 931 2217 986 redeunt

645 1034 711 1085 ad
734 1033 924 1084 domos
951 1043 1093 1092 suas,
1125 1025 1418 1080 cardinales
1437 1024 1572 1077 mitti
1594 1024 1767 1076 solent
1787 1022 1851 1074 ad
1880 1021 2112 1089 propria.

719 1122 807 1174 2.1.
843 1120 897 1172 ln
933 1117 1215 1172 festivitate
1250 1116 1420 1170 sancti
1443 1114 1698 1181 Stephani
1741 1122 1847 1167 tres
1875 1112 2127 1166 lectiones
2153 1111 2217 1164 de

649 1213 869 1268 Actibus
902 1210 1296 1281 apostolorum,
1324 1206 1617 1275 Stephanus
1646 1215 1818 1259 autem
1843 1204 2023 1274 plenus
2051 1205 2218 1272 gratia

652 1313 700 1357 et
722 1303 1041 1373 fortitudine,
1061 1309 1114 1354 et
1139 1309 1244 1352 tres
1258 1299 1325 1352 de
1355 1312 1600 1352 sermone
1614 1299 1779 1351 Sancti
1801 1296 2077 1364 Stephani,
2097 1312 2217 1350 cum

651 1394 761 1446 suis
782 1389 1118 1456 Antiphonis,
1151 1398 1205 1442 et
1243 1387 1628 1455 Responsoriis.
1679 1387 1737 1438 ln
1775 1386 1929 1438 tertio
1960 1395 2220 1439 nocturno

650 1484 717 1536 de
760 1480 928 1535 Natali
970 1479 1198 1542 Domini,
1223 1494 1340 1531 cum
1370 1494 1425 1531 Ill
1451 1478 1702 1540 Psalmis,
1737 1477 1923 1539 Versu,
1960 1485 2012 1531 et
2035 1476 2220 1531 lectio-

655 1572 825 1634 nibus,
858 1579 911 1624 et
936 1572 1046 1622 suis
1071 1567 1409 1634 Antiphonis.
1434 1566 1700 1621 Matutine
1735 1568 1889 1636 130
1918 1567 2124 1620 Laudes
2150 1566 2218 1620 de

652 1669 835 1713 sancto
870 1659 1158 1725 Stephano.
1192 1658 1365 1710 Finita
1395 1658 1644 1711 Oratione
1669 1659 1835 1711 sancti
1867 1655 2123 1725 Stephani
2144 1657 2221 1710 di-

654 1752 790 1803 citur
823 1749 1158 1816 Antiphona:
1198 1747 1355 1816 Virgo
1394 1746 1541 1800 hodie
1587 1748 1771 1815 ﬁdelis,
1813 1762 1930 1801 cum
1968 1749 2220 1802 Oratione

2317 592 2437 629 nam
2467 577 2748 629 lectionem
2777 576 3028 641 homilim,
3059 594 3174 646 qum
3202 588 3282 632 est
3305 579 3507 634 domini
3533 593 3713 647 papm,
3755 579 3896 648 131

2317 680 2382 718 eo
2408 667 2613 728 ordine,
2635 680 2738 733 quo
2776 663 2829 717 in
2854 665 3121 718 Dominica
3147 665 3212 720 de
3233 666 3480 723 Gaudete.
3519 667 3747 720 Missam
3785 683 3900 719 vero

2321 756 2606 810 honorifice
2644 771 2763 808 cum
2805 756 3051 811 laudibus
3091 758 3253 812 debet
3293 770 3528 826 cantare,
3564 769 3622 814 et
3659 760 3904 827 accipere

2318 863 2597 913 comitant,
2627 856 2681 901 et
2707 862 2994 901 coronatus
3029 850 3206 913 redire
3244 850 3310 904 ad
3354 851 3632 918 palatium,
3665 860 3726 904 et
3752 867 3904 920 agere

2318 941 2455 992 sicut
2490 940 2542 992 in
2589 939 2708 992 aliis
2745 940 2979 992 coronis.
3013 939 3150 992 Infra
3195 941 3420 996 Octavas
3470 942 3537 995 ad
3577 941 3902 996 Matutiuum

2320 1028 2553 1098 quotidie
2582 1038 2688 1082 tres
2719 1028 2900 1096 psalmi
2925 1039 2978 1082 et
3009 1037 3115 1084 tres
3147 1030 3483 1085 lectionesde
3501 1047 3763 1085 sermone
3790 1046 3904 1085 cum

2319 1120 2431 1175 suis
2480 1119 2799 1187 Antiphonis
2843 1128 2898 1173 et
2932 1119 3324 1187 Responsoriis,
3348 1132 3566 1188 excepta
3603 1121 3902 1184 Dominica,

2319 1207 2566 1274 quoniam
2587 1206 2719 1259 fiunt
2738 1221 2929 1260 novem
2953 1206 3227 1262 lectiones.
3253 1208 3377 1262 Post
3403 1211 3634 1263 Octavas
3651 1210 3904 1278 leguntur

2321 1294 2568 1363 Epistolas
2587 1295 2751 1349 Pauli.
2768 1296 2990 1361 Quidam
3008 1296 3187 1365 legunt
3210 1297 3274 1350 de
3287 1299 3622 1366 expositione
3642 1300 3902 1366 psalterii.

2392 1383 2482 1438 28.
2527 1383 2797 1437 Dominica
2839 1385 3010 1452 prima
3050 1393 3168 1452 post
3195 1386 3419 1438 Octavas
3471 1386 3795 1452 Epiphaniae
3827 1388 3905 1439 le-

2321 1487 2517 1543 guntur
2555 1477 2805 1543 Epistolas
2854 1477 3020 1540 Pauli,
3050 1485 3106 1530 et
3145 1479 3353 1544 ponitur
3391 1478 3607 1530 historia
3639 1477 3712 1530 de
3764 1477 3904 1531 Psal-

2323 1564 2476 1617 tnista
2503 1580 2514 1615 :
2553 1563 2651 1628 Qui
2678 1563 2998 1615 meditabitur
3019 1563 3074 1616 in
3106 1562 3215 1632 lege
3245 1562 3472 1629 Domini,
3500 1579 3670 1630 usque
3699 1564 3751 1617 in
3784 1564 3906 1632 Sep-

2331 1655 2697 1722 tuagesimum.
2730 1653 2784 1705 In
2818 1653 2986 1719 primo
3012 1661 3066 1706 et
3094 1652 3330 1706 secundo
3362 1660 3624 1708 nocturno
3654 1653 3902 1706 Hatutini

2327 1754 2606 1796 cantantur
2659 1744 2974 1807 Antiphonta
3019 1741 3086 1794 de
3136 1740 3335 1794 eisdem
3392 1740 3654 1793 Psalmis:
3710 1742 3908 1794 Sereite

656 1839 726 1893 de
753 1838 944 1892 Natali.
967 1835 1344 1900 Tertia,Sexta
1368 1843 1421 1889 et
1451 1835 1597 1889 Nona
1629 1835 1695 1890 de
1723 1843 1906 1888 sancto
1925 1836 2223 1904 Stephano;
2258 1835 2304 1893 B
2334 1832 2549 1886 Domino
2572 1833 2626 1884 in
2655 1833 2849 1893 timore,
2875 1840 2978 1884 etc.
3003 1831 3058 1882 lu
3095 1832 3250 1884 tertio
3278 1839 3534 1883 nocturno
3558 1832 3611 1884 in
3646 1833 3770 1885 loco
3801 1834 3905 1885 An-

659 1928 905 1994 V’esperze
925 1940 1049 1978 vero
1077 1924 1145 1977 de
1171 1923 1337 1976 Natali
1362 1923 1603 1986 Domini;
1631 1924 1929 1990 Antiphone
1959 1932 2013 1977 et
2038 1923 2222 1976 Oratio

655 2015 723 2068 de
752 2022 938 2066 sancto
965 2013 1234 2078 Stephano
1261 2023 1312 2065 et
1329 2023 1514 2064 sancto
1538 2013 1766 2079 Joanne,
1793 2022 1847 2067 et
1864 2011 2088 2065 aliarum
2119 2013 2220 2065 fes~

659 2104 917 2156 tivitatutn
949 2100 1209 2155 similiter.
1250 2101 1472 2155 Summo
1506 2116 1662 2155 mane
1705 2103 1950 2157 dominus
1986 2103 2220 2170 pontifex

659 2192 935 2260 egrediens
979 2206 1009 2244 a
1041 2190 1235 2259 palatio
1265 2198 1567 2256 coronatus,
1599 2205 1719 2244 cum
1760 2191 2104 2245 Processione
2130 2191 2226 2245 bo-

659 2281 877 2336 noriﬁee
898 2281 1042 2334 vadit
1076 2281 1142 2334 ad
1173 2290 1410 2336 sanctum
1436 2281 1782 2349 Stephanum,
1817 2281 1907 2335 ubi
1938 2291 2020 2335 est
2045 2285 2221 2337 statio.

659 2371 961 2425 lbicantant
979 2369 1214 2435 Missam,
1239 2370 1435 2423 sicutin
1459 2369 1624 2422 Natali
1644 2369 1876 2437 Domini,
1895 2385 2013 2424 cum
2041 2371 2225 2437 laude;

657 2475 760 2530 qua
804 2461 971 2524 finita,
1010 2459 1222 2513 rediens
1261 2460 1324 2511 ad
1367 2458 1615 2526 palatium
1652 2468 1957 2522 coronatus,
1994 2464 2224 2529 acceptis

661 2551 898 2604 laudibus
925 2564 955 2602 a
994 2548 1352 2603 cardinalibus
1382 2557 1435 2601 et
1462 2547 1741 2615 iudicibus,
1775 2557 1827 2601 et
1847 2550 1971 2603 dato
2001 2551 2221 2621 presby-

660 2641 789 2694 terio
808 2641 921 2693 sive
959 2638 1203 2691 manibus
1229 2647 1284 2692 et
1317 2637 1560 2691 convivio
1589 2639 1875 2703 celebrato,
1907 2639 2041 2694 sicut
2066 2655 2222 2711 supra

664 2731 917 2796 scriptum
947 2734 1049 2790 est,
1076 2727 1153 2780 sic
1173 2740 1356 2780 omnes
1381 2726 1653 2780 recedunt.

728 2820 818 2874 25.
858 2821 914 2875 1η
967 2820 1249 2874 festivitate
1292 2821 1458 2873 sancti
1492 2819 1712 2873 Joannis
1743 2819 2080 2890 evangelista:
2120 2829 2227 2876 tres

661 2912 916 2969 lectiones
944 2910 1012 2964 de
1053 2909 1394 2978 Apocalypsi,
1426 2919 1479 2961 et
1519 2917 1629 2962 tres
1671 2908 1738 2962 de
1777 2922 2024 2963 sermone
2057 2911 2225 2966 sancti

662 3001 898 3066 Joannis,
938 3014 1058 3054 eum
1085 2999 1197 3052 suis
1239 2996 1577 3065 Antiphonis,
1625 2997 1848 3053 Psalmis
1889 3008 1943 3052 et
1986 2999 2226 3068 Respon-

663 3093 836 3146 soriis.
854 3091 1075 3157 Quidam
1101 3089 1284 3142 volunt
1304 3088 1420 3156 ejus
1449 3087 1745 3156 passionem
1767 3088 1962 3157 lc/gere.
1992 3091 2046 3144 In
2071 3093 2224 3146 tertio

2327 1925 2658 1989 tiphonarum
2681 1929 2923 1975 cantatur
2945 1919 3102 1973 Allel.
3134 1919 3213 1974 Ad
3244 1923 3528 1972 matutinas
3555 1919 3770 1974 Laudes
3791 1937 3900 1974 can-

2326 2025 2465 2069 tatur
2484 2013 2636 2068 Allel.
2669 2013 2722 2065 in
2748 2025 2872 2067 tono
2903 2011 3018 2064 Lua:
3047 2021 3159 2063 orta
3184 2021 3255 2062 est
3280 2027 3432 2076 super
3457 2027 3571 2072 nos,
3602 2022 3656 2065 et
3676 2022 3903 2066 caetera-

2325 2119 2440 2158 rum
2470 2102 2918 2171 Antiphonarum,
2937 2101 3072 2155 sicut
3093 2101 3144 2152 in
3175 2097 3560 2166 Antiphonario
3579 2103 3902 2154 continetur.

2325 2194 2408 2248 Ad
2433 2194 2687 2255 Primam,
2720 2191 2786 2246 ad
2814 2190 3070 2255 Tertiam,
3098 2189 3314 2244 Sextam
3343 2200 3394 2242 et
3421 2190 3625 2242 Nonam
3663 2201 3908 2244 cantatur

2326 2284 2566 2337 Alleluia.
2588 2282 2878 2351 Vesperum
2900 2281 2965 2334 de
2996 2280 3294 2334 Psalmista.
3332 2279 3382 2332 In
3406 2282 3655 2334 omnibus
3678 2297 3744 2335 ex
3772 2297 3902 2348 prse-

2327 2379 2480 2431 dictis
2513 2377 2799 2430 Dominicis
2826 2374 2990 2428 totius
3012 2374 3135 2426 anni
3163 2373 3230 2425 ita
3249 2381 3487 2425 cantatur
3513 2373 3577 2426 ad
3601 2374 3902 2440 praelibatas

2328 2470 2518 2531 lloras,
2547 2469 2781 2534 exceptis
2823 2465 3109 2518 Dominicis
3145 2482 3173 2521 a
3214 2464 3606 2536 Septuagesima
3649 2478 3824 2532 usque
3859 2464 3904 2516 in

2328 2561 2552 2612 Octavas
2581 2557 2943 2620 Pentecostes,
2975 2565 3027 2610 et
3052 2557 3121 2609 ab
3149 2559 3385 2612 Adventu
3421 2557 3630 2610 Domini
3658 2569 3831 2623 usque
3859 2555 3906 2608 in

2327 2647 2550 2702 Octavas
2579 2644 2908 2712 Epiphaniae,
2946 2660 3148 2700 necnon
3180 2646 3231 2700 in
3262 2646 3634 2700 festivitatibus
3669 2643 3903 2697 Domini-

2327 2750 2530 2788 carum.
2562 2733 2617 2786 In
2644 2732 2789 2786 feriis
2817 2741 3016 2797 autem,
3047 2734 3092 2786 si
3123 2749 3225 2786 non
3255 2746 3336 2788 est
3356 2733 3642 2795 festivitas,
3667 2741 3906 2786 cantatur

2327 2823 2395 2877 ad
2425 2823 2652 2876 Primam
2697 2821 2996 2888 Antiphona
3026 2821 3171 2876 haec:
3213 2821 3518 2876 Benedictus
3547 2839 3620 2884 es,
3675 2821 3906 2882 Domine,

2329 2915 2452 2966 doce
2478 2929 2556 2966 me
2579 2913 2973 2983 justiﬁcationes
3019 2923 3131 2966 tuas
3173 2928 3193 2977 ;
3233 2913 3298 2966 ad
3333 2913 3566 2966 Tertiam
3606 2912 3906 2980 Antiphon:

2333 3001 2532 3054 Inclina
2549 3016 2635 3053 cor
2653 3016 2837 3064 meum,
2867 2999 3024 3064 Deus,
3052 3002 3104 3053 in
3133 3002 3417 3054 testimonia
3443 3010 3531 3052 tua
3553 3016 3570 3061 ;
3593 3002 3662 3052 ad
3695 3000 3909 3055 Sextam

2336 3090 2566 3152 Domine,
2589 3090 2783 3156 vivi/ica
2802 3104 2877 3142 me
2891 3090 3164 3141 secundum
3181 3090 3383 3142 verbum
3407 3098 3587 3153 tuum;
3619 3091 3685 3142 ad
3708 3091 3910 3144 Nouem

663 3188 918 3232 nocturno
949 3176 1264 3242 Antiphonta
1292 3185 1346 3228 et
1383 3183 1489 3229 tres
1514 3174 1728 3240 Psalmi,
1751 3185 1804 3229 et
1836 3185 1942 3230 tres
1970 3177 2224 3236 lectiones
2255 3193 2298 3252 ο
2331 3180 2511 3248 Aspice
2531 3180 2580 3230 in
2606 3193 2702 3241 me,
2734 3176 2967 3242 Domine,
2999 3187 3045 3230 et
3076 3179 3308 3231 miserere
3328 3179 3441 3230 mei.

664 3269 724 3320 ile
750 3265 940 3331 Natali,
988 3279 1106 3318 cum
1136 3262 1248 3317 suis
1284 3260 1676 3330 Responsoriis.
1710 3261 1978 3317 Matutinus
2017 3264 2226 3321 Laudes

663 3357 726 3408 de
765 3366 950 3409 sancto
994 3354 1219 3418 Joanne,
1269 3363 1323 3406 et
1363 3353 1825 3416 commemoratio,
1870 3353 2008 3407 sicut
2047 3370 2229 3422 supra,

664 3446 829 3513 prima
858 3443 926 3498 de
952 3452 1136 3498 sancto
1160 3441 1394 3507 Joanne;
1426 3439 1609 3494 Oratio
1636 3439 1704 3493 de
1731 3438 1921 3494 Natali.

735 3536 822 3589 26.
865 3535 920 3587 In
951 3535 1111 3586 natali
1154 3531 1513 3586 Innocentium
1555 3530 1620 3582 ad
1653 3531 1959 3583 Matutinum
1992 3539 2098 3585 tres
2124 3532 2232 3585 lec-

666 3625 836 3677 tiones
866 3626 934 3678 de
960 3622 1298 3691 Apocalypsi,
1347 3628 1403 3675 et
1433 3631 1537 3674 tres
1576 3620 1644 3674 de
1671 3634 1939 3674 sermone.
1981 3619 2036 3674 ln
2079 3621 2233 3676 tertio

667 3724 927 3770 nocturno
956 3715 1235 3768 revertitur
1263 3712 1329 3766 ad
1361 3712 1543 3765 Natale
1579 3711 1809 3765 Domini.
1850 3712 1964 3765 Non
1992 3719 2233 3766 cantatur

669 3807 738 3859 I‘e
759 3805 945 3868 Deum,
969 3804 1061 3858 sed
1085 3804 1337 3871 incipiunt
1359 3802 1628 3856 matutinae
1655 3799 1883 3856 Laudes.
1911 3801 2085 3856 Prima
2106 3817 2231 3856 can-

666 3903 828 3959 tatur,
859 3894 995 3948 sicut
1019 3908 1198 3960 supra.
1229 3892 1306 3946 Ad
1340 3891 1553 3945 Missam
1577 3905 1681 3945 non
1706 3899 1947 3945 cantatur
1974 3891 2157 3945 Gloria
2182 3894 2231 3946 in

665 3986 872 4040 excelsis
916 3983 1046 4048 Deo,
1077 3999 1174 4037 nec
1202 3981 1332 4046 ΑΗ..
1370 3983 1473 4037 nisi
1502 3985 1707 4037 venerit
1745 3982 1798 4036 in
1823 3981 2116 4046 Dominica,
2141 3983 2233 4037 sed

666 4090 824 4129 orline
847 4072 1080 4128 officium
1125 4081 1207 4129 est
1234 4071 1708 4143 quadragesimale.
1757 4071 1861 4126 lsto
1896 4073 1984 4127 die
2012 4073 2236 4128 Romani

670 4182 773 4220 non
815 4166 1099 4220 comedunt
1123 4179 1367 4231 carnem,
1399 4179 1498 4220 nec
1519 4165 1776 4234 sagimen,
1811 4163 1912 4218 nisi
1949 4164 2154 4218 venerit
2183 4164 2233 4217 in

666 4255 932 4309 dominico
967 4253 1074 4309 die.

733 4343 824 4396 2'1.
867 4342 924 4397 ln
953 4343 1126 4412 vigilia
1152 4341 1479 4412 Epiphaniae,
1503 4340 1736 4395 officium
1763 4340 1964 4395 Natalis
1998 4340 2230 4394 Domini.

667 4431 720 4484 ln
752 4432 1038 4500 Epiphania
1061 4432 1220 4485 statio
1247 4431 1312 4483 ad
1341 4438 1580 4484 sanctum
1606 4431 1843 4495 Petrum,
1869 4431 1955 4483 ubi
1986 4429 2234 4484 dominus

667 4535 800 4588 papa
824 4535 943 4574 cum
973 4526 1080 4576 tota
1104 4520 1248 4572 curia
1277 4527 1456 4572 cantat
1479 4517 1700 4582 Versus,
1720 4519 1855 4571 sicut
1883 4519 1932 4570 in
1962 4516 2231 4571 Dominica
2265 4539 2313 4596 ι)

666 4611 733 4663 de
761 4608 1008 4674 Gaudete,
1037 4623 1099 4663 ea
1127 4609 1214 4662 die
1247 4623 1349 4676 qua
1378 4609 1619 4674 superius
1659 4615 1894 4661 notatum
1926 4616 2026 4661 est.
2068 4607 2231 4662 Nocte

670 4713 795 4752 vero
818 4698 988 4752 media
1013 4700 1200 4767 surgit,
1229 4706 1281 4750 et
1303 4712 1488 4751 omnes
1517 4698 1730 4751 ordines
1753 4713 1871 4751 cum
1903 4712 1968 4751 eo
1997 4712 2232 4765 congre—

666 4797 857 4856 gantur
881 4788 944 4839 ad
993 4789 1157 4839 altare
1184 4788 1350 4840 sancti
1390 4785 1613 4850 Lectiis;
1656 4785 1831 4853 ibique
1859 4801 1977 4838 cum
2016 4786 2229 4839 Proces-

668 4879 839 4942 sione,
862 4878 997 4930 sicut
1027 4876 1350 4944 prmlibatutn
1382 4887 1485 4940 est,
1514 4875 1834 4928 incensando
1856 4874 2036 4927 altaiia
2066 4889 2232 4943 usque

668 4969 732 5021 ad
761 4983 972 5037 corpus,
1004 4968 1092 5021 ubi
1117 4957 1245 5022 'facit
1275 4967 1481 5034 vigilias
1513 4967 1670 5019 trium
1703 4965 2010 5028 lectionum,
2042 4965 2234 5033 quibus

669 5060 915 5126 peractis,
951 5058 1190 5113 ascendit
1216 5058 1281 5111 ad
1309 5059 1475 5110 altare
1506 5056 1698 5125 majus,
1729 5065 1782 5109 et
1812 5055 2069 5109 incensat.
2113 5057 2236 5109 Des-

668 5150 848 5204 cendit
880 5151 945 5204 ad
981 5149 1266 5218 pectorale,
1314 5156 1368 5201 et
1399 5161 1585 5201 omnes
1623 5146 1838 5200 ordines
1874 5146 1925 5198 in
1969 5160 2065 5200 suo
2096 5145 2233 5198 loco.

669 5236 869 5290 Annuit
893 5237 1213 5305 primicerio,
1245 5245 1300 5290 ut
1329 5235 1543 5302 incipiat
1567 5235 1789 5301 vigilias.
1820 5234 1913 5287 llle
1949 5243 2122 5286 autem
2157 5233 2238 5286 in-

670 5327 798 5394 cipit
821 5325 1035 5395 Antiplt.
1076 5325 1268 5393 Alfene
1307 5324 1523 5378 Domino
1562 5325 1657 5384 ﬁlii
1682 5323 1797 5388 Dei,
1827 5333 1932 5378 etc.
1976 5323 2124 5376 Tunc
2161 5324 2236 5378 le-

671 5423 863 5479 guntur
887 5424 995 5468 tres
1037 5403 1290 5468 lectiones
1318 5413 1384 5466 de
1411 5415 1697 5482 prepheta:
1731 5412 1918 5481 Surge,
1948 5410 2236 5465 illuminare

744 5527 770 5554 ⁸
807 5521 1090 5589 Sequentia
1121 5521 1235 5575 hmc
1261 5531 1375 5573 erat
1404 5522 1488 5574 illa
1518 5536 1633 5584 ante
1675 5521 1859 5590 incipit
1886 5538 1916 5576 a
1946 5537 2074 5576 voce
2107 5522 2205 5576 Lae-

675 5586 946 5652 tabitndus,
974 5606 1038 5644 ex
1065 5591 1427 5643 Cmremoniali
1456 5589 1650 5644 Urbani
1679 5590 1762 5642 Vl.

744 5656 770 5693 ι»
815 5659 990 5728 Haeret
1008 5661 1163 5728 etiam
1188 5673 1324 5728 nunc
1351 5657 1435 5712 hic
1463 5659 1708 5726 loquendi
1731 5659 1917 5714 modus
1947 5661 2083 5728 apud
2115 5674 2232 5726 nos,

676 5725 744 5774 du
772 5740 855 5776 ναι
881 5726 947 5777 dc
974 5741 1029 5778 sa
1058 5725 1263 5778 bonrhe.

2400 3268 2490 3323 20.
2517 3269 2570 3321 In
2594 3269 2964 3322 Pnrilicatione
2978 3269 3146 3322 beatae
3169 3269 3346 3323 Maria:
3373 3270 3622 3339 leguntur
3634 3283 3912 3323 sermones

2332 3356 2569 3425 ejusdem
2601 3356 2922 3412 festivitatis.
2951 3356 3104 3411 Mane
3135 3358 3294 3411 statio
3317 3359 3382 3410 ad
3423 3369 3666 3411 sanctam
3697 3359 3909 3411 Mariam

2332 3448 2606 3516 Majorem.
2634 3449 2839 3501 Exeunt
2870 3463 2999 3501 xvut
3032 3461 3052 3487 ο
3077 3447 3333 3518 imagines
3360 3465 3388 3502 a
3424 3450 3689 3513 diaconis,
3708 3459 3764 3503 et
3795 3467 3913 3504 cum

2332 3535 2534 3588 clericis
2561 3544 2614 3588 et
2648 3536 2838 3604 populo
2877 3536 3094 3591 veniunt
3119 3537 3184 3589 ad
3212 3546 3453 3591 sanctum
3478 3537 3803 3600 Adrianum,
3835 3539 3917 3591 ubi

2335 3625 2392 3676 fit
2412 3624 2664 3679 Collecta.
2693 3624 2798 3679 Sed
2825 3625 3074 3679 dominus
3116 3625 3354 3693 pontifex
3390 3627 3674 3679 descendit
3702 3627 3771 3679 ad
3802 3641 3916 3679 san-

2334 3722 2471 3766 ctam
2520 3713 2794 3767 Martinam
2838 3727 2956 3766 cum
2998 3713 3281 3781 episcopis,
3329 3724 3383 3767 et
3426 3714 3819 3776 cnrdinalibus,
3868 3724 3917 3768 et

2333 3803 2538 3857 caeteris
2582 3801 2799 3856 scholis.
2851 3802 2924 3855 lbi
2962 3817 3080 3856 cum
3105 3803 3348 3855 omnibus
3384 3801 3647 3855 induitur.
3678 3803 3912 3868 Quidam

2335 3889 2625 3945 cardinales
2655 3891 2972 3944 hencdicunt
3012 3904 3196 3945 cereos
3225 3889 3480 3942 adductos
3508 3903 3540 3942 a
3569 3889 3725 3943 curia
3750 3899 3809 3943 et
3833 3904 3918 3942 cu-

2337 3980 2626 4034 biculariis.
2657 3980 2897 4034 Pontifex
2924 3981 3189 4046 egreditur
3213 3978 3352 4041 inde,
3383 3987 3437 4033 et
3463 3979 3711 4032 ascendit
3734 3980 3916 4033 sedem

2335 4079 2457 4123 ante
2485 4069 2784 4134 ecclesiam,
2813 4083 2947 4137 quos
2977 4070 3045 4122 ita
3063 4069 3332 4136 expendit.
3357 4066 3918 4136 Priusdatepiscopis,

2336 4159 2528 4213 deinde
2553 4158 2927 4221 cardinalibus,
2964 4166 3142 4226 postea
3172 4157 3508 4223 diaconibus,
3532 4167 3590 4212 et
3618 4159 3747 4212 aliis
3769 4160 3913 4212 ordi-

2345 4249 2512 4313 nibus,
2543 4257 2595 4302 et
2615 4248 2828 4316 populo.
2852 4248 3052 4303 Deinde
3073 4249 3216 4302 vadit
3241 4249 3304 4301 ad
3328 4259 3574 4303 sanctum
3598 4249 3913 4312 Adrianum,

2337 4338 2425 4393 ubi
2450 4349 2529 4391 est
2557 4353 2688 4392 crux
2706 4338 3018 4392 stationalis.
3051 4339 3475 4394 Arehidiaeonus
3494 4341 3690 4395 annuit
3715 4351 3773 4394 nt
3797 4357 3914 4395 can-

2339 4433 2412 4478 tet
2434 4426 2633 4479 schola.
2663 4425 2999 4479 Primicerius
3030 4426 3231 4493 incipit,
3253 4437 3306 4480 et
3322 4436 3504 4482 eantat
3528 4428 3788 4500 Exsurge,
3818 4430 3916 4481 De-

2339 4517 2490 4579 mine,
2522 4518 2711 4586 adjuva
2750 4532 2861 4568 nos.
2905 4515 3074 4569 Finita
3115 4516 3439 4584 Antipltona,
3482 4521 3732 4584 pontifex
3766 4520 3912 4587 132

2338 4605 2466 4658 dicit
2499 4605 2733 4669 Oremus,
2768 4605 3024 4659 diaconus
3051 4605 3348 4659 Flectamus
3368 4623 3571 4675 genua;
3593 4610 3734 4662 alius
3763 4609 3788 4645 ἀ
3821 4611 3914 4661 dia-

2337 4707 2503 4746 conus
2530 4693 2657 4745 dicit
2681 4691 2883 4754 Levate,
2913 4704 2967 4746 et
3016 4694 3246 4760 pontifex
3275 4695 3400 4748 dicit
3429 4697 3753 4750 orationem.
3791 4697 3914 4750 Dia-

2337 4798 2501 4837 Conus
2545 4782 2673 4836 dicit
2702 4781 3043 4835 Procedamus
3068 4799 3181 4836 cum
3215 4800 3355 4851 pace.
3397 4785 3589 4837 Schola
3631 4787 3913 4852 respondet

2340 4874 2406 4928 In
2431 4876 2630 4928 nomine
2644 4874 2852 4927 Christi.
2880 4875 2922 4927 Τ
2929 4889 3030 4927 unc
3044 4875 3396 4928 subdiaconus
3413 4875 3755 4943 t-egionarius
3779 4878 3912 4929 levat

2340 4979 2552 5018 crucem
2589 4964 2922 5018 stationalem
2956 4963 3023 5016 de
3051 4965 3225 5028 altari,
3257 4965 3411 5032 plane
3443 4974 3669 5030 portans
3706 4981 3828 5019 eam
3864 4967 3909 5018 in

2344 5055 2584 5108 manibus
2601 5068 2767 5122 usque
2796 5055 2861 5106 ad
2891 5055 3194 5107 ecclesiam.
3218 5054 3349 5107 Cum
3372 5062 3547 5106 autem
3576 5055 3727 5108 venit
3754 5056 3909 5114 foras,

2342 5145 2480 5197 levat
2502 5157 2617 5197 eam
2647 5157 2878 5208 sursom,
2911 5158 3065 5210 quam
3097 5143 3197 5198 fert
3218 5153 3339 5197 ante
3364 5145 3669 5212 pontificem
3702 5145 3756 5198 in
3796 5146 3910 5197 Pni-

2341 5235 2582 5289 cessione
2610 5249 2774 5302 usque
2801 5235 2865 5287 ad
2893 5244 3126 5288 Sanctam
3159 5236 3372 5288 Mariam
3405 5235 3684 5303 Majorem.
3720 5236 3909 5290 Primi-

2341 5324 2513 5378 cerius
2544 5324 2594 5376 in
2624 5337 2782 5376 manu
2811 5323 2939 5377 lmva
2963 5334 3106 5378 retro
3135 5326 3365 5392 regendo
3395 5327 3609 5393 pallium
3641 5327 3908 5394 pontiﬁcis

2341 5425 2461 5465 Cum
2491 5411 2795 5466 cantoribus
2820 5422 2996 5467 cantat
3018 5414 3369 5481 Antiphonam
3396 5415 3606 5467 Adoma
3627 5416 3907 5468 thalamum

2406 5531 2434 5591 ἦ
2470 5522 2545 5574 De
2571 5521 2652 5575 his
2683 5523 2996 5591 imaginibus
3028 5524 3217 5579 iterum
3250 5523 3405 5587 infra,
3435 5540 3581 5579 num.
3616 5528 3706 5582 55.

2413 5589 2440 5665 τὶ
2475 5589 2877 5665 ῌοῃειιὶυωθᾱ
2909 5593 3045 5665 idem
3059 5595 3146 5665 qui
3168 5595 3378 5665 dixerat
3394 5593 3692 5650 Flectamus
3719 5614 3906 5665 genua,

2336 5658 2661 5784 illis
2692 5663 3014 5729 temporibus
3053 5658 3316 5718 s'ubdehat
3355 5663 3556 5730 Leonte,
3583 5675 3640 5718 ut
3659 5658 3908 5735 superius
