4008 6360
104 490 238 544 1037

1304 482 1559 538 ROMANI
1599 480 1914 536 OllDlNES.
1956 513 2027 524 —-
2066 482 2155 535 XI.

3214 490 3357 546 Μὶὄὸ

106 617 268 667 tuum,
308 601 459 657 Sion.
497 598 733 652 Pontifex
762 611 883 650 cum
917 596 1034 651 aliis
1063 596 1191 651 dicit
1218 598 1484 667 psalmos;
1519 609 1572 653 et
1599 598 1677 651 sic
1705 604 1751 659 Α
1782 596 2044 660 l’salmus,
2085 595 2285 661 Lauda,
2319 596 2625 653 Jerusalem.
2664 599 2891 664 Versus,
2920 605 3046 667 Ave,
3084 603 3273 660 Maria.
3299 607 3356 664 lu
3414 602 3429 615 ί

101 690 395 760 procedens
414 687 768 742 discalceatus
796 694 922 738 ante
950 699 1130 739 arcum
1160 684 1368 750 Nervtc,
1399 686 1559 740 intrat
1589 700 1683 753 per

103 779 274 834 forum
294 776 545 846 Traiani;
572 782 630 830 et
654 774 837 828 exiens
858 788 1039 828 arcum
1061 776 1249 829 Aurea:
1278 776 1329 829 in
1359 777 1564 844 porticu
1589 775 1684 828 ab-

102 872 270 925 sidata
326 866 565 923 ascendit
617 879 713 934 per
769 865 1026 919 directum
1078 866 1211 935 (AL,
1258 865 1497 934 domum)
1534 865 1680 932 juxta

105 959 419 1021 Eudoxiam,
441 965 496 1010 et
516 955 780 1009 transiens
808 967 904 1022 per
933 952 1135 1007 silicem
1162 961 1187 989 ι
1217 952 1432 1007 domum
1458 951 1679 1021 Orphei,

104 1048 339 1103 ascendit
368 1060 460 1113 per
487 1045 693 1098 titulum
720 1050 920 1096 sancta:
950 1041 1204 1096 Praxedis
1245 1056 1413 1110 usque
1453 1041 1520 1094 ad
1554 1055 1679 1094 san-

103 1150 245 1193 ctam
290 1136 506 1191 Mariam
556 1132 841 1201 Majorem;
887 1132 1064 1201 ibique
1113 1130 1260 1185 finita
1303 1130 1601 1197 Antiphona
1651 1147 1680 1183 a

106 1230 311 1291 schola,
351 1226 710 1282 subdiaconus
753 1222 1082 1290 regionarius
1124 1236 1271 1276 more
1305 1221 1462 1276 solito
1510 1231 1683 1287 portat

106 1333 318 1373 crucem
367 1315 433 1370 ad
480 1315 668 1378 altare,
718 1320 776 1368 et
831 1311 955 1367 facit
996 1311 1278 1375 Litaniam,
1327 1310 1684 1377 reapondente

106 1410 287 1464 schola
305 1422 425 1462 cum
458 1404 734 1475 acolythis.
752 1404 815 1459 Et
830 1403 1077 1458 dominus
1098 1418 1231 1472 papa
1242 1408 1422 1457 cantat
1448 1402 1679 1466 Missam,

106 1502 201 1556 sed
244 1516 347 1554 non
375 1507 618 1553 cantatur
655 1495 835 1566 It’yrie,
858 1497 1045 1549 eler‘son
1071 1504 1288 1563 propter
1316 1494 1574 1547 litaniam.

175 1591 264 1646 30.
307 1590 538 1645 Sabban
568 1588 982 1655 Septuagesima:
1026 1586 1092 1640 ad
1145 1586 1441 1653 Vesperum
1481 1595 1684 1640 tacetur

108 1681 349 1745 Alleluia,
378 1679 646 1735 etdicitttr
669 1677 807 1729 Laus
834 1676 945 1742 tibi,
991 1674 1220 1729 Domine.
1253 1676 1364 1731 Sub
1403 1690 1504 1728 una
1534 1676 1684 1731 Anti-

108 1773 285 1839 phona
320 1769 456 1824 Voca
483 1768 737 1838 operarios
749 1781 936 1821 omnes
957 1766 1149 1820 Psalmi
1175 1773 1475 1821 cantantur.
1495 1764 1683 1819 Finitis

113 1861 385 1928 VeSperis,
419 1858 552 1927 apud
574 1865 814 1911 sanctum
838 1856 1053 1909 Petrum
1075 1855 1267 1923 legitur
1294 1854 1683 1911 Pentateuchus

1788 682 2099 753 Evangelio,
2131 683 2356 753 Spiritus
2382 697 2585 741 sanctus
2615 690 2666 742 in
2700 702 2745 744 te
2772 692 3067 758 descendet;
3096 694 3353 766 Psalmus,

1788 772 2107 841 Magni/icat.
2140 774 2218 827 Ad
2245 776 2575 840 Matutinum,
2602 778 2787 851 Regem
2814 783 3086 851 virginum,
3113 800 3231 839 cum
3262 801 3358 842 suo

1794 864 1991 919 Venite.
2018 864 2072 918 ln
2098 865 2267 935 primo
2298 878 2558 922 nocturno
2584 870 2905 940 Antiphonti,
2935 874 3126 931 Missus
3153 888 3229 933 est
3257 880 3351 933 Ga.

1786 953 1945 1018 briel;
1967 954 2228 1019 Psalmus,
2266 953 2481 1011 Domine
2512 958 2760 1014 Dominus
2789 972 2977 1017 noster.
3014 965 3315 1034 Antiphona
3342 1010 3358 1033 ,

1784 1042 1905 1107 Ave,
1939 1043 2144 1109 Maria;
2184 1045 2448 1112 Psaltnus,
2481 1047 2605 1101 Caeli
2630 1060 2891 1106 enarrant.
2917 1056 3245 1123 Antiphona,
3279 1057 3357 1113 Ne

1787 1132 1985 1197 tinteas,
2013 1134 2218 1199 Maria;
2244 1136 2504 1203 Psaltnus,
2541 1137 2752 1193 Domini
2775 1153 2845 1195 est
2871 1152 3006 1196 terra
3026 1155 3073 1199 et
3100 1147 3364 1215 plenitudo

1782 1225 1915 1289 ejus.
1949 1222 2145 1277 Versus
2165 1264 2181 1289 ,
2207 1224 2340 1291 Ave,
2374 1225 2568 1280 Maria.
2601 1227 2655 1281 ln
2696 1232 2934 1285 secundo
2965 1245 3221 1290 nocturno
3250 1242 3351 1292 Att-

1782 1309 1944 1379 tiph.,
1966 1311 2189 1381 Angelus
2210 1314 2775 1383 Dominiannuntiavit;
2798 1321 3056 1388 Psalmus,
3079 1324 3361 1385 Eructarit.

1782 1401 2085 1467 Antipltona
2105 1442 2120 1467 ,
2160 1406 2442 1473 Antequam
2462 1411 2779 1463 convenirent
2801 1428 2821 1474 ;
2852 1412 3093 1467 Psalmus
3151 1416 3360 1472 Domine

1788 1489 2036 1545 Dominus
2065 1503 2255 1545 noster.
2291 1495 2614 1562 Antiphona,
2642 1497 2796 1551 Dabit
2835 1502 2881 1553 ei
2904 1500 3155 1558 Dominus
3196 1506 3361 1570 Deus,

1783 1580 2045 1648 Psalntus,
2077 1580 2456 1639 Fundamenta.
2478 1585 2692 1654 Versus,
2725 1588 2999 1645 Benedicta
3027 1601 3083 1645 tu
3107 1595 3161 1646 in
3180 1598 3356 1649 mulie-

1780 1672 1942 1727 ribus.
1989 1673 2045 1727 ln
2082 1674 2239 1728 tertio
2270 1684 2533 1731 nocturno
2562 1677 2784 1746 Atttiplt.
2805 1716 2823 1744 ,
2857 1680 2988 1735 Ecce
3034 1686 3223 1738 ancilla
3261 1685 3361 1740 Do-

1783 1762 1949 1828 mini;
1989 1763 2251 1829 Psalntus,
2282 1766 2496 1820 Caritate
2531 1767 2777 1835 Domino,
2801 1772 2993 1839 primo.
3040 1774 3362 1843 Antiphnua,

1784 1851 1944 1906 Beata
1968 1867 2041 1917 es,
2074 1853 2278 1919 Maria;
2313 1855 2579 1921 Psalmus,
2605 1857 2855 1912 Dominus
2876 1862 3124 1926 regnauit.
3145 1865 3363 1931 Antiph.

108 1952 162 2006 in
193 1953 361 2005 tribus
391 1948 708 2004 lectionibus
731 1960 897 2016 usque
916 1945 981 1999 ad
1008 1944 1337 1999 Matutinum.
1362 1944 1441 1999 Ad
1470 1943 1679 1997 Matttti-
1708 1948 1754 2009 Β
1781 1942 1992 1997 Beatam
2016 1960 2097 1998 me
2120 1945 2288 1998 dicent
2309 1962 2514 2010 omnes;
2543 1946 2813 2014 Psalmus,
2845 1949 3078 2015 Gantate,
3106 1955 3361 2006 secundo.

109 2055 237 2094 num
279 2039 492 2105 ponitur
519 2036 760 2099 Genesis,
788 2034 932 2089 unde
973 2033 1219 2103 leguntur
1257 2047 1349 2088 ses
1392 2033 1682 2087 lectiones:

110 2131 177 2185 In
208 2130 457 2199 principio
480 2127 616 2181 Deus
651 2127 833 2181 creavit
850 2126 1029 2180 caelum
1057 2133 1105 2180 et
1134 2135 1353 2188 terram;
1382 2125 1606 2193 septima
1634 2132 1689 2177 et

107 2231 298 2275 octava
346 2220 415 2273 de
451 2217 784 2285 expositione
830 2214 1107 2283 Epistolas,
1150 2229 1288 2267 noua
1340 2212 1407 2266 de
1452 2210 1685 2265 homilia.

113 2308 380 2373 Deinceps
403 2314 605 2359 tacetur
635 2303 704 2357 Te
733 2302 917 2367 Deum,
945 2304 999 2357 et
1026 2298 1205 2354 Gloria
1234 2304 1286 2353 in
1318 2298 1527 2353 excelsis
1556 2297 1686 2361 Deo,

108 2400 216 2453 nisi
246 2398 406 2452 fuerit
432 2397 692 2451 festivitas
719 2409 908 2448 novetn
957 2394 1262 2447 lectionum.
1294 2391 1372 2446 Ad
1404 2391 1691 2444 matutinas

113 2489 328 2544 Laudes
352 2500 538 2542 omnes
566 2484 880 2549 Antiphonta
902 2497 998 2553 per
1023 2482 1266 2537 ordinem
1287 2489 1586 2533 cantentur.
1612 2477 1691 2532 Ad

111 2580 327 2634 Missam
352 2591 455 2631 non
478 2576 684 2629 dicatur
705 2572 880 2627 Gloria
900 2572 953 2624 in
978 2569 1187 2625 excelsis
1211 2569 1339 2627 Deo.
1361 2566 1454 2621 sed
1466 2565 1693 2621 Gradale

112 2685 170 2730 et
181 2671 557 2729 Tractusinfra
583 2663 1170 2731 hebdomadamlegitur
1190 2661 1255 2716 de
1270 2660 1503 2716 Levitico
1528 2672 1694 2727 usque

110 2765 170 2819 in
198 2761 408 2819 tertiam
445 2758 630 2814 feriam
659 2753 1106 2824 Quadragesimae.
1144 2751 1246 2806 lsta
1273 2750 1540 2804 Dominica
1562 2746 1695 2816 Sep-

110 2854 423 2925 tuagesima:
461 2848 621 2905 statio
660 2851 743 2902 est
788 2844 852 2898 ad
891 2851 1132 2897 sanctum
1184 2838 1526 2895 Laurentium
1568 2836 1696 2890 foris

111 2958 323 3008 muros,
344 2941 433 2996 ubi
463 2938 709 2994 dominus
747 2932 986 3004 pontifex
1026 2930 1184 2985 debet
1204 2938 1433 2994 ,cantare
1459 2926 1695 2989 Missam,

110 3043 172 3088 et
200 3035 255 3087 in
278 3028 653 3100 praedicatione
693 3032 919 3079 tractare
958 3019 1026 3074 de
1054 3017 1360 3073 lntroitibus
1385 3014 1551 3082 ipsius
1582 3013 1696 3067 Do-

111 3122 328 3176 minicaz
365 3126 421 3175 et
463 3119 753 3171 futurarum
792 3110 1203 3165 Dominicarum.
1251 3103 1699 3161 Circumdedcrnnt

111 3230 196 3266 me
216 3212 427 3279 gemitus
443 3207 623 3261 mortis
647 3203 772 3258 dicit
796 3207 1061 3271 peccator.
1089 3197 1216 3252 etin
1239 3204 1383 3248 tanta
1414 3192 1699 3247 afﬂictione

1787 2032 2005 2098 Versus,
2035 2033 2166 2087 Ecce
2188 2034 2379 2088 ancilla
2408 2035 2636 2090 Domini.
2670 2038 2794 2091 Haec
2823 2046 2948 2093 sunt
2969 2040 3317 2107 Responsoria
3347 2059 3363 2094 :

1790 2126 1979 2179 Missus
2007 2135 2079 2181 est
2106 2128 2331 2197 Gabriel,
2357 2129 2637 2197 Antequam
2652 2134 2875 2197 veniant,
2901 2133 3117 2204 Suscipe
3134 2138 3360 2203 verbum,

1790 2213 1920 2268 Ecce
1946 2216 2088 2286 virgo
2107 2259 2123 2284 ,
2154 2217 2476 2271 Salvatorem
2530 2229 2902 2289 exspectamus,
2936 2222 3194 2277 Ltetentur
3220 2228 3332 2280 coeli
3348 2268 3365 2292 ,

1792 2303 2002 2357 Orietur
2024 2306 2209 2370 stella,
2242 2304 2455 2360 Beatam
2496 2323 2576 2362 me
2612 2309 2801 2363 dicent.
2857 2310 3013 2382 134
3059 2312 3275 2380 Legitur
3304 2316 3366 2371 de

1789 2409 2038 2450 sermone
2065 2404 2120 2449 et
2144 2395 2361 2451 homilia
2393 2399 2561 2453 sancti
2593 2398 2882 2456 Ambrosii.

1868 2482 1956 2539 55.
1997 2483 2148 2539 Mane
2172 2485 2232 2538 fit
2277 2484 2512 2540 Collecta
2550 2487 2616 2541 ad
2656 2494 2898 2543 Sanctum
2928 2488 3251 2556 Adrianum‘,
3282 2493 3367 2547 ubi

1791 2570 2037 2627 dominus
2066 2587 2201 2642 papa
2228 2576 2478 2629 convenit
2504 2584 2624 2630 cum
2646 2577 2895 2632 omnibus
2915 2579 3190 2634 ordinibus
3220 2581 3368 2650 pala-

1795 2660 1875 2727 tii,
1911 2670 1964 2715 et
1984 2662 2233 2730 expensis
2257 2664 2430 2718 cereis
2463 2663 2776 2731 benedictis,
2808 2680 2930 2719 cum
2963 2682 3089 2721 xvttt
3134 2670 3366 2737 imagini-

1794 2750 1893 2805 bus
1918 2750 2261 2807 diaconorum
2289 2752 2595 2809 discalceati
2636 2765 2863 2824 pergunt
2906 2759 3368 2824 processionaliter

1794 2840 1861 2894 ad
1891 2851 2128 2895 sanctam
2159 2841 2377 2898 Mariam
2406 2842 2683 2913 Majorem.
2709 2846 2846 2900 sicut
2864 2846 3062 2900 dictum
3085 2857 3166 2902 est
3191 2849 3244 2902 in
3272 2848 3367 2902 Pu-

1797 2930 2118 2996 riflcatione;
2150 2940 2207 2987 et
2234 2933 2303 2987 ibi
2337 2944 2516 2989 cantat
2546 2935 2754 2990 Missam
2780 2944 2835 2990 et
2860 2936 3140 3006 Vesperas,
3171 2938 3372 2995 sicut‘in

1796 3021 1975 3089 vigilia
2002 3020 2203 3075 dictum
2230 3032 2332 3077 est.

1869 3099 1959 3155 δι.
1999 3100 2192 3165 Quarta
2225 3100 2356 3154 feria
2379 3140 2395 3165 ,
2438 3099 2570 3155 initii
2601 3101 3030 3169 Quadragesimze
3052 3144 3067 3166 .
3115 3106 3276 3158 statio
3305 3106 3370 3159 ad

1800 3197 2040 3243 sanctam
2068 3189 2356 3256 Sabinam;
2403 3196 2458 3244 et
2485 3189 2719 3246 Collecta
2758 3191 2824 3246 ad
2869 3201 3106 3246 sanctam
3152 3195 3372 3248 Anasta-

114 3277 326 3371 positus
351 3300 570 3355 clamat:
604 3294 860 3364 Exsurge,
889 3306 1047 3358 quare
1070 3287 1346 3351 obdormis,
1371 3282 1620 3339 Domine?
1645 3290 1700 3336 et
1723 3286 1773 3355 α
1802 3277 1957 3342 siam,
1980 3292 2085 3346 quo
2111 3277 2360 3333 dominus
2384 3293 2515 3349 papa
2545 3294 2664 3334 cum
2686 3290 2793 3334 tota
2822 3282 2972 3336 cnria
2994 3283 3167 3348 venit;
3198 3282 3377 3353 ibique

110 3406 241 3444 eum
282 3388 503 3443 ulterius
544 3400 648 3439 non
678 3381 831 3451 133
862 3380 1027 3447 possit
1054 3377 1161 3446 pati
1198 3383 1402 3429 tantum
1433 3372 1695 3436 dolorem,

112 3481 252 3536 dicit
286 3478 449 3534 :Esto
493 3474 637 3537 mihi,
672 3472 906 3534 Domine,
942 3469 998 3521 in
1036 3475 1389 3535 protectorem.
1423 3461 1539 3515 Jam
1574 3473 1700 3513 vero

114 3571 237 3636 ipse
284 3564 561 3621 conlidens
595 3561 666 3616 de
703 3555 1065 3614 misericordia
1107 3554 1221 3617 Dei,
1263 3552 1422 3606 dicit:
1459 3549 1699 3602 Miserere

112 3659 221 3711 mei
257 3654 534 3711 secundum
560 3662 797 3723 magnam
824 3642 1228 3699 misericordiam
1252 3649 1415 3693 tuam.
1444 3636 1700 3723 Dominus

112 3755 329 3805 autem.
354 3744 513 3796 tantis
551 3721 1017 3792 lamentationibus
1056 3730 1294 3801 pulsatus
1330 3727 1502 3780 dicit:
1544 3721 1699 3777 Invo-

115 3836 263 3890 carit
285 3850 383 3898 me,
415 3843 459 3886 et
480 3845 571 3897 ego
593 3827 865 3882 exaudiam
891 3838 1027 3877 eum.
1059 3820 1166 3876 Sed
1192 3827 1459 3887 peccator,
1489 3814 1701 3883 cognita

118 3929 221 3983 Dei
248 3923 615 3980 misericordia
637 3919 924 3987 respirans.
941 3912 1100 3970 dicit:
1126 3909 1375 3965 Dominus
1398 3904 1704 3959 illuminatio

115 4036 239 4073 mea
264 4025 313 4071 et
350 4016 490 4070 salus
510 4028 644 4076 mea,
666 4023 814 4079 quem
848 4003 1066 4060 timebo?
1095 4000 1247 4056 Oculi
1279 3997 1378 4051 mei
1412 4007 1608 4062 semper
1635 3992 1704 4043 ad

119 4108 431 4167 Dominum,
460 4101 704 4173 quoniam
724 4099 834 4165 ipse
861 4094 1034 4149 evellet
1060 4092 1125 4145 de
1166 4093 1345 4158 laqueo
1370 4086 1518 4155 pedes
1546 4097 1701 4135 meos.

117 4201 196 4254 Et
229 4198 372 4251 hunc
397 4195 643 4248 Tractum
670 4188 827 4242 debet
845 4186 1070 4254 jungere
1098 4193 1218 4234 cum
1253 4173 1559 4243 Evangelio.

200 4310 265 4363 51
282 4347 297 4362 .
338 4303 607 4359 Dominica
630 4294 990 4366 Sexagesima:
1019 4291 1209 4360 legitur
1228 4285 1294 4340 de
1320 4284 1449 4347 Noe,
1474 4283 1525 4335 itt
1542 4280 1709 4345 Quiu—

117 4398 437 4470 quagcsima
459 4395 526 4448 de
555 4389 846 4452 Abraham,
889 4388 942 4439 in
969 4378 1387 4470 Quadragesima
1413 4373 1478 4470 de
1506 4384 1710 4470 sermo-

119 4465 314 4555 nibus,
341 4485 394 4540 in
424 4483 576 4538 tertia
605 4479 878 4533 Dominica
906 4475 974 4529 de
992 4471 1157 4528 Jacob
1176 4478 1231 4524 et
1259 4468 1418 4529 Esau,
1444 4465 1495 4517 in
1522 4469 1709 4555 quarta

119 4581 198 4633 de
210 4547 424 4651 Joseph
445 4616 462 4643 ,
492 4574 544 4626 in
577 4570 758 4639 quinta
800 4568 865 4620 de
905 4564 1107 4633 Moyse.
1162 4560 1217 4612 In
1255 4556 1507 4611 cathedra
1540 4547 1710 4651 sancti

124 4639 283 4725 I‘eiri
310 4639 502 4737 legitur
524 4662 660 4716 sicut
690 4661 740 4713 in
771 4658 859 4712 die
888 4654 1088 4709 Natalis
1109 4652 1263 4717 ejus;
1302 4656 1478 4737 tamen
1506 4642 1571 4695 ad
1604 4639 1708 4737 γε·
1734 4644 1787 4704 1)

124 4774 325 4829 speras
365 4732 423 4811 et
470 4750 751 4808 matutinas
799 4746 1004 4802 Laudes
1046 4743 1254 4796 canitur
1296 4734 1428 4790 Ecce
1471 4732 1704 4829 sacerdos

124 4821 371 4917 magnus.
406 4846 575 4899 Statio
600 4841 654 4896 in
677 4841 792 4908 ejus
827 4838 1063 4891 basilica.
1097 4830 1356 4886 Dominus
1386 4837 1519 4895 papa
1547 4821 1706 4877 debet

123 4938 330 4993 sedere
357 4934 409 4987 in
429 4931 457 4970 δ
486 4928 735 4986 cathedra
763 4926 828 4980 ad
858 4924 1093 4979 Missam.

206 5025 303 5078 '52.
342 5025 398 5078 In
445 5019 857 5076 Annttntiatione
902 5015 1072 5068 beata:
1118 5009 1295 5064 Mariae
1342 5003 1600 5070 virginis,
1639 4998 1705 5052 ad

132 5118 408 5183 Vesperas
451 5111 791 5181 Antiphona,
826 5105 1016 5159 Missus
1067 5107 1141 5155 est
1195 5094 1408 5166 angelus
1463 5088 1708 5183 Gabriel;

132 5176 387 5262 Psaitnus
410 5242 426 5265 ,
457 5176 597 5255 Dixit
646 5198 915 5251 Dominus.
964 5190 1262 5258 Antiphonti
1283 5226 1297 5250 ,
1328 5184 1431 5236 Ave
1450 5222 1465 5246 ,
1512 5176 1720 5238 Maria;

137 5295 424 5356 Psalmus,
478 5288 744 5351 Laudate,
796 5283 963 5351 pueri.
998 5278 1319 5346 Antiphona,
1375 5271 1457 5325 Ne
1505 5268 1718 5325 timeas;

138 5386 410 5448 Psaltuus,
443 5381 667 5435 Ltetatus
688 5392 821 5431 sum.
841 5374 1163 5438 Antiphona,
1185 5366 1335 5419 Dabit
1361 5362 1408 5415 ei
1433 5358 1717 5448 Dominus;

138 5444 434 5538 Psalmus',
466 5471 583 5525 Nisi
618 5468 899 5527 Dominus;
955 5458 1277 5526 Antiphona,
1311 5452 1440 5507 Ecce
1484 5444 1717 5506 ancilla;

215 5596 242 5622 ⁸
273 5583 500 5638 Additur
524 5580 677 5642 infra,
702 5591 849 5629 num.
872 5571 960 5636 59.,
988 5570 1072 5624 ubi
1091 5566 1269 5642 cecidit
1303 5563 1487 5642 Simon
1510 5556 1713 5642 Magnis:

216 5653 247 5692 δ
273 5623 677 5714 'tlt"2§t"in"ii;s?i
696 5623 960 5697 cathedra
980 5623 1144 5692 sancti
1179 5632 1351 5696 Petri,
1374 5642 1532 5697 quam
1559 5623 1717 5678 hedie

144 5734 365 5794 quoque
399 5717 613 5771 basilica
644 5714 1230 5794 V3““““."§§fi'_i”i“:..
1265 5766 1413 5794 .-..-.-.
1439 5763 1618 5794 ....-....
1665 5759 1676 5794 ς

223 5764 751 5855 $"iIt'eEi'jiinieies
774 5764 912 5848 Quod
938 5776 1133 5831 dictum
1164 5771 1233 5824 sit
1258 5766 1413 5836 liyrie
1435 5764 1640 5824 eleison,
1665 5764 1716 5811 in

1800 3368 2014 3422 indutus
2047 3370 2161 3436 ipse
2210 3378 2265 3423 et
2313 3383 2499 3424 omnes
2526 3369 2614 3423 alii
2644 3370 2862 3425 ordines
2889 3372 3180 3427 ascendunt
3206 3374 3271 3426 ad
3302 3374 3374 3427 al-

1800 3463 1936 3509 tare.
1968 3454 2042 3509 lbi
2066 3455 2315 3511 dominus
2342 3456 2579 3525 pontifex
2601 3457 2691 3511 dat
2720 3457 2956 3512 cinerem
2988 3498 3003 3522 ,
3043 3468 3096 3512 et
3126 3460 3375 3528 primice-

1800 3546 1911 3600 rius
1935 3559 2055 3600 eum
2083 3546 2265 3601 schola
2285 3556 2465 3601 cantat
2488 3548 2865 3616 Antiphonam,
2899 3546 3105 3601 Exaudi
3130 3564 3243 3617 nos,
3269 3548 3377 3602 Do-

1800 3634 1954 3687 mine.
1989 3633 2146 3688 Facta
2168 3633 2422 3697 Collecta,
2454 3635 2691 3701 pontifex
2720 3634 3091 3697 discalceatus,
3116 3642 3171 3688 ct
3189 3648 3375 3690 omnes

1802 3724 1893 3778 alii
1919 3738 2040 3778 cum
2071 3725 2423 3779 Processione
2464 3732 2689 3794 pergunt
2730 3724 2799 3778 sd
2826 3734 3064 3780 sanctam
3094 3718 3370 3780 Sabinam.

1806 3812 2140 3869 Pritnicerius
2168 3827 2289 3866 cum
2318 3812 2501 3867 schola
2542 3824 2690 3869 retro
2730 3816 2996 3870 cantando
3036 3814 3375 3870 Immutemttr

1803 3902 1994 3955 habitu.
2024 3900 2155 3955 Cum
2177 3902 2386 3956 venerit
2414 3901 2480 3954 ad
2503 3903 2804 3966 ecclesiam,
2828 3902 3180 3958 shbdiaconus
3200 3905 3377 3972 regio-

1804 3991 2004 4056 narius,
2034 3990 2274 4057 deposita
2303 4004 2463 4045 cruce
2486 4004 2607 4046 cum
2652 3993 2832 4045 litania
2874 3991 3019 4044 vadit
3062 3992 3131 4044 ad
3169 3993 3375 4061 altare,

1805 4077 2246 4145 respondentibus
2268 4078 2448 4132 schola
2474 4088 2528 4132 et
2547 4079 2828 4147 acoly-tbis,
2858 4079 2943 4131 ubi
2970 4079 3215 4132 dominus
3241 4094 3376 4147 pott-

1808 4170 1929 4223 tifex
1957 4177 2134 4222 cantat
2177 4168 2386 4222 Missam
2418 4169 2535 4223 sine
2562 4168 2724 4239 Kyrie
2745 4209 2759 4230 ,
2804 4178 3019 4235 propter
3044 4181 3067 4209 ο
3113 4169 3371 4224 litaniam.

1806 4259 1945 4313 Ante
1966 4257 2401 4311 Commuuionem
2430 4270 2557 4311 vero
2580 4266 2687 4311 stat
2713 4256 3077 4311 subdiadunus
3116 4244 3373 4325 regiona;

1808 4349 1919 4401 rius
1953 4347 2102 4414 juxta
2132 4346 2321 4410 altare,
2349 4346 2536 4402 dcens
2556 4348 2663 4400 alta
2692 4361 2823 4400 voce
2855 4363 2868 4399 :
2899 4344 3135 4399 Crastina
3174 4348 3257 4401 die
3296 4364 3379 4401 ve-

1811 4437 1975 4491 niente
1996 4437 2148 4490 statio
2175 4436 2270 4489 erit
2300 4436 2354 4488 in
2393 4435 2605 4489 ecclesia
2627 4436 2790 4489 sancti
2810 4433 3015 4504 Georgii
3043 4437 3285 4504 martyris
3309 4438 3378 4488 ad

1818 4525 1996 4580 Velum
2023 4541 2256 4578 aureum.
2284 4523 2590 4592 Respondet
2618 4523 2798 4577 schola
2830 4522 2937 4576 Deo
2961 4524 3174 4591 gratias.
3208 4522 3276 4576 Et
3301 4523 3380 4577 sic

1815 4627 1996 4683 postea
2053 4612 2387 4682 primicerius
2444 4620 2623 4665 cantat
2676 4608 3134 4664 Communionem.
3205 4610 3375 4665 Finita

1810 4706 1990 4769 Missa,
2013 4704 2294 4774 acolythus
2313 4702 2471 4757 debet
2492 4699 2719 4757 tollered
2744 4716 3016 4771 papyrum,
3038 4709 3093 4754 et
3117 4701 3378 4768 intittgere

1810 4797 1861 4850 in
1888 4796 2006 4850 oleo
2034 4794 2269 4849 candelae
2289 4833 2307 4859 ,
2338 4801 2392 4848 et
2422 4793 2700 4860 diligenter
2726 4801 2999 4858 extergere
3021 4829 3037 4854 ,
3085 4799 3142 4845 et
3171 4800 3379 4859 portare

1809 4887 1875 4940 ad
1918 4886 2167 4954 palatium
2212 4893 2336 4938 ante
2384 4882 2686 4953 pontificem
2715 4880 2900 4935 dicens
2928 4894 2943 4932 :
2975 4877 3106 4933 lube
3126 4918 3143 4943 ,
3173 4881 3377 4943 domne,

1812 4978 2120 5030 benedicere.
2170 4972 2408 5027 Pontifex
2436 4970 2720 5025 benedicit.
2750 4969 2843 5022 Ille
2869 4981 2994 5021 vero
3013 4968 3178 5020 dicit:
3210 4965 3380 5018 Hodie

1814 5068 1911 5137 fuit
1936 5070 2087 5120 statio
2107 5063 2176 5116 ad
2202 5070 2429 5117 sanctam
2460 5059 2727 5123 Sabinam,
2751 5073 2866 5125 qua:
2902 5059 3089 5109 salutat
3128 5065 3194 5107 te.
3241 5054 3386 5108 Pone

1821 5154 1948 5209 tifex
1972 5153 2257 5222 respondet
2281 5150 2387 5204 Deo
2412 5151 2625 5218 gratias.
2651 5145 2940 5211 Acolythus
2966 5149 3306 5210 repraesentat
3325 5144 3378 5207 ei

1822 5220 2076 5317 papyrum
2100 5283 2115 5306 ,
2142 5242 2231 5310 qui
2260 5241 2526 5294 osculatur
2550 5253 2672 5292 eum
2702 5249 2799 5305 pro
2824 5232 3103 5287 devotione
3126 5232 3335 5287 Sancta:
3360 5220 3403 5298 ,λ’

1820 5344 1873 5389 et
1899 5336 1985 5387 dat
2015 5347 2134 5387 eum
2163 5326 2507 5385 cubiculario.
2538 5325 2900 5380 Cubicularius
2924 5320 3150 5388 reponit,
3178 5328 3233 5374 et
3259 5320 3380 5372 dili-

1820 5434 2003 5495 genter
2030 5422 2277 5476 observat
2317 5430 2486 5485 usque
2511 5414 2575 5467 ad
2606 5423 2829 5468 mortem
2862 5407 3145 5479 pontiﬁcis.
3193 5408 3258 5462 Et
3304 5408 3383 5461 sic

1819 5535 2092 5608 prtctttissa
2125 5530 2327 5608 litanip,
2364 5526 2519 5608 infra.
2554 5522 2818 5608 ηυηιςιδξο
2860 5592 2903 5608 ,ν
2951 5606 2954 5608 λ

1890 5589 1915 5642 α
1946 5606 2035 5657 Sic
2063 5589 2399 5667 appellabant
2418 5606 2625 5667 veteres
2645 5592 2980 5667 ellychniunt
2996 5591 3046 5643 in
3074 5589 3302 5667 lucernis
3325 5596 3379 5667 ct

1818 5656 1987 5729 cereis
2022 5656 2349 5723 adhibitum.
2399 5665 2499 5719 Adi
2548 5656 2877 5715 Glossarium
2940 5658 3261 5727 Cangianuut
3312 5656 3378 5708 ad

1822 5755 2006 5797 vocem
2039 5737 2293 5805 Papyrns.
