4008 6344
668 442 801 498 103)

1372 433 1710 491 ΑΡΡΕΜἨΧ
1753 434 1842 488 ΔΙ)
1882 436 1938 490 S.
1982 435 2241 490 GRECOI

2354 437 2562 492 MAle
2609 437 2974 493 LiTUllGlCA
3014 439 3264 494 OPERA.

3801 446 3922 498 ιίῖὶΰ

663 556 721 608 [ξι
766 553 817 605 iu
861 547 1104 601 omnibus
1144 545 1475 601 stationibus.
1523 545 1601 598 Ad
1631 552 1852 599 mortem
1884 543 2010 598 facit
2039 561 2103 599 ex
2151 545 2227 599 eis
2261 551 2301 602 Λ
2334 562 2416 599 no.
2454 546 2506 599 lu
2541 545 2826 600 secretario
2857 546 3092 613 pontifex
3119 548 3375 615 induitur,
3399 556 3452 602 et
3490 550 3662 604 intrat
3701 551 3778 605 ad
3808 554 3922 607 Mis-

650 639 954 711 .pulvillutn,
982 645 1033 689 et
1060 635 1211 703 ponit
1237 634 1336 687 sub
1363 634 1534 701 capite
1562 636 1676 700 ejus
1702 635 1755 687 in
1785 635 2049 701 sepulcro.

732 727 820 779 55.
862 724 1082 788 Quando
1111 721 1336 775 efﬁcitur
1362 720 1616 786 Collecta,
1645 722 1709 773 ad
1742 721 1950 774 Missam
1982 736 2086 775 non
2109 736 2234 774 can--

661 825 800 868 tatur
830 812 1010 880 Hyrie,
1044 812 1163 879 quia
1201 811 1527 879 legionarius
1554 810 1683 863 dixit
1715 811 1767 864 in
1810 811 2012 863 litania.
2046 812 2110 864 Et
2142 826 2235 878 per

658 916 823 958 totam
851 901 1324 970 Quadragesimam
1369 900 1653 954 reiteratur
1679 898 1910 954 Gradale
1940 898 2077 953 infra
2107 900 2233 954 heb-

658 993 940 1048 tlomadam
963 1035 978 1057 ,
1002 995 1101 1046 nisi
1132 991 1295 1046 fuerit
1320 993 1511 1061 aliquis
1537 1002 1756 1048 tractus.
1799 994 2031 1047 Collecta
2061 994 2113 1046 ﬁt
2150 1008 2236 1047 se-

656 1083 829 1137 cunda
860 1081 1011 1146 frriu,
1044 1092 1229 1148 quarta
1259 1091 1313 1134 et
1341 1093 1493 1134 sema
1515 1122 1530 1147 ,
1585 1082 1738 1152 135
1769 1089 1821 1135 et
1864 1082 2096 1136 Sabhato
2144 1097 2236 1147 rer

660 1179 824 1224 totam
869 1169 1377 1237 Quadragesimam;
1425 1176 1481 1223 et
1528 1169 1580 1222 in
1633 1180 1860 1236 quatuor
1906 1171 2234 1237 temporibus

660 1260 823 1315 totius
852 1260 997 1325 anni,
1040 1267 1093 1312 et
1138 1259 1188 1309 in
1218 1258 1399 1324 quinta
1451 1256 1582 1311 feria
1621 1258 1687 1309 ad
1732 1268 1970 1311 sanctam
2013 1259 2233 1312 Mariam

663 1361 808 1402 trans
835 1349 1095 1414 Tiberim,
1129 1355 1183 1400 et
1206 1347 1271 1399 ad
1302 1358 1545 1400 sanctum
1576 1348 1955 1415 Apollinarem.

733 1438 819 1492 56.
865 1437 1138 1490 Dotninica
1167 1436 1382 1501 La’tare,
1414 1433 1718 1499 Jerusalem,
1750 1438 1909 1489 statio
1929 1433 1995 1489 ad
2024 1436 2235 1489 Jerusa-

672 1532 772 1583 lem
805 1529 857 1580 in
890 1528 1087 1596 palatio
1115 1526 1452 1591 Sessoriano,
1487 1527 1574 1580 ubi
1603 1528 1845 1580 dominus
1876 1526 2111 1596 pontifex
2142 1527 2236 1579 ho-

664 1622 884 1677 noriﬁce
909 1631 1085 1675 cantat
1113 1623 1346 1684 Missam,
1377 1622 1577 1676 habens
1609 1623 1661 1676 in
1685 1639 1840 1676 manu
1872 1639 1964 1676 sua
1990 1632 2013 1657 ιι
2062 1638 2234 1677 rosnm

664 1718 729 1768 de
755 1728 884 1767 auro
912 1727 1034 1767 cum
1062 1728 1265 1767 musco.
1307 1712 1435 1767 Post
1464 1714 1803 1783 Esangelium
1843 1714 2082 1767 ascendit
2120 1716 2235 1782 pul-

672 1806 867 1872 pitum,
901 1812 957 1857 et
984 1803 1232 1871 praedicat
1258 1802 1327 1856 de
1351 1804 1511 1867 flore,
1536 1812 1590 1857 et
1617 1802 1812 1857 rubore
1843 1817 1999 1868 rosae,
2029 1813 2082 1857 et
2108 1803 2237 1857 odo-

2333 652 2444 689 sam
2470 637 2585 689 sine
2612 639 2875 706 mappula.
2918 638 3258 693 Primicerius
3286 648 3467 694 mantat
3494 641 3793 697 lntroitum
3822 646 3923 700 sine

2333 725 2511 776 Gloria
2540 723 2707 777 Patri.
2754 725 3016 777 Diaconus
3038 726 3171 778 dicit
3197 727 3545 795 Evangelium
3588 730 3699 783 hoc
3728 732 3889 785 modo
3913 751 3922 783 :

2337 814 2582 868 Dominus
2632 817 2909 869 vobiscum.
2961 816 3271 884 Respondet
3306 819 3501 872 schola
3551 831 3609 874 et
3653 823 3843 876 dicit:
3877 824 3929 876 Et

2335 919 2448 954 rum
2471 904 2651 972 spiritu
2680 908 2788 956 tuo.
2820 905 2882 956 Et
2913 905 3082 958 dicit:
3118 905 3301 959 Passio
3334 907 3544 962 Domini
3586 913 3766 964 nostri
3813 911 3928 963 less

2337 990 2526 1044 Christi
2556 994 2836 1046 secundum
2866 993 3185 1050 Matt/neum.
3215 995 3519 1065 Respondet
3543 1001 3731 1055 schola
3766 1001 3796 1038 ἀ
3821 1002 3931 1055 Clo—

2334 1084 2412 1134 ria
2438 1083 2548 1145 tibi,
2574 1083 2805 1139 Domine.
2832 1084 2897 1138 Et
2925 1096 3104 1153 postea
3137 1088 3329 1156 legitur
3353 1091 3728 1159 Evangeliutn,
3757 1105 3813 1149 et
3836 1111 3928 1149 non

2339 1172 2671 1237 praedicatur.
2698 1172 2754 1227 In
2785 1185 2972 1243 quarta
3002 1191 3130 1230 vero
3160 1178 3290 1231 feria
3318 1190 3373 1232 et
3398 1191 3548 1235 sexta
3577 1184 3865 1237 sulummo
3884 1192 3926 1238 lo

2336 1276 2455 1314 cunt
2483 1264 2910 1329 pronuntiatione
2936 1265 3123 1333 legitur
3145 1265 3485 1337 Evangelium
3512 1270 3799 1328 Passionis
3820 1277 3926 1328 sine

2336 1351 2674 1413 salutatione,
2704 1361 2757 1406 et
2787 1356 2902 1407 sine
2931 1355 3300 1422 responsione.

2406 1438 2495 1497 59.
2552 1442 2606 1495 In
2636 1442 2799 1497 (laena
2850 1444 3056 1498 Domini
3098 1460 3265 1511 usiue
3313 1448 3367 1501 in
3424 1450 3661 1505 Sabbato
3699 1462 3922 1508 sancto:

2341 1531 2496 1596 Deus,
2532 1534 2585 1584 in
2628 1533 2941 1603 adjutorium
2978 1549 3145 1586 meum
3180 1536 3386 1590 intende
3431 1555 3535 1592 non
3564 1541 3787 1607 dicitur,
3836 1560 3925 1598 nec

2344 1624 2713 1676 lnvitatorium
2739 1664 2755 1687 ,
2789 1639 2886 1677 nec
2916 1622 3098 1678 Gloria
3128 1626 3273 1679 Patri
3304 1628 3357 1680 in
3402 1629 3661 1698 Psalmis;
3692 1636 3795 1687 sed
3847 1639 3925 1688 in-

2339 1713 2467 1778 cipit
2494 1712 2645 1766 Zelus
2673 1714 2852 1765 domus
2880 1722 2999 1776 tuae,
3030 1713 3165 1768 sicut
3190 1717 3239 1769 in
3272 1718 3654 1785 Antiphonario
3678 1727 3929 1777 contine-

2344 1813 2447 1853 tur.
2480 1800 2588 1855 Nec
2614 1800 2896 1871 presbyter
2923 1801 3049 1854 dicit
3076 1802 3321 1865 Oremus;
3348 1804 3515 1859 lector
3535 1823 3640 1861 non
3668 1812 3809 1878 petit
3831 1813 3931 1865 Be-

666 1908 746 1956 re,
778 1893 1062 1947 ostendens
1101 1906 1218 1944 eam
1262 1892 1478 1958 populo.
1505 1890 1705 1945 Deinde
1746 1900 1937 1945 tractat
1961 1891 2028 1944 de
2056 1891 2233 1944 Evan-
2268 1905 2314 1963 Β
2342 1888 2728 1953 uedictionem;
2769 1889 2983 1956 quando
3011 1890 3124 1943 linit
3160 1905 3266 1944 non
3309 1892 3439 1946 dicit
3467 1893 3548 1946 Tu
3574 1908 3783 1960 autem,
3823 1899 3928 1953 Do-

667 1987 826 2054 gelio.
858 1985 1035 2039 Factis
1064 1985 1329 2047 laudibus,
1358 1992 1412 2038 et
1439 1984 1585 2038 ﬁnita
1615 1985 1791 2049 Missa,
1823 1986 1895 2039 ibi
1924 1988 2118 2055 accipit
2145 2001 2237 2041 co—

666 2088 874 2135 ronam,
916 2081 971 2125 et
1011 2082 1297 2125 coronatus
1338 2086 1461 2126 cum
1514 2073 1895 2137 Processioue,
1939 2075 2077 2129 sicut
2124 2091 2240 2131 mos

670 2170 773 2227 est,
806 2160 945 2214 redit
974 2162 1039 2213 ad
1070 2161 1345 2228 palatium.
1381 2161 1561 2231 Longe
1587 2171 1711 2216 ante
1734 2162 2048 2219 descensum
2079 2168 2241 2234 ponti-

662 2252 782 2305 ficis
808 2250 1082 2305 descendit
1113 2251 1415 2318 praefectus,
1467 2262 1523 2308 et
1565 2254 1808 2320 pedester
1844 2255 2089 2310 adextrat
2117 2272 2238 2311 eum

666 2354 833 2409 usque
860 2340 928 2395 ad
954 2342 1127 2395 locum
1150 2340 1240 2394 ubi
1265 2342 1497 2410 pontifex
1523 2343 1880 2399 descensurus
1903 2355 1983 2400 est
2008 2363 2022 2410 ;
2056 2348 2127 2400 ibi
2150 2348 2243 2401 dat

665 2432 714 2483 ci
740 2444 936 2492 rosam,
965 2439 1018 2482 et
1046 2430 1329 2499 przefectus
1350 2432 1623 2486 osculatur
1645 2431 1805 2500 pedes
1835 2434 1969 2501 ejus.
2003 2435 2244 2503 Acceptis

668 2518 930 2583 laudibus,
958 2530 1010 2572 et
1032 2520 1303 2574 celebrata
1334 2535 1553 2589 corona,
1598 2522 1739 2575 sicut
1770 2537 1886 2578 mos
1906 2533 1986 2578 est
2011 2565 2027 2589 ,
2058 2538 2246 2579 omnes

668 2610 891 2663 redeunt
917 2611 982 2662 ad
1016 2611 1249 2678 propria.

738 2701 826 2753 57.
869 2699 1141 2754 Dominica
1170 2700 1238 2755 de
1286 2699 1542 2756 Passione
1587 2702 1801 2769 ponitur
1828 2703 2087 2758 .leretnias
2128 2721 2245 2772 pro-

668 2790 850 2857 pheta.
882 2787 1012 2841 Tres
1059 2789 1316 2843 lectiones
1365 2790 1433 2844 de
1479 2790 1671 2845 eodem
1720 2792 2011 2860 prephcta,
2045 2802 2152 2847 tres
2181 2794 2249 2848 de

667 2895 948 2947 sermone,
1000 2882 1223 2948 septima
1256 2888 1311 2936 et
1340 2890 1526 2935 octava
1557 2884 1625 2937 de
1645 2880 2016 2952 expositioneb
2052 2883 2252 2951 Episto-

668 2971 752 3034 Le,
784 2985 918 3024 nona
946 2970 1014 3022 de
1058 2969 1274 3023 homilia
1300 3010 1315 3034 ,
1344 2978 1398 3022 et
1427 2970 1572 3023 aliud
1594 2968 1829 3024 ofﬁcium
1857 2980 1879 3009 ε
1917 2978 2083 3024 totum
2114 2972 2251 3025 sicut

671 3060 928 3127 scriptum
957 3067 1060 3111 est.
1091 3058 1170 3110 Ab
1199 3058 1301 3111 isto
1329 3057 1417 3112 die
1450 3073 1617 3126 usque
1646 3058 1700 3112 iu
1728 3058 1963 3113 Sabbato
1982 3069 2166 3113 sancto
2196 3061 2249 3113 in

672 3148 816 3200 nullo
862 3147 1244 3212 ReSpousorio,
1295 3156 1352 3201 et
1390 3146 1444 3200 in
1492 3147 1638 3201 nullo
1686 3147 1883 3211 Venite,
1933 3156 1987 3203 et
2031 3148 2250 3202 lntroitu

671 3243 914 3288 cantatur
945 3233 1123 3287 Gloria
1146 3233 1315 3289 Patri.

742 3323 830 3377 58.
873 3323 1147 3377 Dominica
1170 3323 1222 3376 in
1252 3324 1455 3378 Palmis
1481 3364 1495 3388 ,
1547 3325 1621 3383 ad
1640 3324 1951 3379 Matutinum
1977 3366 1994 3391 ,
2042 3336 2149 3380 tres
2175 3329 2249 3382 le-

679 3416 885 3469 ctiones
911 3414 978 3469 de
1007 3413 1256 3478 Jeremia,
1291 3423 1397 3469 tres
1424 3414 1489 3468 de
1516 3429 1763 3469 sermone
1793 3414 2061 3469 Passionis
2086 3434 2101 3482 ;
2131 3418 2249 3473 dua;

674 3506 741 3561 de
790 3504 1044 3574 Epistola,
1088 3519 1227 3557 nona
1279 3502 1627 3574 Evangelium
1660 3504 1945 3571 passionis.
1980 3504 2248 3559 Matutine:

673 3595 883 3649 Laudes
913 3610 1032 3648 cum
1063 3594 1173 3649 suis
1204 3595 1524 3663 Antiphonis
1545 3635 1561 3659 ,
1595 3596 1731 3649 sicut
1778 3596 1829 3648 in
1858 3594 2248 3663 Antiphonario

675 3686 1002 3748 continetur;
1034 3685 1297 3754 reliquum
1329 3684 1561 3739 ofﬁcium
1606 3686 1744 3741 sicut
1771 3687 1994 3741 ecclesia
2028 3703 2247 3743 consue-

675 3774 770 3835 vit.
812 3775 960 3828 Mane
1004 3776 1162 3827 statio
1203 3775 1267 3827 ad
1314 3774 1670 3838 Lateranum,
1704 3775 1789 3828 ubi
1822 3776 2011 3844 palma:
2032 3787 2153 3831 sunt
2181 3779 2247 3832 ab

674 3860 936 3930 acolythis
988 3861 1227 3916 collecta:
1279 3863 1329 3915 in
1376 3862 1596 3916 basilica
1644 3865 1810 3918 sancti
1856 3864 2095 3920 Silvestri
2125 3907 2140 3930 ,
2180 3866 2248 3922 de

683 3956 871 4022 quibus
901 3955 1029 4010 dant
1072 3956 1302 4026 acolythi
1350 3956 1479 4027 [Αι.,
1509 3956 1666 4011 datur
1692 3956 1970 4029 acolythis]
2013 3960 2246 4014 basilica:

672 4049 839 4101 sancti
866 4048 1029 4115 Petri,
1057 4059 1109 4102 et
1139 4048 1407 4117 accipiunt
1433 4050 1498 4103 de
1528 4048 1696 4103 altare
1727 4065 1816 4102 vm
1862 4049 1994 4120 [Al.,
2021 4047 2080 4119 ιι]
2120 4051 2246 4104 soli-

671 4140 789 4194 dos.
846 4139 1056 4194 Palmas
1096 4150 1272 4193 autem
1302 4141 1575 4206 prmdicta:
1612 4140 1845 4193 basilica:
1883 4142 2052 4196 saneti
2084 4142 2245 4196 Silve-

671 4229 769 4283 stri
814 4244 950 4284 unus
1003 4228 1070 4282 de
1099 4229 1458 4283 cardinalibus
1498 4228 1667 4282 sancti
1700 4228 1966 4282 Laurentii
2012 4229 2244 4283 basilicae

676 4320 727 4370 in
754 4317 948 4385 palatio
979 4316 1268 4383 benedixit,
1298 4331 1428 4385 quas
1456 4317 1663 4371 ostiarii
1705 4325 1917 4386 portant
1969 4318 2021 4373 in
2072 4320 2246 4373 basili-

670 4424 786 4461 cam
819 4408 1142 4462 Leoniunam
1170 4409 1236 4461 ad
1268 4408 1590 4475 pontiﬁcem.
1635 4408 1834 4463 lndutis
1867 4411 2112 4464 omnibus
2157 4427 2243 4464 or-

673 4496 885 4552 dinibus
931 4498 1129 4564 palatii,
1175 4497 1413 4562 pontifex
1462 4498 1715 4566 expendit
1772 4499 1996 4564 palmas.
2050 4500 2242 4554 Postea

2342 1978 2493 2041 mine,
2527 1978 2620 2031 sed
2666 1992 2731 2032 ex
2774 1978 2950 2032 verbis
2996 1980 3241 2033 lectionis
3275 1980 3493 2048 jubetur
3520 1984 3693 2040 facere
3741 1988 3929 2041 tinem.

2344 2065 2624 2119 Lectiones
2655 2065 2903 2133 leguntur
2939 2082 3127 2121 novem
3148 2108 3163 2133 ,
3197 2077 3305 2122 tres
3330 2069 3397 2123 de
3425 2071 3813 2130 lamentatione
3836 2077 3930 2131 Je-

2342 2153 2525 2209 remiae
2557 2155 2849 2222 prophetae,
2877 2156 2994 2209 alia:
3024 2157 3090 2209 de
3110 2160 3445 2225 expositione
3476 2161 3789 2231 Evangelii:
3826 2182 3929 2219 no-

2342 2258 2459 2296 vem
2483 2244 2672 2313 psalmi
2703 2253 2758 2297 et
2784 2255 2903 2298 octo
2934 2248 3298 2313 responsoria.
3328 2249 3579 2317 Sequitur
3610 2252 3929 2307 Hatutinum

2342 2347 2460 2385 cum
2491 2334 2603 2386 suis
2630 2334 2824 2402 Antiph
2848 2335 2944 2387 bnis
2972 2345 3024 2389 et
3056 2335 3312 2402 Psalmis;
3341 2354 3445 2406 quo
3477 2342 3754 2409 completo
3777 2383 3793 2407 ,
3827 2361 3929 2396 non

2343 2422 2538 2475 dicitur
2573 2422 2748 2491 Ii’yrie,
2782 2423 2875 2477 sed
2895 2434 3138 2477 cantatur
3161 2426 3392 2479 Christus
3419 2428 3587 2496 [actus
3616 2441 3689 2483 est
3717 2448 3819 2500 pro
3840 2450 3931 2485 no-

2344 2513 2417 2565 bis
2446 2512 2678 2565 obediens
2707 2529 2865 2582 usque
2891 2514 2958 2565 ad
2982 2523 3213 2579 mortem,
3240 2526 3292 2570 et
3317 2518 3539 2572 tacendo
3566 2522 3851 2575 recedunt.
3878 2525 3929 2575 lu

2349 2602 2634 2655 l'arasceve
2663 2602 2986 2668 protendunt
3012 2602 3234 2656 Mortem
3260 2620 3429 2659 autem
3453 2610 3661 2671 crucis;
3700 2612 3755 2663 in
3796 2612 3931 2665 Sab-

2354 2691 2499 2756 bato,
2527 2691 2789 2755 similiter,
2822 2690 3044 2758 PrOpter
3079 2694 3218 2761 quod
3246 2705 3293 2746 et
3322 2693 3461 2748 Deus
3486 2700 3726 2751 exultavit
3764 2700 3930 2765 illum,

2349 2791 2394 2832 ct
2419 2782 2555 2833 dedit
2584 2780 2661 2832 illi
2692 2796 2872 2833 nomen
2900 2782 3036 2850 quod
3065 2791 3139 2834 est
3157 2799 3309 2851 super
3338 2799 3483 2838 omne
3510 2803 3715 2841 nomen.

2420 2870 2507 2924 40.
2555 2870 2634 2923 Ad
2666 2872 2877 2925 Missam
2906 2873 3183 2928 descendit
3219 2890 3459 2931 summus
3485 2880 3722 2946 pontifex
3760 2881 3816 2933 in
3849 2897 3929 2934 se.

2350 2961 2662 3015 cretariunt.
2697 2962 3016 3029 Praeparatis
3045 2964 3298 3031 ampullis
3323 2968 3493 3033 plenis
3519 2970 3673 3033 oleo,
3700 2972 3935 3023 mi-citat

2349 3052 2642 3105 balsamum
2671 3066 2791 3105 cum
2821 3052 2959 3106 oleo.
3010 3053 3211 3108 Deinde
3245 3071 3302 3109 se
3334 3057 3510 3112 ittduit
3539 3076 3663 3112 cum
3687 3063 3935 3114 omnibus

2351 3142 2492 3207 aliis,
2525 3154 2576 3196 et
2606 3142 2763 3197 habet
2794 3152 2997 3211 septem
3020 3145 3340 3200 candelabra
3366 3157 3489 3203 ante
3509 3165 3569 3204 se
3589 3165 3824 3204 accensa
3846 3195 3860 3215 ,
3890 3164 3935 3204 tt

2280 3244 2326 3308 ρ
2354 3244 2472 3284 cum
2503 3233 2839 3299 processione
2872 3233 3110 3300 procedit
3158 3234 3223 3288 ad
3256 3235 3425 3290 altare
3462 3252 3584 3291 cum
3627 3239 3801 3294 linteo
3845 3259 3934 3296 ex-

2356 3330 2510 3374 tenso
2536 3334 2695 3388 super
2718 3331 2875 3389 caput
2907 3322 3039 3389 ejus.
3081 3323 3421 3379 Primicerius
3441 3329 3717 3382 osculatur
3738 3345 3935 3397 scapu-

2352 3410 2457 3463 lam
2490 3410 2751 3477 pontiﬁcis
2775 3450 2792 3475 ,
2818 3418 2871 3465 et
2901 3419 3079 3464 cantat
3110 3413 3384 3468 Introitum
3416 3431 3537 3470 cum
3563 3418 3751 3471 Gloria
3787 3420 3932 3471 Patri

2348 3509 2404 3554 et
2444 3499 2623 3570 It’yrie.
2667 3500 2912 3555 Pontifex
2964 3503 3145 3571 incipit
3178 3519 3191 3555 :
3243 3503 3421 3557 Gloria
3458 3507 3511 3559 in
3556 3510 3779 3562 excelsis
3814 3509 3937 3561 Deo.

2352 3589 2689 3643 Primicerius
2717 3604 2839 3644 cum
2870 3589 3046 3643 schola
3080 3591 3382 3659 respondet.
3412 3594 3524 3661 Qua
3559 3597 3708 3649 ﬁnita
3730 3638 3751 3661 ,
3802 3614 3936 3664 pon-

2350 3679 2479 3733 tifex
2528 3694 2686 3732 unam
2743 3688 2945 3733 tantum
3003 3679 3308 3736 Orationem
3353 3684 3501 3738 dicit.
3557 3687 3941 3743 Subdiaconns

2349 3768 2477 3837 legit
2517 3770 2805 3839 Episllllam
2856 3770 2909 3823 in
2950 3772 3202 3826 amboue.
3256 3773 3366 3827 Duo
3394 3785 3648 3830 cantores
3675 3779 3940 3850 incipiunt

2348 3858 2576 3913 Gradale
2604 3876 2617 3910 :
2650 3858 2881 3913 Christus
2917 3862 3080 3927 factus
3120 3875 3195 3915 est
3226 3880 3316 3932 pro
3343 3866 3487 3919 nobis
3523 3869 3800 3925 obediens.
3834 3873 3939 3925 Pri-

2348 3949 2596 4003 micerius
2622 3964 2743 4003 cum
2775 3950 2954 4004 schola
2998 3952 3289 4021 reSpondet
3313 3994 3329 4019 ,
3365 3964 3421 4008 et
3450 3955 3524 4009 illi
3557 3957 3667 4010 duo
3688 3970 3943 4014 cantores

2347 4043 2600 4094 reiterant
2644 4039 2891 4095 Gradale.
2944 4042 3209 4097 Diaconos
3256 4044 3387 4113 legit
3437 4047 3820 4115 Evangelium.
3876 4053 3941 4103 Eo

2346 4130 2470 4197 die,
2503 4131 2655 4201 137
2687 4132 2810 4185 dum
2853 4132 3100 4188 dominus
3141 4135 3379 4202 pontifex
3429 4140 3734 4207 prazdicat,
3771 4143 3939 4195 cardi-

2346 4221 2494 4274 nales
2516 4222 2691 4275 lcvant
2714 4231 2737 4258 °
2770 4236 3008 4277 mensam
3036 4224 3106 4278 de
3129 4225 3281 4279 altari
3305 4268 3322 4291 ,
3348 4234 3401 4279 et
3430 4228 3711 4283 denudent
3734 4231 3938 4291 altare,

2344 4318 2398 4363 et
2424 4321 2623 4377 ponunt
2650 4325 2767 4364 eam
2798 4311 2849 4364 in
2881 4326 3073 4365 securo
3105 4312 3242 4368 loco.
3284 4314 3503 4369 Peracta
3529 4318 3938 4385 praedicatione,

2346 4398 2469 4452 facit
2499 4400 2868 4454 remissionem
2891 4442 2905 4464 ,
2933 4402 3130 4469 populo
3157 4403 3444 4471 benedicit,
3476 4415 3531 4459 et
3553 4408 3851 4462 descendit
3881 4413 3935 4460 ad

2344 4490 2524 4545 sedem
2549 4532 2564 4555 ,
2598 4492 2686 4545 ubi
2716 4493 2925 4545 nuntiat
2960 4492 3120 4546 Credo
3145 4495 3196 4546 in
3236 4512 3393 4547 unum
3426 4496 3614 4551 Deum.
3648 4499 3933 4553 Oﬁ'erenda

668 4587 778 4638 exit
806 4586 930 4640 inde
958 4601 1079 4639 cum
1110 4587 1483 4653 processione;
1536 4586 1871 4654 primicerius
1909 4602 2028 4640 cum
2056 4589 2233 4642 schola
2267 4584 2315 4643 Ι)
2344 4597 2447 4634 non
2469 4580 2681 4646 dieitur.
2712 4581 2805 4635 sed
2839 4582 2984 4635 solus
3012 4581 3245 4650 pontifex
3272 4586 3440 4639 intrat
3467 4586 3531 4639 ad
3562 4589 3745 4644 altare
3763 4589 3935 4643 adsa-

670 4677 934 4731 cantatnlo
963 4674 1118 4729 Pueri
1160 4676 1511 4739 Hebraeorum,
1544 4685 1598 4729 et
1638 4677 1770 4730 alias
1803 4675 2136 4744 Antiphonas
2162 4692 2242 4732 us-

669 4783 774 4836 que
798 4776 923 4823 ante
973 4769 1165 4820 ostium
1197 4767 1435 4821 ecclesize
1485 4766 1653 4820 sancti
1702 4765 2032 4830 Salvatoris;
2064 4768 2239 4836 ibique

667 4872 829 4927 super
874 4857 1069 4926 gradus
1089 4857 1267 4925 posito
1309 4856 1560 4909 subsellio
1589 4856 1822 4923 pontifex
1854 4856 2023 4908 sedet.
2056 4855 2242 4910 Primi-

666 4947 841 4999 cerius
868 4960 989 4999 cum
1015 4946 1194 4997 schola
1229 4944 1409 5012 incipit
1441 4943 1640 5011 Gloria,
1666 4944 1777 4997 laus
1805 4952 1852 4996 et
1880 4945 2062 5017 honor.
2087 4945 2239 4998 Prior

670 5034 994 5088 lzasilicarius
1032 5035 1097 5086 ad
1123 5034 1361 5087 clausum
1391 5034 1583 5087 osﬁum
1617 5034 1771 5103 136
1809 5048 1929 5087 cum
1959 5034 2239 5088 subdiaco-

667 5125 824 5179 nihus
852 5133 999 5178 stans
1030 5124 1314 5190 rcSpondet
1337 5160 1352 5185 ,
1399 5131 1453 5176 et
1495 5132 1673 5191 cantat
1700 5121 1898 5176 Versus
1927 5121 2021 5176 Cui
2047 5125 2241 5192 puerile

665 5215 841 5268 decus.
889 5213 968 5266 Ad
996 5226 1182 5265 omnes
1211 5211 1343 5264 duos
1370 5223 1556 5263 versus
1604 5211 1890 5277 reSpondet
1918 5212 2097 5265 schola
2120 5254 2135 5277 ,
2186 5222 2241 5267 et

662 5300 792 5354 dicit
834 5301 1047 5365 Gloria,
1097 5302 1206 5353 laus
1253 5307 1298 5351 et
1348 5300 1529 5350 honor.
1561 5298 1765 5364 Quibus
1802 5299 2002 5363 ﬁnitis,
2056 5315 2238 5367 aperto

667 5393 806 5447 ostio
834 5394 1032 5446 intrant
1057 5393 1334 5448 ecclesiam
1358 5389 1620 5444 cantando
1648 5406 1661 5442 :
1697 5388 2022 5459 lngrediente
2061 5392 2239 5443 Domi-

700 5574 709 5584 _
736 5513 761 5539 ἰ
793 5503 867 5557 De
897 5504 997 5561 hac
1025 5518 1143 5557 rosa
1172 5502 1367 5556 videsis
1394 5502 1673 5554 observata
1712 5500 1763 5552 in
1794 5500 2067 5555 Glossario
2095 5505 2234 5557 Can-

662 5587 840 5642 ginno.

734 5640 758 5677 δ
793 5641 992 5691 Forsan
1028 5640 1278 5706 Epistula:
1307 5639 1373 5691 ad
1406 5639 1657 5691 llchrazos
1699 5653 1763 5691 ex
1784 5648 1917 5707 κων.
1960 5655 2047 5692 Χιε
2086 5640 2230 5693 Chri-

662 5716 767 5760 stus
798 5709 1035 5774 assistens
1068 5709 1315 5774 pontifex,
1348 5720 1454 5759 etc.

740 5784 761 5811 ε
803 5773 1057 5826 Nimirum
1133 5774 1339 5829 Laudes
1417 5774 1733 5840 matutiuw,
1798 5783 1852 5831 et
1905 5776 2022 5831 alia:
2076 5778 2233 5834 liora:

2346 4670 2602 4724 criﬁcium
2626 4711 2639 4731 ,
2665 4669 2733 4725 de
2766 4686 2871 4739 quo
2896 4671 3160 4728 sacrificio
3199 4684 3377 4728 servat
3405 4689 3505 4743 pro
3526 4677 3637 4730 alio
3661 4677 3756 4732 die
3780 4680 3933 4731 Para-

2344 4777 2538 4817 scevae.
2571 4762 2885 4816 Sanctiﬁcat
2912 4763 3151 4817 chrisma
3175 4774 3229 4819 et
3256 4766 3457 4831 oleum,
3487 4767 3632 4820 sicut
3660 4769 3717 4821 in
3746 4768 3937 4823 Ordine

2344 4854 2633 4922 episcopali
2655 4854 2855 4907 dictum
2880 4862 2984 4906 est.
3017 4853 3358 4909 Primicerius
3386 4871 3509 4909 cum
3542 4857 3735 4912 schola
3757 4870 3935 4911 cantat

2342 4944 2520 5011 Agnus
2551 4943 2686 5008 Dei,
2717 4944 2887 4998 tribus
2920 4942 3153 5008 vicibus,
3197 4942 3444 4998 Miserere
3482 4948 3632 4999 nobis
3663 4987 3681 5011 ,
3712 4958 3768 4999 et
3817 4948 3934 4999 dici:

2348 5034 2789 5087 Cotnmunionem
2822 5035 3071 5089 Dominus
3101 5035 3252 5089 Jesus
3280 5047 3549 5105 postquam
3578 5038 3805 5090 tranavit
3834 5053 3928 5087 cut

2344 5124 2611 5191 discipulis
2638 5127 2763 5177 suis.

2412 5212 2502 5266 41.
2544 5212 2714 5266 Finita
2745 5213 2923 5278 Missa,
2952 5213 3179 5268 domnus
3210 5216 3442 5282 pontifex
3475 5215 3546 5267 ita
3584 5216 3815 5269 indutus
3857 5231 3911 5268 re
3980 5250 3981 5277 η

2344 5303 2423 5357 dit
2450 5304 2500 5356 in
2535 5301 2788 5371 palatium
2838 5304 2888 5356 in
2938 5302 3151 5356 basilica
3184 5307 3355 5357 sancti
3406 5304 3713 5366 Laurentii.
3746 5306 3931 5370 ibique

2343 5392 2614 5462 exspoliat
2642 5404 2703 5445 se
2732 5405 2903 5459 usque
2947 5391 3012 5445 ad
3043 5391 3416 5458 dalmaticam;
3474 5405 3528 5448 et
3566 5395 3746 5462 posita
3809 5398 3937 5462 peti:

2343 5503 2587 5559 diurnm.’

2415 5571 2438 5608 ἀ
2482 5573 2764 5642 omittitur
2786 5572 2888 5623 hoc
2916 5582 3172 5642 tempore.

2416 5652 2439 5675 ι’
2469 5640 2605 5712 Quid
2636 5642 2703 5693 sit
2748 5641 2917 5695 levare
2964 5640 3189 5712 mensam
3234 5643 3297 5695 de
3325 5643 3499 5710 altari,
3533 5645 3600 5697 de
3626 5660 3745 5712 quo
3778 5649 3931 5701 etiam

2344 5710 2548 5782 mentio
2591 5711 2642 5761 in
2686 5712 2933 5782 sequenti
2968 5713 3101 5765 libro
3127 5711 3330 5782 Cencii,
3367 5729 3511 5766 num.
3551 5710 3841 5782 t9.‘patet
3884 5734 3931 5771 et

2342 5778 2677 5848 praecedente
2704 5778 2913 5834 decimo
2939 5782 3136 5836 Ordine
3159 5778 3418 5849 Romano,
3446 5798 3593 5837 num.
3626 5778 3686 5839 7.
