4008 6302
143 334 281 390 {Dii

1369 320 1624 376 RONHNI
1668 319 1983 376 OllDlNES.
2023 347 2088 360 --
2134 320 2224 375 XI.

3284 325 3412 378 tota

138 454 167 483 ι
194 445 262 497 ad
285 441 480 501 collum
512 439 628 507 ejus
646 438 816 493 sedet.
849 433 1170 491 Cubicularii
1221 443 1420 503 ponunt
1468 432 1725 487 concham
1758 435 1805 492 Α
1835 429 2091 498 porticum
2122 429 2291 483 sancti
2322 427 2563 493 Joannis,
2596 436 2650 484 et
2681 430 2875 485 vadunt
2902 430 2953 484 in
2987 430 3266 486 ecclesiam
3293 450 3414 487 sau-

139 546 270 591 ante
289 550 433 595 eum,
459 541 518 586 et
549 531 773 585 linteum
804 526 1082 581 mundum.
1111 525 1403 580 Duodecim
1426 520 1736 577 subdiaconi

142 632 365 680 manent
393 630 549 675 extra
580 618 886 681 basilicam;
912 617 1019 670 duo
1047 615 1248 670 ostiarii
1277 612 1548 680 accipiunt
1590 612 1735 679 prio-

142 730 259 769 rem
290 715 345 767 in
376 712 536 776 ulnis,
565 717 619 764 et
651 714 865 775 portant
893 720 1015 759 eum
1056 713 1180 758 ante
1224 704 1556 773 pontificem.
1595 701 1735 752 Pon-

140 805 273 859 tifex
305 815 433 857 vero
460 813 596 869 aqua
624 797 794 852 calida
826 796 969 848 lavat
1001 794 1165 863 pedes
1191 794 1329 861 ejus,
1358 801 1411 844 et
1442 790 1603 860 tergit
1625 789 1726 843 lin-

141 907 264 961 teo;
294 893 564 949 osculatur
605 903 717 952 eos,
754 897 807 941 et
837 886 928 939 dat
954 885 1003 939 ei
1034 900 1067 937 v
1096 885 1203 956 [AL
1238 881 1296 952 ιι]
1337 882 1525 945 solid.;
1558 881 1634 934 sic
1660 880 1736 932 fa-

140 986 217 1039 cit
249 983 538 1049 unicuique
580 993 768 1032 eorum
795 974 1103 1030 duodecim.
1154 972 1368 1026 Interim
1398 970 1735 1038 primicerius

140 1091 266 1129 cum
299 1071 608 1127 cantoribus
655 1080 708 1122 et
758 1062 1117 1121 cardinalibus
1148 1070 1201 1115 et
1249 1059 1562 1114 diaconibus
1609 1072 1734 1111 can—

142 1175 259 1218 tant
288 1163 607 1230 Vesperum.
650 1158 767 1224 Quo
810 1155 985 1220 finito,
1032 1160 1247 1205 cantant
1291 1147 1543 1202 Dominus
1582 1146 1733 1200 Iesus

142 1266 414 1326 postquam
457 1252 694 1315 coenavit,
746 1256 801 1303 et
852 1245 1101 1300 dominus
1151 1256 1286 1311 papa
1332 1240 1421 1294 dat
1451 1238 1736 1307 unicuique

140 1349 398 1415 epiSCOpO
424 1360 476 1399 iv
498 1343 689 1406 solid.,
722 1338 1015 1407 unicuique
1039 1334 1293 1390 cardinali
1328 1348 1383 1387 ιιι
1412 1332 1594 1397 solid.,
1640 1330 1735 1394 pri-

140 1436 367 1491 micerio
409 1451 468 1489 ιιι
496 1432 674 1496 solid.,
706 1429 991 1497 unicuique
1022 1424 1228 1481 cantori
1260 1438 1297 1476 It
1339 1422 1501 1476 solid.
1529 1421 1732 1485 Quibus

142 1528 329 1593 finitis,
376 1525 576 1580 vadunt
603 1522 669 1576 ad
716 1535 926 1576 coenam
985 1519 1040 1572 in
1095 1515 1372 1570 basilicam
1423 1511 1729 1573 Theodori,

148 1632 269 1685 qua:
297 1624 380 1671 est
424 1611 724 1677 Panetaria,
758 1611 844 1666 ubi
875 1609 931 1662 fit
962 1607 1214 1663 continua
1244 1604 1409 1660 lectio
1452 1619 1481 1657 a
1515 1603 1732 1656 subdia-

145 1725 305 1763 cono.
355 1708 598 1763 Perfecta
627 1719 803 1771 cinna,
837 1700 976 1757 redit
1004 1701 1057 1755 in
1103 1711 1400 1760 cameram,
1432 1695 1520 1749 ubi
1543 1709 1600 1749 se
1633 1709 1729 1749 ex-

215 1821 366 1851 uuas.

215 1821 243 1848 il
350 1838 366 1851 ο

148 1798 401 1944 ψιξῗιιη
451 1886 746 1941 Parasceve
774 1883 1061 1951 episcopus
1108 1875 1561 1933 liebdomadarins
1605 1873 1733 1928 facit

145 1981 378 2034 «fficium
426 1978 477 2031 in
510 1976 727 2030 basilica
780 1972 1096 2030 Salvatoris.
1147 1970 1407 2025 Dominus
1445 1980 1581 2035 papa
1611 1966 1733 2019 des-

144 2075 383 2130 cendens
407 2073 477 2128 de
505 2071 722 2141 palatio,
757 2070 827 2123 ibi
860 2076 980 2138 post
1008 2069 1177 2123 altare
1224 2080 1344 2121 cum
1374 2064 1495 2117 aliis
1533 2062 1734 2116 ordini-

146 2168 243 2221 bus
265 2181 325 2220 se
348 2164 519 2217 induit
540 2172 595 2217 et
613 2160 971 2216 discalceatus
1001 2157 1174 2229 pergit
1201 2172 1322 2210 cum
1352 2153 1730 2219 [’rocessione,

145 2270 202 2313 et
231 2272 418 2312 omnes
465 2270 587 2310 cum
637 2268 723 2319 eo,
778 2251 1047 2306 cantando
1094 2249 1433 2314 Psalterium,
1470 2260 1635 2315 usque
1664 2244 1733 2299 ad

148 2360 387 2404 sanetam
415 2346 664 2402 Crucem.
694 2344 920 2410 Quidam
953 2342 1243 2397 cardinalis
1275 2339 1568 2394 honorifice
1600 2353 1729 2407 por-

149 2449 227 2493 tat
292 2453 487 2507 corpus
531 2436 743 2490 Domini
777 2434 1030 2504 praeteriti
1060 2433 1169 2486 diei
1214 2438 1585 2486 conservatum
1619 2430 1673 2484 in
1703 2428 1731 2468 δ

148 2532 360 2601 capsula
392 2529 770 2599 corporalium,
805 2527 1166 2581 subdiaconus
1191 2525 1523 2593 regionarius
1550 2522 1733 2577 ferens

148 2622 212 2675 ad
246 2630 429 2690 pectus
457 2633 669 2674 crucem
692 2621 695 2624 ’
717 2616 1061 2672 stationalem
1093 2622 1426 2682 cooperlam.
1459 2614 1589 2666 Cum
1637 2626 1731 2666 ve-

148 2710 229 2763 nit
275 2708 339 2762 ad
372 2707 654 2762 ecclesiam
706 2704 973 2774 praedicta
1021 2704 1261 2758 basilica:
1310 2701 1569 2771 pontifex,
1608 2700 1731 2755 lotis

149 2801 397 2871 pedibus,
448 2800 712 2854 calceatus
754 2795 998 2851 ascendit
1046 2796 1112 2849 ad
1161 2795 1365 2859 altare;
1402 2793 1559 2865 138
1588 2793 1732 2859 prius

149 2901 285 2956 orat,
317 2899 369 2944 et
396 2899 581 2957 postea
608 2886 827 2942 residet.
858 2885 1085 2953 Quidam
1135 2882 1466 2938 basiiicaritts
1497 2882 1639 2936 vadit
1666 2882 1732 2936 ad

150 2979 429 3049 pulpitum,
458 2986 513 3032 et
544 2977 730 3045 incipit
761 2976 968 3046 legere;
1002 2974 1197 3029 deinde
1226 2988 1388 3029 omne
1433 2974 1577 3027 aliud
1614 2972 1734 3026 offl-

150 3068 311 3133 cium,
342 3067 481 3121 sicut
508 3064 562 3120 in
598 3065 736 3119 libro
760 3064 1019 3132 scriptum
1053 3074 1153 3117 est.
1188 3061 1412 3117 Peracto
1456 3060 1614 3115 Pater
1639 3077 1731 3114 no-

150 3168 254 3211 ster
277 3157 364 3226 qui
406 3172 457 3211 es
482 3157 535 3209 in
566 3154 726 3219 caelis,
757 3152 949 3221 accipit
986 3166 1179 3219 corpus
1208 3151 1416 3204 Domini
1450 3150 1588 3217 quod
1620 3165 1738 3204 car-
1766 3134 1810 3196 Ο

150 3249 342 3302 dinalis
385 3247 717 3311 adduxerat,»
745 3252 803 3300 et
851 3242 1133 3299 confirmat
1162 3242 1228 3296 de
1254 3253 1277 3281 ο
1325 3244 1449 3295 vino
1477 3242 1640 3296 misso
1680 3242 1732 3296 in

150 3338 336 3392 calice.
369 3337 543 3391 Finito
573 3335 783 3401 officio,
809 3336 881 3389 ita
910 3333 1081 3389 induti
1112 3332 1339 3387 redeunt
1362 3332 1550 3387 eadem
1606 3332 1736 3386 l’ro-

149 3427 391 3480 cessione
433 3426 570 3479 sicut
600 3427 764 3493 prius,
798 3432 976 3478 tamen
1005 3423 1250 3488 calceati,
1280 3436 1451 3492 usque
1491 3420 1558 3476 ad
1591 3421 1736 3491 pala-

152 3517 305 3583 tium,
339 3516 601 3570 cantando
631 3514 877 3569 residuos
907 3513 1169 3569 Psalmos.
1221 3513 1280 3566 In
1327 3526 1537 3568 camera
1571 3512 1738 3567 domi-

152 3599 425 3674 nus'papa
474 3619 533 3660 se
571 3603 840 3672 exspoliat
863 3638 881 3667 .
909 3602 997 3657 alii
1029 3610 1207 3657 autem
1250 3602 1531 3662 exspoliati
1571 3616 1736 3657 rece—

147 3697 305 3750 dunt.

222 3786 314 3839 45.
361 3786 417 3839 in
459 3781 698 3839 Sabbato
745 3791 957 3849 sancto,
993 3796 1152 3837 mane
1182 3782 1353 3851 surgit
1404 3781 1737 3836 archidiaco-

151 3890 273 3939 nus,
300 3885 355 3928 et
380 3874 612 3928 miscitat
636 3873 815 3927 oleum
841 3883 893 3927 et
917 3873 1149 3927 chrisma
1188 3871 1500 3925 annotinum
1524 3872 1576 3925 in
1613 3886 1736 3926 cera

150 3965 370 4021 munda.
400 3966 691 4036 Acolythus
717 3965 932 4019 conficit
974 3979 1092 4017 eam
1123 3971 1178 4018 et
1212 3963 1378 4026 colat,
1410 3970 1465 4017 et
1504 3964 1629 4016 facit
1671 3978 1736 4016 ex

149 4074 212 4113 ea
243 4059 296 4112 in
325 4055 720 4111 similitudinem
746 4071 1025 4125 agnorum,
1049 4070 1185 4125 quos
1210 4055 1464 4109 dominus
1492 4055 1736 4123 pontifex

148 4148 412 4217 expendit
454 4148 507 4202 in
551 4146 785 4201 Sabbato
813 4145 879 4200 de
910 4144 1081 4199 Albis.
1135 4144 1217 4199 Ad
1262 4142 1479 4198 Scxtam
1517 4143 1735 4198 Sabbati

151 4240 323 4293 sancti
354 4239 580 4293 efficitur
606 4251 778 4292 novus
809 4236 965 4302 ignis,
995 4244 1048 4289 et
1078 4250 1268 4292 cereus
1299 4234 1659 4299 benedicitur;
1683 4246 1738 4290 et

153 4332 403 4400 leguntur
448 4329 733 4385 duodecim
787 4330 1046 4383 lectiones
1101 4328 1307 4393 Latine,
1350 4337 1403 4381 et
1453 4327 1734 4382 duodecim

152 4418 366 4484 Graece,
412 4427 464 4474 et
493 4426 775 4472 cantantur
803 4416 898 4470 tria
932 4419 1160 4480 cantica,
1194 4416 1466 4470 Cantemus
1517 4416 1738 4471 Domino

1840 520 1912 575 cti
1945 521 2211 575 Venantii.
2243 520 2392 576 Tunc
2420 521 2831 577 archidiaconus
2859 524 3099 592 praecipit
3127 525 3336 579 duobus
3360 535 3418 578 nt

1839 622 1962 666 eant
1976 612 2042 667 ad
2058 616 2249 667 osﬁnm
2266 613 2439 668 sancti
2460 613 2720 668 Venantii.
2736 615 2836 682 Qui
2850 616 3130 683 obediunt,
3149 616 3417 684 accipiunt

1840 702 2070 769 priorem
2090 702 2441 757 cardinalium
2479 717 2573 768 per
2596 718 2806 766 manus,
2825 703 3167 758 adextrantes
3184 720 3305 759 eum
3333 720 3417 757 ns-

1838 808 1940 862 que
1956 801 2079 847 ante
2098 794 2424 863 pontificem,
2441 808 2627 849 omnes
2646 795 2948 850 cardinales
2971 805 3255 864 sequentes
3276 812 3420 850 eum.

1840 882 2191 957 Priorauletn
2217 884 2432 937 inclinat
2460 898 2541 946 se,
2567 892 2620 936 et
2640 883 2801 938 dicit:
2827 883 2980 953 lube,
2997 886 3205 948 domne,
3223 888 3424 941 benedi-

1839 991 1969 1027 cere.
1988 974 2224 1027 Pontifcx
2244 974 2510 1028 benedicit
2525 988 2668 1027 eum.
2687 974 3044 1045 Progrediens
3062 991 3270 1045 parum,
3301 977 3421 1030 facit

1837 1062 2105 1132 similiter,
2137 1074 2192 1119 et
2210 1065 2492 1121 benedicit.
2513 1064 2690 1119 Tertia
2709 1068 2828 1121 vice
2845 1068 3115 1132 similiter,
3141 1078 3196 1123 et
3216 1069 3424 1123 benedi-

1838 1156 1908 1209 cit
1930 1169 2050 1209 eum
2078 1156 2338 1223 pontifex,
2372 1165 2425 1209 et
2450 1156 2599 1221 dicit,
2632 1155 2737 1221 Ite,
2763 1157 3015 1227 baptizata
3037 1158 3063 1196 ει
3100 1176 3272 1214 omnes
3295 1177 3419 1230 gen-

1838 1254 1913 1299 tes
1944 1247 1995 1299 in
2022 1248 2225 1298 nomine
2255 1245 2458 1311 Patris,
2491 1255 2536 1299 et
2568 1244 2715 1309 Filii,
2749 1258 2794 1300 el
2826 1248 3053 1312 Spiritus
3084 1253 3264 1305 sancti.
3297 1255 3423 1305 Car-

1839 1338 2047 1392 dinales
2074 1351 2202 1391 vero
2244 1338 2317 1390 ita
2351 1336 2522 1392 induti
2550 1352 2671 1391 cum
2701 1344 2725 1371 ε
2772 1340 3041 1407 equitibus
3087 1350 3425 1394 revertuntur

1836 1427 1902 1481 ad
1931 1426 2111 1480 titulos
2142 1440 2287 1480 suos.
2323 1426 2471 1480 Tunc
2504 1426 2738 1494 pontifex
2769 1426 2931 1481 intrat
2961 1429 3025 1481 ad
3076 1430 3419 1495 baptismum.

1837 1522 1952 1586 Quo
1976 1519 2143 1584 linito,
2168 1516 2305 1573 redit
2332 1518 2382 1571 in
2408 1518 2526 1570 loco
2547 1518 2854 1583 chrismali;
2878 1519 3135 1572 chrismat
3168 1519 3424 1580 infantes.

1836 1618 1890 1663 et
1918 1610 2062 1662 lavat
2091 1622 2301 1661 manus.
2345 1606 2547 1661 Deinde
2578 1608 2869 1661 revertitur
2900 1608 2967 1661 ad
2995 1607 3161 1662 altare
3192 1622 3315 1661 cum
3362 1609 3426 1661 li-

1841 1701 1979 1754 lania
2017 1700 2175 1770 139
2203 1699 2342 1752 facta
2365 1714 2394 1752 a
2433 1699 2763 1752 subdiacono
2812 1698 3131 1767 rcgionario.
3168 1699 3427 1753 Primice-

1768 1782 1813 1841 Β
1842 1792 1953 1846 rius
1975 1807 2092 1845 cum
2125 1790 2432 1844 cantoribus
2471 1798 2656 1843 cantat
2686 1788 2877 1858 Kyrie;
2903 1789 3154 1843 dominus
3185 1789 3422 1858 pontifex

1838 1881 2026 1949 incipit
2046 1879 2226 1934 Gloria
2251 1882 2305 1932 in
2326 1880 2538 1933 excelsis
2570 1880 2694 1933 Deo.
2728 1879 3066 1934 Primicerius
3098 1896 3218 1935 cum
3242 1882 3423 1934 schola

1836 1970 2144 2037 respondet.
2183 1971 2254 2022 Ea
2323 1968 2491 2032 finita,
2521 1970 2650 2023 dicit
2686 1970 3035 2035 Orationem;
3066 1971 3424 2025 subdiaconus

1836 2060 1966 2129 legit
2000 2059 2306 2128 epistolam,
2335 2068 2388 2112 et
2427 2058 2667 2128 pontifex
2700 2064 2908 2113 nuntiat
2940 2060 3186 2113 Alleluia.
3234 2061 3426 2114 Primi-

1838 2153 2015 2209 cerius
2039 2153 2090 2206 in
2120 2151 2321 2222 pulpito
2366 2159 2546 2209 cantat
2576 2165 2716 2216 eam,
2752 2152 2839 2206 cui
2883 2152 3065 2206 schola
3111 2154 3418 2222 respondet.

1845 2243 1962 2310 Quo
1993 2251 2151 2296 cantu
2188 2242 2359 2307 finito,
2389 2241 2666 2297 descendit
2712 2242 3073 2311 primicerius.
3120 2242 3319 2297 vadens
3361 2246 3426 2297 ad

1835 2334 2147 2402 pontificem
2175 2349 2188 2384 :
2221 2332 2497 2386 osculatur
2516 2332 2683 2401 pedes
2711 2332 2848 2402 ejus,
2880 2342 2935 2388 et
2961 2333 3123 2387 debet
3152 2334 3207 2388 ei
3229 2334 3427 2389 donare

1836 2443 1999 2481 unum
2056 2429 2316 2496 optimum
2378 2428 2686 2496 pluvialem.
2752 2428 2830 2483 Eo
2885 2428 2974 2483 die
3009 2444 3128 2483 -non
3185 2440 3427 2483 cantatur

1836 2517 2024 2585 Credo,
2062 2533 2161 2572 nec
2190 2516 2498 2579 Olferenda,
2534 2532 2631 2573 nec
2660 2518 2835 2588 Agnus
2880 2515 2996 2580 Dei,
3030 2533 3129 2573 nec
3178 2521 3424 2572 Commu-

1835 2606 1954 2670 nio;
1987 2605 2083 2660 sed
2111 2604 2306 2659 dicitur
2333 2605 2397 2659 ad
2430 2604 2694 2675 Vesperas
2722 2605 2968 2671 Alleluia,
3002 2606 3262 2673 Psalmus,
3289 2607 3422 2660 Lau-

1833 2696 1951 2749 date
1978 2694 2257 2748 Dominum
2284 2710 2459 2749 omnes
2488 2704 2696 2767 gentes;
2732 2697 3058 2766 Antiphona,
3098 2697 3318 2768 Vespere
3337 2715 3425 2751 au-

1836 2794 1936 2837 tem
1966 2784 2202 2848 Sabbati,
2252 2783 2599 2855 Magni/ient;
2633 2797 2687 2841 et
2730 2787 2925 2843 dicitur
2967 2787 3172 2851 Oratio.
3224 2796 3278 2844 et
3324 2786 3425 2852 Ite,
3464 2776 3471 2783 ’

1837 2873 1999 2929 Missa
2026 2888 2121 2935 est.
2153 2892 2273 2931 cum
2304 2877 2700 2935 Benedictione.

1908 2966 1997 3022 44.
2036 2969 2091 3022 ln
2123 2968 2211 3023 die
2240 2978 2440 3025 sanctae
2472 2969 2920 3038 Resurrectionis,
2966 2973 3032 3027 ad
3080 2974 3423 3042 Matutinnm,

1837 3072 1998 3127 super
2045 3058 2247 3125 Venite,
2277 3061 2525 3119 Alleluia.
2557 3062 2783 3129 Quidam
2833 3063 3018 3119 dicunt
3049 3064 3288 3119 Surrexit
3314 3064 3423 3118 Do-

1842 3151 2009 3203 minus
2049 3164 2185 3204 vere.
2232 3150 2367 3206 Tres
2393 3152 2714 3222 Antiphonm
2754 3164 2807 3207 et
2853 3162 2963 3209 tres
2992 3155 3205 3219 Psalmi,
3240 3155 3429 3210 Beatus

1840 3241 1934 3305 vir,
1971 3240 2143 3306 Quare
2166 3244 2481 3310 fremuerunt
2512 3253 2703 3313 gentes,
2734 3252 2788 3299 et
2827 3242 3065 3309 Domine,
3093 3247 3218 3315 quid
3259 3248 3405 3300 multi
3418 3276 3428 3287 -

1841 3331 2018 3401 plicati
2045 3342 2183 3386 sunt.
2216 3332 2272 3387 In
2302 3333 2422 3388 loco
2453 3334 2641 3389 harum
2668 3334 2827 3389 trium
2856 3335 3282 3404 Antiphonarum
3307 3352 3430 3390 can.

1843 3429 1983 3477 tatur
2011 3423 2258 3488 Alleluia,
2289 3424 2427 3479 sicut
2471 3425 2523 3479 in
2572 3426 2815 3479 Romano
2844 3425 3233 3495 Antiphonario
3257 3429 3430 3496 scrip-

1841 3523 1990 3583 ptunt
2017 3523 2119 3569 est.
2154 3514 2357 3572 Versus
2382 3515 2509 3571 Παῖς
2526 3516 2634 3571 dies
2658 3534 2812 3587 quam
2840 3519 2955 3587 fecit
2988 3517 3231 3571 Dominus
3252 3530 3429 3573 cante-

1842 3612 1928 3657 tur
1954 3604 2094 3658 sicut
2118 3605 2354 3678 gradale.
2408 3606 2542 3659 Tres
2588 3607 2844 3661 lectiones
2876 3606 2943 3661 de
2986 3607 3275 3673 Evangelia
3307 3622 3428 3661 cum

1839 3693 1950 3746 suis
1995 3693 2388 3762 Responsoriis.
2435 3695 2637 3763 Quibus
2687 3696 2868 3760 finitis,
2898 3705 3145 3751 cantatur
3172 3696 3247 3750 Te
3270 3697 3431 3752 Deum

1842 3782 2136 3837 laudamus.
2188 3783 2460 3839 Matutine:
2508 3785 2694 3841 laudes
2723 3801 2845 3841 cum
2877 3787 3197 3855 Antiphonis
3227 3790 3337 3841 suis
3378 3796 3429 3842 ct

1842 3873 2096 3928 Psalmis.
2132 3875 2386 3931 Perfectis
2447 3876 2792 3944 Autipbonis,
2842 3892 2938 3945 pro
2980 3892 3135 3932 versu
3187 3887 3429 3931 cantatur

1840 3964 2069 4019 Gradale
2149 3963 2271 4018 ιιωο
2338 3965 2444 4018 dies
2524 3981 2673 4034 quam
2741 3968 2859 4034 fecit
2926 3966 3214 4031 Dominus;
3282 3967 3427 4021 Anti-

1838 4054 2013 4123 phona
2050 4054 2286 4110 Surrexit
2346 4055 2597 4109 Dominus
2625 4057 2689 4110 de
2721 4056 2977 4122 sepulcro,
3007 4058 3247 4112 Psahnus
3275 4058 3430 4112 Bene-

1840 4145 2008 4198 dictus
2037 4144 2290 4201 Dominus
2337 4145 2475 4202 Deus
2504 4145 2688 4215 Israel,
2741 4156 2794 4203 et
2821 4148 3002 4202 Oratio
3031 4158 3233 4203 tantum
3285 4151 3429 4205 femi.-

1841 4238 2041 4292 vitatis.
2071 4237 2249 4292 Prima
2294 4240 2412 4293 sine
2441 4240 2747 4309 Antiphona
2793 4256 2914 4295 cum
2961 4243 3131 4295 tribus
3166 4243 3430 4308 Psalmis;

1839 4327 2034 4394 quibus
2066 4333 2315 4396 peracts,
2367 4339 2612 4385 cantatur
2645 4330 2873 4386 Gxadale
2905 4330 3034 4385 Hcce
3061 4333 3191 4399 dies,
3223 4344 3276 4388 et
3304 4332 3428 4387 Ora-

1843 4418 1917 4472 tio
1946 4418 2076 4472 diei.

150 4509 373 4577 gloriare
399 4549 415 4571 ,
482 4508 639 4562 Vinea
689 4510 823 4576 facta
877 4520 948 4562 est
977 4549 992 4569 ,
1044 4508 1255 4561 Attende
1307 4510 1506 4561 cretum.
1583 4507 1758 4565 Finito
1786 4501 1839 4561 D
1930 4507 2020 4561 45.
2047 4507 2125 4561 Ad
2151 4507 2362 4564 Missam
2393 4523 2499 4564 una
2529 4518 2728 4565 tantum
2755 4511 2937 4567 Oratio
2966 4511 3182 4569 dicitur.
3213 4510 3317 4566 isto
3346 4513 3430 4569 die

154 4604 261 4653 hoc
308 4599 521 4665 officio,
580 4599 829 4653 dominus
878 4597 1115 4667 pontifex
1167 4598 1446 4653 descendit
1493 4599 1560 4653 ad
1621 4599 1742 4655 fon-

154 4704 265 4745 tem
312 4705 432 4744 cnm
478 4689 719 4743 diaconis
759 4697 813 4742 et
859 4687 1201 4742 subdiaconis
1235 4687 1571 4756 regionariis,
1615 4704 1742 4742 can-

140 4781 320 4835 ‘tando
348 4780 609 4835 litaniam.
638 4778 976 4833 Primicerius
1004 4793 1124 4831 cum
1155 4778 1337 4831 schola
1368 4779 1635 4833 cantando
1659 4781 1746 4832 Si-

152 4879 244 4925 cut
290 4885 486 4935 cervus,
530 4883 697 4938 usque
737 4868 789 4921 in
839 4867 1097 4933 porticum
1149 4866 1320 4922 sancti
1364 4867 1642 4935 Venantii;
1675 4869 1744 4924 ibi

162 4968 466 5028 praeparato
495 4957 770 5012 facistorio
817 4958 948 5028 [Al.,
982 4956 1322 5027 faldistorio},
1372 4958 1606 5027 pontifex
1654 4975 1739 5014 se-

152 5050 274 5104 det.
326 5046 636 5102 CardAnales
666 5057 845 5101 autem
877 5048 966 5115 qui
1022 5059 1402 5101 remanserunt
1451 5049 1504 5103 in
1535 5049 1699 5103 choro
1724 5091 1741 5113 ,

153 5147 359 5194 exeunt
389 5152 485 5207 per
516 5137 843 5206 posterulam
885 5145 1007 5206 post
1049 5136 1312 5205 absidem,
1347 5148 1401 5193 et
1429 5139 1625 5193 intrant
1654 5155 1747 5208 per

235 5302 259 5329 ⁸
288 5293 375 5347 Sic
395 5294 615 5349 almutia
645 5290 785 5361 (qua;
816 5290 1025 5357 vocant)
1057 5291 1295 5344 nonnulli
1345 5291 1483 5346 collo
1509 5293 1743 5347 circum-
1779 5310 1781 5312 ·

158 5365 433 5435 ponebant
452 5374 635 5435 contra
670 5362 854 5435 frigus.

236 5433 263 5470 ι»
285 5432 666 5486 Observandns
694 5428 781 5483 hic
822 5430 968 5481 locus
1007 5428 1074 5481 de
1103 5429 1314 5495 capmla
1347 5434 1702 5496 corporalium
1729 5474 1742 5495 ,

159 5508 214 5556 in
260 5518 366 5571 quo
417 5500 754 5557 Eucharistia
804 5515 831 5552 a
872 5500 1034 5571 Cinna
1070 5497 1375 5571 Dominiin
1429 5513 1743 5563 sequentem

160 5566 498 5626 Purasceven
541 5571 934 5625 asservabatur.
982 5566 1175 5636 Confer
1230 5567 1456 5636 primum
1507 5571 1745 5625 libellum

157 5642 377 5696 Ordinis
411 5640 634 5695 Romani
666 5639 836 5699 initio,
870 5652 1013 5689 nttm.
1047 5634 1099 5689 8.

239 5724 261 5755 ε
292 5713 407 5768 Non
451 5712 576 5766 dicit
605 5711 670 5765 dc
702 5710 823 5763 vino
854 5716 1167 5775 consecrato
1196 5722 1258 5761 ex
1311 5707 1550 5763 coniactu
1584 5712 1740 5779 parti-

1854 4599 2015 4653 statio
2041 4607 2123 4653 est
2150 4601 2214 4653 ad
2245 4610 2482 4655 sanctam
2512 4601 2729 4657 Mariam
2772 4603 3046 4673 Maiorem.
3074 4604 3225 4659 Mane
3267 4605 3430 4673 surgit

1853 4689 2103 4743 dominus
2130 4688 2400 4757 pontifex;
2432 4694 2578 4746 vadit
2606 4701 2661 4747 et
2684 4694 2845 4749 intrat
2873 4695 2926 4751 in
2957 4696 3228 4752 basilicam
3263 4700 3429 4752 sancti

1853 4779 2147 4835 Laurentii.
2180 4781 2357 4837 Posita
2392 4782 2464 4838 ibi
2485 4785 2689 4856 capella
2719 4795 2774 4841 et
2805 4788 3093 4853 subsellio,
3108 4790 3256 4856 prius
3278 4799 3391 4843 orat
3418 4809 3432 4855 ;

1849 4880 2034 4939 postea
2065 4871 2303 4927 Induitur
2328 4889 2358 4927 a
2384 4875 2700 4931 diaconibus
2730 4885 2788 4931 et
2816 4878 3227 4934 subdiaconibus
3260 4881 3430 4949 regio-

1852 4962 2015 5017 nariis
2045 4979 2212 5033 usque
2238 4965 2305 5019 ad
2336 4966 2697 5022 dalmaticam.
2728 4969 2910 5040 Surgit
2950 4980 2999 5024 et
3046 4971 3342 5041 ingreditur
3370 4972 3432 5024 ad

1849 5052 2199 5121 Salvatorem,
2252 5057 2427 5123 aperit
2472 5058 2757 5128 imaginem
2784 5099 2799 5125 ,
2848 5068 2905 5114 ct
2946 5062 3213 5114 osculatur
3271 5062 3433 5137 pedes

1849 5144 1986 5212 ejus,
2014 5146 2199 5201 dicens
2228 5149 2338 5202 alta
2368 5162 2499 5204 voce
2527 5151 2792 5205 cantando
2822 5153 2987 5208 tribus
3027 5154 3253 5220 vicibus,
3294 5154 3431 5209 Sur-

1850 5300 1985 5353 cnlae
2014 5300 2367 5356 Eucharistia:
2396 5303 2449 5355 in
2482 5304 2699 5357 calicem
2729 5305 3002 5359 immissre.

1923 5367 1948 5404 ά
1979 5370 2102 5442 llaec
2124 5380 2203 5424 est
2234 5372 2417 5425 missio
2447 5373 2791 5442 cardinaliutn
2820 5376 2885 5428 ad
2936 5375 3308 5442 baptizandnm
3355 5379 3425 5430 in-

1853 5437 2026 5492 rantes
2072 5440 2124 5493 in
2171 5441 2413 5512 ecclesiis
2448 5441 2881 5512 baptismalibus,
2922 5437 3042 5512 qua:
3091 5445 3276 5498 Romae
3324 5464 3428 5502 non

1854 5522 2036 5588 partem
2053 5519 2244 5588 era_nt:
2273 5510 2441 5588 qualis
2468 5509 2522 5565 in
2555 5509 3224 5588 prituis_ccclesia_sanct:c
3254 5517 3429 5571 Maria:

1856 5578 2089 5648 Maioris,
2122 5579 2190 5632 de
2220 5595 2319 5646 qua
2346 5581 2503 5648 infra,
2529 5578 2672 5635 num.
2700 5582 2791 5639 45.
2828 5583 2960 5638 Vide
2983 5586 3239 5638 Ccncium
3264 5588 3424 5642 infra.

1930 5656 1950 5684 ε
1977 5647 2032 5701 id
2062 5657 2142 5704 cst
2169 5664 2291 5705 cum
2318 5647 2493 5721 equis,
2516 5667 2663 5709 more
2693 5654 3040 5724 quorumdam
3066 5664 3321 5710 veterum.
