4008 6358
527 329 694 382 ~10s5

1262 322 1593 380 AI’PENDIX
1640 322 1729 374 AD
1769 322 1828 373 ὃ.
1868 313 2192 372 GREGOlili
2233 313 2444 366 MAGNI
2487 314 2851 369 LITURGICA
2893 313 3143 371 OPERA.

3705 311 3850 366 10“

557 438 687 490 τ-ςτει
719 433 968 487 Dominus
997 435 1059 485 de
1089 434 1341 499 sepulcro,
1383 433 1470 500 qui
1498 445 1591 500 pro
1634 428 1776 481 nobis
1806 426 2045 496 pependit
2089 426 2139 477 in
2170 426 2221 485 Α
2245 425 2432 477 aitare.
2463 422 2596 477 Cum
2635 425 2800 478 intrat
2839 423 3227 493 presbyterium
3284 425 3562 487 ecclesiae,
3597 425 3855 478 mansio-

556 527 724 595 tigno,
773 525 998 578 alleluia.
1033 524 1138 576 Alii
1167 522 1514 590 respondent,
1548 527 1602 571 et
1647 518 1783 572 redit
1826 517 1892 571 ad
1929 515 2136 570 subsel-

564 615 715 669 lium.
746 613 901 666 Prius
950 612 1040 664 dat
1092 626 1274 678 pacem
1306 608 1705 671 arcltidiacono,
1736 606 1825 675 qui
1853 605 2141 660 revertitur

571 708 627 757 ad
658 705 830 757 locum
854 715 1006 755 suum
1034 719 1048 766 ;
1078 700 1270 755 deinde
1297 697 1533 752 secundo
1561 696 1810 760 diacono,
1842 696 1932 766 qui
1961 709 2144 751 rever-

567 793 692 848 titur
737 798 794 844 et
823 790 915 844 dat
948 805 1129 859 pacem
1156 799 1180 824 ει
1213 789 1614 851 arcliitliacono,
1666 797 1720 841 et
1749 787 1885 840 redit
1916 787 1967 838 in
2020 785 2142 850 filo;

564 885 642 936 sic
667 881 845 937 eteteri
877 881 1127 935 diacones
1154 880 1368 934 faciunt.
1402 879 1605 934 Deinde
1632 877 1965 946 primicetius
1993 876 2148 947 140

569 987 683 1026 cum
711 971 1019 1025 cantoribus
1066 970 1334 1039 accipiunt
1379 983 1595 1037 pacem;
1644 967 1894 1021 similiter
1923 966 2150 1020 redeunt

570 1067 618 1115 in
673 1063 792 1126 illo;
843 1063 1035 1117 deinde
1083 1063 1226 1130 prior
1279 1059 1619 1115 basilicarius
1648 1074 1768 1112 cum
1819 1057 2149 1113 subdiacono

569 1155 840 1223 accipiunt
863 1169 1070 1226 pacem,
1097 1164 1152 1208 et
1179 1153 1404 1209 redeunt
1435 1153 1486 1206 in
1520 1152 1611 1205 filo
1634 1169 1647 1215 ;
1679 1151 1873 1206 deinde
1896 1148 2149 1219 acolythi,

572 1258 630 1304 et
674 1248 766 1302 alii
798 1248 1015 1317 palatini
1063 1247 1300 1302 ordines.
1335 1245 1512 1300 Finita
1554 1258 1703 1313 pace,
1753 1252 1876 1296 tunc
1906 1241 2154 1294 dominus

575 1341 808 1409 pontifex
843 1340 1013 1394 induit
1040 1356 1100 1394 se
1131 1341 1338 1408 plancta
1371 1339 1510 1400 alba,
1556 1345 1612 1390 et
1641 1337 1707 1388 ab
1735 1336 1834 1389 isto
1865 1334 1951 1387 die
1984 1348 2154 1402 usque

574 1431 626 1483 in
655 1429 880 1482 OctthaS
913 1428 1129 1481 Paschze
1159 1427 1427 1490 similiter,
1456 1434 1508 1478 et
1537 1424 1706 1477 induit
1731 1423 1945 1489 pallium
1977 1430 2030 1488 et
2056 1424 2154 1474 uti-

574 1527 732 1572 trum.
760 1516 891 1570 Cum
918 1516 995 1570 eis
1021 1517 1268 1568 omnibus
1296 1513 1572 1568 Ordinibus
1610 1509 1892 1566 descendit
1915 1510 1981 1563 de
2013 1510 2157 1576 pala-

577 1608 672 1660 tio.
699 1605 1014 1675 Praeparatis
1036 1606 1186 1674 equis
1206 1618 1323 1657 cum
1348 1601 1484 1657 albis
1506 1599 1769 1671 mappulis
1789 1614 1949 1669 super
1970 1598 2150 1662 sellas,

578 1704 885 1758 coronatur,
920 1705 973 1748 et
1021 1697 1222 1761 equitat
1266 1707 1386 1745 cum
1417 1690 1768 1744 Processione
1797 1689 1864 1740 ad
1913 1698 2153 1741 sanctam

2245 517 2425 570 uarius
2478 523 2742 584 praeparat
2768 516 2816 570 ei
2859 515 3174 571 arundinem
3206 530 3325 570 emn
3377 531 3540 571 cereo
3570 530 3850 578 accenso.

2246 621 2402 673 quam
2431 608 2654 674 accipit,
2690 616 2745 659 et
2776 607 2925 676 ponit
2957 607 3130 675 ignem
3163 607 3214 660 in
3262 615 3413 675 stupa
3463 622 3632 676 super
3665 608 3853 673 capita

2246 697 2612 752 Columnarum
2642 712 2763 766 quae
2803 698 2878 751 ibi
2907 707 3072 753 stant.
3121 699 3254 752 Cum
3294 707 3474 753 autem
3530 698 3757 752 venerit
3785 701 3856 750 ad

2249 790 2478 859 primum
2526 803 2780 853 cereum,
2835 790 3172 857 primicerius
3217 789 3436 854 deponit
3489 791 3749 851 mitram,
3802 800 3859 841 et

2251 879 2528 933 osculatur
2557 879 2830 946 scapulam
2859 879 3104 933 dextram
3135 879 3417 947 pontificis,
3443 882 3529 950 qui
3566 881 3861 935 benedicit

2251 982 2395 1022 eum.
2429 968 2559 1021 Cum
2587 966 2794 1021 venerit
2821 978 2946 1022 ante
2990 969 3193 1032 altare,
3224 969 3534 1023 cubicularii
3590 970 3862 1024 auferunt

2254 1056 2556 1124 ntappulam
2581 1070 2742 1125 super
2768 1069 2922 1125 caput
2945 1058 3091 1123 ejus;
3124 1057 3379 1127 deinceps
3411 1060 3532 1112 facit
3560 1059 3820 1113 ofﬁcium
3837 1100 3857 1124 ,

2254 1147 2385 1201 sicut
2435 1147 2672 1202 Ecclesia
2727 1148 3028 1202 consuevit.
3085 1147 3426 1203 l’ritnieerius
3479 1161 3662 1203 autem
3726 1163 3856 1203 cuin

2257 1239 2564 1292 cantoribus
2585 1249 2804 1292 cantant
2833 1240 3109 1294 lntroitum
3139 1239 3416 1293 liesurrexi
3437 1252 3485 1293 et
3527 1240 3709 1292 adhuc
3735 1255 3856 1292 sum

2260 1342 2442 1384 tecum.
2477 1331 2732 1386 Dominus
2767 1331 3004 1398 pentifex
3049 1331 3260 1385 nuntiat
3309 1330 3487 1384 Gloria
3529 1332 3584 1384 in
3628 1333 3857 1386 excelsis

2259 1419 2404 1486 Deo;
2438 1436 2537 1488 qua
2573 1431 2816 1489 peracta,
2845 1423 3075 1491 pontifex
3120 1422 3250 1476 dicit
3278 1422 3608 1476 Orationem.
3651 1422 3855 1475 Archi-

2257 1509 2515 1565 diacoous
2558 1527 2687 1564 vero
2738 1527 2857 1565 cum
2891 1513 3115 1565 diatono
3159 1522 3215 1566 et
3259 1513 3590 1567 subdiacono
3636 1522 3856 1566 stantes

2255 1603 2404 1671 juxta
2427 1605 2593 1658 altare
2619 1607 2898 1668 ordinate,
2931 1615 2983 1659 et
3015 1607 3204 1659 notarii
3231 1606 3410 1672 jusum
3441 1607 3494 1659 in
3520 1606 3689 1660 choro
3717 1621 3850 1659 cum

2262 1693 2601 1760 pluvialibus,
2620 1697 3020 1750 archidiaconus
3046 1711 3165 1749 cum
3189 1697 3348 1751 sociis
3369 1696 3473 1749 alta
3501 1710 3634 1750 voce
3659 1696 3798 1749 dicit
3827 1711 3850 1749 :

579 1789 797 1842 Mariam
822 1786 1092 1855 Maiorem.
1115 1786 1248 1839 Cum
1275 1794 1451 1838 autem
1482 1783 1691 1836 venerit
1718 1783 1769 1836 in
1802 1782 2153 1845 Merolanam,
2187 1783 2234 1842 B
2266 1779 2501 1844 Exaudi,
2525 1781 2745 1835 Christe.
2777 1784 3120 1850 Respondent
3147 1784 3378 1838 notarii:
3412 1783 3633 1836 Domino
3669 1793 3856 1838 nostro

579 1887 685 1931 stat
713 1877 952 1930 notarius
978 1875 1072 1936 ibi.
1099 1884 1154 1928 et
1183 1875 1288 1927 alta
1319 1888 1448 1928 \oce
1477 1873 1641 1926 dicit:
1667 1870 1821 1936 Jube,
1846 1871 2053 1937 domne,
2080 1871 2163 1923 be-

580 1968 834 2021 nedicere.
866 1965 1107 2019 Pontifex
1147 1963 1414 2018 benedicit
1441 1978 1584 2017 eum.
1622 1960 1874 2015 Notarius
1896 1960 2024 2014 dicit
2050 1977 2062 2012 :
2098 1958 2163 2013 In

580 2059 793 2113 ecclesia
815 2057 841 2092 δ
875 2067 1065 2110 sunctw
1095 2055 1279 2109 Maria:
1306 2057 1359 2106 in
1389 2055 1486 2107 hac
1515 2063 1658 2106 nocte
1683 2053 1924 2122 baptizati
1954 2061 2073 2106 sunt
2094 2062 2164 2105 tot

583 2148 796 2202 masculi
827 2158 873 2200 et
903 2157 974 2199 tot
1003 2147 1226 2216 feminae.
1280 2144 1528 2199 Pontifex
1578 2143 1870 2212 respondet
1910 2143 2019 2196 Deo
2048 2161 2166 2212 gra-

583 2238 702 2290 tias.
741 2236 808 2290 Et
839 2235 1080 2289 notarius
1129 2233 1324 2301 accipit
1351 2249 1379 2285 a
1428 2233 1745 2287 saccellario
1776 2247 1937 2285 unum
1971 2233 2168 2301 byzan-

585 2327 739 2379 tium.
769 2325 1012 2379 Secunda
1041 2324 1169 2378 feria
1194 2323 1440 2377 similiter
1468 2323 1527 2376 iit
1553 2323 1619 2376 ad
1647 2331 1889 2378 sanctum
1913 2321 2126 2376 Petrum
2151 2338 2165 2386 ;

590 2415 746 2469 tertia
773 2413 902 2468 feria
928 2413 1176 2468 similiter
1202 2412 1267 2467 ad
1299 2423 1542 2466 sanctum
1569 2412 1813 2468 Paulum.

655 2505 745 2558 46.
775 2504 908 2557 Cum
939 2514 1116 2558 autem
1165 2504 1369 2557 venerit
1396 2503 1644 2557 dominus
1675 2502 1914 2568 pontifex
1954 2502 2019 2555 ad
2048 2517 2170 2556 sau-

585 2607 724 2649 cram
758 2596 998 2660 Mariam,
1041 2594 1128 2648 ubi
1155 2595 1213 2646 fit
1241 2592 1423 2661 statio,
1455 2591 1735 2648 descendit
1763 2592 1829 2645 de
1860 2609 2030 2659 equo;
2075 2593 2172 2647 de-

590 2687 741 2753 ponit
773 2700 1027 2739 coronam
1087 2685 1155 2738 de
1185 2684 1378 2752 capite.
1425 2699 1582 2753 quant
1620 2685 1709 2736 dat
1740 2683 2082 2746 stratoribus,
2117 2691 2174 2738 ut

589 2779 872 2844 diligenter
896 2785 1116 2830 servent
1144 2791 1283 2829 eam.
1308 2774 1562 2830 Canonici
1587 2775 1832 2828 ecclesia:
1875 2789 1995 2827 cum
2045 2773 2170 2827 thu-

590 2868 765 2922 ribulo
791 2877 844 2922 et
872 2869 1112 2931 incenso,
1142 2875 1196 2921 et
1238 2881 1374 2935 aqua
1404 2865 1679 2919 benedicta
1712 2865 2012 2931 suscipiunt
2047 2879 2169 2919 eum

589 2973 709 3009 cum
745 2956 1111 3019 i‘tocessione,
1143 2954 1441 3018 cantando;
1470 2953 1567 3007 sed
1600 2953 1836 3021 pontifex
1889 2951 2038 3020 ponit
2090 2952 2173 3004 in-

593 3065 813 3102 censum
845 3049 896 3101 in
920 3047 1213 3110 thuribulo,
1247 3054 1303 3099 et
1335 3046 1566 3113 aspergit
1596 3059 1786 3112 aquam
1815 3058 1976 3111 super
2007 3057 2174 3110 pupu-

2265 1885 2416 1938 papa:
2445 1868 2776 1936 Innocentio,
2809 1890 2840 1925 a
2875 1872 2984 1925 Deo
3027 1876 3228 1927 decreto
3277 1889 3474 1928 summa
3530 1876 3764 1940 pontiﬁci
3801 1884 3856 1929 α

2265 1960 2539 2013 universali
2591 1976 2778 2028 papte,
2837 1962 2959 2015 vita.
3015 1963 3436 2016 Archidiaconus
3485 1972 3539 2016 et
3585 1964 3853 2018 diaconus

2266 2050 2458 2103 iterum
2499 2052 2680 2106 dicunt
2713 2068 2727 2105 :
2756 2052 2985 2116 Exaudi,
3011 2053 3230 2108 Christe.
3271 2053 3473 2110 Nomii
3518 2057 3854 2122 respOudent

2267 2141 2531 2196 similiter.
2566 2142 2654 2197 Sic
2707 2143 2900 2197 dicitur
2928 2145 3098 2198 tribus
3151 2145 3354 2200 vicibus
3379 2186 3393 2210 ,
3421 2156 3562 2212 etc.,
3607 2163 3732 2216 qua:
3763 2163 3851 2202 se-

2268 2239 2501 2298 quuntur
2546 2231 2600 2285 in
2631 2231 2805 2288 laude.
2856 2233 3018 2288 Facta
3072 2233 3253 2301 laude,
3289 2234 3436 2302 prior
3482 2235 3851 2292 subdiaconus

2271 2320 2600 2376 basilicarius
2647 2323 2772 2392 legit
2821 2323 3114 2392 Epistolam
3158 2323 3399 2380 Latinam
3427 2365 3441 2389 ,
3489 2325 3856 2382 subdiaconus

2269 2409 2491 2468 Graecus
2559 2412 2686 2481 legit
2751 2413 3044 2481 Epistulam
3093 2413 3357 2471 Graeam.
3427 2415 3541 2471 Duo
3601 2429 3856 2471 cantet-es

2272 2501 2324 2554 in
2353 2502 2558 2571 pulpito
2586 2511 2804 2558 cantant
2833 2503 3063 2559 Gradale
3114 2503 3240 2559 Htec
3266 2504 3375 2559 dies
3421 2521 3578 2575 quam
3610 2508 3732 2576 fecit
3757 2508 3857 2560 Do-

2271 2592 2458 2645 minus.
2511 2592 2853 2649 Primicerius
2903 2609 3025 2648 cum
3078 2591 3259 2650 schola
3306 2597 3613 2664 respondet.
3661 2595 3856 2650 Finitis

2271 2682 2515 2737 cantibus
2534 2721 2551 2746 ,
2582 2683 2989 2739 archidiaconus
3032 2684 3156 2754 legit
3186 2685 3538 2754 Evangelium
3564 2686 3850 2751 Latinum,

2271 2771 2525 2825 diaconus
2558 2771 2776 2827 Graecus
2823 2775 2950 2843 legit
2979 2774 3326 2843 Evangelium
3357 2773 3628 2829 Graecum.
3679 2775 3739 2828 In
3770 2790 3854 2828 se-

2271 2875 2415 2916 creta
2465 2864 2794 2918 descendunt
2834 2866 2941 2921 duo
2987 2866 3197 2921 diaconi
3238 2876 3362 2922 ante
3405 2867 3605 2932 altare,
3658 2880 3712 2922 et
3743 2868 3849 2920 duo

2271 2952 2625 3018 subdiaconi,
2677 2954 2924 3010 ordinate
2978 2965 3181 3010 stantes
3233 2971 3355 3010 cum
3410 2957 3654 3012 silentio.
3723 2956 3852 3008 Dum

2273 3042 2508 3110 pontifex
2537 3043 2665 3096 dicit
2705 3043 2811 3095 Per
2852 3044 3027 3096 omnia
3068 3045 3262 3098 swcula
3305 3045 3647 3110 saeculorum,
3679 3044 3856 3097 uultus

594 3139 723 3191 lum.
750 3137 951 3192 Deinde
977 3139 1138 3189 intrat
1163 3134 1463 3199 ecclesiam,
1485 3144 1540 3187 et
1567 3143 1704 3200 orat,
1735 3143 1788 3188 et
1819 3133 1963 3186 vadit
1991 3133 2056 3186 ad
2084 3147 2164 3186 se-
2198 3139 2242 3200 ί]
2274 3131 2324 3184 ei
2354 3133 2672 3200 respondet,
2705 3132 2800 3187 sed
2847 3134 3061 3201 incipit,
3099 3145 3152 3188 et
3188 3136 3318 3191 dicit
3345 3134 3501 3189 Pater
3548 3147 3726 3189 noster
3769 3140 3854 3204 qui

594 3227 922 3288 eretarium;
948 3225 1059 3289 ubi,
1093 3225 1290 3293 paratis
1312 3223 1560 3277 erunibus
1587 3223 1884 3286 ordinibus,
1917 3222 2061 3290 prius
2084 3222 2175 3275 dnt

598 3333 782 3388 parem
814 3318 973 3386 priori
1021 3317 1293 3384 episcopo,
1323 3316 1410 3384 qui
1443 3314 1493 3369 ei
1526 3313 1822 3369 serviturus
1852 3325 1954 3377 est,
1997 3323 2050 3368 et
2092 3328 2174 3367 rc-

597 3411 676 3464 dit
719 3410 772 3463 in
805 3411 976 3463 locum
1005 3423 1182 3462 suum.
1235 3407 1436 3462 Deinde
1471 3405 1707 3460 secundo
1749 3406 2035 3474 episeopo,
2083 3405 2173 3472 qui

598 3501 812 3556 rediens
834 3500 922 3553 dat
942 3515 1124 3568 pacem
1159 3499 1320 3569 priori
1353 3513 1470 3564 suo,
1502 3506 1555 3552 et
1601 3497 1740 3551 redit
1769 3497 1819 3550 in
1850 3497 1960 3560 lilo,
1984 3506 2034 3548 ct
2057 3495 2176 3548 aliis

597 3590 876 3656 similiter;
949 3589 1143 3644 deinde
1215 3588 1580 3643 cardinalibus
1635 3587 1923 3652 similiter;
1994 3595 2176 3654 postea

600 3680 854 3750 praefecto
901 3688 956 3733 et
992 3680 1282 3747 judicibus,
1334 3679 1660 3746 delungariis
1708 3693 1941 3747 quoque.
2001 3677 2050 3730 id
2095 3686 2178 3730 est

599 3769 866 3837 prml'ectis
911 3769 1203 3833 navalibus,
1257 3775 1313 3820 et
1361 3765 1772 3834 majorentibus,
1804 3767 1893 3832 qui
1923 3765 2177 3819 dicuntur

600 3858 781 3912 schola
809 3858 1091 3921 Stimulati,
1124 3868 1178 3912 et
1220 3858 1427 3911 cmteris
1461 3858 1608 3912 laicis
1648 3856 1995 3926 principibus.
2027 3855 2178 3908 Tunc

603 3956 830 4016 surgunt
891 3948 996 4001 duo
1049 3949 1365 4002 subdiaconi
1417 3947 1745 4011 basilicarii,
1802 3957 1857 4001 et
1907 3945 2177 4012 accipiunt

603 4037 836 4106 priorem
866 4036 1251 4091 subdiaconum
1282 4037 1663 4107 regionarium,
1683 4051 1781 4103 per
1805 4051 1992 4090 manus
2013 4037 2177 4090 adex-

605 4135 809 4182 trames
837 4140 958 4181 eum
989 4128 1056 4180 ab
1103 4127 1328 4180 introitu
1376 4125 1653 4181 sccretarii
1681 4133 1807 4180 ante
1852 4124 2177 4193 pontificem.

602 4217 703 4283 Qui
732 4216 838 4269 alta
867 4230 997 4270 voce
1021 4216 1147 4270 dicit
1172 4234 1187 4269 :
1211 4215 1365 4281 Jube,
1391 4216 1592 4280 domne,
1612 4215 1918 4269 benedicere.
1937 4214 2180 4270 Pontifex

603 4304 868 4358 benedicit
917 4319 1071 4369 eum;
1110 4303 1308 4359 deinde
1357 4319 1541 4373 parum
1595 4303 1892 4373 producunt
1943 4318 2088 4369 eum,
2129 4313 2185 4357 et

603 4395 794 4446 iterum
827 4393 955 4446 dicit
985 4411 998 4446 :
1024 4393 1178 4460 Jube,
1221 4395 1428 4457 domne,
1471 4393 1782 4460 benedicere,
1814 4402 1868 4448 et
1895 4392 2180 4447 benedicit.

2279 3238 2330 3274 es
2350 3221 2402 3274 in
2432 3223 2599 3285 caelis,
2633 3233 2739 3278 etc.
2761 3263 2777 3287 ,
2809 3238 2928 3293 qua:
2954 3235 3250 3294 sequuntur

2352 3311 2439 3366 48.
2471 3312 2641 3366 Finita
2692 3314 2881 3380 Missa,
2913 3324 3230 3382 coronatur,
3265 3324 3321 3370 et
3347 3329 3466 3370 eum
3497 3315 3851 3370 Processsone

2279 3406 2418 3459 redit
2444 3406 2507 3458 ad
2541 3407 2791 3472 palatium
2825 3423 2919 3476 per
2963 3416 3198 3462 montem
3245 3407 3621 3476 Exquilinum,
3650 3407 3852 3460 intrans

2279 3498 2381 3550 8th
2423 3512 2606 3549 arcum
2629 3538 2644 3563 ,
2702 3499 2792 3550 ubi
2845 3498 3041 3552 dicitur
3071 3498 3355 3552 macellum
3397 3498 3676 3551 Lunanutn
3709 3497 3816 3568 [AL
3839 3537 3854 3556 .

2282 3586 2624 3658 Humanum],
2650 3589 2984 3657 progreditur
3005 3599 3129 3643 ante
3160 3589 3412 3657 templum
3439 3588 3628 3653 Marii,
3661 3601 3802 3655 quoa
3833 3597 3854 3625 ε

2282 3687 2503 3731 vocatur
2523 3677 2797 3733 Cimbrum
2816 3719 2832 3742 ,
2862 3681 3127 3734 transiens
3155 3695 3249 3748 per
3278 3679 3602 3734 Merulanam
3624 3720 3641 3744 ,
3675 3694 3857 3732 ascen-

2280 3766 2414 3820 dens
2434 3768 2499 3820 ad
2521 3769 2774 3835 palatium
2797 3769 2944 3837 juxta
2964 3769 3282 3823 Fullonium.
3304 3769 3360 3829 In
3385 3767 3600 3822 introitu
3627 3767 3856 3821 basilica:

2281 3857 2556 3913 Zacltarim
2597 3874 2750 3928 papa:
2770 3903 2785 3927 ,
2832 3861 3066 3927 acceptis
3095 3857 3337 3913 laudibus
3362 3874 3392 3912 a
3421 3857 3786 3911 cardinalibus
3811 3867 3858 3909 et

2275 3949 2564 4017 iudicibus,
2595 3949 2753 4004 sicuti
2785 3950 2835 4002 in
2865 3950 2987 4002 aliis
3014 3950 3255 4014 coronis,
3286 3947 3567 4002 descendit
3588 3947 3657 4001 de
3683 3961 3853 4013 enjuo;

2279 4041 2563 4109 Sttscipitur
2618 4056 2648 4094 a
2704 4039 2858 4110 142
2917 4039 3221 4107 primicerio
3261 4078 3276 4104 ,
3335 4046 3393 4092 et
3457 4035 3858 4092 secundiecrius

2279 4131 2515 4199 judicum
2536 4130 2752 4197 deponit
2781 4144 3067 4195 coronam,
3099 4138 3154 4183 et
3182 4129 3272 4182 dat
3299 4128 3633 4182 cubiculario
3659 4169 3675 4193 ,
3707 4141 3858 4190 quam

2284 4223 2496 4275 curiose
2543 4221 2752 4289 reponit
2803 4221 2855 4273 in
2902 4218 3123 4274 scrinio.
3172 4218 3389 4273 Jttdices
3435 4225 3617 4270 autem
3672 4217 3861 4269 ducunt

2287 4328 2408 4367 eum
2461 4313 2552 4366 illo
2580 4314 2668 4366 die
2718 4313 2769 4365 in
2819 4311 3092 4366 basilicam
3144 4324 3389 4380 magnam
3435 4308 3764 4362 Leonianam
3813 4307 3858 4357 in

2290 4419 2591 4469 cameram,
2622 4402 2707 4457 ubi
2739 4411 2862 4457 sunt
2910 4409 3205 4470 prtrparata
3255 4401 3501 4453 undecim
3533 4413 3787 4460 scamna,
3815 4407 3857 4449 et

604 4482 946 4551 Progreditur
973 4492 1117 4546 ante,
1149 4492 1204 4536 ct
1247 4482 1376 4537 dicit
1404 4498 1418 4536 :
1446 4482 1599 4548 lube,
1637 4484 1841 4547 donme,
1870 4483 2168 4536 benedicere

2291 4504 2452 4546 unum
2477 4491 2792 4547 subsellium
2821 4493 2963 4545 circa
2989 4505 3230 4544 mensam
3257 4489 3457 4543 domini
3489 4487 3758 4556 pontificis
3776 4527 3788 4548 ,
3812 4497 3860 4539 et
3891 4539 3900 4554 ,

605 4573 863 4628 Dominus
892 4574 1159 4628 benedicit
1179 4589 1321 4640 eum,
1345 4584 1398 4628 et
1423 4575 1551 4629 dicit
1575 4591 1591 4628 :
1622 4575 1766 4630 Servi
1786 4574 1994 4628 Domini
2021 4578 2180 4629 nostri

603 4660 731 4716 Iesu
765 4662 985 4727 Christi;
1017 4663 1162 4717 Serui
1187 4663 1394 4717 Domini
1431 4666 1592 4718 nostri
1617 4665 1744 4719 Jesu
1784 4663 2008 4728 Christi;
2040 4665 2186 4721 Servi

606 4749 816 4813 Domini
864 4751 1026 4804 nostri
1071 4751 1196 4804 Jssu
1232 4751 1444 4819 Christi,
1496 4753 1563 4806 ϐ.
1618 4753 2008 4806 archidiaconus
2050 4757 2184 4825 legat

608 4840 965 4910 Euangelium,
992 4839 1318 4908 Hyacinthus
1348 4843 1688 4895 subdiaconus
1712 4843 1844 4911 tegat
1873 4840 2179 4909 Epistulam,

602 4929 670 4985 (ἶ.
705 4932 1019 4998 primicerius
1048 4941 1096 4984 et
1123 4933 1291 4986 caeteri
1311 4942 1538 4986 cantores
1567 4942 1788 4987 cantent.

685 5020 836 5090 141
866 5021 954 5074 47.
986 5021 1134 5073 Tunc
1162 5023 1329 5087 surgit
1363 5021 1614 5075 dominus
1646 5021 1878 5086 pontifex
1907 5036 1933 5074 a
1975 5022 2183 5077 duobus

607 5120 936 5183 sustentatus
959 5152 973 5174 ,
1007 5113 1058 5167 in
1089 5114 1441 5168 Processione
1471 5114 1852 5182 progrediens,
1887 5115 2023 5169 sicut
2069 5132 2184 5170 mos

604 5215 707 5258 est.
730 5204 1052 5259 Cubicularii
1077 5206 1126 5258 in
1151 5205 1371 5260 introitu
1395 5207 1638 5259 ecclesia:
1660 5204 1855 5259 habent
1877 5207 2178 5274 mappulam

606 5305 878 5348 emensam
899 5333 914 5358 ,
945 5309 1099 5363 quam
1127 5305 1340 5364 portant
1365 5311 1526 5365 super
1546 5305 1706 5364 caput
1726 5297 1841 5363 ejus
1868 5310 2034 5364 usque
2057 5311 2182 5353 ante

678 5417 702 5443 ⁸
730 5409 831 5480 Sic
867 5409 1024 5476 infra,
1055 5426 1206 5464 num.
1235 5413 1501 5478 sequenti,
1533 5411 1767 5480 pontifex
1799 5411 1946 5480 prius
1973 5413 2066 5465 dat
2097 5428 2185 5480 pa-

608 5493 723 5549 coni
755 5477 917 5546 priori
945 5482 1194 5547 episcopo
1215 5522 1230 5545 ,
1258 5477 1452 5535 deinde
1502 5477 1759 5545 secundo,
1801 5477 1898 5549 qui
1940 5477 2186 5537 reversus

609 5546 878 5619 adducunt
902 5563 1077 5619 suum,
1106 5546 1194 5601 dat
1224 5566 1402 5619 pacem
1430 5552 1586 5617 priori
1608 5567 1720 5604 suo.

614 5614 709 5737 ni:
737 5615 877 5670 Ideni
910 5617 1042 5672 ritus
1071 5614 1318 5687 superius
1365 5614 1630 5689 inprimis
1662 5620 1946 5677 Ordinibus
1983 5621 2187 5677 Roma-

2290 4584 2457 4637 lectus
2477 4583 2592 4652 ejus
2615 4583 2751 4638 bene
2780 4591 3107 4651 prteparatus
3136 4583 3187 4634 itt
3215 4582 3383 4648 figura
3405 4580 3689 4634 duodecim
3714 4593 3858 4646 apos-

2290 4674 2518 4728 tolorum
2547 4675 2689 4727 circa
2739 4687 2977 4727 mensam
3007 4670 3204 4726 Christi
3224 4709 3240 4735 ,
3272 4669 3485 4738 Quando
3519 4670 3860 4723 comederunt

2290 4767 2506 4832 pascha.
2540 4763 2613 4818 lbi
2641 4763 2824 4831 jacent
2851 4763 2902 4816 in
2936 4762 3127 4816 cubitis
3169 4761 3401 4830 quinque
3444 4760 3748 4813 cardinales
3775 4797 3788 4820 ,
3814 4768 3860 4809 et

2289 4856 2522 4924 quinque
2551 4855 2794 4919 diaconi,
2823 4863 2878 4908 et
2907 4854 3240 4921 primicerius
3285 4854 3351 4905 ad
3395 4851 3680 4920 prandium
3705 4893 3719 4915 ,
3748 4850 3863 4903 dato

2297 4945 2442 5011 prius
2475 4945 2806 5014 presbyterio
2851 4945 2903 4996 in
2932 4958 3145 4997 camera
3175 4957 3299 4995 cum
3330 4942 3578 4995 manibus
3603 4981 3619 5004 ,
3651 4941 3790 4993 sicut
3815 4939 3859 4992 in

2292 5034 2380 5089 die
2409 5035 2608 5088 Natalis
2659 5035 2887 5089 Domini.
2945 5035 3124 5102 Surgit
3155 5034 3309 5097 inde,
3343 5042 3399 5088 et
3426 5034 3574 5086 venit
3598 5033 3664 5084 ad
3697 5033 3860 5085 locum

2291 5125 2377 5192 qui
2409 5125 2605 5178 dicitur
2628 5122 2973 5190 Cubitorum,
3003 5124 3087 5177 ubi
3118 5138 3288 5194 agnus
3317 5137 3471 5176 assus
3498 5123 3857 5183 benedicitnr;

2290 5230 2447 5283 quem
2503 5214 2800 5278 benedicit,
2849 5226 2901 5268 et
2953 5214 3092 5268 redit
3143 5216 3208 5267 ad
3268 5223 3624 5282 prteparatum
3679 5214 3858 5267 lectum

2291 5322 2510 5362 mensze.
2546 5308 2699 5362 Prior
2752 5306 3089 5362 basilicarius
3137 5307 3289 5361 sedet
3341 5307 3395 5360 itt
3441 5305 3706 5359 subsellio
3753 5314 3861 5357 ante

2369 5429 2392 5455 ⁸
2418 5419 2473 5473 In
2500 5420 2606 5474 alio
2648 5421 2868 5485 codice,
2913 5421 3051 5490 quod
3095 5419 3388 5490 nominatur
3429 5432 3582 5467 arcus
3611 5415 3858 5490 Gallioni,

2298 5505 2428 5542 nunc
2472 5492 2635 5543 sancti
2694 5491 2794 5543 l‘iti
2824 5493 2875 5542 in
2925 5486 3139 5543 macello
3195 5488 3453 5550 Nardini,
3496 5486 3750 5538 transiens
3789 5499 3861 5550 per

2298 5558 2654 5628 D_lerntanam,
2687 5565 2962 5615 ascendens
3003 5561 3070 5612 ad
3108 5559 3353 5627 palatium
3410 5554 3676 5609 Cimbrum
3724 5558 3860 5623 juxta

2299 5626 2615 5682 Fullonium.
