4008 6308
125 339 282 394 1055

1355 336 1610 391 ROMANI
1649 335 1966 392 OllDlNES.
2013 367 2075 376 —
2115 339 2201 394 XI.

3258 340 3393 392 1046

119 445 352 499 lectum.
382 446 531 498 Tunc
552 444 794 498 dominus
825 445 1061 514 pontifex
1092 445 1231 499 tollit
1255 462 1437 514 parum
1460 447 1527 499 de
1557 461 1711 512 agno,
1747 451 1790 503 Α
1822 445 2033 500 Romuli
2064 464 2078 511 ;
2107 447 2349 501 ascendit
2395 449 2459 501 ad
2518 448 2828 504 Vaticanum
2886 448 2940 502 in
2993 447 3207 502 basilica
3254 450 3392 505 beati

123 549 180 590 rt
233 539 382 604 prius
438 537 655 605 porrigit
701 539 862 605 priori
911 538 1244 604 basilicario,
1293 538 1522 593 dicens:
1569 538 1717 602 Quod

124 631 298 697 facis,
329 629 412 695 fac
443 629 591 680 citius
613 645 629 689 ;
653 628 782 680 sicut
813 628 898 680 ille
919 629 1111 694 accepit
1137 627 1205 680 ad
1238 628 1634 690 damnationem,
1665 636 1720 678 tu

121 720 312 788 accipe
331 718 400 769 ad
429 717 812 780 remissionem;
838 725 892 770 et
923 718 1080 770 mittit
1111 719 1160 770 in
1193 732 1252 770 os
1283 720 1428 785 ejus,
1459 717 1546 786 qui
1579 716 1719 770 acci-

125 811 212 875 pit
244 819 298 862 et
326 807 582 862 comedit.
617 805 900 874 Reliquum
930 809 1048 874 agni
1091 807 1183 860 dat
1211 807 1456 862 undecim
1487 808 1719 861 discum-

126 899 433 962 lientibus,
497 905 552 951 et
601 897 720 950 aliis
769 896 963 964 quibus
1013 898 1221 965 placet,
1278 907 1331 951 et
1391 899 1472 952 sic
1534 912 1720 952 omnes

125 990 446 1044 comedunt.
468 989 549 1042 Ad
572 988 851 1042 dimidium
874 1003 1005 1042 vero
1033 988 1336 1042 convivrum
1361 1003 1426 1043 ex
1451 1001 1719 1057 prrccepto

124 1081 498 1134 archidiaconi
531 1081 702 1149 surgit
726 1081 940 1146 quidam
968 1080 1257 1142 diaconus,
1291 1089 1346 1134 et
1377 1081 1503 1148 legit
1536 1081 1720 1134 lectio-

126 1187 285 1226 nem.
319 1171 576 1224 Cantores
602 1181 779 1225 autem
815 1183 879 1223 ex
923 1179 1187 1238 praecepto
1216 1169 1414 1222 domini
1447 1169 1714 1238 pontiﬁcis

125 1271 355 1314 cantant
403 1260 778 1329 Sequentiam,
810 1275 927 1329 qua:
973 1258 1044 1312 sit
1083 1259 1410 1314 conveniens
1461 1258 1715 1323 Paschaa,

128 1353 428 1408 modulatis
456 1354 699 1421 organis;
732 1367 902 1421 eaque
933 1351 1077 1406 ﬁnita
1095 1391 1110 1417 ,
1135 1359 1298 1414 eunt,
1325 1361 1380 1406 et
1408 1355 1718 1406 osculantur

129 1447 303 1514 pedes
333 1444 620 1514 pontificis,
641 1444 729 1513 qui
762 1446 853 1497 dat
876 1446 953 1498 eis
978 1457 1202 1512 cappam
1236 1443 1446 1512 plenam
1475 1444 1714 1512 potione;

130 1539 231 1606 qui
251 1537 460 1601 bibunt,
475 1545 530 1590 et
549 1535 817 1604 accipiunt
836 1549 865 1588 a
882 1534 1193 1589 saccellario
1208 1549 1372 1588 unum
1390 1534 1716 1605 byxantinm.

206 1626 304 1682 49.
355 1625 530 1680 Finito
562 1625 840 1688 convivio,
871 1623 1149 1678 descendit
1193 1625 1243 1678 in
1296 1624 1565 1678 basilicam
1597 1625 1716 1679 Sal-

134 1717 343 1770 vatoris
372 1716 440 1770 ad
468 1716 849 1780 secretarium,
882 1715 969 1768 ubi
1001 1730 1187 1783 parum
1221 1725 1444 1783 pausat;
1477 1716 1566 1784 qui
1595 1730 1714 1768 sur-

1823 536 1967 589 l’etri
2015 539 2281 603 apostoli,
2330 539 2509 610 ibique
2555 555 2676 594 cum
2723 540 2870 596 omni
2915 541 3106 609 populo
3154 541 3394 596 Roiiianu

1821 635 1999 681 cantat
2029 628 2266 684 Missam.

1893 718 1980 771 5|.
2021 717 2132 784 Qua
2182 719 2357 783 finita,
2403 731 2692 775 coronatur
2736 731 2860 774 ante
2906 719 3178 775 basilicam
3223 724 3393 776 sancti

1823 807 1964 861 Petri
2009 810 2062 862 in
2113 810 2258 875 loco,
2311 811 2400 864 ubi
2450 813 2697 866 ascendit
2743 826 2973 881 equum,
3015 819 3070 864 et
3110 822 3398 866 coronatus

1819 910 1939 950 cum
1980 898 2332 954 Processione
2381 902 2668 955 revertitur
2702 901 2767 954 ad
2818 901 3072 969 palatium
3122 914 3217 966 per
3261 900 3398 956 hanc

1825 995 1959 1046 \iam
2007 991 2269 1059 Sacram,
2317 1008 2413 1062 per
2466 995 2728 1061 porticum
2787 1003 2842 1047 et
2892 1007 2983 1061 per
3061 992 3396 1059 pralibatum

1823 1085 2311 1149 pontem,intrans
2367 1085 2466 1138 sub
2522 1099 2649 1137 arcu
2709 1082 3016 1152 triumphali
3067 1081 3394 1145 Theodosii,

1827 1173 2182 1228 Valentiniani
2203 1184 2260 1228 et
2288 1173 2526 1229 Gratiani
2560 1174 2971 1241 imperatorum,
3000 1181 3057 1228 et
3085 1175 3394 1240 vaditjuxta

1824 1262 2080 1330 palatium
2136 1261 2480 1327 'Cromacii,
2538 1263 2626 1316 ubi
2680 1262 2846 1317 Judei
2901 1262 3101 1317 faciunt
3159 1262 3396 1318 laudem.

1827 1354 2116 1408 l’rosiliens
2141 1368 2236 1424 per
2286 1353 2567 1408 Parionem
2615 1353 2756 1407 inter
2784 1352 2984 1406 circum
3012 1352 3302 1407 Alexandri
3347 1361 3403 1407 et

1824 1443 2090 1497 theatrum
2135 1442 2410 1512 Pompeii,
2438 1443 2715 1498 descendit
2755 1457 2848 1511 per
2895 1444 3157 1511 porticum
3204 1442 3397 1512 Agrip-

1823 1531 2094 1603 pinamb;
2147 1535 2388 1589 ascendit
2437 1548 2532 1603 per
2584 1533 2802 1588 Pineam
2847 1533 2996 1603 juxta
3052 1532 3396 1596 Palatinam,

1827 1625 2107 1692 prosiliens
2133 1635 2260 1680 ante
2307 1635 2550 1680 sanctum
2599 1625 2832 1680 Marcum
2877 1625 3119 1680 ascendit
3145 1626 3245 1680 sub
3272 1641 3400 1681 arcu

1826 1715 2011 1768 Manus
2053 1730 2264 1770 carneze
2309 1730 2405 1784 per
2450 1716 2667 1770 clivium
2701 1716 3093 1783 argentarium,
3125 1717 3266 1769 inter
3319 1717 3401 1768 in-

133 1820 296 1873 gens,
324 1806 462 1858 dicta
490 1806 636 1874 prius
662 1806 834 1870 Nona,
859 1806 1019 1857 intrat
1040 1804 1106 1858 ad
1133 1804 1394 1872 Vesperas
1415 1819 1480 1858 eo
1509 1805 1717 1869 ordine,
1750 1800 1795 1860 Β
1827 1807 1996 1859 snlam
2047 1806 2289 1876 ejusdem
2335 1805 2567 1862 nominis
2613 1816 2670 1862 et
2723 1807 3029 1875 capitolium
3055 1845 3072 1872 ,
3133 1807 3404 1862 descendit

133 1899 280 1951 sicut
333 1899 384 1950 in
428 1896 818 1964 Antiplionario
861 1897 1118 1963 scriptum
1149 1903 1251 1949 est.
1311 1894 1500 1947 Finitis
1553 1895 1721 1948 tribus

137 1989 426 2058 Vesperis,
457 1989 508 2041 in
539 1988 758 2042 l-asilica
787 1987 1080 2042 Salvatoris
1101 2027 1116 2052 ,
1145 1997 1195 2039 et
1218 1987 1282 2039 ad
1307 1985 1507 2040 Fontes
1527 2025 1542 2050 ,
1570 1997 1620 2039 et
1654 1987 1719 2039 ad

136 2089 379 2132 sanctam
419 2077 680 2142 Crucem,
727 2078 868 2131 redit
912 2077 1162 2130 dominus
1200 2077 1435 2144 pontifex
1487 2077 1537 2129 in
1583 2092 1719 2145 pra:-

137 2179 383 2234 paratam
436 2168 735 2236 porticum;
786 2167 958 2234 posito
1003 2165 1073 2219 ibi
1127 2165 1396 2219 facistorio
1433 2165 1572 2236 [Al.,
1621 2164 1719 2219 fal-

138 2257 424 2326 dismrio],
456 2257 608 2312 sedet
659 2258 804 2323 ipse,
857 2266 913 2311 et
967 2256 1055 2310 alii
1109 2255 1324 2309 ordines
1379 2257 1519 2310 circa
1571 2271 1716 2309 eum.

141 2350 553 2404 Architriclinus
598 2359 772 2402 autem
819 2364 941 2403 cum
979 2350 1096 2402 aliis
1146 2349 1430 2417 juvenibus
1476 2349 1720 2402 ord.nate

144 2449 410 2505 przeparat
462 2447 587 2492 ante
632 2439 904 2492 dominum
955 2439 1261 2507 pontiﬁcem
1315 2439 1614 2507 potionem,
1668 2450 1721 2491 et

144 2531 326 2582 vinum
377 2528 510 2582 bibit
549 2530 700 2597 ipse,
756 2538 811 2584 et
859 2543 1044 2583 omnes
1096 2529 1186 2582 alii
1239 2528 1447 2582 bibunt.
1504 2530 1718 2582 Interim

141 2634 172 2673 c
191 2630 394 2673 intores
422 2629 672 2688 surgunt,
705 2629 759 2674 et
787 2628 1004 2672 cantant
1029 2618 1167 2672 hanc
1189 2617 1530 2688 Sequentiam
1569 2619 1721 2672 Grae-

141 2722 285 2768 cam,
319 2710 511 2777 Πὰυχα
533 2708 661 2780 ἱερὸν
687 2709 802 2772 ἡμῖν
829 2712 1063 2782 σήμερον,
1098 2722 1198 2775 qua
1231 2707 1517 2776 Sequentia
1549 2709 1717 2772 linito,

143 2805 314 2860 cunt,
366 2806 419 2850 et
465 2796 773 2849 osculantur
823 2797 985 2863 pedes
1041 2797 1344 2864 pontiﬁcis,
1402 2808 1458 2851 et
1505 2798 1597 2851 dat
1641 2799 1721 2851 eis

146 2885 331 2939 bibere
355 2900 576 2954 coppam
606 2885 857 2952 potionis.
891 2887 978 2939 Sic
1007 2901 1194 2942 omnes
1238 2887 1341 2942 lati
1372 2889 1646 2942 recedunt.

217 2972 307 3027 59.
346 2976 588 3028 Secunda
617 2974 748 3029 l‘eria
776 2975 936 3028 Statio
974 2976 1039 3028 ad
1071 2990 1310 3031 sanctum
1354 2978 1590 3033 Petrum.
1638 2979 1722 3033 Ad

145 3063 456 3118 Matutinum
480 3079 640 3132 super
672 3063 861 3131 Venite,
890 3065 1126 3119 Surrexit
1150 3064 1398 3120 Dominus
1419 3083 1548 3134 rere,
1576 3067 1720 3123 allel.

1827 1907 1950 1952 ante
1981 1898 2241 1963 privatam
2266 1898 2596 1962 Mamertini;
2631 1898 2791 1951 intrat
2819 1897 2918 1950 sub
2939 1912 3066 1950 arcu
3094 1897 3400 1965 triumphali

1826 1990 1965 2042 inter
1995 1989 2252 2057 templum
2302 1989 2483 2043 Fatale
2512 2000 2564 2041 et
2607 1990 2865 2056 templum
2906 1987 3246 2051 Concordiae,
3278 2004 3400 2054 pro-

1823 2080 2076 2146 grediens
2128 2082 2269 2133 inter
2317 2081 2488 2133 forum
2536 2078 2753 2148 Trajani
2810 2089 2863 2133 et
2916 2078 3088 2133 forum
3135 2080 3398 2143 Cursaris;

1824 2168 2090 2222 subintrat
2111 2183 2293 2222 arcum
2318 2169 2527 2222 Nervize
2554 2168 2691 2221 inter
2717 2168 2970 2236 templum
2993 2167 3230 2233 ejusdem
3260 2168 3398 2232 deae,

1825 2270 1878 2313 et
1909 2263 2160 2330 templum
2187 2261 2307 2316 Jani
2333 2304 2347 2327 ,
2378 2259 2618 2315 ascendit
2643 2267 2767 2313 ante
2794 2259 3001 2329 asylum
3034 2274 3127 2326 per
3151 2259 3354 2312 silicem
3382 2300 3396 2323 ,

1832 2349 1988 2419 ιω
2038 2351 2128 2403 ubi
2180 2349 2373 2404 cecidit
2421 2351 2604 2405 Simon
2666 2352 2887 2418 Magos,
2927 2351 3076 2420 juxta
3146 2353 3398 2417 templum

1830 2440 2080 2503 ltomult;
2112 2442 2281 2509 pergit
2329 2440 2430 2495 sub
2473 2455 2599 2494 arcu
2646 2441 2952 2510 triumphali
2982 2441 3087 2494 Titi
3118 2450 3168 2494 et
3201 2440 3394 2509 Vespa-

1824 2529 1959 2582 siani
1985 2570 2000 2593 ,
2053 2529 2140 2597 qui
2190 2540 2408 2582 vocatur
2438 2529 2654 2596 Septem
2723 2530 3054 2584 lucernarum
3084 2546 3097 2594 ;
3133 2528 3404 2583 descendit

1824 2618 1892 2671 ad
1922 2617 2110 2672 Metam
2143 2617 2422 2672 sudantem
2464 2627 2588 2672 ante
2617 2619 2990 2686 triumphalem
3019 2634 3202 2673 arcum
3228 2619 3404 2674 Cons-

1829 2709 2013 2762 tantini
2038 2749 2052 2772 ,
2085 2709 2347 2764 reclinans
2377 2725 2534 2764 manu
2589 2711 2719 2764 lznva
2758 2721 2882 2765 ante
2910 2711 3394 2778 amphitheatrum,

1825 2810 1878 2853 et
1905 2815 2000 2868 per
2019 2799 2269 2854 Sanctam
2293 2801 2434 2854 viam
2447 2800 2596 2869 juxta
2619 2800 2899 2855 Coloseum
2925 2799 3402 2872 [Al.,Co|liseum],

1827 2889 2111 2944 revertitur
2135 2891 2202 2942 ad
2248 2889 2597 2954 Lateranum;
2632 2892 2810 2956 ibique
2862 2891 3155 2945 honoriﬁce
3185 2905 3400 2958 suscep-

1827 2985 1910 3032 tus
1934 3017 1950 3036 .
1986 2978 2138 3034 factis
2163 2979 2406 3033 laudibus
2437 2981 2782 3034 cardinalium
2814 2991 2870 3034 et
2910 2981 3146 3049 judicum
3166 3022 3184 3045 ,
3215 2994 3402 3033 ascen-

1825 3067 1907 3120 dit
1963 3067 2260 3135 palatinin;
2327 3070 2416 3121 dat
2484 3070 2874 3137 presbyterium
2950 3072 3066 3123 sine
3120 3069 3404 3132 manibus,

154 3154 360 3222 Venite,
407 3159 730 3210 exsultemus.
796 3158 847 3210 In
900 3158 1018 3212 luco
1067 3160 1221 3212 trium
1274 3159 1698 3228 Antiphonarum
1753 3158 1797 3218 C
1828 3157 2064 3210 celebrat
2118 3159 2420 3212 convivium
2489 3161 2543 3212 in
2598 3161 2782 3213 eadem
2832 3159 3048 3214 basilica
3106 3158 3399 3214 Leoniana.

145 3252 390 3298 cantatur
413 3245 663 3310 Alleluia,
691 3255 746 3300 et
772 3257 881 3300 tres
916 3246 1109 3300 Psalmi
1127 3289 1142 3312 ,
1178 3247 1332 3318 143
1359 3249 1486 3304 Cum
1511 3251 1719 3304 invoca-

144 3352 252 3388 rem
280 3337 410 3407 [ΑΛ.
430 3336 492 3390 ln
519 3337 795 3407 Domino],
830 3337 987 3390 Verba
1034 3355 1143 3392 mea
1167 3381 1182 3402 ,
1214 3340 1430 3394 Domine
1467 3358 1530 3393 ne
1560 3344 1610 3393 in
1642 3345 1720 3396 ira

148 3435 260 3479 tua.
314 3425 505 3480 Versus
562 3425 688 3479 Haec
745 3428 850 3480 dies
899 3443 1050 3496 quam
1107 3429 1223 3498 fecit
1267 3428 1559 3495 Dominus;
1615 3439 1722 3485 tres

147 3518 404 3572 lectiones
433 3519 498 3573 de
548 3519 760 3573 ltomilia
786 3563 800 3586 ,
835 3529 889 3574 et
911 3523 1016 3574 duo
1062 3521 1420 3589 Rssponsoria
1475 3523 1617 3588 diei;
1653 3521 1724 3576 Te

147 3610 313 3664 Deum
357 3611 647 3664 laudamus.
695 3611 965 3666 Matutine:
1018 3612 1223 3667 Laudes
1273 3623 1554 3667 cantantur
1601 3628 1719 3668 cum

147 3704 260 3755 suis
286 3703 631 3770 Antiphonis,
661 3712 712 3758 et
740 3703 992 3769 Psalmis,
1019 3712 1075 3758 et
1097 3702 1353 3757 Versibus
1377 3703 1594 3758 alterius
1616 3704 1722 3758 diei

151 3792 362 3860 prioris.
398 3792 548 3846 Mane
576 3802 750 3847 autem
805 3795 974 3857 tacto,
1006 3807 1195 3847 omnes
1248 3793 1466 3860 palatini
1508 3794 1722 3848 ordines

147 3893 533 3952 congregantur
557 3883 622 3937 ad
653 3884 907 3952 palatium
939 3897 1058 3937 cum
1092 3883 1374 3951 pontifice,
1405 3894 1458 3936 et
1492 3882 1720 3938 descen-

151 3972 285 4027 dunt
311 3975 377 4026 de
420 3972 615 4040 palatio
635 4012 650 4037 ,
678 3981 731 4026 et
756 3971 956 4040 equitat
985 3972 1232 4026 dominus
1273 3971 1527 4039 pontifex.
1561 3971 1725 4024 Intrat

153 4078 250 4127 per
277 4077 518 4130 campum
573 4064 719 4130 juxta
749 4071 991 4117 sanctum
1045 4061 1361 4132 Gregorium
1392 4063 1446 4116 in
1496 4062 1722 4126 Martio;

149 4153 426 4207 descendit
453 4153 504 4205 in
535 4154 672 4206 viam
700 4153 956 4220 majorem
987 4154 1086 4207 sub
1108 4167 1236 4206 arcu
1267 4152 1478 4216 formas,
1513 4161 1567 4205 et
1594 4151 1726 4203 dex-

152 4249 230 4294 tra
285 4256 443 4294 manu
489 4250 612 4294 ante
660 4253 901 4295 sanctum
940 4242 1302 4306 Clementem,
1347 4239 1622 4294 declinans
1672 4239 1722 4291 in

153 4333 511 4401 lmvamjuxta
538 4333 840 4387 colliseum.
884 4334 1174 4387 Transiens
1204 4347 1298 4401 per
1317 4347 1499 4386 arcum
1531 4333 1724 4384 Aurea:

151 4422 287 4495 [Al.,
311 4421 537 4491 Nervae]
568 4435 693 4476 ante
737 4425 906 4477 forum
938 4423 1147 4492 Trajani
1177 4438 1343 4491 usque
1383 4422 1449 4475 ad
1479 4431 1720 4476 sanctum

1827 3245 2052 3299 Peracto
2080 3248 2332 3301 convivio
2355 3290 2372 3313 ,
2402 3249 2682 3303 descendit
2732 3249 2795 3302 ad
2845 3250 3104 3316 Vesperas
3125 3289 3142 3311 .
3171 3259 3227 3305 et
3281 3248 3404 3305 facit

1825 3338 2064 3391 ol'licium
2097 3339 2235 3392 sicut
2265 3340 2518 3406 ncriplum
2559 3351 2660 3394 est.

1896 3427 1984 3482 52.
2015 3429 2149 3482 Infra
2182 3430 2348 3484 Albas
2377 3429 2595 3485 Pasclm
2619 3471 2635 3493 ,
2669 3430 2736 3486 ad
2769 3430 3082 3486 Matutinus)
3107 3470 3123 3497 ,
3155 3440 3404 3486 invitato-

1825 3519 1962 3572 rium
2020 3519 2253 3572 Surrexit
2309 3519 2594 3586 Dominus,
2651 3536 2773 3575 cum
2829 3535 2926 3574 suo
2990 3520 3186 3576 Venite.
3250 3521 3402 3576 Ferit

1827 3609 1980 3662 tertia
2011 3619 2120 3664 tres
2143 3609 2370 3675 Psalmi,
2407 3609 2619 3665 Domine
2657 3610 2796 3664 Deus
2823 3627 2964 3664 meus
3004 3613 3057 3663 in
3098 3621 3147 3664 te
3169 3613 3369 3679 sperari
3388 3652 3404 3675 ,

1826 3696 2044 3750 Domine
2075 3697 2322 3752 Dominus
2343 3713 2541 3764 noster,
2571 3699 2637 3754 In
2671 3701 2886 3754 Domino
2913 3702 3132 3769 conﬁdo.
3172 3701 3397 3766 Versus,

1834 3785 1956 3839 Παῖς
1981 3787 2122 3853 dies,
2158 3795 2266 3842 tres
2295 3788 2550 3844 lectiones
2576 3805 2696 3844 cum
2727 3792 2841 3846 suis
2869 3791 3264 3857 Responsoriis.
3296 3789 3404 3843 Ma-

1827 3879 2011 3930 tutinte
2041 3877 2250 3932 Laudes
2278 3877 2432 3932 sicuti
2475 3881 2721 3934 convenit
2759 3881 2899 3946 diei,
2926 3893 2980 3936 et
3009 3884 3073 3935 ad
3116 3883 3255 3936 aliud
3285 3885 3406 3936 offi-

1828 3968 1992 4022 cium.
2025 3967 2176 4021 Feria
2208 3976 2392 4037 quarta
2436 3969 2630 4023 Psalmi
2659 3971 2874 4025 Salvum
2901 3989 2978 4026 me
3002 3974 3117 4044 (ac,
3149 3973 3366 4027 Domine
3388 4016 3404 4039 ,

1834 4058 2104 4128 Usquequo
2123 4100 2138 4126 ,
2166 4059 2418 4124 Domine;
2451 4060 2592 4114 Dixit
2619 4063 2884 4129 insipiens.
2913 4064 2966 4117 In
3001 4065 3117 4118 loco
3147 4066 3406 4130 Antipho-

1831 4163 2014 4201 narmn
2044 4157 2287 4202 cantatur
2314 4149 2538 4202 Alleluia
2557 4191 2570 4215 ,
2599 4159 2652 4204 et
2679 4164 2799 4204 cum
2836 4149 3001 4204 Versu
3033 4151 3156 4205 "er
3182 4153 3288 4205 dies
3307 4193 3322 4216 ,
3355 4163 3405 4205 et

1831 4249 1950 4288 cum
2013 4236 2179 4290 tribus
2231 4236 2548 4293 lectionibus
2595 4248 2652 4294 et
2707 4239 3080 4308 Reponsoriis.
3134 4240 3408 4295 Matutina:

1833 4328 2040 4383 Laudes
2081 4342 2134 4383 et
2174 4330 2316 4384 aliud
2344 4329 2576 4384 ofﬁcium
2609 4331 2746 4384 sicut
2775 4344 2956 4396 supra.
3008 4329 3158 4384 Feria
3190 4330 3367 4396 quinta
3390 4368 3406 4393 ,

1834 4419 2025 4472 Psalmi
2054 4417 2290 4484 Domine,
2315 4420 2428 4488 quis
2452 4419 2733 4485 habitabit;
2761 4418 3012 4474 Conserva
3034 4436 3131 4485 me,
3159 4419 3404 4486 Domine,

153 4513 404 4565 Basilium
425 4552 440 4577 ,
472 4513 712 4565 ascendit
743 4526 836 4579 per
887 4522 1122 4566 montem
1179 4511 1318 4566 circa
1370 4513 1584 4564 militias
1629 4511 1725 4565 Ti-
1751 4509 1808 4568 D
1836 4509 2072 4576 Exaudi,
2100 4511 2343 4576 Domine;
2372 4527 2490 4566 cum
2516 4511 2719 4584 [Forte,
2749 4510 2864 4582 pro]
2894 4511 3062 4565 tribus
3090 4513 3409 4581 Antiphonis

151 4601 760 4667 berianas;°dcscendit
813 4617 906 4670 per
955 4611 1195 4657 sanctum
1260 4602 1640 4670 Abbacyrum,
1671 4612 1724 4657 et

155 4695 416 4749 transiens
456 4705 580 4749 ante
621 4703 833 4749 sanctos
861 4695 1182 4763 Apostolos,
1218 4709 1376 4748 manu
1429 4695 1558 4748 laeva
1604 4694 1726 4747 des-

153 4790 384 4843 cendens
411 4789 462 4841 in
493 4790 574 4841 via
609 4788 764 4854 Lata,
793 4797 844 4842 et
872 4788 1144 4841 declinans
1175 4803 1268 4855 per
1298 4788 1437 4840 viam
1465 4786 1724 4851 Quirina-

84 4949 91 4954 _
157 4882 280 4943 lem,
305 4888 359 4932 et
382 4881 721 4947 proﬁciscens
751 4879 814 4932 ad
842 4889 1076 4932 sanctam
1110 4881 1325 4933 Mariam
1349 4880 1402 4932 in
1434 4879 1631 4947 Aqniro
1656 4879 1722 4931 ad

85 4970 90 5007 ῖ
156 4986 333 5024 arcum
385 4971 629 5033 Pietatis,
677 4971 760 5024 sic
805 4970 1045 5026 ascendit
1089 4971 1154 5024 ad
1204 4984 1448 5040 campum
1506 4969 1724 5032 Martis,

157 5059 424 5113 transiens
452 5069 577 5113 ante
606 5069 848 5113 sanctum
895 5059 1163 5113 Trifoncm
1208 5060 1356 5127 juxti
1389 5059 1683 5126 posterulas
1707 5095 1724 5122 ,

79 5141 90 5200 ξ
157 5165 324 5219 usque
371 5151 436 5204 ad
465 5159 680 5218 pontem
724 5151 1049 5215 Adrianum;
1080 5151 1240 5204 intrat
1271 5166 1365 5219 per
1395 5160 1644 5218 pontem;
1675 5156 1730 5202 et

159 5243 274 5294 exit
302 5255 394 5307 per
439 5249 643 5308 portam
673 5240 931 5295 Collinam
970 5241 1075 5311 [ΑΙ.
1096 5285 1109 5306 ,
1143 5239 1404 5310 Colinam]
1436 5251 1560 5294 ante
1592 5250 1730 5293 tem-

159 5333 302 5401 plum
329 5343 383 5388 et
407 5335 684 5388 castellum
715 5334 966 5397 Adriani;
1005 5332 1346 5402 proﬁciscens
1385 5343 1508 5388 ante
1537 5334 1731 5388 obelis-

157 5440 276 5481 cum
305 5426 562 5490 Neronis,
595 5427 757 5480 intrat
806 5441 899 5496 per
946 5427 1203 5494 porticum
1231 5424 1378 5494 juxta
1427 5426 1727 5492 sepulcrum

229 5566 259 5596 ⁸
285 5558 435 5614 Alius
465 5559 648 5613 Codex
690 5558 886 5622 habet,
934 5553 1328 5615 commentarii,
1363 5561 1421 5605 ut
1465 5551 1724 5620 conjicin,

159 5641 302 5690 uice,
345 5638 463 5683 ante
515 5629 760 5697 palatium
813 5627 978 5680 sancti
1023 5625 1272 5696 Stephani
1323 5624 1373 5676 in
1424 5625 1622 5692 piscina
1675 5623 1727 5673 di

161 5697 337 5753 Bai/ti.

1833 4606 2091 4671 Alleluia,
2140 4614 2195 4659 ct
2241 4621 2364 4660 cuin
2411 4619 2572 4659 versu
2619 4604 2750 4659 Har:
2784 4605 2924 4670 dies,
2955 4613 3013 4659 et
3060 4619 3182 4659 cum
3239 4603 3410 4658 tribus

1833 4697 2148 4751 lectionibus
2177 4704 2231 4750 et
2259 4696 2632 4764 responsoriis.
2658 4696 2926 4750 Matutine:
2945 4695 3153 4749 Laudes
3180 4703 3233 4750 et
3260 4694 3409 4750 aliud

1831 4787 2064 4841 ofncium
2089 4827 2103 4851 ,
2129 4788 2263 4840 sicut
2287 4802 2466 4856 supra.
2501 4787 2654 4841 Feria
2679 4795 2828 4842 sexta
2850 4827 2867 4851 ,
2892 4787 3086 4842 Psalmi
3109 4787 3234 4841 Caeli
3255 4803 3408 4841 enar-

1831 4887 1978 4941 rant;
1999 4877 2258 4931 Exaudiat
2277 4887 2323 4929 te
2337 4878 2620 4939 Dominus;
2641 4875 2879 4940 Domine,
2892 4877 2945 4929 in
2964 4879 3143 4930 virtute
3159 4889 3264 4929 tua.
3283 4876 3404 4930 Ver-

1830 4987 1922 5026 sus
1942 4971 2068 5026 Hrec
2088 4973 2216 5035 dies,
2239 4981 2342 5024 tres
2355 4969 2610 5025 lectiones
2625 4986 2742 5024 cum
2765 4970 2880 5023 suis
2899 4968 3269 5038 ltcsponsoriis
3282 4968 3408 5024 diei.

1835 5066 2102 5118 Matutinm
2134 5063 2341 5118 Laudes
2365 5065 2506 5119 sicut
2535 5076 2694 5130 supra
2718 5101 2735 5125 ,
2765 5071 2816 5114 et
2842 5059 2986 5113 aliud
3013 5059 3268 5113 ofﬁcium.

1907 5157 1994 5208 55.
2027 5156 2260 5210 Salihato
2289 5155 2356 5207 de
2387 5155 2565 5216 Albis,
2595 5152 2659 5205 ad
2687 5151 2998 5204 Matutinum
3025 5188 3042 5213 ,
3069 5159 3177 5202 tres
3207 5145 3407 5202 Psalmi

1841 5246 2088 5299 Dominus
2138 5245 2266 5313 regit
2320 5259 2441 5307 me;
2474 5241 2680 5296 Domini
2727 5251 2798 5293 est
2844 5249 3012 5304 terra;
3055 5238 3247 5293 Judica
3295 5255 3403 5301 me,

1843 5333 1998 5387 Deus.
2028 5333 2082 5385 In
2117 5333 2230 5385 loco
2261 5332 2416 5383 trium
2443 5329 2864 5396 Antiphonarum
2886 5334 3126 5378 cantetur
3147 5325 3406 5389 Alleluia;

1835 5423 2030 5476 Versus
2062 5421 2189 5474 [Iac
2219 5421 2330 5473 dies
2351 5459 2366 5484 ,
2394 5427 2505 5474 tres
2555 5419 2808 5472 lectiones
2860 5431 2979 5471 cum
3010 5415 3401 5485 llesponsoriis.

1906 5550 1932 5587 h
1962 5551 2088 5605 Item
2119 5550 2256 5604 idem
2290 5547 2468 5602 Codex
2501 5547 2645 5599 addit
2674 5545 2978 5617 explicandi
3005 5561 3193 5615 causa,
3221 5557 3407 5602 sancta

1837 5621 2019 5674 Maria:
2051 5620 2335 5688 Ilotundw,
2367 5617 2634 5672 Pantheon
