  <div class='ocr_page' id='page_1' title='image "/cluster/home/n/w/nwhite01/storage/ocr_20150623/78/uva.x000827090/531.png"; bbox 0 0 4008 6302; ppageno 0'>
   <div class='ocr_carea' id='block_1_1' title="bbox 639 331 772 384">
    <p class='ocr_par' dir='ltr' id='par_1_1' title="bbox 639 331 772 384">
     <span class='ocr_line' id='line_1_1' title="bbox 639 331 772 384; baseline 0 0"><span class='ocrx_word' id='word_1_1' title='bbox 639 331 772 384; x_wconf 70' lang='grc'><strong>1047</strong></span> 
     </span>
    </p>
   </div>
   <div class='ocr_carea' id='block_1_2' title="bbox 1329 321 3212 381">
    <p class='ocr_par' dir='ltr' id='par_1_2' title="bbox 1329 321 3212 381">
     <span class='ocr_line' id='line_1_2' title="bbox 1329 321 3212 381; baseline -0.002 -2"><span class='ocrx_word' id='word_1_2' title='bbox 1329 327 1670 381; x_wconf 77' lang='grc' dir='ltr'><strong>ΑΡΡΕΝΒΙΧ</strong></span> <span class='ocrx_word' id='word_1_3' title='bbox 1712 328 1802 379; x_wconf 81' lang='lat' dir='ltr'><strong>AD</strong></span> <span class='ocrx_word' id='word_1_4' title='bbox 1843 324 1899 379; x_wconf 79' lang='lat' dir='ltr'><strong>S.</strong></span> <span class='ocrx_word' id='word_1_5' title='bbox 1940 321 2263 378; x_wconf 77' lang='lat' dir='ltr'><strong>Gl&#39;tEGORiI</strong></span> <span class='ocrx_word' id='word_1_6' title='bbox 2308 322 2518 375; x_wconf 79' lang='lat' dir='ltr'><strong>MAGNI</strong></span> <span class='ocrx_word' id='word_1_7' title='bbox 2562 321 2923 378; x_wconf 73' lang='lat' dir='ltr'><strong>LITUltGICA</strong></span> <span class='ocrx_word' id='word_1_8' title='bbox 2964 323 3212 378; x_wconf 70' lang='lat' dir='ltr'><strong>OPEIlA.</strong></span> 
     </span>
    </p>
   </div>
   <div class='ocr_carea' id='block_1_3' title="bbox 3773 331 3889 383">
    <p class='ocr_par' dir='ltr' id='par_1_3' title="bbox 3773 331 3889 383">
     <span class='ocr_line' id='line_1_3' title="bbox 3773 331 3889 383; baseline 0.017 -3"><span class='ocrx_word' id='word_1_9' title='bbox 3773 331 3889 383; x_wconf 52' lang='lat' dir='ltr'><strong>liii</strong></span> 
     </span>
    </p>
   </div>
   <div class='ocr_carea' id='block_1_4' title="bbox 636 435 3892 506">
    <p class='ocr_par' dir='ltr' id='par_1_4' title="bbox 636 435 3892 506">
     <span class='ocr_line' id='line_1_4' title="bbox 636 435 3892 506; baseline -0.005 -8"><span class='ocrx_word' id='word_1_10' title='bbox 636 445 905 500; x_wconf 73' lang='lat' dir='ltr'><strong>Matulittm</strong></span> <span class='ocrx_word' id='word_1_11' title='bbox 939 443 1141 497; x_wconf 78' lang='lat' dir='ltr'><strong>Laudes</strong></span> <span class='ocrx_word' id='word_1_12' title='bbox 1172 450 1224 494; x_wconf 87' lang='lat' dir='ltr'><strong>ct</strong></span> <span class='ocrx_word' id='word_1_13' title='bbox 1275 451 1526 494; x_wconf 64' lang='lat' dir='ltr'><strong>caeterum</strong></span> <span class='ocrx_word' id='word_1_14' title='bbox 1559 442 1790 493; x_wconf 82' lang='lat' dir='ltr'><strong>nllicium</strong></span> <span class='ocrx_word' id='word_1_15' title='bbox 1843 442 1979 494; x_wconf 90' lang='lat' dir='ltr'><strong>sicut</strong></span> <span class='ocrx_word' id='word_1_16' title='bbox 2023 453 2203 506; x_wconf 80' lang='lat' dir='ltr'><strong>supra.</strong></span> <span class='ocrx_word' id='word_1_17' title='bbox 2234 438 2288 495; x_wconf 73' lang='grc' dir='ltr'><strong>Α</strong></span> <span class='ocrx_word' id='word_1_18' title='bbox 2316 435 2466 486; x_wconf 83' lang='lat' dir='ltr'><strong>sione</strong></span> <span class='ocrx_word' id='word_1_19' title='bbox 2498 437 2791 502; x_wconf 90' lang='lat' dir='ltr'><strong>procedunt</strong></span> <span class='ocrx_word' id='word_1_20' title='bbox 2824 437 2888 490; x_wconf 81' lang='lat' dir='ltr'><strong>ad</strong></span> <span class='ocrx_word' id='word_1_21' title='bbox 2920 445 3166 490; x_wconf 88' lang='lat' dir='ltr'><strong>sanetum</strong></span> <span class='ocrx_word' id='word_1_22' title='bbox 3209 437 3465 494; x_wconf 83' lang='lat' dir='ltr'><strong>Marcum.</strong></span> <span class='ocrx_word' id='word_1_23' title='bbox 3504 438 3660 492; x_wconf 83' lang='lat' dir='ltr'>Prius</span> <span class='ocrx_word' id='word_1_24' title='bbox 3686 451 3892 496; x_wconf 70' lang='lat' dir='ltr'><strong>caulam</strong></span> 
     </span>
    </p>
   </div>
   <div class='ocr_carea' id='block_1_5' title="bbox 637 528 2206 595">
    <p class='ocr_par' dir='ltr' id='par_1_5' title="bbox 637 528 2206 595">
     <span class='ocr_line' id='line_1_5' title="bbox 637 528 2206 595; baseline -0.007 -7"><span class='ocrx_word' id='word_1_25' title='bbox 637 537 789 588; x_wconf 85' lang='lat' dir='ltr'><strong>Mane</strong></span> <span class='ocrx_word' id='word_1_26' title='bbox 845 534 910 587; x_wconf 89' lang='lat' dir='ltr'><strong>ad</strong></span> <span class='ocrx_word' id='word_1_27' title='bbox 966 533 1176 585; x_wconf 79' lang='lat' dir='ltr'><strong>Missam</strong></span> <span class='ocrx_word' id='word_1_28' title='bbox 1232 532 1391 584; x_wconf 81' lang='lat' dir='ltr'><strong>statio</strong></span> <span class='ocrx_word' id='word_1_29' title='bbox 1443 529 1752 595; x_wconf 89' lang='lat' dir='ltr'><strong>Lateranis,</strong></span> <span class='ocrx_word' id='word_1_30' title='bbox 1809 528 1896 583; x_wconf 91' lang='lat' dir='ltr'><strong>ubi</strong></span> <span class='ocrx_word' id='word_1_31' title='bbox 1958 528 2206 581; x_wconf 91' lang='lat' dir='ltr'><strong>dominus</strong></span> 
     </span>
    </p>
   </div>
   <div class='ocr_carea' id='block_1_6' title="bbox 631 611 2205 692">
    <p class='ocr_par' dir='ltr' id='par_1_6' title="bbox 631 611 2205 692">
     <span class='ocr_line' id='line_1_6' title="bbox 631 611 2205 692; baseline -0.004 -16"><span class='ocrx_word' id='word_1_32' title='bbox 631 611 954 692; x_wconf 81' lang='lat' dir='ltr'><strong>apostolicus</strong></span> <span class='ocrx_word' id='word_1_33' title='bbox 1004 629 1183 674; x_wconf 85' lang='lat' dir='ltr'><strong>cantat</strong></span> <span class='ocrx_word' id='word_1_34' title='bbox 1218 621 1459 682; x_wconf 88' lang='lat' dir='ltr'><strong>Missam,</strong></span> <span class='ocrx_word' id='word_1_35' title='bbox 1490 619 1667 686; x_wconf 87' lang='lat' dir='ltr'><strong>ibique</strong></span> <span class='ocrx_word' id='word_1_36' title='bbox 1715 628 1947 674; x_wconf 75' lang='lat' dir='ltr'><strong>mutatur</strong></span> <span class='ocrx_word' id='word_1_37' title='bbox 1978 617 2205 672; x_wconf 89' lang='lat' dir='ltr'><strong>Gradale</strong></span> 
     </span>
    </p>
   </div>
   <div class='ocr_carea' id='block_1_7' title="bbox 630 710 2208 776">
    <p class='ocr_par' dir='ltr' id='par_1_7' title="bbox 630 710 2208 776">
     <span class='ocr_line' id='line_1_7' title="bbox 630 710 2208 776; baseline -0.001 -12"><span class='ocrx_word' id='word_1_38' title='bbox 630 716 682 771; x_wconf 83' lang='lat' dir='ltr'><strong>in</strong></span> <span class='ocrx_word' id='word_1_39' title='bbox 714 712 956 776; x_wconf 77' lang='lat' dir='ltr'><strong>Alleluia,</strong></span> <span class='ocrx_word' id='word_1_40' title='bbox 990 722 1040 765; x_wconf 92' lang='lat' dir='ltr'><strong>et</strong></span> <span class='ocrx_word' id='word_1_41' title='bbox 1063 721 1347 765; x_wconf 87' lang='lat' dir='ltr'><strong>cantantur</strong></span> <span class='ocrx_word' id='word_1_42' title='bbox 1373 712 1478 764; x_wconf 92' lang='lat' dir='ltr'><strong>duo</strong></span> <span class='ocrx_word' id='word_1_43' title='bbox 1508 712 1751 776; x_wconf 76' lang='lat' dir='ltr'><strong>Alleluia,</strong></span> <span class='ocrx_word' id='word_1_44' title='bbox 1786 726 1905 765; x_wconf 89' lang='lat' dir='ltr'><strong>cum</strong></span> <span class='ocrx_word' id='word_1_45' title='bbox 1934 712 2043 765; x_wconf 88' lang='lat' dir='ltr'><strong>suis</strong></span> <span class='ocrx_word' id='word_1_46' title='bbox 2074 710 2208 764; x_wconf 88' lang='lat' dir='ltr'><strong>Ver-</strong></span> 
     </span>
    </p>
   </div>
   <div class='ocr_carea' id='block_1_8' title="bbox 629 798 2204 871">
    <p class='ocr_par' dir='ltr' id='par_1_8' title="bbox 629 798 2204 871">
     <span class='ocr_line' id='line_1_8' title="bbox 629 798 2204 871; baseline -0.002 -17"><span class='ocrx_word' id='word_1_47' title='bbox 629 803 796 855; x_wconf 86' lang='lat' dir='ltr'><strong>sibus.</strong></span> <span class='ocrx_word' id='word_1_48' title='bbox 848 801 982 853; x_wconf 88' lang='lat' dir='ltr'><strong>Dum</strong></span> <span class='ocrx_word' id='word_1_49' title='bbox 1030 801 1366 867; x_wconf 81' lang='lat' dir='ltr'><strong>primicerius</strong></span> <span class='ocrx_word' id='word_1_50' title='bbox 1408 815 1527 853; x_wconf 86' lang='lat' dir='ltr'><strong>cum</strong></span> <span class='ocrx_word' id='word_1_51' title='bbox 1577 801 1757 854; x_wconf 83' lang='lat' dir='ltr'><strong>schola</strong></span> <span class='ocrx_word' id='word_1_52' title='bbox 1804 809 1983 856; x_wconf 87' lang='lat' dir='ltr'><strong>cantat</strong></span> <span class='ocrx_word' id='word_1_53' title='bbox 2027 798 2204 871; x_wconf 77' lang='lat' dir='ltr'><strong>Agnus</strong></span> 
     </span>
    </p>
   </div>
   <div class='ocr_carea' id='block_1_9' title="bbox 630 888 2202 960">
    <p class='ocr_par' dir='ltr' id='par_1_9' title="bbox 630 888 2202 960">
     <span class='ocr_line' id='line_1_9' title="bbox 630 888 2202 960; baseline -0.001 -19"><span class='ocrx_word' id='word_1_54' title='bbox 630 890 725 943; x_wconf 82' lang='lat' dir='ltr'><strong>Dei</strong></span> <span class='ocrx_word' id='word_1_55' title='bbox 745 931 758 952; x_wconf 89' lang='lat'><strong>,</strong></span> <span class='ocrx_word' id='word_1_56' title='bbox 792 888 1019 942; x_wconf 90' lang='lat' dir='ltr'><strong>domnus</strong></span> <span class='ocrx_word' id='word_1_57' title='bbox 1054 888 1389 957; x_wconf 89' lang='lat' dir='ltr'><strong>Apostolicus</strong></span> <span class='ocrx_word' id='word_1_58' title='bbox 1439 890 1693 957; x_wconf 77' lang='lat' dir='ltr'><strong>expendit</strong></span> <span class='ocrx_word' id='word_1_59' title='bbox 1721 905 1886 960; x_wconf 86' lang='lat' dir='ltr'><strong>agnos</strong></span> <span class='ocrx_word' id='word_1_60' title='bbox 1916 904 2010 957; x_wconf 89' lang='lat' dir='ltr'><strong>per</strong></span> <span class='ocrx_word' id='word_1_61' title='bbox 2034 904 2202 955; x_wconf 81' lang='lat' dir='ltr'><strong>pepu-</strong></span> 
     </span>
    </p>
   </div>
   <div class='ocr_carea' id='block_1_10' title="bbox 623 978 2202 1048">
    <p class='ocr_par' dir='ltr' id='par_1_10' title="bbox 623 978 2202 1048">
     <span class='ocr_line' id='line_1_10' title="bbox 623 978 2202 1048; baseline 0 -16"><span class='ocrx_word' id='word_1_62' title='bbox 623 978 767 1042; x_wconf 89' lang='lat' dir='ltr'><strong>lum,</strong></span> <span class='ocrx_word' id='word_1_63' title='bbox 819 979 916 1031; x_wconf 89' lang='lat' dir='ltr'><strong>hac</strong></span> <span class='ocrx_word' id='word_1_64' title='bbox 968 981 1207 1041; x_wconf 86' lang='lat' dir='ltr'><strong>ratione,</strong></span> <span class='ocrx_word' id='word_1_65' title='bbox 1240 988 1297 1033; x_wconf 91' lang='lat' dir='ltr'><strong>ut</strong></span> <span class='ocrx_word' id='word_1_66' title='bbox 1343 982 1483 1033; x_wconf 83' lang='lat' dir='ltr'><strong>sicut</strong></span> <span class='ocrx_word' id='word_1_67' title='bbox 1540 981 1628 1031; x_wconf 88' lang='lat' dir='ltr'><strong>lilii</strong></span> <span class='ocrx_word' id='word_1_68' title='bbox 1671 980 1831 1035; x_wconf 88' lang='lat' dir='ltr'><strong>lsrael</strong></span> <span class='ocrx_word' id='word_1_69' title='bbox 1883 980 1936 1032; x_wconf 90' lang='lat' dir='ltr'><strong>in</strong></span> <span class='ocrx_word' id='word_1_70' title='bbox 1964 978 2202 1048; x_wconf 65' lang='lat' dir='ltr'><strong>Egypto</strong></span> 
     </span>
    </p>
   </div>
   <div class='ocr_carea' id='block_1_11' title="bbox 625 1067 2198 1138">
    <p class='ocr_par' dir='ltr' id='par_1_11' title="bbox 625 1067 2198 1138">
     <span class='ocr_line' id='line_1_11' title="bbox 625 1067 2198 1138; baseline -0.003 -13"><span class='ocrx_word' id='word_1_71' title='bbox 625 1067 781 1136; x_wconf 69' lang='lat' dir='ltr'><strong>unsiti</strong></span> <span class='ocrx_word' id='word_1_72' title='bbox 848 1079 1115 1137; x_wconf 66' lang='lat' dir='ltr'><strong>praecepto</strong></span> <span class='ocrx_word' id='word_1_73' title='bbox 1172 1068 1381 1121; x_wconf 91' lang='lat' dir='ltr'><strong>Domini</strong></span> <span class='ocrx_word' id='word_1_74' title='bbox 1446 1070 1515 1122; x_wconf 91' lang='lat' dir='ltr'><strong>de</strong></span> <span class='ocrx_word' id='word_1_75' title='bbox 1562 1071 1818 1138; x_wconf 77' lang='lat' dir='ltr'><strong>sanguine</strong></span> <span class='ocrx_word' id='word_1_76' title='bbox 1875 1070 2198 1122; x_wconf 73' lang='lat' dir='ltr'><strong>immaculuti</strong></span> 
     </span>
    </p>
   </div>
   <div class='ocr_carea' id='block_1_12' title="bbox 622 1159 2196 1228">
    <p class='ocr_par' dir='ltr' id='par_1_12' title="bbox 622 1159 2196 1228">
     <span class='ocr_line' id='line_1_12' title="bbox 622 1159 2196 1228; baseline 0 -17"><span class='ocrx_word' id='word_1_77' title='bbox 622 1159 756 1227; x_wconf 81' lang='lat' dir='ltr'><strong>Agni</strong></span> <span class='ocrx_word' id='word_1_78' title='bbox 804 1159 854 1211; x_wconf 92' lang='lat' dir='ltr'><strong>in</strong></span> <span class='ocrx_word' id='word_1_79' title='bbox 889 1159 1159 1212; x_wconf 88' lang='lat' dir='ltr'><strong>liminibus</strong></span> <span class='ocrx_word' id='word_1_80' title='bbox 1189 1160 1468 1212; x_wconf 89' lang='lat' dir='ltr'><strong>domorum</strong></span> <span class='ocrx_word' id='word_1_81' title='bbox 1508 1160 1836 1227; x_wconf 87' lang='lat' dir='ltr'><strong>scripserunt</strong></span> <span class='ocrx_word' id='word_1_82' title='bbox 1866 1160 1965 1214; x_wconf 90' lang='lat' dir='ltr'><strong>hoc</strong></span> <span class='ocrx_word' id='word_1_83' title='bbox 1988 1161 2196 1228; x_wconf 84' lang='lat' dir='ltr'><strong>signum</strong></span> 
     </span>
    </p>
   </div>
   <div class='ocr_carea' id='block_1_13' title="bbox 621 1250 2199 1319">
    <p class='ocr_par' dir='ltr' id='par_1_13' title="bbox 621 1250 2199 1319">
     <span class='ocr_line' id='line_1_13' title="bbox 621 1250 2199 1319; baseline 0.001 -16"><span class='ocrx_word' id='word_1_84' title='bbox 621 1250 689 1315; x_wconf 82' lang='grc' dir='ltr'><strong>Τ,</strong></span> <span class='ocrx_word' id='word_1_85' title='bbox 714 1266 781 1305; x_wconf 92' lang='lat' dir='ltr'><strong>ne</strong></span> <span class='ocrx_word' id='word_1_86' title='bbox 802 1251 870 1303; x_wconf 89' lang='lat' dir='ltr'><strong>ab</strong></span> <span class='ocrx_word' id='word_1_87' title='bbox 893 1255 1082 1319; x_wconf 81' lang='lat' dir='ltr'><strong>angelo</strong></span> <span class='ocrx_word' id='word_1_88' title='bbox 1103 1260 1505 1318; x_wconf 91' lang='lat' dir='ltr'><strong>percuterentur</strong></span> <span class='ocrx_word' id='word_1_89' title='bbox 1526 1268 1539 1315; x_wconf 91' lang='lat'><strong>;</strong></span> <span class='ocrx_word' id='word_1_90' title='bbox 1565 1252 1635 1305; x_wconf 86' lang='lat' dir='ltr'><strong>ita</strong></span> <span class='ocrx_word' id='word_1_91' title='bbox 1656 1260 1710 1305; x_wconf 91' lang='lat' dir='ltr'><strong>et</strong></span> <span class='ocrx_word' id='word_1_92' title='bbox 1736 1266 1834 1305; x_wconf 90' lang='lat' dir='ltr'><strong>nos</strong></span> <span class='ocrx_word' id='word_1_93' title='bbox 1855 1251 1919 1305; x_wconf 92' lang='lat' dir='ltr'><strong>de</strong></span> <span class='ocrx_word' id='word_1_94' title='bbox 1943 1252 2199 1319; x_wconf 80' lang='lat' dir='ltr'><strong>sanguine</strong></span> 
     </span>
    </p>
   </div>
   <div class='ocr_carea' id='block_1_14' title="bbox 620 1341 2196 1410">
    <p class='ocr_par' dir='ltr' id='par_1_14' title="bbox 620 1341 2196 1410">
     <span class='ocr_line' id='line_1_14' title="bbox 620 1341 2196 1410; baseline 0.001 -18"><span class='ocrx_word' id='word_1_95' title='bbox 620 1342 885 1408; x_wconf 85' lang='lat' dir='ltr'><strong>passionis</strong></span> <span class='ocrx_word' id='word_1_96' title='bbox 914 1342 1237 1395; x_wconf 88' lang='lat' dir='ltr'><strong>immaculati</strong></span> <span class='ocrx_word' id='word_1_97' title='bbox 1278 1342 1410 1409; x_wconf 84' lang='lat' dir='ltr'><strong>Agni</strong></span> <span class='ocrx_word' id='word_1_98' title='bbox 1436 1341 1638 1395; x_wconf 83' lang='lat' dir='ltr'><strong>Christi</strong></span> <span class='ocrx_word' id='word_1_99' title='bbox 1670 1342 1926 1396; x_wconf 89' lang='lat' dir='ltr'><strong>debemus</strong></span> <span class='ocrx_word' id='word_1_100' title='bbox 1956 1342 2055 1396; x_wconf 90' lang='lat' dir='ltr'><strong>hoc</strong></span> <span class='ocrx_word' id='word_1_101' title='bbox 2087 1343 2196 1410; x_wconf 81' lang='lat' dir='ltr'><strong>sig-</strong></span> 
     </span>
    </p>
   </div>
   <div class='ocr_carea' id='block_1_15' title="bbox 618 1429 2199 1500">
    <p class='ocr_par' dir='ltr' id='par_1_15' title="bbox 618 1429 2199 1500">
     <span class='ocr_line' id='line_1_15' title="bbox 618 1429 2199 1500; baseline -0.001 -15"><span class='ocrx_word' id='word_1_102' title='bbox 618 1447 745 1485; x_wconf 90' lang='lat' dir='ltr'><strong>num</strong></span> <span class='ocrx_word' id='word_1_103' title='bbox 798 1432 1034 1487; x_wconf 87' lang='lat' dir='ltr'><strong>scribere</strong></span> <span class='ocrx_word' id='word_1_104' title='bbox 1092 1431 1145 1485; x_wconf 92' lang='lat' dir='ltr'><strong>in</strong></span> <span class='ocrx_word' id='word_1_105' title='bbox 1200 1432 1382 1485; x_wconf 90' lang='lat' dir='ltr'><strong>limine</strong></span> <span class='ocrx_word' id='word_1_106' title='bbox 1431 1429 1710 1486; x_wconf 89' lang='lat' dir='ltr'><strong>domorum</strong></span> <span class='ocrx_word' id='word_1_107' title='bbox 1761 1442 2059 1487; x_wconf 90' lang='lat' dir='ltr'><strong>nostrarum</strong></span> <span class='ocrx_word' id='word_1_108' title='bbox 2108 1447 2199 1500; x_wconf 91' lang='lat' dir='ltr'><strong>per</strong></span> 
     </span>
    </p>
   </div>
   <div class='ocr_carea' id='block_1_16' title="bbox 627 1521 2192 1592">
    <p class='ocr_par' dir='ltr' id='par_1_16' title="bbox 627 1521 2192 1592">
     <span class='ocr_line' id='line_1_16' title="bbox 627 1521 2192 1592; baseline 0 -17"><span class='ocrx_word' id='word_1_109' title='bbox 627 1521 819 1588; x_wconf 78' lang='lat' dir='ltr'><strong>fidem,</strong></span> <span class='ocrx_word' id='word_1_110' title='bbox 849 1536 917 1577; x_wconf 91' lang='lat' dir='ltr'><strong>ne</strong></span> <span class='ocrx_word' id='word_1_111' title='bbox 958 1538 988 1576; x_wconf 83' lang='lat' dir='ltr'><strong>a.</strong></span> <span class='ocrx_word' id='word_1_112' title='bbox 1028 1522 1239 1577; x_wconf 87' lang='lat' dir='ltr'><strong>diabolo</strong></span> <span class='ocrx_word' id='word_1_113' title='bbox 1283 1533 1336 1577; x_wconf 87' lang='lat' dir='ltr'><strong>et</strong></span> <span class='ocrx_word' id='word_1_114' title='bbox 1370 1522 1525 1592; x_wconf 64' lang='grc'><strong>145</strong></span> <span class='ocrx_word' id='word_1_115' title='bbox 1552 1538 1581 1574; x_wconf 88' lang='lat' dir='ltr'><strong>a</strong></span> <span class='ocrx_word' id='word_1_116' title='bbox 1611 1524 1753 1577; x_wconf 83' lang='lat' dir='ltr'><strong>vitiis</strong></span> <span class='ocrx_word' id='word_1_117' title='bbox 1797 1523 2155 1591; x_wconf 88' lang='lat' dir='ltr'><strong>percutiamur</strong></span> <span class='ocrx_word' id='word_1_118' title='bbox 2177 1564 2192 1588; x_wconf 92' lang='lat'><strong>,</strong></span> 
     </span>
    </p>
   </div>
   <div class='ocr_carea' id='block_1_17' title="bbox 617 1610 2190 1678">
    <p class='ocr_par' dir='ltr' id='par_1_17' title="bbox 617 1610 2190 1678">
     <span class='ocr_line' id='line_1_17' title="bbox 617 1610 2190 1678; baseline 0 -14"><span class='ocrx_word' id='word_1_119' title='bbox 617 1620 712 1664; x_wconf 90' lang='lat' dir='ltr'><strong>eta</strong></span> <span class='ocrx_word' id='word_1_120' title='bbox 732 1620 993 1677; x_wconf 85' lang='lat' dir='ltr'><strong>potestate</strong></span> <span class='ocrx_word' id='word_1_121' title='bbox 1010 1611 1205 1665; x_wconf 91' lang='lat' dir='ltr'><strong>diaboli</strong></span> <span class='ocrx_word' id='word_1_122' title='bbox 1230 1610 1536 1665; x_wconf 87' lang='lat' dir='ltr'><strong>liberemur.</strong></span> <span class='ocrx_word' id='word_1_123' title='bbox 1553 1611 1712 1665; x_wconf 85' lang='lat' dir='ltr'><strong>Aliud</strong></span> <span class='ocrx_word' id='word_1_124' title='bbox 1731 1611 2190 1678; x_wconf 87' lang='lat' dir='ltr'><strong>pr0pterinlantes</strong></span> 
     </span>
    </p>
   </div>
   <div class='ocr_carea' id='block_1_18' title="bbox 616 1701 2189 1770">
    <p class='ocr_par' dir='ltr' id='par_1_18' title="bbox 616 1701 2189 1770">
     <span class='ocr_line' id='line_1_18' title="bbox 616 1701 2189 1770; baseline 0 -15"><span class='ocrx_word' id='word_1_125' title='bbox 616 1702 828 1756; x_wconf 87' lang='lat' dir='ltr'><strong>noviter</strong></span> <span class='ocrx_word' id='word_1_126' title='bbox 854 1702 1179 1770; x_wconf 84' lang='lat' dir='ltr'><strong>baptizatos,</strong></span> <span class='ocrx_word' id='word_1_127' title='bbox 1214 1703 1265 1755; x_wconf 92' lang='lat' dir='ltr'><strong>in</strong></span> <span class='ocrx_word' id='word_1_128' title='bbox 1314 1701 1539 1756; x_wconf 88' lang='lat' dir='ltr'><strong>ecclesia</strong></span> <span class='ocrx_word' id='word_1_129' title='bbox 1567 1702 1900 1769; x_wconf 90' lang='lat' dir='ltr'><strong>deponentes</strong></span> <span class='ocrx_word' id='word_1_130' title='bbox 1949 1710 2189 1756; x_wconf 85' lang='lat' dir='ltr'><strong>veterem</strong></span> 
     </span>
    </p>
   </div>
   <div class='ocr_carea' id='block_1_19' title="bbox 2310 522 3891 595">
    <p class='ocr_par' dir='ltr' id='par_1_19' title="bbox 2310 522 3891 595">
     <span class='ocr_line' id='line_1_19' title="bbox 2310 522 3891 595; baseline 0.004 -20"><span class='ocrx_word' id='word_1_131' title='bbox 2310 522 2692 591; x_wconf 85' lang='lat' dir='ltr'><strong>Antiphonam,</strong></span> <span class='ocrx_word' id='word_1_132' title='bbox 2712 524 2929 578; x_wconf 83' lang='lat' dir='ltr'><strong>Domine</strong></span> <span class='ocrx_word' id='word_1_133' title='bbox 2957 524 3215 579; x_wconf 79' lang='lat' dir='ltr'><strong>Dominus</strong></span> <span class='ocrx_word' id='word_1_134' title='bbox 3242 538 3434 592; x_wconf 84' lang='lat' dir='ltr'><strong>noster,</strong></span> <span class='ocrx_word' id='word_1_135' title='bbox 3464 528 3555 595; x_wconf 81' lang='lat' dir='ltr'><strong>qui</strong></span> <span class='ocrx_word' id='word_1_136' title='bbox 3583 544 3709 579; x_wconf 85' lang='lat' dir='ltr'><strong>cum</strong></span> <span class='ocrx_word' id='word_1_137' title='bbox 3741 532 3891 594; x_wconf 82' lang='lat' dir='ltr'><strong>patri-</strong></span> 
     </span>
    </p>
   </div>
   <div class='ocr_carea' id='block_1_20' title="bbox 2308 610 3891 686">
    <p class='ocr_par' dir='ltr' id='par_1_20' title="bbox 2308 610 3891 686">
     <span class='ocr_line' id='line_1_20' title="bbox 2308 610 3891 686; baseline 0.006 -23"><span class='ocrx_word' id='word_1_138' title='bbox 2308 610 2399 663; x_wconf 81' lang='lat' dir='ltr'><strong>bus</strong></span> <span class='ocrx_word' id='word_1_139' title='bbox 2448 613 2662 676; x_wconf 76' lang='lat' dir='ltr'><strong>nostris;</strong></span> <span class='ocrx_word' id='word_1_140' title='bbox 2694 612 2886 666; x_wconf 87' lang='lat' dir='ltr'><strong>deinde</strong></span> <span class='ocrx_word' id='word_1_141' title='bbox 2923 613 3165 667; x_wconf 85' lang='lat' dir='ltr'><strong>Psalmus</strong></span> <span class='ocrx_word' id='word_1_142' title='bbox 3193 613 3380 669; x_wconf 76' lang='lat' dir='ltr'><strong>Beatus</strong></span> <span class='ocrx_word' id='word_1_143' title='bbox 3408 617 3504 679; x_wconf 83' lang='lat' dir='ltr'><strong>vir,</strong></span> <span class='ocrx_word' id='word_1_144' title='bbox 3541 614 3706 686; x_wconf 61' lang='grc'><strong>146</strong></span> <span class='ocrx_word' id='word_1_145' title='bbox 3746 626 3800 671; x_wconf 87' lang='lat' dir='ltr'><strong>et</strong></span> <span class='ocrx_word' id='word_1_146' title='bbox 3824 635 3891 673; x_wconf 81' lang='lat' dir='ltr'><strong>re-</strong></span> 
     </span>
    </p>
   </div>
   <div class='ocr_carea' id='block_1_21' title="bbox 2306 698 3889 767">
    <p class='ocr_par' dir='ltr' id='par_1_21' title="bbox 2306 698 3889 767">
     <span class='ocr_line' id='line_1_21' title="bbox 2306 698 3889 767; baseline 0.005 -15"><span class='ocrx_word' id='word_1_147' title='bbox 2306 698 2497 767; x_wconf 90' lang='lat' dir='ltr'><strong>liquos.</strong></span> <span class='ocrx_word' id='word_1_148' title='bbox 2539 701 2672 754; x_wconf 86' lang='lat' dir='ltr'><strong>Cum</strong></span> <span class='ocrx_word' id='word_1_149' title='bbox 2710 709 2886 754; x_wconf 88' lang='lat' dir='ltr'><strong>autem</strong></span> <span class='ocrx_word' id='word_1_150' title='bbox 2924 701 2990 754; x_wconf 90' lang='lat' dir='ltr'><strong>ad</strong></span> <span class='ocrx_word' id='word_1_151' title='bbox 3020 703 3301 757; x_wconf 85' lang='lat' dir='ltr'><strong>ecclesiam</strong></span> <span class='ocrx_word' id='word_1_152' title='bbox 3337 706 3602 767; x_wconf 85' lang='lat' dir='ltr'><strong>venerint,</strong></span> <span class='ocrx_word' id='word_1_153' title='bbox 3646 716 3889 760; x_wconf 84' lang='lat' dir='ltr'><strong>cantatur</strong></span> 
     </span>
    </p>
   </div>
   <div class='ocr_carea' id='block_1_22' title="bbox 2308 788 3888 864">
    <p class='ocr_par' dir='ltr' id='par_1_22' title="bbox 2308 788 3888 864">
     <span class='ocr_line' id='line_1_22' title="bbox 2308 788 3888 864; baseline 0.004 -24"><span class='ocrx_word' id='word_1_154' title='bbox 2308 788 2725 856; x_wconf 84' lang='lat' dir='ltr'><strong>Responsorium</strong></span> <span class='ocrx_word' id='word_1_155' title='bbox 2760 790 2986 844; x_wconf 88' lang='lat' dir='ltr'><strong>Famule</strong></span> <span class='ocrx_word' id='word_1_156' title='bbox 3013 791 3127 855; x_wconf 89' lang='lat' dir='ltr'><strong>Dei,</strong></span> <span class='ocrx_word' id='word_1_157' title='bbox 3163 792 3359 847; x_wconf 82' lang='lat' dir='ltr'><strong>Marce.</strong></span> <span class='ocrx_word' id='word_1_158' title='bbox 3397 793 3571 848; x_wconf 85' lang='lat' dir='ltr'><strong>Finito</strong></span> <span class='ocrx_word' id='word_1_159' title='bbox 3589 796 3888 864; x_wconf 70' lang='lat' dir='ltr'><strong>Responsa.</strong></span> 
     </span>
    </p>
   </div>
   <div class='ocr_carea' id='block_1_23' title="bbox 2307 878 3891 951">
    <p class='ocr_par' dir='ltr' id='par_1_23' title="bbox 2307 878 3891 951">
     <span class='ocr_line' id='line_1_23' title="bbox 2307 878 3891 951; baseline 0.006 -21"><span class='ocrx_word' id='word_1_160' title='bbox 2307 879 2405 941; x_wconf 90' lang='lat' dir='ltr'><strong>rio,</strong></span> <span class='ocrx_word' id='word_1_161' title='bbox 2439 879 2643 933; x_wconf 87' lang='lat' dir='ltr'><strong>faciunt</strong></span> <span class='ocrx_word' id='word_1_162' title='bbox 2677 878 2967 935; x_wconf 89' lang='lat' dir='ltr'><strong>Collectam</strong></span> <span class='ocrx_word' id='word_1_163' title='bbox 3004 899 3017 933; x_wconf 91' lang='lat'><strong>:</strong></span> <span class='ocrx_word' id='word_1_164' title='bbox 3058 880 3299 951; x_wconf 79' lang='lat' dir='ltr'><strong>Populus</strong></span> <span class='ocrx_word' id='word_1_165' title='bbox 3339 884 3496 951; x_wconf 84' lang='lat' dir='ltr'><strong>Sion,</strong></span> <span class='ocrx_word' id='word_1_166' title='bbox 3545 887 3891 940; x_wconf 68' lang='lat' dir='ltr'><strong>convertimini</strong></span> 
     </span>
    </p>
   </div>
   <div class='ocr_carea' id='block_1_24' title="bbox 2303 969 3889 1047">
    <p class='ocr_par' dir='ltr' id='par_1_24' title="bbox 2303 969 3889 1047">
     <span class='ocr_line' id='line_1_24' title="bbox 2303 969 3889 1047; baseline 0.01 -27"><span class='ocrx_word' id='word_1_167' title='bbox 2303 969 2371 1021; x_wconf 83' lang='lat' dir='ltr'><strong>ad</strong></span> <span class='ocrx_word' id='word_1_168' title='bbox 2401 969 2693 1027; x_wconf 89' lang='lat' dir='ltr'><strong>Dominum.</strong></span> <span class='ocrx_word' id='word_1_169' title='bbox 2731 973 2907 1027; x_wconf 87' lang='lat' dir='ltr'><strong>Finito</strong></span> <span class='ocrx_word' id='word_1_170' title='bbox 2927 984 3105 1038; x_wconf 86' lang='lat' dir='ltr'><strong>cantu,</strong></span> <span class='ocrx_word' id='word_1_171' title='bbox 3131 976 3312 1030; x_wconf 88' lang='lat' dir='ltr'><strong>dicunt</strong></span> <span class='ocrx_word' id='word_1_172' title='bbox 3341 995 3353 1029; x_wconf 95' lang='lat'>:</span> <span class='ocrx_word' id='word_1_173' title='bbox 3381 976 3680 1032; x_wconf 71' lang='lat' dir='ltr'><strong>Flectamus</strong></span> <span class='ocrx_word' id='word_1_174' title='bbox 3706 998 3889 1047; x_wconf 80' lang='lat' dir='ltr'><strong>genua,</strong></span> 
     </span>
    </p>
   </div>
   <div class='ocr_carea' id='block_1_25' title="bbox 2305 1060 3888 1139">
    <p class='ocr_par' dir='ltr' id='par_1_25' title="bbox 2305 1060 3888 1139">
     <span class='ocr_line' id='line_1_25' title="bbox 2305 1060 3888 1139; baseline 0.009 -25"><span class='ocrx_word' id='word_1_175' title='bbox 2305 1060 2505 1125; x_wconf 78' lang='lat' dir='ltr'><strong>Levate,</strong></span> <span class='ocrx_word' id='word_1_176' title='bbox 2536 1072 2589 1116; x_wconf 89' lang='lat' dir='ltr'><strong>et</strong></span> <span class='ocrx_word' id='word_1_177' title='bbox 2623 1064 2931 1118; x_wconf 85' lang='lat' dir='ltr'><strong>Orationem</strong></span> <span class='ocrx_word' id='word_1_178' title='bbox 2966 1065 3313 1121; x_wconf 83' lang='lat' dir='ltr'><strong>Procedamus</strong></span> <span class='ocrx_word' id='word_1_179' title='bbox 3335 1084 3450 1122; x_wconf 87' lang='lat' dir='ltr'><strong>cum</strong></span> <span class='ocrx_word' id='word_1_180' title='bbox 3471 1088 3637 1138; x_wconf 83' lang='lat' dir='ltr'><strong>pace;</strong></span> <span class='ocrx_word' id='word_1_181' title='bbox 3672 1088 3888 1139; x_wconf 82' lang='lat' dir='ltr'><strong>respon-</strong></span> 
     </span>
    </p>
   </div>
   <div class='ocr_carea' id='block_1_26' title="bbox 2302 1153 3883 1219">
    <p class='ocr_par' dir='ltr' id='par_1_26' title="bbox 2302 1153 3883 1219">
     <span class='ocr_line' id='line_1_26' title="bbox 2302 1153 3883 1219; baseline 0.008 -12"><span class='ocrx_word' id='word_1_182' title='bbox 2302 1154 2434 1207; x_wconf 86' lang='lat' dir='ltr'><strong>dent</strong></span> <span class='ocrx_word' id='word_1_183' title='bbox 2462 1153 2528 1207; x_wconf 85' lang='lat' dir='ltr'><strong>In</strong></span> <span class='ocrx_word' id='word_1_184' title='bbox 2558 1158 2758 1209; x_wconf 87' lang='lat' dir='ltr'><strong>nomine</strong></span> <span class='ocrx_word' id='word_1_185' title='bbox 2784 1155 2910 1211; x_wconf 81' lang='lat' dir='ltr'><strong>Jesu</strong></span> <span class='ocrx_word' id='word_1_186' title='bbox 2937 1157 3146 1212; x_wconf 77' lang='lat' dir='ltr'><strong>Christi.</strong></span> <span class='ocrx_word' id='word_1_187' title='bbox 3176 1159 3444 1215; x_wconf 84' lang='lat' dir='ltr'><strong>Exeuntes</strong></span> <span class='ocrx_word' id='word_1_188' title='bbox 3469 1162 3539 1215; x_wconf 89' lang='lat' dir='ltr'><strong>de</strong></span> <span class='ocrx_word' id='word_1_189' title='bbox 3558 1165 3791 1217; x_wconf 84' lang='lat' dir='ltr'><strong>ecclesia</strong></span> <span class='ocrx_word' id='word_1_190' title='bbox 3813 1180 3883 1219; x_wconf 79' lang='lat' dir='ltr'><strong>re-</strong></span> 
     </span>
    </p>
   </div>
   <div class='ocr_carea' id='block_1_27' title="bbox 2301 1244 3880 1322">
    <p class='ocr_par' dir='ltr' id='par_1_27' title="bbox 2301 1244 3880 1322">
     <span class='ocr_line' id='line_1_27' title="bbox 2301 1244 3880 1322; baseline 0.008 -26"><span class='ocrx_word' id='word_1_191' title='bbox 2301 1244 2466 1297; x_wconf 89' lang='lat' dir='ltr'><strong>deunt</strong></span> <span class='ocrx_word' id='word_1_192' title='bbox 2481 1245 2548 1299; x_wconf 91' lang='lat' dir='ltr'><strong>ad</strong></span> <span class='ocrx_word' id='word_1_193' title='bbox 2566 1246 2993 1313; x_wconf 88' lang='lat' dir='ltr'><strong>Processionem,</strong></span> <span class='ocrx_word' id='word_1_194' title='bbox 3010 1264 3102 1315; x_wconf 90' lang='lat' dir='ltr'><strong>per</strong></span> <span class='ocrx_word' id='word_1_195' title='bbox 3116 1250 3251 1303; x_wconf 83' lang='lat' dir='ltr'><strong>viam</strong></span> <span class='ocrx_word' id='word_1_196' title='bbox 3272 1252 3535 1307; x_wconf 85' lang='lat' dir='ltr'><strong>cantando</strong></span> <span class='ocrx_word' id='word_1_197' title='bbox 3547 1254 3880 1322; x_wconf 80' lang='lat' dir='ltr'><strong>Antipboms</strong></span> 
     </span>
    </p>
   </div>
   <div class='ocr_carea' id='block_1_28' title="bbox 2301 1332 3879 1411">
    <p class='ocr_par' dir='ltr' id='par_1_28' title="bbox 2301 1332 3879 1411">
     <span class='ocr_line' id='line_1_28' title="bbox 2301 1332 3879 1411; baseline 0.008 -24"><span class='ocrx_word' id='word_1_198' title='bbox 2301 1342 2353 1387; x_wconf 89' lang='lat' dir='ltr'><strong>et</strong></span> <span class='ocrx_word' id='word_1_199' title='bbox 2376 1332 2635 1401; x_wconf 88' lang='lat' dir='ltr'><strong>Psalmos,</strong></span> <span class='ocrx_word' id='word_1_200' title='bbox 2667 1344 2723 1390; x_wconf 90' lang='lat' dir='ltr'><strong>et</strong></span> <span class='ocrx_word' id='word_1_201' title='bbox 2744 1337 2795 1390; x_wconf 92' lang='lat' dir='ltr'><strong>in</strong></span> <span class='ocrx_word' id='word_1_202' title='bbox 2823 1338 3035 1392; x_wconf 87' lang='lat' dir='ltr'><strong>statutis</strong></span> <span class='ocrx_word' id='word_1_203' title='bbox 3062 1340 3194 1393; x_wconf 89' lang='lat' dir='ltr'><strong>locis</strong></span> <span class='ocrx_word' id='word_1_204' title='bbox 3221 1341 3451 1407; x_wconf 79' lang='lat' dir='ltr'><strong>litanias,</strong></span> <span class='ocrx_word' id='word_1_205' title='bbox 3477 1344 3618 1397; x_wconf 89' lang='lat' dir='ltr'><strong>sicut</strong></span> <span class='ocrx_word' id='word_1_206' title='bbox 3648 1360 3768 1399; x_wconf 89' lang='lat' dir='ltr'><strong>mos</strong></span> <span class='ocrx_word' id='word_1_207' title='bbox 3788 1358 3879 1411; x_wconf 81' lang='lat' dir='ltr'><strong>est,</strong></span> 
     </span>
    </p>
   </div>
   <div class='ocr_carea' id='block_1_29' title="bbox 2302 1425 3878 1500">
    <p class='ocr_par' dir='ltr' id='par_1_29' title="bbox 2302 1425 3878 1500">
     <span class='ocr_line' id='line_1_29' title="bbox 2302 1425 3878 1500; baseline 0.011 -26"><span class='ocrx_word' id='word_1_208' title='bbox 2302 1438 2467 1491; x_wconf 87' lang='lat' dir='ltr'><strong>usque</strong></span> <span class='ocrx_word' id='word_1_209' title='bbox 2496 1425 2561 1478; x_wconf 92' lang='lat' dir='ltr'><strong>ad</strong></span> <span class='ocrx_word' id='word_1_210' title='bbox 2595 1437 2836 1481; x_wconf 90' lang='lat' dir='ltr'><strong>sanctum</strong></span> <span class='ocrx_word' id='word_1_211' title='bbox 2874 1428 3120 1494; x_wconf 89' lang='lat' dir='ltr'><strong>Petrum;</strong></span> <span class='ocrx_word' id='word_1_212' title='bbox 3163 1439 3216 1484; x_wconf 91' lang='lat' dir='ltr'><strong>et</strong></span> <span class='ocrx_word' id='word_1_213' title='bbox 3253 1432 3522 1500; x_wconf 90' lang='lat' dir='ltr'><strong>accipiunt</strong></span> <span class='ocrx_word' id='word_1_214' title='bbox 3556 1449 3585 1487; x_wconf 88' lang='lat' dir='ltr'><strong>a</strong></span> <span class='ocrx_word' id='word_1_215' title='bbox 3628 1435 3775 1490; x_wconf 89' lang='lat' dir='ltr'><strong>curia</strong></span> <span class='ocrx_word' id='word_1_216' title='bbox 3798 1437 3878 1491; x_wconf 87' lang='lat' dir='ltr'><strong>do-</strong></span> 
     </span>
    </p>
   </div>
   <div class='ocr_carea' id='block_1_30' title="bbox 2301 1514 3877 1588">
    <p class='ocr_par' dir='ltr' id='par_1_30' title="bbox 2301 1514 3877 1588">
     <span class='ocr_line' id='line_1_30' title="bbox 2301 1514 3877 1588; baseline 0.012 -24"><span class='ocrx_word' id='word_1_217' title='bbox 2301 1514 2429 1566; x_wconf 87' lang='lat' dir='ltr'><strong>mini</strong></span> <span class='ocrx_word' id='word_1_218' title='bbox 2472 1530 2621 1583; x_wconf 73' lang='lat' dir='ltr'><strong>papa:</strong></span> <span class='ocrx_word' id='word_1_219' title='bbox 2671 1520 3064 1588; x_wconf 88' lang='lat' dir='ltr'><strong>presbyterium</strong></span> <span class='ocrx_word' id='word_1_220' title='bbox 3108 1522 3402 1578; x_wconf 85' lang='lat' dir='ltr'><strong>secundum</strong></span> <span class='ocrx_word' id='word_1_221' title='bbox 3441 1529 3877 1585; x_wconf 80' lang='lat' dir='ltr'><strong>consuetudinem</strong></span> 
     </span>
    </p>
   </div>
   <div class='ocr_carea' id='block_1_31' title="bbox 2303 1603 2606 1669">
    <p class='ocr_par' dir='ltr' id='par_1_31' title="bbox 2303 1603 2606 1669">
     <span class='ocr_line' id='line_1_31' title="bbox 2303 1603 2606 1669; baseline 0.003 -13"><span class='ocrx_word' id='word_1_222' title='bbox 2303 1603 2459 1669; x_wconf 86' lang='lat' dir='ltr'><strong>hujus</strong></span> <span class='ocrx_word' id='word_1_223' title='bbox 2479 1606 2606 1660; x_wconf 90' lang='lat' dir='ltr'><strong>diei.</strong></span> 
     </span>
    </p>
   </div>
   <div class='ocr_carea' id='block_1_32' title="bbox 2370 1691 3883 1771">
    <p class='ocr_par' dir='ltr' id='par_1_32' title="bbox 2370 1691 3883 1771">
     <span class='ocr_line' id='line_1_32' title="bbox 2370 1691 3883 1771; baseline 0.008 -26"><span class='ocrx_word' id='word_1_224' title='bbox 2370 1693 2457 1746; x_wconf 82' lang='lat'><strong>57.</strong></span> <span class='ocrx_word' id='word_1_225' title='bbox 2501 1691 2718 1749; x_wconf 84' lang='lat' dir='ltr'><strong>Interim</strong></span> <span class='ocrx_word' id='word_1_226' title='bbox 2760 1697 3203 1753; x_wconf 86' lang='lat' dir='ltr'><strong>convenientibus</strong></span> <span class='ocrx_word' id='word_1_227' title='bbox 3241 1702 3492 1757; x_wconf 90' lang='lat' dir='ltr'><strong>omnibus</strong></span> <span class='ocrx_word' id='word_1_228' title='bbox 3539 1704 3883 1771; x_wconf 80' lang='lat' dir='ltr'><strong>patriarchia-’</strong></span> 
     </span>
    </p>
   </div>
   <div class='ocr_carea' id='block_1_33' title="bbox 616 1786 3877 1861">
    <p class='ocr_par' dir='ltr' id='par_1_33' title="bbox 616 1786 3877 1861">
     <span class='ocr_line' id='line_1_33' title="bbox 616 1786 3877 1861; baseline 0.001 -16"><span class='ocrx_word' id='word_1_229' title='bbox 616 1792 888 1858; x_wconf 80' lang='lat' dir='ltr'><strong>tunicam,</strong></span> <span class='ocrx_word' id='word_1_230' title='bbox 937 1792 1028 1861; x_wconf 91' lang='lat' dir='ltr'><strong>qui</strong></span> <span class='ocrx_word' id='word_1_231' title='bbox 1076 1793 1394 1846; x_wconf 89' lang='lat' dir='ltr'><strong>annuntiant</strong></span> <span class='ocrx_word' id='word_1_232' title='bbox 1439 1792 1666 1845; x_wconf 76' lang='lat' dir='ltr'><strong>A’leluia</strong></span> <span class='ocrx_word' id='word_1_233' title='bbox 1686 1832 1701 1855; x_wconf 95' lang='lat'><strong>,</strong></span> <span class='ocrx_word' id='word_1_234' title='bbox 1746 1792 1798 1845; x_wconf 92' lang='lat' dir='ltr'><strong>id</strong></span> <span class='ocrx_word' id='word_1_235' title='bbox 1845 1800 1929 1846; x_wconf 88' lang='lat' dir='ltr'><strong>est</strong></span> <span class='ocrx_word' id='word_1_236' title='bbox 1976 1793 2196 1861; x_wconf 78' lang='lat' dir='ltr'><strong>gloriam</strong></span> <span class='ocrx_word' id='word_1_237' title='bbox 2231 1790 2279 1848; x_wconf 89' lang='lat' dir='ltr'><strong>B</strong></span> <span class='ocrx_word' id='word_1_238' title='bbox 2306 1799 2421 1837; x_wconf 91' lang='lat' dir='ltr'><strong>rum</strong></span> <span class='ocrx_word' id='word_1_239' title='bbox 2450 1786 2723 1841; x_wconf 89' lang='lat' dir='ltr'><strong>canonicis</strong></span> <span class='ocrx_word' id='word_1_240' title='bbox 2752 1802 2874 1842; x_wconf 91' lang='lat' dir='ltr'><strong>cum</strong></span> <span class='ocrx_word' id='word_1_241' title='bbox 2904 1791 3016 1843; x_wconf 85' lang='lat' dir='ltr'><strong>suis</strong></span> <span class='ocrx_word' id='word_1_242' title='bbox 3043 1790 3295 1846; x_wconf 86' lang='lat' dir='ltr'><strong>crucibus</strong></span> <span class='ocrx_word' id='word_1_243' title='bbox 3320 1793 3373 1846; x_wconf 92' lang='lat' dir='ltr'><strong>in</strong></span> <span class='ocrx_word' id='word_1_244' title='bbox 3404 1794 3679 1848; x_wconf 82' lang='lat' dir='ltr'><strong>basilicam</strong></span> <span class='ocrx_word' id='word_1_245' title='bbox 3707 1797 3877 1850; x_wconf 81' lang='lat' dir='ltr'><strong>Salva-</strong></span> 
     </span>
    </p>
   </div>
   <div class='ocr_carea' id='block_1_34' title="bbox 616 1880 2195 1951">
    <p class='ocr_par' dir='ltr' id='par_1_34' title="bbox 616 1880 2195 1951">
     <span class='ocr_line' id='line_1_34' title="bbox 616 1880 2195 1951; baseline -0.001 -15"><span class='ocrx_word' id='word_1_246' title='bbox 616 1883 963 1943; x_wconf 84' lang='lat' dir='ltr'><strong>beatitudinis</strong></span> <span class='ocrx_word' id='word_1_247' title='bbox 1004 1881 1236 1936; x_wconf 72' lang='lat' dir='ltr'><strong>cmlestis</strong></span> <span class='ocrx_word' id='word_1_248' title='bbox 1270 1881 1477 1948; x_wconf 87' lang='lat' dir='ltr'><strong>patriae.</strong></span> <span class='ocrx_word' id='word_1_249' title='bbox 1508 1880 1780 1946; x_wconf 90' lang='lat' dir='ltr'><strong>Tertium,</strong></span> <span class='ocrx_word' id='word_1_250' title='bbox 1805 1882 1929 1949; x_wconf 88' lang='lat' dir='ltr'><strong>quia</strong></span> <span class='ocrx_word' id='word_1_251' title='bbox 1976 1886 2195 1951; x_wconf 90' lang='lat' dir='ltr'><strong>quicun-</strong></span> 
     </span>
    </p>
   </div>
   <div class='ocr_carea' id='block_1_35' title="bbox 614 1973 2191 2042">
    <p class='ocr_par' dir='ltr' id='par_1_35' title="bbox 614 1973 2191 2042">
     <span class='ocr_line' id='line_1_35' title="bbox 614 1973 2191 2042; baseline -0.001 -14"><span class='ocrx_word' id='word_1_252' title='bbox 614 1989 719 2042; x_wconf 83' lang='lat' dir='ltr'><strong>que</strong></span> <span class='ocrx_word' id='word_1_253' title='bbox 757 1974 942 2027; x_wconf 86' lang='lat' dir='ltr'><strong>habuit</strong></span> <span class='ocrx_word' id='word_1_254' title='bbox 967 1973 1036 2028; x_wconf 91' lang='lat' dir='ltr'><strong>de</strong></span> <span class='ocrx_word' id='word_1_255' title='bbox 1064 1989 1183 2027; x_wconf 91' lang='lat' dir='ltr'><strong>cera</strong></span> <span class='ocrx_word' id='word_1_256' title='bbox 1217 1973 1593 2040; x_wconf 83' lang='lat' dir='ltr'><strong>praedictorum</strong></span> <span class='ocrx_word' id='word_1_257' title='bbox 1623 1987 1921 2040; x_wconf 85' lang='lat' dir='ltr'><strong>agnorum,</strong></span> <span class='ocrx_word' id='word_1_258' title='bbox 1955 1982 2010 2027; x_wconf 90' lang='lat' dir='ltr'><strong>et</strong></span> <span class='ocrx_word' id='word_1_259' title='bbox 2037 1988 2099 2026; x_wconf 85' lang='lat' dir='ltr'><strong>ex</strong></span> <span class='ocrx_word' id='word_1_260' title='bbox 2129 1988 2191 2027; x_wconf 86' lang='lat' dir='ltr'><strong>ea</strong></span> 
     </span>
    </p>
   </div>
   <div class='ocr_carea' id='block_1_36' title="bbox 613 2064 2190 2133">
    <p class='ocr_par' dir='ltr' id='par_1_36' title="bbox 613 2064 2190 2133">
     <span class='ocr_line' id='line_1_36' title="bbox 613 2064 2190 2133; baseline -0.002 -13"><span class='ocrx_word' id='word_1_261' title='bbox 613 2065 668 2120; x_wconf 86' lang='lat' dir='ltr'><strong>in</strong></span> <span class='ocrx_word' id='word_1_262' title='bbox 696 2066 858 2119; x_wconf 90' lang='lat' dir='ltr'><strong>domo</strong></span> <span class='ocrx_word' id='word_1_263' title='bbox 886 2079 980 2119; x_wconf 89' lang='lat' dir='ltr'><strong>sua</strong></span> <span class='ocrx_word' id='word_1_264' title='bbox 1007 2079 1219 2119; x_wconf 87' lang='lat' dir='ltr'><strong>crucem</strong></span> <span class='ocrx_word' id='word_1_265' title='bbox 1254 2065 1533 2131; x_wconf 90' lang='lat' dir='ltr'><strong>habuerit,</strong></span> <span class='ocrx_word' id='word_1_266' title='bbox 1559 2065 1639 2117; x_wconf 90' lang='lat' dir='ltr'><strong>vel</strong></span> <span class='ocrx_word' id='word_1_267' title='bbox 1662 2079 1847 2118; x_wconf 87' lang='lat' dir='ltr'><strong>secum</strong></span> <span class='ocrx_word' id='word_1_268' title='bbox 1880 2064 2190 2133; x_wconf 77' lang='lat' dir='ltr'><strong>portaverit,</strong></span> 
     </span>
    </p>
   </div>
   <div class='ocr_carea' id='block_1_37' title="bbox 616 2155 2193 2224">
    <p class='ocr_par' dir='ltr' id='par_1_37' title="bbox 616 2155 2193 2224">
     <span class='ocr_line' id='line_1_37' title="bbox 616 2155 2193 2224; baseline -0.002 -13"><span class='ocrx_word' id='word_1_269' title='bbox 616 2156 973 2211; x_wconf 69' lang='lat' dir='ltr'><strong>nonlzedetur</strong></span> <span class='ocrx_word' id='word_1_270' title='bbox 1026 2156 1094 2209; x_wconf 86' lang='lat' dir='ltr'><strong>ab</strong></span> <span class='ocrx_word' id='word_1_271' title='bbox 1147 2156 1326 2224; x_wconf 86' lang='lat' dir='ltr'><strong>aliquo</strong></span> <span class='ocrx_word' id='word_1_272' title='bbox 1382 2155 1721 2224; x_wconf 87' lang='lat' dir='ltr'><strong>phantastico</strong></span> <span class='ocrx_word' id='word_1_273' title='bbox 1773 2155 2004 2224; x_wconf 81' lang='lat' dir='ltr'><strong>Spiritu,</strong></span> <span class='ocrx_word' id='word_1_274' title='bbox 2054 2166 2108 2211; x_wconf 86' lang='lat' dir='ltr'><strong>et</strong></span> <span class='ocrx_word' id='word_1_275' title='bbox 2163 2171 2193 2208; x_wconf 87' lang='lat' dir='ltr'><strong>a</strong></span> 
     </span>
    </p>
   </div>
   <div class='ocr_carea' id='block_1_38' title="bbox 612 2247 2190 2315">
    <p class='ocr_par' dir='ltr' id='par_1_38' title="bbox 612 2247 2190 2315">
     <span class='ocr_line' id='line_1_38' title="bbox 612 2247 2190 2315; baseline 0.001 -16"><span class='ocrx_word' id='word_1_276' title='bbox 612 2248 870 2301; x_wconf 91' lang='lat' dir='ltr'><strong>tonitrno.</strong></span> <span class='ocrx_word' id='word_1_277' title='bbox 902 2248 947 2301; x_wconf 89' lang='lat' dir='ltr'><strong>A</strong></span> <span class='ocrx_word' id='word_1_278' title='bbox 977 2247 1177 2301; x_wconf 84' lang='lat' dir='ltr'><strong>Pascha</strong></span> <span class='ocrx_word' id='word_1_279' title='bbox 1203 2262 1368 2315; x_wconf 91' lang='lat' dir='ltr'><strong>usque</strong></span> <span class='ocrx_word' id='word_1_280' title='bbox 1396 2250 1446 2301; x_wconf 93' lang='lat' dir='ltr'><strong>in</strong></span> <span class='ocrx_word' id='word_1_281' title='bbox 1483 2248 1716 2301; x_wconf 85' lang='lat' dir='ltr'><strong>Sabbato</strong></span> <span class='ocrx_word' id='word_1_282' title='bbox 1746 2247 1814 2300; x_wconf 91' lang='lat' dir='ltr'><strong>ad</strong></span> <span class='ocrx_word' id='word_1_283' title='bbox 1842 2247 2054 2301; x_wconf 75' lang='lat' dir='ltr'><strong>Sextam</strong></span> <span class='ocrx_word' id='word_1_284' title='bbox 2077 2288 2090 2312; x_wconf 89' lang='lat'><strong>,</strong></span> <span class='ocrx_word' id='word_1_285' title='bbox 2126 2249 2190 2300; x_wconf 87' lang='lat' dir='ltr'><strong>ad</strong></span> 
     </span>
    </p>
   </div>
   <div class='ocr_carea' id='block_1_39' title="bbox 612 2339 2191 2411">
    <p class='ocr_par' dir='ltr' id='par_1_39' title="bbox 612 2339 2191 2411">
     <span class='ocr_line' id='line_1_39' title="bbox 612 2339 2191 2411; baseline 0.004 -20"><span class='ocrx_word' id='word_1_286' title='bbox 612 2353 802 2393; x_wconf 91' lang='lat' dir='ltr'><strong>omnes</strong></span> <span class='ocrx_word' id='word_1_287' title='bbox 830 2339 1028 2393; x_wconf 84' lang='lat' dir='ltr'><strong>Versus</strong></span> <span class='ocrx_word' id='word_1_288' title='bbox 1066 2339 1227 2394; x_wconf 88' lang='lat' dir='ltr'><strong>ollicii</strong></span> <span class='ocrx_word' id='word_1_289' title='bbox 1280 2356 1386 2393; x_wconf 93' lang='lat' dir='ltr'><strong>non</strong></span> <span class='ocrx_word' id='word_1_290' title='bbox 1418 2339 1612 2395; x_wconf 86' lang='lat' dir='ltr'><strong>dicitur</strong></span> <span class='ocrx_word' id='word_1_291' title='bbox 1660 2342 2079 2411; x_wconf 81' lang='lat' dir='ltr'><strong>Responsorium</strong></span> <span class='ocrx_word' id='word_1_292' title='bbox 2125 2343 2191 2397; x_wconf 89' lang='lat' dir='ltr'><strong>ad</strong></span> 
     </span>
    </p>
   </div>
   <div class='ocr_carea' id='block_1_40' title="bbox 614 2428 2193 2499">
    <p class='ocr_par' dir='ltr' id='par_1_40' title="bbox 614 2428 2193 2499">
     <span class='ocr_line' id='line_1_40' title="bbox 614 2428 2193 2499; baseline 0.003 -17"><span class='ocrx_word' id='word_1_293' title='bbox 614 2428 847 2482; x_wconf 89' lang='lat' dir='ltr'><strong>Primam</strong></span> <span class='ocrx_word' id='word_1_294' title='bbox 868 2467 885 2493; x_wconf 89' lang='lat'><strong>,</strong></span> <span class='ocrx_word' id='word_1_295' title='bbox 933 2428 1169 2483; x_wconf 83' lang='lat' dir='ltr'><strong>Tertiam</strong></span> <span class='ocrx_word' id='word_1_296' title='bbox 1193 2469 1208 2493; x_wconf 88' lang='lat'><strong>,</strong></span> <span class='ocrx_word' id='word_1_297' title='bbox 1242 2430 1458 2484; x_wconf 86' lang='lat' dir='ltr'><strong>Sextam</strong></span> <span class='ocrx_word' id='word_1_298' title='bbox 1499 2439 1552 2483; x_wconf 90' lang='lat' dir='ltr'><strong>et</strong></span> <span class='ocrx_word' id='word_1_299' title='bbox 1582 2429 1816 2495; x_wconf 87' lang='lat' dir='ltr'><strong>Nonam,</strong></span> <span class='ocrx_word' id='word_1_300' title='bbox 1847 2441 1901 2485; x_wconf 92' lang='lat' dir='ltr'><strong>et</strong></span> <span class='ocrx_word' id='word_1_301' title='bbox 1945 2431 2193 2499; x_wconf 88' lang='lat' dir='ltr'><strong>Comple-</strong></span> 
     </span>
    </p>
   </div>
   <div class='ocr_carea' id='block_1_41' title="bbox 611 2520 2187 2589">
    <p class='ocr_par' dir='ltr' id='par_1_41' title="bbox 611 2520 2187 2589">
     <span class='ocr_line' id='line_1_41' title="bbox 611 2520 2187 2589; baseline 0 -14"><span class='ocrx_word' id='word_1_302' title='bbox 611 2520 803 2575; x_wconf 84' lang='lat' dir='ltr'><strong>torinm</strong></span> <span class='ocrx_word' id='word_1_303' title='bbox 824 2560 840 2584; x_wconf 93' lang='lat'><strong>,</strong></span> <span class='ocrx_word' id='word_1_304' title='bbox 872 2534 972 2574; x_wconf 90' lang='lat' dir='ltr'><strong>nec</strong></span> <span class='ocrx_word' id='word_1_305' title='bbox 1003 2520 1159 2573; x_wconf 86' lang='lat' dir='ltr'><strong>lectio</strong></span> <span class='ocrx_word' id='word_1_306' title='bbox 1185 2524 1234 2573; x_wconf 90' lang='lat' dir='ltr'><strong>in</strong></span> <span class='ocrx_word' id='word_1_307' title='bbox 1270 2520 1348 2574; x_wconf 85' lang='lat' dir='ltr'><strong>eis</strong></span> <span class='ocrx_word' id='word_1_308' title='bbox 1378 2521 1665 2585; x_wconf 77' lang='lat' dir='ltr'><strong>recitatur;</strong></span> <span class='ocrx_word' id='word_1_309' title='bbox 1690 2521 1782 2575; x_wconf 89' lang='lat' dir='ltr'><strong>sed</strong></span> <span class='ocrx_word' id='word_1_310' title='bbox 1812 2537 1910 2589; x_wconf 90' lang='lat' dir='ltr'><strong>pro</strong></span> <span class='ocrx_word' id='word_1_311' title='bbox 1940 2522 2187 2588; x_wconf 76' lang='lat' dir='ltr'><strong>lemione,</strong></span> 
     </span>
    </p>
   </div>
   <div class='ocr_carea' id='block_1_42' title="bbox 609 2606 2189 2679">
    <p class='ocr_par' dir='ltr' id='par_1_42' title="bbox 609 2606 2189 2679">
     <span class='ocr_line' id='line_1_42' title="bbox 609 2606 2189 2679; baseline 0.005 -22"><span class='ocrx_word' id='word_1_312' title='bbox 609 2606 812 2673; x_wconf 81' lang='lat' dir='ltr'><strong>Versu,</strong></span> <span class='ocrx_word' id='word_1_313' title='bbox 856 2607 1250 2676; x_wconf 66' lang='grc' dir='ltr'><strong>Βιξςρο.ιεοι’ἰο,</strong></span> <span class='ocrx_word' id='word_1_314' title='bbox 1282 2617 1525 2662; x_wconf 89' lang='lat' dir='ltr'><strong>cantatur</strong></span> <span class='ocrx_word' id='word_1_315' title='bbox 1546 2609 1774 2664; x_wconf 83' lang='lat' dir='ltr'><strong>Gradale</strong></span> <span class='ocrx_word' id='word_1_316' title='bbox 1811 2611 1941 2664; x_wconf 75' lang='lat' dir='ltr'><strong>[Irae</strong></span> <span class='ocrx_word' id='word_1_317' title='bbox 1963 2612 2104 2679; x_wconf 82' lang='lat' dir='ltr'><strong>dies,</strong></span> <span class='ocrx_word' id='word_1_318' title='bbox 2135 2624 2189 2665; x_wconf 91' lang='lat' dir='ltr'><strong>et</strong></span> 
     </span>
    </p>
   </div>
   <div class='ocr_carea' id='block_1_43' title="bbox 607 2700 1913 2762">
    <p class='ocr_par' dir='ltr' id='par_1_43' title="bbox 607 2700 1913 2762">
     <span class='ocr_line' id='line_1_43' title="bbox 607 2700 1913 2762; baseline 0.005 -11"><span class='ocrx_word' id='word_1_319' title='bbox 607 2700 801 2751; x_wconf 82' lang='lat' dir='ltr'><strong>dicitur</strong></span> <span class='ocrx_word' id='word_1_320' title='bbox 831 2700 1059 2762; x_wconf 79' lang='lat' dir='ltr'><strong>Versus,</strong></span> <span class='ocrx_word' id='word_1_321' title='bbox 1091 2700 1230 2753; x_wconf 74' lang='lat' dir='ltr'><strong>sicut</strong></span> <span class='ocrx_word' id='word_1_322' title='bbox 1259 2701 1309 2753; x_wconf 94' lang='lat' dir='ltr'><strong>in</strong></span> <span class='ocrx_word' id='word_1_323' title='bbox 1340 2702 1456 2754; x_wconf 85' lang='lat' dir='ltr'><strong>aliis</strong></span> <span class='ocrx_word' id='word_1_324' title='bbox 1477 2703 1666 2756; x_wconf 76' lang='lat' dir='ltr'><strong>debus</strong></span> <span class='ocrx_word' id='word_1_325' title='bbox 1697 2702 1913 2757; x_wconf 89' lang='lat' dir='ltr'><strong>futuris.</strong></span> 
     </span>
    </p>
   </div>
   <div class='ocr_carea' id='block_1_44' title="bbox 679 2789 2187 2848">
    <p class='ocr_par' dir='ltr' id='par_1_44' title="bbox 679 2789 2187 2848">
     <span class='ocr_line' id='line_1_44' title="bbox 679 2789 2187 2848; baseline 0.002 -5"><span class='ocrx_word' id='word_1_326' title='bbox 679 2790 769 2843; x_wconf 71' lang='grc'><strong>54.</strong></span> <span class='ocrx_word' id='word_1_327' title='bbox 811 2789 965 2844; x_wconf 88' lang='lat' dir='ltr'><strong>Mane</strong></span> <span class='ocrx_word' id='word_1_328' title='bbox 994 2794 1151 2843; x_wconf 88' lang='lat' dir='ltr'><strong>statio</strong></span> <span class='ocrx_word' id='word_1_329' title='bbox 1180 2794 1244 2844; x_wconf 89' lang='lat' dir='ltr'><strong>ad</strong></span> <span class='ocrx_word' id='word_1_330' title='bbox 1288 2801 1529 2846; x_wconf 88' lang='lat' dir='ltr'><strong>sanctum</strong></span> <span class='ocrx_word' id='word_1_331' title='bbox 1562 2794 1917 2847; x_wconf 89' lang='lat' dir='ltr'><strong>Pancratium.</strong></span> <span class='ocrx_word' id='word_1_332' title='bbox 1943 2793 2024 2847; x_wconf 87' lang='lat' dir='ltr'><strong>Ad</strong></span> <span class='ocrx_word' id='word_1_333' title='bbox 2059 2794 2187 2848; x_wconf 83' lang='lat' dir='ltr'><strong>Ves-</strong></span> 
     </span>
    </p>
   </div>
   <div class='ocr_carea' id='block_1_45' title="bbox 609 2880 2186 2951">
    <p class='ocr_par' dir='ltr' id='par_1_45' title="bbox 609 2880 2186 2951">
     <span class='ocr_line' id='line_1_45' title="bbox 609 2880 2186 2951; baseline 0.005 -20"><span class='ocrx_word' id='word_1_334' title='bbox 609 2893 795 2944; x_wconf 87' lang='lat' dir='ltr'><strong>perum</strong></span> <span class='ocrx_word' id='word_1_335' title='bbox 828 2880 989 2933; x_wconf 85' lang='lat' dir='ltr'><strong>debet</strong></span> <span class='ocrx_word' id='word_1_336' title='bbox 1018 2894 1140 2935; x_wconf 81' lang='lat' dir='ltr'><strong>esse</strong></span> <span class='ocrx_word' id='word_1_337' title='bbox 1166 2882 1414 2937; x_wconf 91' lang='lat' dir='ltr'><strong>dominus</strong></span> <span class='ocrx_word' id='word_1_338' title='bbox 1457 2884 1689 2951; x_wconf 83' lang='lat' dir='ltr'><strong>pontifex</strong></span> <span class='ocrx_word' id='word_1_339' title='bbox 1720 2884 1786 2938; x_wconf 90' lang='lat' dir='ltr'><strong>ad</strong></span> <span class='ocrx_word' id='word_1_340' title='bbox 1817 2895 2030 2940; x_wconf 87' lang='lat' dir='ltr'><strong>sanctos</strong></span> <span class='ocrx_word' id='word_1_341' title='bbox 2053 2885 2186 2939; x_wconf 81' lang='lat' dir='ltr'><strong>Cns-</strong></span> 
     </span>
    </p>
   </div>
   <div class='ocr_carea' id='block_1_46' title="bbox 607 2971 2188 3047">
    <p class='ocr_par' dir='ltr' id='par_1_46' title="bbox 607 2971 2188 3047">
     <span class='ocr_line' id='line_1_46' title="bbox 607 2971 2188 3047; baseline 0.006 -24"><span class='ocrx_word' id='word_1_342' title='bbox 607 2985 752 3023; x_wconf 86' lang='lat' dir='ltr'><strong>mam</strong></span> <span class='ocrx_word' id='word_1_343' title='bbox 782 2979 837 3023; x_wconf 89' lang='lat' dir='ltr'><strong>et</strong></span> <span class='ocrx_word' id='word_1_344' title='bbox 864 2971 1200 3039; x_wconf 87' lang='lat' dir='ltr'><strong>Damianum,</strong></span> <span class='ocrx_word' id='word_1_345' title='bbox 1223 2989 1344 3028; x_wconf 93' lang='lat' dir='ltr'><strong>cum</strong></span> <span class='ocrx_word' id='word_1_346' title='bbox 1368 2976 1616 3029; x_wconf 91' lang='lat' dir='ltr'><strong>omnibus</strong></span> <span class='ocrx_word' id='word_1_347' title='bbox 1639 2977 1856 3041; x_wconf 89' lang='lat' dir='ltr'><strong>scholis,</strong></span> <span class='ocrx_word' id='word_1_348' title='bbox 1884 2978 2061 3047; x_wconf 84' lang='lat' dir='ltr'><strong>ibique</strong></span> <span class='ocrx_word' id='word_1_349' title='bbox 2091 2979 2188 3032; x_wconf 88' lang='lat' dir='ltr'><strong>ho-</strong></span> 
     </span>
    </p>
   </div>
   <div class='ocr_carea' id='block_1_47' title="bbox 606 3065 2184 3132">
    <p class='ocr_par' dir='ltr' id='par_1_47' title="bbox 606 3065 2184 3132">
     <span class='ocr_line' id='line_1_47' title="bbox 606 3065 2184 3132; baseline 0.002 -15"><span class='ocrx_word' id='word_1_350' title='bbox 606 3066 828 3118; x_wconf 86' lang='lat' dir='ltr'><strong>norifice</strong></span> <span class='ocrx_word' id='word_1_351' title='bbox 850 3074 1070 3122; x_wconf 81' lang='lat' dir='ltr'><strong>cantare</strong></span> <span class='ocrx_word' id='word_1_352' title='bbox 1090 3065 1371 3132; x_wconf 86' lang='lat' dir='ltr'><strong>Vesperas,</strong></span> <span class='ocrx_word' id='word_1_353' title='bbox 1393 3067 1531 3119; x_wconf 88' lang='lat' dir='ltr'><strong>sicut</strong></span> <span class='ocrx_word' id='word_1_354' title='bbox 1557 3066 1607 3119; x_wconf 89' lang='lat' dir='ltr'><strong>in</strong></span> <span class='ocrx_word' id='word_1_355' title='bbox 1639 3067 1724 3120; x_wconf 89' lang='lat' dir='ltr'><strong>die</strong></span> <span class='ocrx_word' id='word_1_356' title='bbox 1753 3069 1920 3120; x_wconf 85' lang='lat' dir='ltr'><strong>sancti</strong></span> <span class='ocrx_word' id='word_1_357' title='bbox 1955 3069 2184 3122; x_wconf 87' lang='lat' dir='ltr'><strong>Pascha-</strong></span> 
     </span>
    </p>
   </div>
   <div class='ocr_carea' id='block_1_48' title="bbox 2303 1872 3875 1953">
    <p class='ocr_par' dir='ltr' id='par_1_48' title="bbox 2303 1872 3875 1953">
     <span class='ocr_line' id='line_1_48' title="bbox 2303 1872 3875 1953; baseline 0.01 -29"><span class='ocrx_word' id='word_1_358' title='bbox 2303 1872 2456 1937; x_wconf 86' lang='lat' dir='ltr'><strong>toris,</strong></span> <span class='ocrx_word' id='word_1_359' title='bbox 2480 1889 2601 1942; x_wconf 73' lang='lat' dir='ltr'><strong>qua:</strong></span> <span class='ocrx_word' id='word_1_360' title='bbox 2631 1885 2853 1933; x_wconf 85' lang='lat' dir='ltr'><strong>vocatur</strong></span> <span class='ocrx_word' id='word_1_361' title='bbox 2873 1875 3334 1946; x_wconf 84' lang='lat' dir='ltr'><strong>Constantiniana,</strong></span> <span class='ocrx_word' id='word_1_362' title='bbox 3360 1882 3446 1935; x_wconf 91' lang='lat' dir='ltr'><strong>ubi</strong></span> <span class='ocrx_word' id='word_1_363' title='bbox 3476 1883 3727 1939; x_wconf 88' lang='lat' dir='ltr'><strong>dominus</strong></span> <span class='ocrx_word' id='word_1_364' title='bbox 3752 1902 3875 1953; x_wconf 85' lang='lat' dir='ltr'><strong>pon-</strong></span> 
     </span>
    </p>
   </div>
   <div class='ocr_carea' id='block_1_49' title="bbox 2301 1964 3874 2045">
    <p class='ocr_par' dir='ltr' id='par_1_49' title="bbox 2301 1964 3874 2045">
     <span class='ocr_line' id='line_1_49' title="bbox 2301 1964 3874 2045; baseline 0.008 -28"><span class='ocrx_word' id='word_1_365' title='bbox 2301 1964 2431 2018; x_wconf 81' lang='lat' dir='ltr'><strong>tifex</strong></span> <span class='ocrx_word' id='word_1_366' title='bbox 2456 1975 2577 2034; x_wconf 89' lang='lat' dir='ltr'><strong>post</strong></span> <span class='ocrx_word' id='word_1_367' title='bbox 2599 1967 2769 2021; x_wconf 87' lang='lat' dir='ltr'><strong>altare</strong></span> <span class='ocrx_word' id='word_1_368' title='bbox 2790 1967 3029 2036; x_wconf 85' lang='lat' dir='ltr'><strong>ejusdem</strong></span> <span class='ocrx_word' id='word_1_369' title='bbox 3053 1971 3294 2026; x_wconf 62' lang='lat' dir='ltr'><strong>ecclesia;</strong></span> <span class='ocrx_word' id='word_1_370' title='bbox 3320 1973 3487 2027; x_wconf 91' lang='lat' dir='ltr'><strong>induit</strong></span> <span class='ocrx_word' id='word_1_371' title='bbox 3512 1989 3573 2028; x_wconf 88' lang='lat' dir='ltr'><strong>se</strong></span> <span class='ocrx_word' id='word_1_372' title='bbox 3597 1990 3723 2028; x_wconf 86' lang='lat' dir='ltr'><strong>cum</strong></span> <span class='ocrx_word' id='word_1_373' title='bbox 3743 1981 3874 2045; x_wconf 89' lang='lat' dir='ltr'><strong>epis-</strong></span> 
     </span>
    </p>
   </div>
   <div class='ocr_carea' id='block_1_50' title="bbox 2299 2056 3869 2134">
    <p class='ocr_par' dir='ltr' id='par_1_50' title="bbox 2299 2056 3869 2134">
     <span class='ocr_line' id='line_1_50' title="bbox 2299 2056 3869 2134; baseline 0.006 -27"><span class='ocrx_word' id='word_1_374' title='bbox 2299 2056 2474 2123; x_wconf 88' lang='lat' dir='ltr'><strong>copis,</strong></span> <span class='ocrx_word' id='word_1_375' title='bbox 2519 2056 2877 2112; x_wconf 88' lang='lat' dir='ltr'><strong>cardinalibus</strong></span> <span class='ocrx_word' id='word_1_376' title='bbox 2924 2069 2979 2112; x_wconf 89' lang='lat' dir='ltr'><strong>et</strong></span> <span class='ocrx_word' id='word_1_377' title='bbox 3021 2060 3141 2113; x_wconf 91' lang='lat' dir='ltr'><strong>aliis</strong></span> <span class='ocrx_word' id='word_1_378' title='bbox 3174 2061 3452 2117; x_wconf 87' lang='lat' dir='ltr'><strong>ordinibus</strong></span> <span class='ocrx_word' id='word_1_379' title='bbox 3486 2065 3624 2117; x_wconf 85' lang='lat' dir='ltr'><strong>sacri</strong></span> <span class='ocrx_word' id='word_1_380' title='bbox 3673 2066 3869 2134; x_wconf 83' lang='lat' dir='ltr'><strong>palatii;</strong></span> 
     </span>
    </p>
   </div>
   <div class='ocr_carea' id='block_1_51' title="bbox 2301 2152 3871 2221">
    <p class='ocr_par' dir='ltr' id='par_1_51' title="bbox 2301 2152 3871 2221">
     <span class='ocr_line' id='line_1_51' title="bbox 2301 2152 3871 2221; baseline 0.007 -20"><span class='ocrx_word' id='word_1_381' title='bbox 2301 2158 2424 2203; x_wconf 89' lang='lat' dir='ltr'><strong>tunc</strong></span> <span class='ocrx_word' id='word_1_382' title='bbox 2449 2152 2781 2219; x_wconf 89' lang='lat' dir='ltr'><strong>primicerius</strong></span> <span class='ocrx_word' id='word_1_383' title='bbox 2801 2166 2922 2205; x_wconf 89' lang='lat' dir='ltr'><strong>cum</strong></span> <span class='ocrx_word' id='word_1_384' title='bbox 2946 2154 3254 2208; x_wconf 88' lang='lat' dir='ltr'><strong>cantoribus</strong></span> <span class='ocrx_word' id='word_1_385' title='bbox 3274 2165 3453 2208; x_wconf 84' lang='lat' dir='ltr'><strong>cantat</strong></span> <span class='ocrx_word' id='word_1_386' title='bbox 3472 2155 3711 2221; x_wconf 74' lang='lat' dir='ltr'><strong>Populus</strong></span> <span class='ocrx_word' id='word_1_387' title='bbox 3735 2159 3871 2212; x_wconf 78' lang='lat' dir='ltr'><strong>Sion.</strong></span> 
     </span>
    </p>
   </div>
   <div class='ocr_carea' id='block_1_52' title="bbox 2301 2240 3876 2310">
    <p class='ocr_par' dir='ltr' id='par_1_52' title="bbox 2301 2240 3876 2310">
     <span class='ocr_line' id='line_1_52' title="bbox 2301 2240 3876 2310; baseline 0.003 -16"><span class='ocrx_word' id='word_1_388' title='bbox 2301 2240 2474 2294; x_wconf 77' lang='lat' dir='ltr'><strong>Finito</strong></span> <span class='ocrx_word' id='word_1_389' title='bbox 2499 2252 2688 2305; x_wconf 89' lang='lat' dir='ltr'><strong>cantu,</strong></span> <span class='ocrx_word' id='word_1_390' title='bbox 2717 2242 2967 2295; x_wconf 91' lang='lat' dir='ltr'><strong>dominus</strong></span> <span class='ocrx_word' id='word_1_391' title='bbox 2998 2243 3232 2310; x_wconf 81' lang='lat' dir='ltr'><strong>pontifex</strong></span> <span class='ocrx_word' id='word_1_392' title='bbox 3265 2244 3394 2298; x_wconf 90' lang='lat' dir='ltr'><strong>dicit</strong></span> <span class='ocrx_word' id='word_1_393' title='bbox 3424 2245 3677 2307; x_wconf 78' lang='lat' dir='ltr'><strong>Oremus,</strong></span> <span class='ocrx_word' id='word_1_394' title='bbox 3709 2247 3876 2300; x_wconf 87' lang='lat' dir='ltr'><strong>archi-</strong></span> 
     </span>
    </p>
   </div>
   <div class='ocr_carea' id='block_1_53' title="bbox 2298 2330 3871 2405">
    <p class='ocr_par' dir='ltr' id='par_1_53' title="bbox 2298 2330 3871 2405">
     <span class='ocr_line' id='line_1_53' title="bbox 2298 2330 3871 2405; baseline 0.003 -19"><span class='ocrx_word' id='word_1_395' title='bbox 2298 2332 2554 2388; x_wconf 84' lang='lat' dir='ltr'><strong>diaconus</strong></span> <span class='ocrx_word' id='word_1_396' title='bbox 2578 2330 2876 2387; x_wconf 86' lang='lat' dir='ltr'><strong>Flectamus</strong></span> <span class='ocrx_word' id='word_1_397' title='bbox 2897 2352 3083 2403; x_wconf 86' lang='lat' dir='ltr'><strong>genua,</strong></span> <span class='ocrx_word' id='word_1_398' title='bbox 3108 2336 3243 2388; x_wconf 87' lang='lat' dir='ltr'><strong>alius</strong></span> <span class='ocrx_word' id='word_1_399' title='bbox 3273 2339 3559 2405; x_wconf 81' lang='lat' dir='ltr'><strong>respOndet</strong></span> <span class='ocrx_word' id='word_1_400' title='bbox 3590 2337 3807 2401; x_wconf 72' lang='lat' dir='ltr'><strong>Levate;</strong></span> <span class='ocrx_word' id='word_1_401' title='bbox 3826 2350 3871 2392; x_wconf 88' lang='lat' dir='ltr'><strong>et</strong></span> 
     </span>
    </p>
   </div>
   <div class='ocr_carea' id='block_1_54' title="bbox 2298 2424 3865 2493">
    <p class='ocr_par' dir='ltr' id='par_1_54' title="bbox 2298 2424 3865 2493">
     <span class='ocr_line' id='line_1_54' title="bbox 2298 2424 3865 2493; baseline 0.002 -16"><span class='ocrx_word' id='word_1_402' title='bbox 2298 2425 2531 2492; x_wconf 79' lang='lat' dir='ltr'><strong>pontifex</strong></span> <span class='ocrx_word' id='word_1_403' title='bbox 2582 2424 2711 2478; x_wconf 89' lang='lat' dir='ltr'><strong>dicit</strong></span> <span class='ocrx_word' id='word_1_404' title='bbox 2749 2426 3084 2481; x_wconf 86' lang='lat' dir='ltr'><strong>Orationem.</strong></span> <span class='ocrx_word' id='word_1_405' title='bbox 3125 2427 3319 2480; x_wconf 81' lang='lat' dir='ltr'><strong>Schola</strong></span> <span class='ocrx_word' id='word_1_406' title='bbox 3363 2429 3657 2493; x_wconf 83' lang='lat' dir='ltr'><strong>respondet</strong></span> <span class='ocrx_word' id='word_1_407' title='bbox 3700 2432 3865 2481; x_wconf 79' lang='lat' dir='ltr'><strong>Amen.</strong></span> 
     </span>
    </p>
   </div>
   <div class='ocr_carea' id='block_1_55' title="bbox 2295 2517 3870 2592">
    <p class='ocr_par' dir='ltr' id='par_1_55' title="bbox 2295 2517 3870 2592">
     <span class='ocr_line' id='line_1_55' title="bbox 2295 2517 3870 2592; baseline 0.006 -23"><span class='ocrx_word' id='word_1_408' title='bbox 2295 2517 2723 2571; x_wconf 82' lang='lat' dir='ltr'><strong>Archidiaconus</strong></span> <span class='ocrx_word' id='word_1_409' title='bbox 2757 2519 2968 2572; x_wconf 88' lang='lat' dir='ltr'><strong>nuntiat</strong></span> <span class='ocrx_word' id='word_1_410' title='bbox 2998 2518 3344 2574; x_wconf 85' lang='lat' dir='ltr'><strong>Procedantus</strong></span> <span class='ocrx_word' id='word_1_411' title='bbox 3379 2537 3491 2574; x_wconf 84' lang='lat' dir='ltr'><strong>cum</strong></span> <span class='ocrx_word' id='word_1_412' title='bbox 3520 2539 3671 2592; x_wconf 79' lang='lat' dir='ltr'><strong>pace,</strong></span> <span class='ocrx_word' id='word_1_413' title='bbox 3704 2527 3870 2578; x_wconf 85' lang='lat' dir='ltr'><strong>schola</strong></span> 
     </span>
    </p>
   </div>
   <div class='ocr_carea' id='block_1_56' title="bbox 2295 2606 3870 2672">
    <p class='ocr_par' dir='ltr' id='par_1_56' title="bbox 2295 2606 3870 2672">
     <span class='ocr_line' id='line_1_56' title="bbox 2295 2606 3870 2672; baseline 0.007 -15"><span class='ocrx_word' id='word_1_414' title='bbox 2295 2606 2585 2672; x_wconf 79' lang='lat' dir='ltr'><strong>reSpomlet</strong></span> <span class='ocrx_word' id='word_1_415' title='bbox 2619 2606 2685 2658; x_wconf 83' lang='lat' dir='ltr'><strong>In</strong></span> <span class='ocrx_word' id='word_1_416' title='bbox 2727 2608 2933 2661; x_wconf 86' lang='lat' dir='ltr'><strong>nomine</strong></span> <span class='ocrx_word' id='word_1_417' title='bbox 2978 2607 3191 2661; x_wconf 78' lang='lat' dir='ltr'><strong>Christi.</strong></span> <span class='ocrx_word' id='word_1_418' title='bbox 3234 2610 3606 2665; x_wconf 90' lang='lat' dir='ltr'><strong>Subdiaconus</strong></span> <span class='ocrx_word' id='word_1_419' title='bbox 3634 2628 3767 2667; x_wconf 85' lang='lat' dir='ltr'><strong>vero</strong></span> <span class='ocrx_word' id='word_1_420' title='bbox 3805 2631 3870 2668; x_wconf 82' lang='lat' dir='ltr'><strong>re-</strong></span> 
     </span>
    </p>
   </div>
   <div class='ocr_carea' id='block_1_57' title="bbox 2297 2698 3868 2775">
    <p class='ocr_par' dir='ltr' id='par_1_57' title="bbox 2297 2698 3868 2775">
     <span class='ocr_line' id='line_1_57' title="bbox 2297 2698 3868 2775; baseline 0.006 -26"><span class='ocrx_word' id='word_1_421' title='bbox 2297 2698 2567 2766; x_wconf 88' lang='lat' dir='ltr'><strong>gionarius</strong></span> <span class='ocrx_word' id='word_1_422' title='bbox 2595 2699 2772 2752; x_wconf 87' lang='lat' dir='ltr'><strong>elevat</strong></span> <span class='ocrx_word' id='word_1_423' title='bbox 2800 2714 3012 2753; x_wconf 90' lang='lat' dir='ltr'><strong>crucem</strong></span> <span class='ocrx_word' id='word_1_424' title='bbox 3051 2702 3386 2755; x_wconf 79' lang='lat' dir='ltr'><strong>stationalem</strong></span> <span class='ocrx_word' id='word_1_425' title='bbox 3410 2703 3479 2757; x_wconf 91' lang='lat' dir='ltr'><strong>de</strong></span> <span class='ocrx_word' id='word_1_426' title='bbox 3510 2704 3693 2769; x_wconf 88' lang='lat' dir='ltr'><strong>altari,</strong></span> <span class='ocrx_word' id='word_1_427' title='bbox 3727 2722 3868 2775; x_wconf 81' lang='lat' dir='ltr'><strong>quam</strong></span> 
     </span>
    </p>
   </div>
   <div class='ocr_carea' id='block_1_58' title="bbox 2292 2789 3868 2860">
    <p class='ocr_par' dir='ltr' id='par_1_58' title="bbox 2292 2789 3868 2860">
     <span class='ocr_line' id='line_1_58' title="bbox 2292 2789 3868 2860; baseline 0.003 -17"><span class='ocrx_word' id='word_1_428' title='bbox 2292 2789 2453 2857; x_wconf 82' lang='lat' dir='ltr'><strong>plene</strong></span> <span class='ocrx_word' id='word_1_429' title='bbox 2479 2798 2653 2856; x_wconf 87' lang='lat' dir='ltr'><strong>portat</strong></span> <span class='ocrx_word' id='word_1_430' title='bbox 2681 2790 2732 2843; x_wconf 92' lang='lat' dir='ltr'><strong>in</strong></span> <span class='ocrx_word' id='word_1_431' title='bbox 2763 2790 3005 2855; x_wconf 88' lang='lat' dir='ltr'><strong>brachio,</strong></span> <span class='ocrx_word' id='word_1_432' title='bbox 3036 2799 3097 2844; x_wconf 93' lang='lat' dir='ltr'><strong>ut</strong></span> <span class='ocrx_word' id='word_1_433' title='bbox 3125 2792 3397 2847; x_wconf 91' lang='lat' dir='ltr'><strong>osculetur</strong></span> <span class='ocrx_word' id='word_1_434' title='bbox 3425 2793 3495 2845; x_wconf 90' lang='lat' dir='ltr'><strong>ab</strong></span> <span class='ocrx_word' id='word_1_435' title='bbox 3524 2796 3795 2860; x_wconf 88' lang='lat' dir='ltr'><strong>omnibus,</strong></span> <span class='ocrx_word' id='word_1_436' title='bbox 3825 2798 3868 2848; x_wconf 93' lang='lat' dir='ltr'><strong>in</strong></span> 
     </span>
    </p>
   </div>
   <div class='ocr_carea' id='block_1_59' title="bbox 2295 2880 3866 2951">
    <p class='ocr_par' dir='ltr' id='par_1_59' title="bbox 2295 2880 3866 2951">
     <span class='ocr_line' id='line_1_59' title="bbox 2295 2880 3866 2951; baseline 0.004 -19"><span class='ocrx_word' id='word_1_437' title='bbox 2295 2880 2642 2933; x_wconf 86' lang='lat' dir='ltr'><strong>Processione</strong></span> <span class='ocrx_word' id='word_1_438' title='bbox 2672 2892 2796 2934; x_wconf 90' lang='lat' dir='ltr'><strong>ante</strong></span> <span class='ocrx_word' id='word_1_439' title='bbox 2826 2881 3130 2949; x_wconf 81' lang='lat' dir='ltr'><strong>pontificem</strong></span> <span class='ocrx_word' id='word_1_440' title='bbox 3161 2896 3329 2951; x_wconf 86' lang='lat' dir='ltr'><strong>usque</strong></span> <span class='ocrx_word' id='word_1_441' title='bbox 3362 2884 3411 2936; x_wconf 90' lang='lat' dir='ltr'><strong>in</strong></span> <span class='ocrx_word' id='word_1_442' title='bbox 3433 2884 3580 2938; x_wconf 77' lang='lat' dir='ltr'><strong>exitu</strong></span> <span class='ocrx_word' id='word_1_443' title='bbox 3603 2887 3866 2949; x_wconf 55' lang='lat' dir='ltr'><strong>ecclesiae;</strong></span> 
     </span>
    </p>
   </div>
   <div class='ocr_carea' id='block_1_60' title="bbox 2292 2970 3859 3032">
    <p class='ocr_par' dir='ltr' id='par_1_60' title="bbox 2292 2970 3859 3032">
     <span class='ocr_line' id='line_1_60' title="bbox 2292 2970 3859 3032; baseline 0.004 -9"><span class='ocrx_word' id='word_1_444' title='bbox 2292 2970 2485 3024; x_wconf 89' lang='lat' dir='ltr'><strong>deinde</strong></span> <span class='ocrx_word' id='word_1_445' title='bbox 2518 2971 2658 3024; x_wconf 88' lang='lat' dir='ltr'><strong>levat</strong></span> <span class='ocrx_word' id='word_1_446' title='bbox 2680 2988 2797 3025; x_wconf 87' lang='lat' dir='ltr'><strong>eam</strong></span> <span class='ocrx_word' id='word_1_447' title='bbox 2841 2985 3095 3027; x_wconf 86' lang='lat' dir='ltr'><strong>erectam.</strong></span> <span class='ocrx_word' id='word_1_448' title='bbox 3134 2975 3479 3030; x_wconf 79' lang='lat' dir='ltr'><strong>Primicerius</strong></span> <span class='ocrx_word' id='word_1_449' title='bbox 3520 2993 3645 3031; x_wconf 91' lang='lat' dir='ltr'><strong>cum</strong></span> <span class='ocrx_word' id='word_1_450' title='bbox 3692 2980 3859 3032; x_wconf 71' lang='lat' dir='ltr'><strong>schola</strong></span> 
     </span>
    </p>
   </div>
   <div class='ocr_carea' id='block_1_61' title="bbox 2292 3063 3869 3134">
    <p class='ocr_par' dir='ltr' id='par_1_61' title="bbox 2292 3063 3869 3134">
     <span class='ocr_line' id='line_1_61' title="bbox 2292 3063 3869 3134; baseline 0.005 -20"><span class='ocrx_word' id='word_1_451' title='bbox 2292 3069 2415 3129; x_wconf 87' lang='lat' dir='ltr'><strong>post</strong></span> <span class='ocrx_word' id='word_1_452' title='bbox 2442 3063 2695 3117; x_wconf 88' lang='lat' dir='ltr'><strong>domuum</strong></span> <span class='ocrx_word' id='word_1_453' title='bbox 2727 3079 2915 3132; x_wconf 85' lang='lat' dir='ltr'><strong>papam</strong></span> <span class='ocrx_word' id='word_1_454' title='bbox 2958 3073 3144 3120; x_wconf 89' lang='lat' dir='ltr'><strong>tenens</strong></span> <span class='ocrx_word' id='word_1_455' title='bbox 3177 3066 3393 3134; x_wconf 88' lang='lat' dir='ltr'><strong>pallium</strong></span> <span class='ocrx_word' id='word_1_456' title='bbox 3430 3083 3554 3121; x_wconf 90' lang='lat' dir='ltr'><strong>cum</strong></span> <span class='ocrx_word' id='word_1_457' title='bbox 3592 3069 3750 3131; x_wconf 65' lang='lat' dir='ltr'><strong>laeva,</strong></span> <span class='ocrx_word' id='word_1_458' title='bbox 3784 3070 3869 3131; x_wconf 68' lang='lat' dir='ltr'><strong>iri-</strong></span> 
     </span>
    </p>
   </div>
   <div class='ocr_carea' id='block_1_62' title="bbox 605 3148 3859 3225">
    <p class='ocr_par' dir='ltr' id='par_1_62' title="bbox 605 3148 3859 3225">
     <span class='ocr_line' id='line_1_62' title="bbox 605 3148 3859 3225; baseline 0.005 -21"><span class='ocrx_word' id='word_1_459' title='bbox 605 3158 702 3218; x_wconf 90' lang='lat' dir='ltr'><strong>tis,</strong></span> <span class='ocrx_word' id='word_1_460' title='bbox 744 3163 799 3208; x_wconf 90' lang='lat' dir='ltr'><strong>et</strong></span> <span class='ocrx_word' id='word_1_461' title='bbox 839 3154 1035 3210; x_wconf 87' lang='lat' dir='ltr'><strong>habere</strong></span> <span class='ocrx_word' id='word_1_462' title='bbox 1072 3170 1279 3209; x_wconf 63' lang='lat' dir='ltr'><strong>cuinam</strong></span> <span class='ocrx_word' id='word_1_463' title='bbox 1318 3157 1386 3210; x_wconf 88' lang='lat' dir='ltr'><strong>de</strong></span> <span class='ocrx_word' id='word_1_464' title='bbox 1427 3157 1688 3221; x_wconf 84' lang='lat' dir='ltr'><strong>ecclesia,</strong></span> <span class='ocrx_word' id='word_1_465' title='bbox 1738 3159 1849 3225; x_wconf 87' lang='lat' dir='ltr'><strong>ipse</strong></span> <span class='ocrx_word' id='word_1_466' title='bbox 1892 3172 1947 3212; x_wconf 85' lang='lat' dir='ltr'><strong>et</strong></span> <span class='ocrx_word' id='word_1_467' title='bbox 1992 3174 2180 3212; x_wconf 69' lang='lat' dir='ltr'><strong>omnes</strong></span> <span class='ocrx_word' id='word_1_468' title='bbox 2212 3148 2259 3212; x_wconf 86' lang='lat' dir='ltr'><strong>C</strong></span> <span class='ocrx_word' id='word_1_469' title='bbox 2292 3167 2434 3206; x_wconf 87' lang='lat' dir='ltr'><strong>mum</strong></span> <span class='ocrx_word' id='word_1_470' title='bbox 2479 3154 2659 3223; x_wconf 81' lang='lat' dir='ltr'><strong>incipit</strong></span> <span class='ocrx_word' id='word_1_471' title='bbox 2701 3155 3080 3224; x_wconf 80' lang='lat' dir='ltr'><strong>Amiphonam.</strong></span> <span class='ocrx_word' id='word_1_472' title='bbox 3110 3155 3326 3210; x_wconf 81' lang='lat' dir='ltr'><strong>Domine</strong></span> <span class='ocrx_word' id='word_1_473' title='bbox 3372 3155 3627 3211; x_wconf 76' lang='lat' dir='ltr'><strong>Dominus</strong></span> <span class='ocrx_word' id='word_1_474' title='bbox 3678 3171 3859 3213; x_wconf 77' lang='lat' dir='ltr'><strong>uoster.</strong></span> 
     </span>
    </p>
   </div>
   <div class='ocr_carea' id='block_1_63' title="bbox 605 3244 2174 3313">
    <p class='ocr_par' dir='ltr' id='par_1_63' title="bbox 605 3244 2174 3313">
     <span class='ocr_line' id='line_1_63' title="bbox 605 3244 2174 3313; baseline 0.004 -18"><span class='ocrx_word' id='word_1_475' title='bbox 605 3244 818 3297; x_wconf 86' lang='lat' dir='ltr'><strong>ordines</strong></span> <span class='ocrx_word' id='word_1_476' title='bbox 846 3244 1056 3312; x_wconf 86' lang='lat' dir='ltr'><strong>palatii,</strong></span> <span class='ocrx_word' id='word_1_477' title='bbox 1091 3245 1337 3300; x_wconf 90' lang='lat' dir='ltr'><strong>videlicet</strong></span> <span class='ocrx_word' id='word_1_478' title='bbox 1382 3260 1606 3313; x_wconf 87' lang='lat' dir='ltr'><strong>panem,</strong></span> <span class='ocrx_word' id='word_1_479' title='bbox 1650 3246 1861 3307; x_wconf 74' lang='lat' dir='ltr'><strong>vinum.</strong></span> <span class='ocrx_word' id='word_1_480' title='bbox 1892 3247 2087 3301; x_wconf 80' lang='lat' dir='ltr'><strong>lacteas</strong></span> <span class='ocrx_word' id='word_1_481' title='bbox 2124 3260 2174 3302; x_wconf 90' lang='lat' dir='ltr'><strong>et</strong></span> 
     </span>
    </p>
   </div>
   <div class='ocr_carea' id='block_1_64' title="bbox 604 3333 854 3398">
    <p class='ocr_par' dir='ltr' id='par_1_64' title="bbox 604 3333 854 3398">
     <span class='ocr_line' id='line_1_64' title="bbox 604 3333 854 3398; baseline -0.012 -11"><span class='ocrx_word' id='word_1_482' title='bbox 604 3333 854 3398; x_wconf 81' lang='lat' dir='ltr'><strong>lactucas.</strong></span> 
     </span>
    </p>
   </div>
   <div class='ocr_carea' id='block_1_65' title="bbox 674 3421 2179 3492">
    <p class='ocr_par' dir='ltr' id='par_1_65' title="bbox 674 3421 2179 3492">
     <span class='ocr_line' id='line_1_65' title="bbox 674 3421 2179 3492; baseline 0.005 -18"><span class='ocrx_word' id='word_1_483' title='bbox 674 3421 765 3476; x_wconf 81' lang='lat'><strong>55.</strong></span> <span class='ocrx_word' id='word_1_484' title='bbox 807 3424 852 3477; x_wconf 83' lang='lat' dir='ltr'><strong>A</strong></span> <span class='ocrx_word' id='word_1_485' title='bbox 885 3423 1089 3478; x_wconf 85' lang='lat' dir='ltr'><strong>Pascha</strong></span> <span class='ocrx_word' id='word_1_486' title='bbox 1114 3437 1286 3492; x_wconf 88' lang='lat' dir='ltr'><strong>usque</strong></span> <span class='ocrx_word' id='word_1_487' title='bbox 1315 3425 1366 3478; x_wconf 92' lang='lat' dir='ltr'><strong>in</strong></span> <span class='ocrx_word' id='word_1_488' title='bbox 1405 3423 1639 3492; x_wconf 83' lang='lat' dir='ltr'><strong>vigiliam</strong></span> <span class='ocrx_word' id='word_1_489' title='bbox 1682 3423 2025 3478; x_wconf 83' lang='lat' dir='ltr'><strong>Ascensiouis</strong></span> <span class='ocrx_word' id='word_1_490' title='bbox 2051 3438 2179 3481; x_wconf 79' lang='lat' dir='ltr'><strong>can~</strong></span> 
     </span>
    </p>
   </div>
   <div class='ocr_carea' id='block_1_66' title="bbox 604 3512 2178 3582">
    <p class='ocr_par' dir='ltr' id='par_1_66' title="bbox 604 3512 2178 3582">
     <span class='ocr_line' id='line_1_66' title="bbox 604 3512 2178 3582; baseline 0.001 -18"><span class='ocrx_word' id='word_1_491' title='bbox 604 3520 789 3565; x_wconf 86' lang='lat' dir='ltr'><strong>tentur</strong></span> <span class='ocrx_word' id='word_1_492' title='bbox 820 3522 928 3566; x_wconf 89' lang='lat' dir='ltr'><strong>tres</strong></span> <span class='ocrx_word' id='word_1_493' title='bbox 971 3512 1167 3566; x_wconf 89' lang='lat' dir='ltr'><strong>Psalmi</strong></span> <span class='ocrx_word' id='word_1_494' title='bbox 1202 3513 1616 3581; x_wconf 88' lang='lat' dir='ltr'><strong>uniuscujusque</strong></span> <span class='ocrx_word' id='word_1_495' title='bbox 1659 3515 1903 3567; x_wconf 90' lang='lat' dir='ltr'><strong>nocturni</strong></span> <span class='ocrx_word' id='word_1_496' title='bbox 1941 3515 2178 3582; x_wconf 88' lang='lat' dir='ltr'><strong>ejusdem</strong></span> 
     </span>
    </p>
   </div>
   <div class='ocr_carea' id='block_1_67' title="bbox 604 3603 2180 3674">
    <p class='ocr_par' dir='ltr' id='par_1_67' title="bbox 604 3603 2180 3674">
     <span class='ocr_line' id='line_1_67' title="bbox 604 3603 2180 3674; baseline 0.003 -21"><span class='ocrx_word' id='word_1_497' title='bbox 604 3604 771 3664; x_wconf 74' lang='lat' dir='ltr'><strong>ferire,</strong></span> <span class='ocrx_word' id='word_1_498' title='bbox 802 3612 856 3655; x_wconf 91' lang='lat' dir='ltr'><strong>et</strong></span> <span class='ocrx_word' id='word_1_499' title='bbox 888 3611 996 3655; x_wconf 89' lang='lat' dir='ltr'><strong>tres</strong></span> <span class='ocrx_word' id='word_1_500' title='bbox 1027 3603 1285 3657; x_wconf 86' lang='lat' dir='ltr'><strong>lectiones</strong></span> <span class='ocrx_word' id='word_1_501' title='bbox 1313 3603 1367 3657; x_wconf 92' lang='lat' dir='ltr'><strong>in</strong></span> <span class='ocrx_word' id='word_1_502' title='bbox 1398 3603 1515 3657; x_wconf 92' lang='lat' dir='ltr'><strong>loco</strong></span> <span class='ocrx_word' id='word_1_503' title='bbox 1537 3603 1985 3672; x_wconf 84' lang='lat' dir='ltr'><strong>Antiphonarum.</strong></span> <span class='ocrx_word' id='word_1_504' title='bbox 2027 3606 2180 3674; x_wconf 89' lang='lat' dir='ltr'><strong>Apud</strong></span> 
     </span>
    </p>
   </div>
   <div class='ocr_carea' id='block_1_68' title="bbox 603 3690 2181 3756">
    <p class='ocr_par' dir='ltr' id='par_1_68' title="bbox 603 3690 2181 3756">
     <span class='ocr_line' id='line_1_68' title="bbox 603 3690 2181 3756; baseline 0.001 -11"><span class='ocrx_word' id='word_1_505' title='bbox 603 3690 876 3745; x_wconf 73' lang='lat' dir='ltr'><strong>Romanos</strong></span> <span class='ocrx_word' id='word_1_506' title='bbox 908 3708 1011 3744; x_wconf 90' lang='lat' dir='ltr'><strong>non</strong></span> <span class='ocrx_word' id='word_1_507' title='bbox 1050 3702 1174 3745; x_wconf 90' lang='lat' dir='ltr'><strong>sunt</strong></span> <span class='ocrx_word' id='word_1_508' title='bbox 1202 3692 1303 3746; x_wconf 91' lang='lat' dir='ltr'><strong>nisi</strong></span> <span class='ocrx_word' id='word_1_509' title='bbox 1327 3693 1424 3746; x_wconf 87' lang='lat' dir='ltr'><strong>tria</strong></span> <span class='ocrx_word' id='word_1_510' title='bbox 1454 3693 1698 3756; x_wconf 80' lang='lat' dir='ltr'><strong>Alleluia,</strong></span> <span class='ocrx_word' id='word_1_511' title='bbox 1732 3702 1838 3747; x_wconf 90' lang='lat' dir='ltr'><strong>tam</strong></span> <span class='ocrx_word' id='word_1_512' title='bbox 1868 3694 1921 3747; x_wconf 90' lang='lat' dir='ltr'><strong>in</strong></span> <span class='ocrx_word' id='word_1_513' title='bbox 1949 3693 2181 3747; x_wconf 90' lang='lat' dir='ltr'><strong>Domini-</strong></span> 
     </span>
    </p>
   </div>
   <div class='ocr_carea' id='block_1_69' title="bbox 603 3780 2184 3853">
    <p class='ocr_par' dir='ltr' id='par_1_69' title="bbox 603 3780 2184 3853">
     <span class='ocr_line' id='line_1_69' title="bbox 603 3780 2184 3853; baseline 0.002 -19"><span class='ocrx_word' id='word_1_514' title='bbox 603 3783 681 3834; x_wconf 86' lang='lat' dir='ltr'><strong>cis</strong></span> <span class='ocrx_word' id='word_1_515' title='bbox 713 3780 929 3846; x_wconf 90' lang='lat' dir='ltr'><strong>diebus,</strong></span> <span class='ocrx_word' id='word_1_516' title='bbox 961 3796 1118 3850; x_wconf 87' lang='lat' dir='ltr'><strong>quam</strong></span> <span class='ocrx_word' id='word_1_517' title='bbox 1150 3782 1201 3836; x_wconf 94' lang='lat' dir='ltr'><strong>in</strong></span> <span class='ocrx_word' id='word_1_518' title='bbox 1234 3783 1383 3837; x_wconf 85' lang='lat' dir='ltr'><strong>feriis</strong></span> <span class='ocrx_word' id='word_1_519' title='bbox 1408 3791 1464 3837; x_wconf 89' lang='lat' dir='ltr'><strong>et</strong></span> <span class='ocrx_word' id='word_1_520' title='bbox 1500 3781 1906 3849; x_wconf 86' lang='lat' dir='ltr'><strong>festivitatibus;</strong></span> <span class='ocrx_word' id='word_1_521' title='bbox 1940 3784 2010 3837; x_wconf 89' lang='lat' dir='ltr'><strong>ita</strong></span> <span class='ocrx_word' id='word_1_522' title='bbox 2043 3784 2184 3853; x_wconf 85' lang='lat' dir='ltr'><strong>quod</strong></span> 
     </span>
    </p>
   </div>
   <div class='ocr_carea' id='block_1_70' title="bbox 600 3874 2181 3947">
    <p class='ocr_par' dir='ltr' id='par_1_70' title="bbox 600 3874 2181 3947">
     <span class='ocr_line' id='line_1_70' title="bbox 600 3874 2181 3947; baseline 0.002 -20"><span class='ocrx_word' id='word_1_523' title='bbox 600 3875 667 3927; x_wconf 87' lang='lat' dir='ltr'><strong>ad</strong></span> <span class='ocrx_word' id='word_1_524' title='bbox 691 3874 974 3928; x_wconf 90' lang='lat' dir='ltr'><strong>terminum</strong></span> <span class='ocrx_word' id='word_1_525' title='bbox 1000 3876 1309 3943; x_wconf 60' lang='lat' dir='ltr'><strong>praedictum</strong></span> <span class='ocrx_word' id='word_1_526' title='bbox 1335 3877 1549 3931; x_wconf 84' lang='lat' dir='ltr'><strong>finiatur</strong></span> <span class='ocrx_word' id='word_1_527' title='bbox 1576 3876 1891 3933; x_wconf 87' lang='lat' dir='ltr'><strong>Psalterium</strong></span> <span class='ocrx_word' id='word_1_528' title='bbox 1910 3892 2015 3931; x_wconf 91' lang='lat' dir='ltr'><strong>non</strong></span> <span class='ocrx_word' id='word_1_529' title='bbox 2043 3893 2181 3947; x_wconf 84' lang='lat' dir='ltr'><strong>genu</strong></span> 
     </span>
    </p>
   </div>
   <div class='ocr_carea' id='block_1_71' title="bbox 601 3963 2181 4036">
    <p class='ocr_par' dir='ltr' id='par_1_71' title="bbox 601 3963 2181 4036">
     <span class='ocr_line' id='line_1_71' title="bbox 601 3963 2181 4036; baseline 0.004 -21"><span class='ocrx_word' id='word_1_530' title='bbox 601 3964 745 4016; x_wconf 82' lang='lat' dir='ltr'><strong>flexo</strong></span> <span class='ocrx_word' id='word_1_531' title='bbox 775 3964 824 4016; x_wconf 91' lang='lat' dir='ltr'><strong>in</strong></span> <span class='ocrx_word' id='word_1_532' title='bbox 858 3963 965 4017; x_wconf 91' lang='lat' dir='ltr'><strong>ullo</strong></span> <span class='ocrx_word' id='word_1_533' title='bbox 994 3963 1198 4027; x_wconf 83' lang='lat' dir='ltr'><strong>ofﬁcio;</strong></span> <span class='ocrx_word' id='word_1_534' title='bbox 1229 3974 1284 4019; x_wconf 89' lang='lat' dir='ltr'><strong>et</strong></span> <span class='ocrx_word' id='word_1_535' title='bbox 1313 3980 1418 4020; x_wconf 93' lang='lat' dir='ltr'><strong>non</strong></span> <span class='ocrx_word' id='word_1_536' title='bbox 1448 3974 1693 4021; x_wconf 86' lang='lat' dir='ltr'><strong>cantatur</strong></span> <span class='ocrx_word' id='word_1_537' title='bbox 1732 3967 2059 4036; x_wconf 86' lang='lat' dir='ltr'><strong>Antiphona,</strong></span> <span class='ocrx_word' id='word_1_538' title='bbox 2087 3969 2181 4023; x_wconf 90' lang='lat' dir='ltr'><strong>sed</strong></span> 
     </span>
    </p>
   </div>
   <div class='ocr_carea' id='block_1_72' title="bbox 602 4051 2184 4123">
    <p class='ocr_par' dir='ltr' id='par_1_72' title="bbox 602 4051 2184 4123">
     <span class='ocr_line' id='line_1_72' title="bbox 602 4051 2184 4123; baseline 0.008 -21"><span class='ocrx_word' id='word_1_539' title='bbox 602 4056 653 4104; x_wconf 90' lang='lat' dir='ltr'><strong>iu</strong></span> <span class='ocrx_word' id='word_1_540' title='bbox 681 4051 799 4107; x_wconf 91' lang='lat' dir='ltr'><strong>loco</strong></span> <span class='ocrx_word' id='word_1_541' title='bbox 823 4054 1144 4123; x_wconf 71' lang='lat' dir='ltr'><strong>Antiphonti:</strong></span> <span class='ocrx_word' id='word_1_542' title='bbox 1167 4064 1410 4110; x_wconf 82' lang='lat' dir='ltr'><strong>cantetur</strong></span> <span class='ocrx_word' id='word_1_543' title='bbox 1440 4056 1683 4121; x_wconf 83' lang='lat' dir='ltr'><strong>Alleluia,</strong></span> <span class='ocrx_word' id='word_1_544' title='bbox 1711 4058 1811 4113; x_wconf 86' lang='lat' dir='ltr'><strong>nisi</strong></span> <span class='ocrx_word' id='word_1_545' title='bbox 1835 4074 1954 4113; x_wconf 93' lang='lat' dir='ltr'><strong>cum</strong></span> <span class='ocrx_word' id='word_1_546' title='bbox 1983 4059 2184 4114; x_wconf 82' lang='lat' dir='ltr'><strong>fuerint</strong></span> 
     </span>
    </p>
   </div>
   <div class='ocr_carea' id='block_1_73' title="bbox 600 4140 2181 4217">
    <p class='ocr_par' dir='ltr' id='par_1_73' title="bbox 600 4140 2181 4217">
     <span class='ocr_line' id='line_1_73' title="bbox 600 4140 2181 4217; baseline 0.008 -26"><span class='ocrx_word' id='word_1_547' title='bbox 600 4140 947 4197; x_wconf 86' lang='lat' dir='ltr'><strong>dominicales</strong></span> <span class='ocrx_word' id='word_1_548' title='bbox 977 4144 1297 4212; x_wconf 70' lang='lat' dir='ltr'><strong>Antiphone:</strong></span> <span class='ocrx_word' id='word_1_549' title='bbox 1327 4159 1448 4199; x_wconf 92' lang='lat' dir='ltr'><strong>cum</strong></span> <span class='ocrx_word' id='word_1_550' title='bbox 1479 4146 1740 4209; x_wconf 86' lang='lat' dir='ltr'><strong>Alleluia;</strong></span> <span class='ocrx_word' id='word_1_551' title='bbox 1778 4156 1833 4201; x_wconf 91' lang='lat' dir='ltr'><strong>et</strong></span> <span class='ocrx_word' id='word_1_552' title='bbox 1877 4147 2181 4217; x_wconf 86' lang='lat' dir='ltr'><strong>Antiphona</strong></span> 
     </span>
    </p>
   </div>
   <div class='ocr_carea' id='block_1_74' title="bbox 599 4230 2182 4298">
    <p class='ocr_par' dir='ltr' id='par_1_74' title="bbox 599 4230 2182 4298">
     <span class='ocr_line' id='line_1_74' title="bbox 599 4230 2182 4298; baseline 0.008 -18"><span class='ocrx_word' id='word_1_553' title='bbox 599 4230 823 4298; x_wconf 84' lang='lat' dir='ltr'><strong>alicujus</strong></span> <span class='ocrx_word' id='word_1_554' title='bbox 846 4232 1161 4296; x_wconf 82' lang='lat' dir='ltr'><strong>festivitatis,</strong></span> <span class='ocrx_word' id='word_1_555' title='bbox 1196 4235 1444 4288; x_wconf 88' lang='lat' dir='ltr'><strong>similiter</strong></span> <span class='ocrx_word' id='word_1_556' title='bbox 1472 4252 1592 4289; x_wconf 92' lang='lat' dir='ltr'><strong>cum</strong></span> <span class='ocrx_word' id='word_1_557' title='bbox 1619 4237 1864 4291; x_wconf 79' lang='lat' dir='ltr'><strong>Alleluia.</strong></span> <span class='ocrx_word' id='word_1_558' title='bbox 1887 4239 2026 4293; x_wconf 85' lang='lat' dir='ltr'><strong>Infra</strong></span> <span class='ocrx_word' id='word_1_559' title='bbox 2052 4240 2182 4294; x_wconf 84' lang='lat' dir='ltr'><strong>heb-</strong></span> 
     </span>
    </p>
   </div>
   <div class='ocr_carea' id='block_1_75' title="bbox 600 4323 2178 4396">
    <p class='ocr_par' dir='ltr' id='par_1_75' title="bbox 600 4323 2178 4396">
     <span class='ocr_line' id='line_1_75' title="bbox 600 4323 2178 4396; baseline 0.007 -22"><span class='ocrx_word' id='word_1_560' title='bbox 600 4323 906 4386; x_wconf 81' lang='lat' dir='ltr'><strong>domadam,</strong></span> <span class='ocrx_word' id='word_1_561' title='bbox 929 4326 995 4378; x_wconf 89' lang='lat' dir='ltr'><strong>ad</strong></span> <span class='ocrx_word' id='word_1_562' title='bbox 1019 4325 1359 4389; x_wconf 82' lang='lat' dir='ltr'><strong>Matutinum,</strong></span> <span class='ocrx_word' id='word_1_563' title='bbox 1389 4327 1757 4382; x_wconf 89' lang='lat' dir='ltr'><strong>lnvitatorium</strong></span> <span class='ocrx_word' id='word_1_564' title='bbox 1790 4330 2035 4396; x_wconf 88' lang='lat' dir='ltr'><strong>Alleluia,</strong></span> <span class='ocrx_word' id='word_1_565' title='bbox 2058 4346 2178 4385; x_wconf 87' lang='lat' dir='ltr'><strong>cum</strong></span> 
     </span>
    </p>
   </div>
   <div class='ocr_carea' id='block_1_76' title="bbox 600 4411 2183 4476">
    <p class='ocr_par' dir='ltr' id='par_1_76' title="bbox 600 4411 2183 4476">
     <span class='ocr_line' id='line_1_76' title="bbox 600 4411 2183 4476; baseline 0.008 -14"><span class='ocrx_word' id='word_1_566' title='bbox 600 4426 701 4465; x_wconf 85' lang='lat' dir='ltr'><strong>suo</strong></span> <span class='ocrx_word' id='word_1_567' title='bbox 754 4411 949 4468; x_wconf 84' lang='lat' dir='ltr'><strong>Venite.</strong></span> <span class='ocrx_word' id='word_1_568' title='bbox 989 4414 1044 4468; x_wconf 85' lang='lat' dir='ltr'><strong>In</strong></span> <span class='ocrx_word' id='word_1_569' title='bbox 1088 4416 1354 4471; x_wconf 84' lang='lat' dir='ltr'><strong>Laudibus</strong></span> <span class='ocrx_word' id='word_1_570' title='bbox 1388 4417 1489 4472; x_wconf 91' lang='lat' dir='ltr'><strong>sub</strong></span> <span class='ocrx_word' id='word_1_571' title='bbox 1539 4434 1640 4471; x_wconf 88' lang='lat' dir='ltr'><strong>una</strong></span> <span class='ocrx_word' id='word_1_572' title='bbox 1681 4420 1926 4474; x_wconf 84' lang='lat' dir='ltr'><strong>Alleluia.</strong></span> <span class='ocrx_word' id='word_1_573' title='bbox 1959 4421 2012 4474; x_wconf 86' lang='lat' dir='ltr'><strong>In</strong></span> <span class='ocrx_word' id='word_1_574' title='bbox 2056 4431 2183 4476; x_wconf 89' lang='lat' dir='ltr'><strong>tono</strong></span> 
     </span>
    </p>
   </div>
   <div class='ocr_carea' id='block_1_77' title="bbox 2292 3243 3868 3315">
    <p class='ocr_par' dir='ltr' id='par_1_77' title="bbox 2292 3243 3868 3315">
     <span class='ocr_line' id='line_1_77' title="bbox 2292 3243 3868 3315; baseline 0.003 -19"><span class='ocrx_word' id='word_1_575' title='bbox 2292 3243 2490 3298; x_wconf 90' lang='lat' dir='ltr'><strong>Deinde</strong></span> <span class='ocrx_word' id='word_1_576' title='bbox 2550 3243 2873 3298; x_wconf 89' lang='lat' dir='ltr'><strong>Lateranum</strong></span> <span class='ocrx_word' id='word_1_577' title='bbox 2925 3245 3167 3300; x_wconf 87' lang='lat' dir='ltr'><strong>eamdem</strong></span> <span class='ocrx_word' id='word_1_578' title='bbox 3236 3246 3631 3315; x_wconf 78' lang='lat' dir='ltr'><strong>Antiphonam;</strong></span> <span class='ocrx_word' id='word_1_579' title='bbox 3698 3260 3868 3315; x_wconf 85' lang='lat' dir='ltr'><strong>postea</strong></span> 
     </span>
    </p>
   </div>
   <div class='ocr_carea' id='block_1_78' title="bbox 2287 3334 3865 3403">
    <p class='ocr_par' dir='ltr' id='par_1_78' title="bbox 2287 3334 3865 3403">
     <span class='ocr_line' id='line_1_78' title="bbox 2287 3334 3865 3403; baseline 0.003 -16"><span class='ocrx_word' id='word_1_580' title='bbox 2287 3343 2466 3387; x_wconf 87' lang='lat' dir='ltr'><strong>sancta</strong></span> <span class='ocrx_word' id='word_1_581' title='bbox 2498 3334 2659 3387; x_wconf 89' lang='lat' dir='ltr'><strong>Maria</strong></span> <span class='ocrx_word' id='word_1_582' title='bbox 2692 3335 2887 3401; x_wconf 85' lang='lat' dir='ltr'><strong>Major;</strong></span> <span class='ocrx_word' id='word_1_583' title='bbox 2930 3335 2985 3388; x_wconf 91' lang='lat' dir='ltr'><strong>in</strong></span> <span class='ocrx_word' id='word_1_584' title='bbox 3029 3346 3218 3403; x_wconf 89' lang='lat' dir='ltr'><strong>quarto</strong></span> <span class='ocrx_word' id='word_1_585' title='bbox 3255 3337 3371 3391; x_wconf 91' lang='lat' dir='ltr'><strong>loco</strong></span> <span class='ocrx_word' id='word_1_586' title='bbox 3399 3348 3618 3391; x_wconf 88' lang='lat' dir='ltr'><strong>sanctus</strong></span> <span class='ocrx_word' id='word_1_587' title='bbox 3668 3339 3865 3393; x_wconf 73' lang='lat' dir='ltr'><strong>Petrus.</strong></span> 
     </span>
    </p>
   </div>
   <div class='ocr_carea' id='block_1_79' title="bbox 2291 3424 3868 3499">
    <p class='ocr_par' dir='ltr' id='par_1_79' title="bbox 2291 3424 3868 3499">
     <span class='ocr_line' id='line_1_79' title="bbox 2291 3424 3868 3499; baseline 0.002 -22"><span class='ocrx_word' id='word_1_588' title='bbox 2291 3424 2478 3479; x_wconf 85' lang='lat' dir='ltr'><strong>Finitis</strong></span> <span class='ocrx_word' id='word_1_589' title='bbox 2519 3424 2882 3499; x_wconf 85' lang='lat' dir='ltr'><strong>patriarch&#39;is,</strong></span> <span class='ocrx_word' id='word_1_590' title='bbox 2918 3429 3254 3493; x_wconf 89' lang='lat' dir='ltr'><strong>primicerius</strong></span> <span class='ocrx_word' id='word_1_591' title='bbox 3287 3428 3479 3482; x_wconf 89' lang='lat' dir='ltr'><strong>iterum</strong></span> <span class='ocrx_word' id='word_1_592' title='bbox 3520 3428 3868 3498; x_wconf 80' lang='lat' dir='ltr'><strong>incipitcain-</strong></span> 
     </span>
    </p>
   </div>
   <div class='ocr_carea' id='block_1_80' title="bbox 2287 3514 3867 3582">
    <p class='ocr_par' dir='ltr' id='par_1_80' title="bbox 2287 3514 3867 3582">
     <span class='ocr_line' id='line_1_80' title="bbox 2287 3514 3867 3582; baseline 0.003 -15"><span class='ocrx_word' id='word_1_593' title='bbox 2287 3514 2408 3567; x_wconf 91' lang='lat' dir='ltr'><strong>dem</strong></span> <span class='ocrx_word' id='word_1_594' title='bbox 2440 3515 2838 3582; x_wconf 87' lang='lat' dir='ltr'><strong>Antiphonam;</strong></span> <span class='ocrx_word' id='word_1_595' title='bbox 2867 3525 2921 3569; x_wconf 87' lang='lat' dir='ltr'><strong>et</strong></span> <span class='ocrx_word' id='word_1_596' title='bbox 2959 3516 3059 3570; x_wconf 89' lang='lat' dir='ltr'><strong>hoc</strong></span> <span class='ocrx_word' id='word_1_597' title='bbox 3088 3518 3277 3571; x_wconf 89' lang='lat' dir='ltr'><strong>ordine</strong></span> <span class='ocrx_word' id='word_1_598' title='bbox 3300 3528 3587 3572; x_wconf 89' lang='lat' dir='ltr'><strong>cantantur</strong></span> <span class='ocrx_word' id='word_1_599' title='bbox 3614 3521 3739 3572; x_wconf 68' lang='lat' dir='ltr'><strong>alia:</strong></span> <span class='ocrx_word' id='word_1_600' title='bbox 3769 3523 3867 3572; x_wconf 81' lang='lat' dir='ltr'><strong>Au-</strong></span> 
     </span>
    </p>
   </div>
   <div class='ocr_carea' id='block_1_81' title="bbox 2288 3606 3867 3676">
    <p class='ocr_par' dir='ltr' id='par_1_81' title="bbox 2288 3606 3867 3676">
     <span class='ocr_line' id='line_1_81' title="bbox 2288 3606 3867 3676; baseline 0.003 -18"><span class='ocrx_word' id='word_1_601' title='bbox 2288 3606 2520 3674; x_wconf 78' lang='lat' dir='ltr'><strong>tiphonae</strong></span> <span class='ocrx_word' id='word_1_602' title='bbox 2551 3620 2643 3673; x_wconf 84' lang='lat' dir='ltr'><strong>per</strong></span> <span class='ocrx_word' id='word_1_603' title='bbox 2676 3614 2839 3659; x_wconf 88' lang='lat' dir='ltr'><strong>totam</strong></span> <span class='ocrx_word' id='word_1_604' title='bbox 2879 3607 3040 3671; x_wconf 89' lang='lat' dir='ltr'><strong>viam,</strong></span> <span class='ocrx_word' id='word_1_605' title='bbox 3070 3606 3196 3663; x_wconf 88' lang='lat' dir='ltr'><strong>dum</strong></span> <span class='ocrx_word' id='word_1_606' title='bbox 3238 3608 3477 3676; x_wconf 74' lang='lat' dir='ltr'><strong>pontifex</strong></span> <span class='ocrx_word' id='word_1_607' title='bbox 3512 3620 3700 3664; x_wconf 89' lang='lat' dir='ltr'><strong>cantat</strong></span> <span class='ocrx_word' id='word_1_608' title='bbox 3746 3609 3867 3663; x_wconf 83' lang='lat' dir='ltr'><strong>Psal-</strong></span> 
     </span>
    </p>
   </div>
   <div class='ocr_carea' id='block_1_82' title="bbox 2287 3697 3856 3761">
    <p class='ocr_par' dir='ltr' id='par_1_82' title="bbox 2287 3697 3856 3761">
     <span class='ocr_line' id='line_1_82' title="bbox 2287 3697 3856 3761; baseline 0 -12"><span class='ocrx_word' id='word_1_609' title='bbox 2287 3712 2424 3749; x_wconf 88' lang='lat' dir='ltr'><strong>tuos.</strong></span> <span class='ocrx_word' id='word_1_610' title='bbox 2465 3697 2594 3749; x_wconf 85' lang='lat' dir='ltr'><strong>Cum</strong></span> <span class='ocrx_word' id='word_1_611' title='bbox 2628 3705 2804 3749; x_wconf 91' lang='lat' dir='ltr'><strong>autem</strong></span> <span class='ocrx_word' id='word_1_612' title='bbox 2846 3699 3052 3751; x_wconf 91' lang='lat' dir='ltr'><strong>venerit</strong></span> <span class='ocrx_word' id='word_1_613' title='bbox 3078 3697 3358 3752; x_wconf 90' lang='lat' dir='ltr'><strong>Processio</strong></span> <span class='ocrx_word' id='word_1_614' title='bbox 3399 3708 3523 3752; x_wconf 89' lang='lat' dir='ltr'><strong>ante</strong></span> <span class='ocrx_word' id='word_1_615' title='bbox 3552 3700 3856 3761; x_wconf 74' lang='lat' dir='ltr'><strong>Coloseuni,</strong></span> 
     </span>
    </p>
   </div>
   <div class='ocr_carea' id='block_1_83' title="bbox 2285 3787 3866 3857">
    <p class='ocr_par' dir='ltr' id='par_1_83' title="bbox 2285 3787 3866 3857">
     <span class='ocr_line' id='line_1_83' title="bbox 2285 3787 3866 3857; baseline 0.001 -20"><span class='ocrx_word' id='word_1_616' title='bbox 2285 3787 2642 3840; x_wconf 88' lang='lat' dir='ltr'><strong>subdiaconus</strong></span> <span class='ocrx_word' id='word_1_617' title='bbox 2682 3787 3031 3855; x_wconf 80' lang='lat' dir='ltr'><strong>regionarius</strong></span> <span class='ocrx_word' id='word_1_618' title='bbox 3064 3788 3249 3857; x_wconf 89' lang='lat' dir='ltr'><strong>incipit</strong></span> <span class='ocrx_word' id='word_1_619' title='bbox 3280 3797 3306 3824; x_wconf 69' lang='grc'>⁸</span> <span class='ocrx_word' id='word_1_620' title='bbox 3342 3789 3717 3857; x_wconf 88' lang='lat' dir='ltr'><strong>septiformem</strong></span> <span class='ocrx_word' id='word_1_621' title='bbox 3762 3790 3866 3841; x_wconf 77' lang='lat' dir='ltr'><strong>lita-</strong></span> 
     </span>
    </p>
   </div>
   <div class='ocr_carea' id='block_1_84' title="bbox 2287 3874 3867 3945">
    <p class='ocr_par' dir='ltr' id='par_1_84' title="bbox 2287 3874 3867 3945">
     <span class='ocr_line' id='line_1_84' title="bbox 2287 3874 3867 3945; baseline 0.003 -17"><span class='ocrx_word' id='word_1_622' title='bbox 2287 3878 2450 3929; x_wconf 89' lang='lat' dir='ltr'><strong>niam.</strong></span> <span class='ocrx_word' id='word_1_623' title='bbox 2489 3874 2783 3930; x_wconf 84' lang='lat' dir='ltr'><strong>Basilicarii</strong></span> <span class='ocrx_word' id='word_1_624' title='bbox 2830 3892 2957 3929; x_wconf 74' lang='lat' dir='ltr'><strong>vero</strong></span> <span class='ocrx_word' id='word_1_625' title='bbox 2994 3878 3321 3944; x_wconf 69' lang='lat' dir='ltr'><strong>resiondent</strong></span> <span class='ocrx_word' id='word_1_626' title='bbox 3365 3879 3491 3932; x_wconf 92' lang='lat' dir='ltr'><strong>illud</strong></span> <span class='ocrx_word' id='word_1_627' title='bbox 3535 3879 3680 3932; x_wconf 89' lang='lat' dir='ltr'><strong>idem</strong></span> <span class='ocrx_word' id='word_1_628' title='bbox 3712 3892 3867 3945; x_wconf 73' lang='lat' dir='ltr'><strong>usque</strong></span> 
     </span>
    </p>
   </div>
   <div class='ocr_carea' id='block_1_85' title="bbox 2285 3966 3866 4034">
    <p class='ocr_par' dir='ltr' id='par_1_85' title="bbox 2285 3966 3866 4034">
     <span class='ocr_line' id='line_1_85' title="bbox 2285 3966 3866 4034; baseline 0.001 -15"><span class='ocrx_word' id='word_1_629' title='bbox 2285 3966 2350 4019; x_wconf 90' lang='lat' dir='ltr'><strong>ad</strong></span> <span class='ocrx_word' id='word_1_630' title='bbox 2378 3968 2683 4034; x_wconf 88' lang='lat' dir='ltr'><strong>septimum.</strong></span> <span class='ocrx_word' id='word_1_631' title='bbox 2731 3967 2859 4019; x_wconf 87' lang='lat' dir='ltr'><strong>Cum</strong></span> <span class='ocrx_word' id='word_1_632' title='bbox 2885 3978 3062 4021; x_wconf 85' lang='lat' dir='ltr'><strong>autem</strong></span> <span class='ocrx_word' id='word_1_633' title='bbox 3092 3969 3297 4022; x_wconf 89' lang='lat' dir='ltr'><strong>venerit</strong></span> <span class='ocrx_word' id='word_1_634' title='bbox 3325 3979 3447 4023; x_wconf 90' lang='lat' dir='ltr'><strong>ante</strong></span> <span class='ocrx_word' id='word_1_635' title='bbox 3488 3984 3734 4023; x_wconf 81' lang='lat' dir='ltr'><strong>sanczam</strong></span> <span class='ocrx_word' id='word_1_636' title='bbox 3778 3970 3866 4023; x_wconf 70' lang='lat' dir='ltr'><strong>Ma~</strong></span> 
     </span>
    </p>
   </div>
   <div class='ocr_carea' id='block_1_86' title="bbox 2286 4058 3863 4128">
    <p class='ocr_par' dir='ltr' id='par_1_86' title="bbox 2286 4058 3863 4128">
     <span class='ocr_line' id='line_1_86' title="bbox 2286 4058 3863 4128; baseline 0 -18"><span class='ocrx_word' id='word_1_637' title='bbox 2286 4059 2418 4110; x_wconf 85' lang='lat' dir='ltr'><strong>riam</strong></span> <span class='ocrx_word' id='word_1_638' title='bbox 2461 4058 2686 4119; x_wconf 84' lang='lat' dir='ltr'><strong>Novam,</strong></span> <span class='ocrx_word' id='word_1_639' title='bbox 2724 4058 2774 4111; x_wconf 92' lang='lat' dir='ltr'><strong>in</strong></span> <span class='ocrx_word' id='word_1_640' title='bbox 2809 4067 3106 4126; x_wconf 74' lang='lat' dir='ltr'><strong>prmparato</strong></span> <span class='ocrx_word' id='word_1_641' title='bbox 3157 4058 3297 4113; x_wconf 83' lang='lat' dir='ltr'><strong>lecto</strong></span> <span class='ocrx_word' id='word_1_642' title='bbox 3342 4059 3594 4113; x_wconf 87' lang='lat' dir='ltr'><strong>dominus</strong></span> <span class='ocrx_word' id='word_1_643' title='bbox 3640 4060 3863 4128; x_wconf 70' lang='lat' dir='ltr'><strong>pontifex</strong></span> 
     </span>
    </p>
   </div>
   <div class='ocr_carea' id='block_1_87' title="bbox 2288 4148 3860 4219">
    <p class='ocr_par' dir='ltr' id='par_1_87' title="bbox 2288 4148 3860 4219">
     <span class='ocr_line' id='line_1_87' title="bbox 2288 4148 3860 4219; baseline -0.002 -18"><span class='ocrx_word' id='word_1_644' title='bbox 2288 4163 2408 4201; x_wconf 90' lang='lat' dir='ltr'><strong>cum</strong></span> <span class='ocrx_word' id='word_1_645' title='bbox 2441 4148 2731 4215; x_wconf 84' lang='lat' dir='ltr'><strong>episcopis,</strong></span> <span class='ocrx_word' id='word_1_646' title='bbox 2763 4149 3122 4203; x_wconf 87' lang='lat' dir='ltr'><strong>cardinalibus</strong></span> <span class='ocrx_word' id='word_1_647' title='bbox 3166 4158 3221 4204; x_wconf 91' lang='lat' dir='ltr'><strong>et</strong></span> <span class='ocrx_word' id='word_1_648' title='bbox 3267 4150 3580 4204; x_wconf 87' lang='lat' dir='ltr'><strong>diaconibus</strong></span> <span class='ocrx_word' id='word_1_649' title='bbox 3628 4152 3860 4219; x_wconf 80' lang='lat' dir='ltr'><strong>quiescit,</strong></span> 
     </span>
    </p>
   </div>
   <div class='ocr_carea' id='block_1_88' title="bbox 2283 4238 3863 4308">
    <p class='ocr_par' dir='ltr' id='par_1_88' title="bbox 2283 4238 3863 4308">
     <span class='ocr_line' id='line_1_88' title="bbox 2283 4238 3863 4308; baseline 0.001 -17"><span class='ocrx_word' id='word_1_650' title='bbox 2283 4239 2457 4292; x_wconf 89' lang='lat' dir='ltr'><strong>donec</strong></span> <span class='ocrx_word' id='word_1_651' title='bbox 2509 4239 2693 4292; x_wconf 88' lang='lat' dir='ltr'><strong>litania</strong></span> <span class='ocrx_word' id='word_1_652' title='bbox 2766 4238 2999 4293; x_wconf 84' lang='lat' dir='ltr'><strong>finiatur.</strong></span> <span class='ocrx_word' id='word_1_653' title='bbox 3031 4240 3142 4306; x_wconf 84' lang='lat' dir='ltr'><strong>Qua</strong></span> <span class='ocrx_word' id='word_1_654' title='bbox 3195 4240 3373 4303; x_wconf 88' lang='lat' dir='ltr'><strong>finita,</strong></span> <span class='ocrx_word' id='word_1_655' title='bbox 3415 4239 3585 4308; x_wconf 71' lang='lat' dir='ltr'><strong>surgit</strong></span> <span class='ocrx_word' id='word_1_656' title='bbox 3630 4241 3863 4294; x_wconf 73' lang='lat' dir='ltr'><strong>dominus</strong></span> 
     </span>
    </p>
   </div>
   <div class='ocr_carea' id='block_1_89' title="bbox 2284 4327 3859 4398">
    <p class='ocr_par' dir='ltr' id='par_1_89' title="bbox 2284 4327 3859 4398">
     <span class='ocr_line' id='line_1_89' title="bbox 2284 4327 3859 4398; baseline 0 -19"><span class='ocrx_word' id='word_1_657' title='bbox 2284 4327 2544 4395; x_wconf 76' lang='lat' dir='ltr'><strong>pontifex,</strong></span> <span class='ocrx_word' id='word_1_658' title='bbox 2582 4328 2713 4380; x_wconf 86' lang='lat' dir='ltr'><strong>dicit</strong></span> <span class='ocrx_word' id='word_1_659' title='bbox 2763 4328 3000 4393; x_wconf 80' lang='lat' dir='ltr'><strong>Oremus,</strong></span> <span class='ocrx_word' id='word_1_660' title='bbox 3046 4329 3303 4383; x_wconf 87' lang='lat' dir='ltr'><strong>diaconus</strong></span> <span class='ocrx_word' id='word_1_661' title='bbox 3350 4329 3654 4382; x_wconf 82' lang='lat' dir='ltr'><strong>Flectamus</strong></span> <span class='ocrx_word' id='word_1_662' title='bbox 3682 4346 3859 4398; x_wconf 74' lang='lat' dir='ltr'><strong>genua,</strong></span> 
     </span>
    </p>
   </div>
   <div class='ocr_carea' id='block_1_90' title="bbox 2283 4417 3859 4488">
    <p class='ocr_par' dir='ltr' id='par_1_90' title="bbox 2283 4417 3859 4488">
     <span class='ocr_line' id='line_1_90' title="bbox 2283 4417 3859 4488; baseline 0 -18"><span class='ocrx_word' id='word_1_663' title='bbox 2283 4418 2636 4485; x_wconf 87' lang='lat' dir='ltr'><strong>respondetur</strong></span> <span class='ocrx_word' id='word_1_664' title='bbox 2668 4417 2869 4471; x_wconf 85' lang='lat' dir='ltr'><strong>Levale.</strong></span> <span class='ocrx_word' id='word_1_665' title='bbox 2908 4417 3061 4488; x_wconf 67' lang='grc'><strong>147</strong></span> <span class='ocrx_word' id='word_1_666' title='bbox 3105 4418 3347 4474; x_wconf 79' lang='lat' dir='ltr'><strong>Pontifex</strong></span> <span class='ocrx_word' id='word_1_667' title='bbox 3374 4419 3507 4472; x_wconf 89' lang='lat' dir='ltr'><strong>dicit</strong></span> <span class='ocrx_word' id='word_1_668' title='bbox 3534 4420 3859 4477; x_wconf 84' lang='lat' dir='ltr'><strong>Orationem.</strong></span> 
     </span>
    </p>
   </div>
   <div class='ocr_carea' id='block_1_91' title="bbox 603 4501 3859 4574">
    <p class='ocr_par' dir='ltr' id='par_1_91' title="bbox 603 4501 3859 4574">
     <span class='ocr_line' id='line_1_91' title="bbox 603 4501 3859 4574; baseline 0.001 -19"><span class='ocrx_word' id='word_1_669' title='bbox 603 4501 733 4556; x_wconf 87' lang='lat' dir='ltr'><strong>Noli</strong></span> <span class='ocrx_word' id='word_1_670' title='bbox 773 4504 898 4571; x_wconf 82' lang='lat' dir='ltr'><strong>ﬂere</strong></span> <span class='ocrx_word' id='word_1_671' title='bbox 942 4505 1111 4558; x_wconf 75' lang='lat' dir='ltr'><strong>Maria</strong></span> <span class='ocrx_word' id='word_1_672' title='bbox 1144 4516 1431 4561; x_wconf 87' lang='lat' dir='ltr'><strong>cantantur</strong></span> <span class='ocrx_word' id='word_1_673' title='bbox 1458 4524 1646 4564; x_wconf 86' lang='lat' dir='ltr'><strong>omnes</strong></span> <span class='ocrx_word' id='word_1_674' title='bbox 1678 4509 1909 4574; x_wconf 84' lang='lat' dir='ltr'><strong>Psalmi;</strong></span> <span class='ocrx_word' id='word_1_675' title='bbox 1950 4513 2014 4564; x_wconf 80' lang='lat' dir='ltr'><strong>ad</strong></span> <span class='ocrx_word' id='word_1_676' title='bbox 2052 4513 2181 4567; x_wconf 72' lang='lat' dir='ltr'><strong>Ves-</strong></span> <span class='ocrx_word' id='word_1_677' title='bbox 2218 4512 2265 4571; x_wconf 85' lang='grc'><strong>1)</strong></span> <span class='ocrx_word' id='word_1_678' title='bbox 2292 4508 2547 4559; x_wconf 88' lang='lat' dir='ltr'><strong>diaconus</strong></span> <span class='ocrx_word' id='word_1_679' title='bbox 2578 4505 2926 4560; x_wconf 84' lang='lat' dir='ltr'><strong>Procedanms</strong></span> <span class='ocrx_word' id='word_1_680' title='bbox 2957 4524 3068 4560; x_wconf 88' lang='lat' dir='ltr'><strong>cum</strong></span> <span class='ocrx_word' id='word_1_681' title='bbox 3100 4524 3247 4574; x_wconf 75' lang='lat' dir='ltr'><strong>pace,</strong></span> <span class='ocrx_word' id='word_1_682' title='bbox 3280 4516 3336 4562; x_wconf 85' lang='lat' dir='ltr'><strong>et</strong></span> <span class='ocrx_word' id='word_1_683' title='bbox 3357 4507 3585 4561; x_wconf 87' lang='lat' dir='ltr'><strong>redeunt</strong></span> <span class='ocrx_word' id='word_1_684' title='bbox 3613 4524 3797 4562; x_wconf 88' lang='lat' dir='ltr'><strong>omnes</strong></span> <span class='ocrx_word' id='word_1_685' title='bbox 3818 4509 3859 4559; x_wconf 91' lang='lat' dir='ltr'><strong>in</strong></span> 
     </span>
    </p>
   </div>
   <div class='ocr_carea' id='block_1_92' title="bbox 601 4594 2177 4660">
    <p class='ocr_par' dir='ltr' id='par_1_92' title="bbox 601 4594 2177 4660">
     <span class='ocr_line' id='line_1_92' title="bbox 601 4594 2177 4660; baseline 0.008 -15"><span class='ocrx_word' id='word_1_686' title='bbox 601 4607 757 4659; x_wconf 84' lang='lat' dir='ltr'><strong>peras</strong></span> <span class='ocrx_word' id='word_1_687' title='bbox 782 4594 1046 4659; x_wconf 87' lang='lat' dir='ltr'><strong>similiter,</strong></span> <span class='ocrx_word' id='word_1_688' title='bbox 1080 4597 1181 4650; x_wconf 85' lang='lat' dir='ltr'><strong>nisi</strong></span> <span class='ocrx_word' id='word_1_689' title='bbox 1214 4598 1265 4651; x_wconf 91' lang='lat' dir='ltr'><strong>in</strong></span> <span class='ocrx_word' id='word_1_690' title='bbox 1300 4600 1589 4654; x_wconf 88' lang='lat' dir='ltr'><strong>Dominicis</strong></span> <span class='ocrx_word' id='word_1_691' title='bbox 1612 4602 1803 4656; x_wconf 86' lang='lat' dir='ltr'><strong>diebus</strong></span> <span class='ocrx_word' id='word_1_692' title='bbox 1830 4612 1885 4656; x_wconf 89' lang='lat' dir='ltr'><strong>et</strong></span> <span class='ocrx_word' id='word_1_693' title='bbox 1914 4603 2177 4660; x_wconf 83' lang='lat' dir='ltr'><strong>festivita-</strong></span> 
     </span>
    </p>
   </div>
   <div class='ocr_carea' id='block_1_93' title="bbox 599 4686 2179 4763">
    <p class='ocr_par' dir='ltr' id='par_1_93' title="bbox 599 4686 2179 4763">
     <span class='ocr_line' id='line_1_93' title="bbox 599 4686 2179 4763; baseline 0.006 -22"><span class='ocrx_word' id='word_1_694' title='bbox 599 4686 761 4741; x_wconf 82' lang='lat' dir='ltr'><strong>tibus.</strong></span> <span class='ocrx_word' id='word_1_695' title='bbox 797 4686 850 4740; x_wconf 85' lang='lat' dir='ltr'><strong>ln</strong></span> <span class='ocrx_word' id='word_1_696' title='bbox 880 4688 1128 4742; x_wconf 88' lang='lat' dir='ltr'><strong>omnibus</strong></span> <span class='ocrx_word' id='word_1_697' title='bbox 1162 4691 1439 4744; x_wconf 89' lang='lat' dir='ltr'><strong>matutinis</strong></span> <span class='ocrx_word' id='word_1_698' title='bbox 1469 4692 1738 4748; x_wconf 89' lang='lat' dir='ltr'><strong>Laudibus</strong></span> <span class='ocrx_word' id='word_1_699' title='bbox 1776 4702 1831 4748; x_wconf 88' lang='lat' dir='ltr'><strong>et</strong></span> <span class='ocrx_word' id='word_1_700' title='bbox 1862 4699 2179 4763; x_wconf 89' lang='lat' dir='ltr'><strong>vespertinis</strong></span> 
     </span>
    </p>
   </div>
   <div class='ocr_carea' id='block_1_94' title="bbox 597 4775 2178 4842">
    <p class='ocr_par' dir='ltr' id='par_1_94' title="bbox 597 4775 2178 4842">
     <span class='ocr_line' id='line_1_94' title="bbox 597 4775 2178 4842; baseline 0.009 -13"><span class='ocrx_word' id='word_1_701' title='bbox 597 4775 756 4830; x_wconf 87' lang='lat' dir='ltr'><strong>lloris</strong></span> <span class='ocrx_word' id='word_1_702' title='bbox 785 4777 844 4831; x_wconf 88' lang='lat' dir='ltr'><strong>fit</strong></span> <span class='ocrx_word' id='word_1_703' title='bbox 875 4782 1318 4837; x_wconf 88' lang='lat' dir='ltr'><strong>commemoratio</strong></span> <span class='ocrx_word' id='word_1_704' title='bbox 1348 4783 1621 4837; x_wconf 73' lang='lat' dir='ltr'><strong>Passionis</strong></span> <span class='ocrx_word' id='word_1_705' title='bbox 1643 4785 1839 4840; x_wconf 85' lang='lat' dir='ltr'><strong>Christi</strong></span> <span class='ocrx_word' id='word_1_706' title='bbox 1877 4797 1932 4840; x_wconf 90' lang='lat' dir='ltr'><strong>et</strong></span> <span class='ocrx_word' id='word_1_707' title='bbox 1966 4787 2178 4842; x_wconf 80' lang='lat' dir='ltr'><strong>Resur-</strong></span> 
     </span>
    </p>
   </div>
   <div class='ocr_carea' id='block_1_95' title="bbox 598 4866 2179 4940">
    <p class='ocr_par' dir='ltr' id='par_1_95' title="bbox 598 4866 2179 4940">
     <span class='ocr_line' id='line_1_95' title="bbox 598 4866 2179 4940; baseline 0.008 -21"><span class='ocrx_word' id='word_1_708' title='bbox 598 4866 889 4932; x_wconf 89' lang='lat' dir='ltr'><strong>rectionis;</strong></span> <span class='ocrx_word' id='word_1_709' title='bbox 925 4868 1254 4937; x_wconf 80' lang='lat' dir='ltr'><strong>Antiphona,</strong></span> <span class='ocrx_word' id='word_1_710' title='bbox 1286 4871 1500 4927; x_wconf 85' lang='lat' dir='ltr'><strong>Crucem</strong></span> <span class='ocrx_word' id='word_1_711' title='bbox 1522 4886 1751 4927; x_wconf 83' lang='lat' dir='ltr'><strong>sanctam</strong></span> <span class='ocrx_word' id='word_1_712' title='bbox 1779 4875 1950 4940; x_wconf 80' lang='lat' dir='ltr'><strong>subiit,</strong></span> <span class='ocrx_word' id='word_1_713' title='bbox 1975 4887 2031 4931; x_wconf 92' lang='lat' dir='ltr'><strong>et</strong></span> <span class='ocrx_word' id='word_1_714' title='bbox 2055 4878 2179 4932; x_wconf 82' lang='lat' dir='ltr'><strong>Noli</strong></span> 
     </span>
    </p>
   </div>
   <div class='ocr_carea' id='block_1_96' title="bbox 598 4956 2174 5024">
    <p class='ocr_par' dir='ltr' id='par_1_96' title="bbox 598 4956 2174 5024">
     <span class='ocr_line' id='line_1_96' title="bbox 598 4956 2174 5024; baseline 0.009 -16"><span class='ocrx_word' id='word_1_715' title='bbox 598 4956 743 5024; x_wconf 76' lang='lat' dir='ltr'><strong>ﬂere,</strong></span> <span class='ocrx_word' id='word_1_716' title='bbox 775 4956 969 5024; x_wconf 78' lang='lat' dir='ltr'><strong>Maria,</strong></span> <span class='ocrx_word' id='word_1_717' title='bbox 1005 4973 1124 5013; x_wconf 90' lang='lat' dir='ltr'><strong>cum</strong></span> <span class='ocrx_word' id='word_1_718' title='bbox 1167 4960 1421 5016; x_wconf 87' lang='lat' dir='ltr'><strong>Versibus</strong></span> <span class='ocrx_word' id='word_1_719' title='bbox 1443 4972 1497 5017; x_wconf 91' lang='lat' dir='ltr'><strong>et</strong></span> <span class='ocrx_word' id='word_1_720' title='bbox 1525 4964 1870 5018; x_wconf 87' lang='lat' dir='ltr'><strong>Orationibus</strong></span> <span class='ocrx_word' id='word_1_721' title='bbox 1906 4967 2039 5021; x_wconf 88' lang='lat' dir='ltr'><strong>suis.</strong></span> <span class='ocrx_word' id='word_1_722' title='bbox 2076 4967 2174 5022; x_wconf 87' lang='lat' dir='ltr'><strong>Se-</strong></span> 
     </span>
    </p>
   </div>
   <div class='ocr_carea' id='block_1_97' title="bbox 594 5048 2173 5130">
    <p class='ocr_par' dir='ltr' id='par_1_97' title="bbox 594 5048 2173 5130">
     <span class='ocr_line' id='line_1_97' title="bbox 594 5048 2173 5130; baseline 0.004 -27"><span class='ocrx_word' id='word_1_723' title='bbox 594 5048 769 5103; x_wconf 72' lang='lat' dir='ltr'><strong>t&#39;unda</strong></span> <span class='ocrx_word' id='word_1_724' title='bbox 799 5050 928 5104; x_wconf 90' lang='lat' dir='ltr'><strong>feria</strong></span> <span class='ocrx_word' id='word_1_725' title='bbox 958 5061 1077 5119; x_wconf 92' lang='lat' dir='ltr'><strong>post</strong></span> <span class='ocrx_word' id='word_1_726' title='bbox 1099 5057 1351 5107; x_wconf 86' lang='lat' dir='ltr'><strong>Octavam</strong></span> <span class='ocrx_word' id='word_1_727' title='bbox 1385 5053 1604 5109; x_wconf 75' lang='lat' dir='ltr'><strong>Pascha:</strong></span> <span class='ocrx_word' id='word_1_728' title='bbox 1636 5058 1847 5123; x_wconf 90' lang='lat' dir='ltr'><strong>ponitur</strong></span> <span class='ocrx_word' id='word_1_729' title='bbox 1872 5058 2173 5130; x_wconf 81' lang='lat' dir='ltr'><strong>Apocalyp-</strong></span> 
     </span>
    </p>
   </div>
   <div class='ocr_carea' id='block_1_98' title="bbox 596 5134 2172 5215">
    <p class='ocr_par' dir='ltr' id='par_1_98' title="bbox 596 5134 2172 5215">
     <span class='ocr_line' id='line_1_98' title="bbox 596 5134 2172 5215; baseline 0.009 -27"><span class='ocrx_word' id='word_1_730' title='bbox 596 5134 694 5200; x_wconf 86' lang='lat' dir='ltr'><strong>sis,</strong></span> <span class='ocrx_word' id='word_1_731' title='bbox 724 5145 779 5190; x_wconf 91' lang='lat' dir='ltr'><strong>et</strong></span> <span class='ocrx_word' id='word_1_732' title='bbox 810 5138 1030 5195; x_wconf 87' lang='lat' dir='ltr'><strong>historia</strong></span> <span class='ocrx_word' id='word_1_733' title='bbox 1063 5139 1177 5211; x_wconf 82' lang='lat' dir='ltr'><strong>Ego</strong></span> <span class='ocrx_word' id='word_1_734' title='bbox 1206 5159 1321 5196; x_wconf 85' lang='lat' dir='ltr'><strong>sunt</strong></span> <span class='ocrx_word' id='word_1_735' title='bbox 1354 5143 1487 5210; x_wconf 82' lang='lat' dir='ltr'><strong>vitis,</strong></span> <span class='ocrx_word' id='word_1_736' title='bbox 1545 5160 1712 5215; x_wconf 87' lang='lat' dir='ltr'><strong>usque</strong></span> <span class='ocrx_word' id='word_1_737' title='bbox 1749 5146 1803 5200; x_wconf 93' lang='lat' dir='ltr'><strong>in</strong></span> <span class='ocrx_word' id='word_1_738' title='bbox 1843 5147 2172 5203; x_wconf 83' lang='lat' dir='ltr'><strong>Dominicam</strong></span> 
     </span>
    </p>
   </div>
   <div class='ocr_carea' id='block_1_99' title="bbox 595 5225 1573 5281">
    <p class='ocr_par' dir='ltr' id='par_1_99' title="bbox 595 5225 1573 5281">
     <span class='ocr_line' id='line_1_99' title="bbox 595 5225 1573 5281; baseline 0.014 -5"><span class='ocrx_word' id='word_1_739' title='bbox 595 5227 664 5279; x_wconf 85' lang='lat' dir='ltr'><strong>de</strong></span> <span class='ocrx_word' id='word_1_740' title='bbox 695 5225 751 5277; x_wconf 72' lang='grc'><strong>51</strong></span> <span class='ocrx_word' id='word_1_741' title='bbox 753 5229 974 5281; x_wconf 86' lang='lat' dir='ltr'><strong>adicum.</strong></span> <span class='ocrx_word' id='word_1_742' title='bbox 1066 5237 1071 5241; x_wconf 85' lang='grc'><strong>’</strong></span> <span class='ocrx_word' id='word_1_743' title='bbox 1570 5244 1573 5245; x_wconf 65' lang='grc'><strong><em>⁷</em></strong></span> 
     </span>
    </p>
   </div>
   <div class='ocr_carea' id='block_1_100' title="bbox 667 5317 2170 5392">
    <p class='ocr_par' dir='ltr' id='par_1_100' title="bbox 667 5317 2170 5392">
     <span class='ocr_line' id='line_1_100' title="bbox 667 5317 2170 5392; baseline 0.007 -22"><span class='ocrx_word' id='word_1_744' title='bbox 667 5317 758 5370; x_wconf 81' lang='lat'><strong>56.</strong></span> <span class='ocrx_word' id='word_1_745' title='bbox 807 5320 863 5373; x_wconf 91' lang='lat' dir='ltr'><strong>In</strong></span> <span class='ocrx_word' id='word_1_746' title='bbox 913 5320 1108 5376; x_wconf 89' lang='lat' dir='ltr'><strong>litaniis</strong></span> <span class='ocrx_word' id='word_1_747' title='bbox 1163 5322 1455 5392; x_wconf 87' lang='lat' dir='ltr'><strong>majoribus</strong></span> <span class='ocrx_word' id='word_1_748' title='bbox 1483 5338 1671 5379; x_wconf 87' lang='lat' dir='ltr'><strong>omnes</strong></span> <span class='ocrx_word' id='word_1_749' title='bbox 1697 5340 1883 5381; x_wconf 89' lang='lat' dir='ltr'><strong>cruces</strong></span> <span class='ocrx_word' id='word_1_750' title='bbox 1911 5326 2170 5381; x_wconf 79' lang='lat' dir='ltr'><strong>Romana:</strong></span> 
     </span>
    </p>
   </div>
   <div class='ocr_carea' id='block_1_101' title="bbox 594 5406 2168 5485">
    <p class='ocr_par' dir='ltr' id='par_1_101' title="bbox 594 5406 2168 5485">
     <span class='ocr_line' id='line_1_101' title="bbox 594 5406 2168 5485; baseline 0.01 -27"><span class='ocrx_word' id='word_1_751' title='bbox 594 5406 828 5463; x_wconf 85' lang='lat' dir='ltr'><strong>civitatis</strong></span> <span class='ocrx_word' id='word_1_752' title='bbox 852 5424 972 5465; x_wconf 86' lang='lat' dir='ltr'><strong>eum</strong></span> <span class='ocrx_word' id='word_1_753' title='bbox 1003 5413 1150 5468; x_wconf 89' lang='lat' dir='ltr'><strong>clero</strong></span> <span class='ocrx_word' id='word_1_754' title='bbox 1170 5425 1224 5469; x_wconf 90' lang='lat' dir='ltr'><strong>et</strong></span> <span class='ocrx_word' id='word_1_755' title='bbox 1254 5417 1449 5485; x_wconf 89' lang='lat' dir='ltr'><strong>populo</strong></span> <span class='ocrx_word' id='word_1_756' title='bbox 1474 5416 1769 5472; x_wconf 88' lang='lat' dir='ltr'><strong>honorifice</strong></span> <span class='ocrx_word' id='word_1_757' title='bbox 1798 5433 1914 5472; x_wconf 90' lang='lat' dir='ltr'><strong>cum</strong></span> <span class='ocrx_word' id='word_1_758' title='bbox 1944 5418 2168 5473; x_wconf 86' lang='lat' dir='ltr'><strong>Proces-</strong></span> 
     </span>
    </p>
   </div>
   <div class='ocr_carea' id='block_1_102' title="bbox 670 5548 2175 5624">
    <p class='ocr_par' dir='ltr' id='par_1_102' title="bbox 670 5548 2175 5624">
     <span class='ocr_line' id='line_1_102' title="bbox 670 5548 2175 5624; baseline 0.004 -23"><span class='ocrx_word' id='word_1_759' title='bbox 670 5558 695 5585; x_wconf 74' lang='grc' dir='ltr'>ι</span> <span class='ocrx_word' id='word_1_760' title='bbox 736 5548 867 5603; x_wconf 81' lang='lat' dir='ltr'><strong>Nota</strong></span> <span class='ocrx_word' id='word_1_761' title='bbox 917 5550 1003 5624; x_wconf 83' lang='lat' dir='ltr'><strong>hic</strong></span> <span class='ocrx_word' id='word_1_762' title='bbox 1032 5551 1435 5624; x_wconf 15' lang='lat' dir='ltr'><strong>Aseptil‘ormem,</strong></span> <span class='ocrx_word' id='word_1_763' title='bbox 1474 5554 1959 5624; x_wconf 85' lang='lat' dir='ltr'><strong>quinqueformem,</strong></span> <span class='ocrx_word' id='word_1_764' title='bbox 1994 5555 2175 5608; x_wconf 89' lang='lat' dir='ltr'><strong>trifor-</strong></span> 
     </span>
    </p>
   </div>
   <div class='ocr_carea' id='block_1_103' title="bbox 599 5621 2172 5691">
    <p class='ocr_par' dir='ltr' id='par_1_103' title="bbox 599 5621 2172 5691">
     <span class='ocr_line' id='line_1_103' title="bbox 599 5621 2172 5691; baseline 0.007 -24"><span class='ocrx_word' id='word_1_765' title='bbox 599 5634 761 5691; x_wconf 79' lang='lat' dir='ltr'><strong>mem,</strong></span> <span class='ocrx_word' id='word_1_766' title='bbox 788 5628 842 5691; x_wconf 72' lang='lat' dir='ltr'><strong>et</strong></span> <span class='ocrx_word' id='word_1_767' title='bbox 865 5621 1179 5691; x_wconf 80' lang='lat' dir='ltr'><strong>__simplicem</strong></span> <span class='ocrx_word' id='word_1_768' title='bbox 1220 5622 1489 5691; x_wconf 86' lang='lat' dir='ltr'><strong>litaniam.</strong></span> <span class='ocrx_word' id='word_1_769' title='bbox 1525 5621 1904 5691; x_wconf 76' lang='lat' dir='ltr'><strong>Septilormem</strong></span> <span class='ocrx_word' id='word_1_770' title='bbox 1938 5625 2172 5678; x_wconf 86' lang='lat' dir='ltr'><strong>litaniam</strong></span> 
     </span>
    </p>
   </div>
   <div class='ocr_carea' id='block_1_104' title="bbox 599 5685 2172 5770">
    <p class='ocr_par' dir='ltr' id='par_1_104' title="bbox 599 5685 2172 5770">
     <span class='ocr_line' id='line_1_104' title="bbox 599 5685 2172 5770; baseline 0.009 -36"><span class='ocrx_word' id='word_1_771' title='bbox 599 5685 825 5753; x_wconf 66' lang='lat' dir='ltr'><strong>instituit</strong></span> <span class='ocrx_word' id='word_1_772' title='bbox 856 5687 1141 5755; x_wconf 79' lang='lat' dir='ltr'><strong>Gregorius</strong></span> <span class='ocrx_word' id='word_1_773' title='bbox 1188 5690 1427 5770; x_wconf 71' lang='lat' dir='ltr'><strong>Magnus,</strong></span> <span class='ocrx_word' id='word_1_774' title='bbox 1471 5685 1685 5769; x_wconf 55' lang='lat' dir='ltr'><strong>ipm&#39;iu</strong></span> <span class='ocrx_word' id='word_1_775' title='bbox 1740 5705 1944 5764; x_wconf 81' lang='lat' dir='ltr'><strong>septem</strong></span> <span class='ocrx_word' id='word_1_776' title='bbox 1981 5696 2172 5756; x_wconf 80' lang='lat' dir='ltr'><strong>choros</strong></span> 
     </span>
    </p>
   </div>
   <div class='ocr_carea' id='block_1_105' title="bbox 2284 4595 3857 4669">
    <p class='ocr_par' dir='ltr' id='par_1_105' title="bbox 2284 4595 3857 4669">
     <span class='ocr_line' id='line_1_105' title="bbox 2284 4595 3857 4669; baseline 0.001 -20"><span class='ocrx_word' id='word_1_777' title='bbox 2284 4595 2634 4651; x_wconf 83' lang='lat' dir='ltr'><strong>Processione</strong></span> <span class='ocrx_word' id='word_1_778' title='bbox 2673 4611 2769 4664; x_wconf 83' lang='lat' dir='ltr'><strong>per</strong></span> <span class='ocrx_word' id='word_1_779' title='bbox 2791 4598 2933 4650; x_wconf 86' lang='lat' dir='ltr'><strong>viam</strong></span> <span class='ocrx_word' id='word_1_780' title='bbox 2978 4598 3197 4651; x_wconf 84' lang='lat' dir='ltr'><strong>Sacram</strong></span> <span class='ocrx_word' id='word_1_781' title='bbox 3244 4598 3309 4651; x_wconf 91' lang='lat' dir='ltr'><strong>ad</strong></span> <span class='ocrx_word' id='word_1_782' title='bbox 3350 4597 3548 4652; x_wconf 90' lang='lat' dir='ltr'><strong>clivum</strong></span> <span class='ocrx_word' id='word_1_783' title='bbox 3580 4600 3857 4669; x_wconf 82' lang='lat' dir='ltr'><strong>argentarii</strong></span> 
     </span>
    </p>
   </div>
   <div class='ocr_carea' id='block_1_106' title="bbox 2283 4685 3859 4757">
    <p class='ocr_par' dir='ltr' id='par_1_106' title="bbox 2283 4685 3859 4757">
     <span class='ocr_line' id='line_1_106' title="bbox 2283 4685 3859 4757; baseline 0.001 -18"><span class='ocrx_word' id='word_1_784' title='bbox 2283 4686 2638 4753; x_wconf 73' lang='lat' dir='ltr'><strong>prazlibatum.</strong></span> <span class='ocrx_word' id='word_1_785' title='bbox 2669 4685 3042 4742; x_wconf 85' lang='lat' dir='ltr'><strong>Subdiaconus</strong></span> <span class='ocrx_word' id='word_1_786' title='bbox 3078 4689 3265 4756; x_wconf 91' lang='lat' dir='ltr'><strong>incipit</strong></span> <span class='ocrx_word' id='word_1_787' title='bbox 3295 4689 3763 4757; x_wconf 84' lang='lat' dir='ltr'><strong>quinqueformem</strong></span> <span class='ocrx_word' id='word_1_788' title='bbox 3807 4691 3859 4741; x_wconf 90' lang='lat' dir='ltr'><strong>Ii-</strong></span> 
     </span>
    </p>
   </div>
   <div class='ocr_carea' id='block_1_107' title="bbox 2282 4775 3858 4845">
    <p class='ocr_par' dir='ltr' id='par_1_107' title="bbox 2282 4775 3858 4845">
     <span class='ocr_line' id='line_1_107' title="bbox 2282 4775 3858 4845; baseline 0.001 -18"><span class='ocrx_word' id='word_1_789' title='bbox 2282 4775 2476 4828; x_wconf 88' lang='lat' dir='ltr'><strong>taniam</strong></span> <span class='ocrx_word' id='word_1_790' title='bbox 2518 4790 2585 4829; x_wconf 90' lang='lat' dir='ltr'><strong>eo</strong></span> <span class='ocrx_word' id='word_1_791' title='bbox 2624 4776 2811 4830; x_wconf 90' lang='lat' dir='ltr'><strong>ordine</strong></span> <span class='ocrx_word' id='word_1_792' title='bbox 2852 4792 2958 4845; x_wconf 92' lang='lat' dir='ltr'><strong>quo</strong></span> <span class='ocrx_word' id='word_1_793' title='bbox 3004 4778 3171 4844; x_wconf 89' lang='lat' dir='ltr'><strong>prius,</strong></span> <span class='ocrx_word' id='word_1_794' title='bbox 3218 4775 3385 4845; x_wconf 77' lang='lat' dir='ltr'><strong>usque</strong></span> <span class='ocrx_word' id='word_1_795' title='bbox 3426 4779 3491 4831; x_wconf 88' lang='lat' dir='ltr'><strong>ad</strong></span> <span class='ocrx_word' id='word_1_796' title='bbox 3525 4779 3722 4833; x_wconf 91' lang='lat' dir='ltr'><strong>lectum</strong></span> <span class='ocrx_word' id='word_1_797' title='bbox 3750 4789 3858 4831; x_wconf 78' lang='lat' dir='ltr'><strong>ante</strong></span> 
     </span>
    </p>
   </div>
   <div class='ocr_carea' id='block_1_108' title="bbox 2282 4868 3855 4938">
    <p class='ocr_par' dir='ltr' id='par_1_108' title="bbox 2282 4868 3855 4938">
     <span class='ocr_line' id='line_1_108' title="bbox 2282 4868 3855 4938; baseline 0.003 -19"><span class='ocrx_word' id='word_1_798' title='bbox 2282 4876 2525 4921; x_wconf 87' lang='lat' dir='ltr'><strong>sanctum</strong></span> <span class='ocrx_word' id='word_1_799' title='bbox 2574 4868 2833 4930; x_wconf 87' lang='lat' dir='ltr'><strong>Marcum,</strong></span> <span class='ocrx_word' id='word_1_800' title='bbox 2866 4870 2954 4922; x_wconf 91' lang='lat' dir='ltr'><strong>ubi</strong></span> <span class='ocrx_word' id='word_1_801' title='bbox 2990 4871 3246 4923; x_wconf 90' lang='lat' dir='ltr'><strong>Dominus</strong></span> <span class='ocrx_word' id='word_1_802' title='bbox 3294 4885 3353 4924; x_wconf 91' lang='lat' dir='ltr'><strong>se</strong></span> <span class='ocrx_word' id='word_1_803' title='bbox 3382 4882 3597 4938; x_wconf 89' lang='lat' dir='ltr'><strong>pausat,</strong></span> <span class='ocrx_word' id='word_1_804' title='bbox 3631 4874 3769 4925; x_wconf 91' lang='lat' dir='ltr'><strong>sicut</strong></span> <span class='ocrx_word' id='word_1_805' title='bbox 3812 4874 3855 4923; x_wconf 90' lang='lat' dir='ltr'><strong>iu</strong></span> 
     </span>
    </p>
   </div>
   <div class='ocr_carea' id='block_1_109' title="bbox 2282 4956 3853 5031">
    <p class='ocr_par' dir='ltr' id='par_1_109' title="bbox 2282 4956 3853 5031">
     <span class='ocr_line' id='line_1_109' title="bbox 2282 4956 3853 5031; baseline 0.001 -22"><span class='ocrx_word' id='word_1_806' title='bbox 2282 4958 2476 5024; x_wconf 89' lang='lat' dir='ltr'><strong>primo.</strong></span> <span class='ocrx_word' id='word_1_807' title='bbox 2510 4956 2711 5012; x_wconf 89' lang='lat' dir='ltr'><strong>Deinde</strong></span> <span class='ocrx_word' id='word_1_808' title='bbox 2752 4966 3091 5013; x_wconf 85' lang='lat' dir='ltr'><strong>revertuntur</strong></span> <span class='ocrx_word' id='word_1_809' title='bbox 3134 4961 3187 5014; x_wconf 91' lang='lat' dir='ltr'><strong>in</strong></span> <span class='ocrx_word' id='word_1_810' title='bbox 3219 4960 3569 5015; x_wconf 64' lang='lat' dir='ltr'><strong>Processinne</strong></span> <span class='ocrx_word' id='word_1_811' title='bbox 3600 4977 3776 5031; x_wconf 90' lang='lat' dir='ltr'><strong>usque</strong></span> <span class='ocrx_word' id='word_1_812' title='bbox 3799 4965 3853 5012; x_wconf 75' lang='lat' dir='ltr'><strong>ad</strong></span> 
     </span>
    </p>
   </div>
   <div class='ocr_carea' id='block_1_110' title="bbox 2281 5048 3854 5117">
    <p class='ocr_par' dir='ltr' id='par_1_110' title="bbox 2281 5048 3854 5117">
     <span class='ocr_line' id='line_1_110' title="bbox 2281 5048 3854 5117; baseline 0.002 -18"><span class='ocrx_word' id='word_1_813' title='bbox 2281 5062 2462 5101; x_wconf 89' lang='lat' dir='ltr'><strong>arcum</strong></span> <span class='ocrx_word' id='word_1_814' title='bbox 2497 5048 2877 5117; x_wconf 89' lang='lat' dir='ltr'><strong>triumphalem</strong></span> <span class='ocrx_word' id='word_1_815' title='bbox 2905 5049 3216 5115; x_wconf 89' lang='lat' dir='ltr'><strong>Theodosii,</strong></span> <span class='ocrx_word' id='word_1_816' title='bbox 3246 5050 3611 5105; x_wconf 84' lang='lat' dir='ltr'><strong>Valentiniani</strong></span> <span class='ocrx_word' id='word_1_817' title='bbox 3658 5062 3711 5105; x_wconf 86' lang='lat' dir='ltr'><strong>et</strong></span> <span class='ocrx_word' id='word_1_818' title='bbox 3748 5052 3854 5106; x_wconf 79' lang='lat' dir='ltr'><strong>Gra-</strong></span> 
     </span>
    </p>
   </div>
   <div class='ocr_carea' id='block_1_111' title="bbox 2282 5141 3851 5211">
    <p class='ocr_par' dir='ltr' id='par_1_111' title="bbox 2282 5141 3851 5211">
     <span class='ocr_line' id='line_1_111' title="bbox 2282 5141 3851 5211; baseline 0.001 -18"><span class='ocrx_word' id='word_1_819' title='bbox 2282 5142 2409 5195; x_wconf 89' lang='lat' dir='ltr'><strong>tiani</strong></span> <span class='ocrx_word' id='word_1_820' title='bbox 2434 5141 2837 5211; x_wconf 90' lang='lat' dir='ltr'><strong>imperatorum,</strong></span> <span class='ocrx_word' id='word_1_821' title='bbox 2864 5142 2950 5196; x_wconf 90' lang='lat' dir='ltr'><strong>ubi</strong></span> <span class='ocrx_word' id='word_1_822' title='bbox 2982 5143 3165 5209; x_wconf 88' lang='lat' dir='ltr'><strong>incipit</strong></span> <span class='ocrx_word' id='word_1_823' title='bbox 3200 5141 3494 5197; x_wconf 80' lang='lat' dir='ltr'><strong>triformem</strong></span> <span class='ocrx_word' id='word_1_824' title='bbox 3528 5144 3765 5198; x_wconf 82' lang='lat' dir='ltr'><strong>litaniam</strong></span> <span class='ocrx_word' id='word_1_825' title='bbox 3789 5160 3851 5195; x_wconf 66' lang='lat' dir='ltr'><strong>us</strong></span> 
     </span>
    </p>
   </div>
   <div class='ocr_carea' id='block_1_112' title="bbox 2280 5232 3852 5300">
    <p class='ocr_par' dir='ltr' id='par_1_112' title="bbox 2280 5232 3852 5300">
     <span class='ocr_line' id='line_1_112' title="bbox 2280 5232 3852 5300; baseline 0 -17"><span class='ocrx_word' id='word_1_826' title='bbox 2280 5246 2383 5298; x_wconf 88' lang='lat' dir='ltr'><strong>que</strong></span> <span class='ocrx_word' id='word_1_827' title='bbox 2409 5232 2473 5284; x_wconf 90' lang='lat' dir='ltr'><strong>ad</strong></span> <span class='ocrx_word' id='word_1_828' title='bbox 2500 5232 2692 5285; x_wconf 90' lang='lat' dir='ltr'><strong>lectum</strong></span> <span class='ocrx_word' id='word_1_829' title='bbox 2722 5233 2774 5285; x_wconf 90' lang='lat' dir='ltr'><strong>in</strong></span> <span class='ocrx_word' id='word_1_830' title='bbox 2819 5243 2976 5300; x_wconf 89' lang='lat' dir='ltr'><strong>ponte</strong></span> <span class='ocrx_word' id='word_1_831' title='bbox 3008 5233 3262 5287; x_wconf 83' lang='lat' dir='ltr'><strong>Adriano.</strong></span> <span class='ocrx_word' id='word_1_832' title='bbox 3298 5233 3589 5288; x_wconf 88' lang='lat' dir='ltr'><strong>Venientes</strong></span> <span class='ocrx_word' id='word_1_833' title='bbox 3617 5234 3684 5288; x_wconf 86' lang='lat' dir='ltr'><strong>ad</strong></span> <span class='ocrx_word' id='word_1_834' title='bbox 3715 5247 3852 5286; x_wconf 80' lang='lat' dir='ltr'><strong>sanc-</strong></span> 
     </span>
    </p>
   </div>
   <div class='ocr_carea' id='block_1_113' title="bbox 2284 5320 3849 5389">
    <p class='ocr_par' dir='ltr' id='par_1_113' title="bbox 2284 5320 3849 5389">
     <span class='ocr_line' id='line_1_113' title="bbox 2284 5320 3849 5389; baseline 0 -16"><span class='ocrx_word' id='word_1_835' title='bbox 2284 5331 2392 5373; x_wconf 92' lang='lat' dir='ltr'><strong>tum</strong></span> <span class='ocrx_word' id='word_1_836' title='bbox 2425 5321 2768 5375; x_wconf 89' lang='lat' dir='ltr'><strong>Laurentium</strong></span> <span class='ocrx_word' id='word_1_837' title='bbox 2802 5322 2852 5375; x_wconf 90' lang='lat' dir='ltr'><strong>in</strong></span> <span class='ocrx_word' id='word_1_838' title='bbox 2898 5324 3101 5388; x_wconf 80' lang='lat' dir='ltr'><strong>porticu</strong></span> <span class='ocrx_word' id='word_1_839' title='bbox 3134 5322 3358 5389; x_wconf 88' lang='lat' dir='ltr'><strong>majore,</strong></span> <span class='ocrx_word' id='word_1_840' title='bbox 3406 5322 3494 5375; x_wconf 91' lang='lat' dir='ltr'><strong>ubi</strong></span> <span class='ocrx_word' id='word_1_841' title='bbox 3525 5323 3713 5387; x_wconf 83' lang='lat' dir='ltr'><strong>incipit</strong></span> <span class='ocrx_word' id='word_1_842' title='bbox 3740 5320 3849 5373; x_wconf 72' lang='lat' dir='ltr'><strong>sim-</strong></span> 
     </span>
    </p>
   </div>
   <div class='ocr_carea' id='block_1_114' title="bbox 2282 5413 3848 5484">
    <p class='ocr_par' dir='ltr' id='par_1_114' title="bbox 2282 5413 3848 5484">
     <span class='ocr_line' id='line_1_114' title="bbox 2282 5413 3848 5484; baseline -0.005 -16"><span class='ocrx_word' id='word_1_843' title='bbox 2282 5414 2474 5484; x_wconf 88' lang='lat' dir='ltr'><strong>plicem</strong></span> <span class='ocrx_word' id='word_1_844' title='bbox 2502 5414 2737 5468; x_wconf 91' lang='lat' dir='ltr'><strong>litaniam</strong></span> <span class='ocrx_word' id='word_1_845' title='bbox 2762 5429 2929 5482; x_wconf 83' lang='lat' dir='ltr'><strong>usque</strong></span> <span class='ocrx_word' id='word_1_846' title='bbox 2952 5413 3018 5467; x_wconf 90' lang='lat' dir='ltr'><strong>ad</strong></span> <span class='ocrx_word' id='word_1_847' title='bbox 3043 5414 3237 5468; x_wconf 92' lang='lat' dir='ltr'><strong>lectum</strong></span> <span class='ocrx_word' id='word_1_848' title='bbox 3257 5415 3463 5468; x_wconf 89' lang='lat' dir='ltr'><strong>cantari</strong></span> <span class='ocrx_word' id='word_1_849' title='bbox 3484 5424 3609 5467; x_wconf 84' lang='lat' dir='ltr'><strong>ante</strong></span> <span class='ocrx_word' id='word_1_850' title='bbox 3624 5423 3848 5465; x_wconf 81' lang='lat' dir='ltr'><strong>sanetam</strong></span> 
     </span>
    </p>
   </div>
   <div class='ocr_carea' id='block_1_115' title="bbox 2279 5548 3843 5617">
    <p class='ocr_par' dir='ltr' id='par_1_115' title="bbox 2279 5548 3843 5617">
     <span class='ocr_line' id='line_1_115' title="bbox 2279 5548 3843 5617; baseline -0.006 -10"><span class='ocrx_word' id='word_1_851' title='bbox 2279 5554 2561 5607; x_wconf 88' lang='lat' dir='ltr'><strong>distributa</strong></span> <span class='ocrx_word' id='word_1_852' title='bbox 2592 5559 2726 5606; x_wconf 88' lang='lat' dir='ltr'><strong>erat.</strong></span> <span class='ocrx_word' id='word_1_853' title='bbox 2770 5549 2917 5617; x_wconf 79' lang='lat' dir='ltr'><strong>Lege</strong></span> <span class='ocrx_word' id='word_1_854' title='bbox 2948 5551 3279 5616; x_wconf 86' lang='lat' dir='ltr'><strong>Menardum,</strong></span> <span class='ocrx_word' id='word_1_855' title='bbox 3305 5552 3358 5604; x_wconf 91' lang='lat' dir='ltr'><strong>in</strong></span> <span class='ocrx_word' id='word_1_856' title='bbox 3406 5550 3547 5604; x_wconf 91' lang='lat' dir='ltr'><strong>notis</strong></span> <span class='ocrx_word' id='word_1_857' title='bbox 3571 5550 3637 5601; x_wconf 87' lang='lat' dir='ltr'><strong>ad</strong></span> <span class='ocrx_word' id='word_1_858' title='bbox 3673 5548 3843 5598; x_wconf 72' lang='lat' dir='ltr'><strong>Sat-ra-</strong></span> 
     </span>
    </p>
   </div>
   <div class='ocr_carea' id='block_1_116' title="bbox 2281 5619 3843 5691">
    <p class='ocr_par' dir='ltr' id='par_1_116' title="bbox 2281 5619 3843 5691">
     <span class='ocr_line' id='line_1_116' title="bbox 2281 5619 3843 5691; baseline -0.004 -15"><span class='ocrx_word' id='word_1_859' title='bbox 2281 5623 2625 5686; x_wconf 75' lang='lat' dir='ltr'><strong>mentarium,</strong></span> <span class='ocrx_word' id='word_1_860' title='bbox 2657 5636 2777 5689; x_wconf 82' lang='lat' dir='ltr'><strong>pag.</strong></span> <span class='ocrx_word' id='word_1_861' title='bbox 2801 5620 2891 5675; x_wconf 70' lang='grc'><strong>94.</strong></span> <span class='ocrx_word' id='word_1_862' title='bbox 2922 5621 3117 5675; x_wconf 83' lang='lat' dir='ltr'><strong>Confer</strong></span> <span class='ocrx_word' id='word_1_863' title='bbox 3145 5622 3306 5677; x_wconf 87' lang='lat' dir='ltr'><strong>etiam</strong></span> <span class='ocrx_word' id='word_1_864' title='bbox 3336 5620 3564 5691; x_wconf 87' lang='lat' dir='ltr'><strong>primum</strong></span> <span class='ocrx_word' id='word_1_865' title='bbox 3600 5619 3843 5673; x_wconf 80' lang='lat' dir='ltr'><strong>Ordinem</strong></span> 
     </span>
    </p>
   </div>
   <div class='ocr_carea' id='block_1_117' title="bbox 2282 5691 3089 5764">
    <p class='ocr_par' dir='ltr' id='par_1_117' title="bbox 2282 5691 3089 5764">
     <span class='ocr_line' id='line_1_117' title="bbox 2282 5691 3089 5764; baseline 0 -17"><span class='ocrx_word' id='word_1_866' title='bbox 2282 5694 2579 5759; x_wconf 58' lang='lat' dir='ltr'><strong>Romanum</strong></span> <span class='ocrx_word' id='word_1_867' title='bbox 2608 5706 2789 5764; x_wconf 87' lang='lat' dir='ltr'><strong>supra,</strong></span> <span class='ocrx_word' id='word_1_868' title='bbox 2822 5706 2965 5746; x_wconf 91' lang='lat' dir='ltr'><strong>num.</strong></span> <span class='ocrx_word' id='word_1_869' title='bbox 2999 5691 3089 5747; x_wconf 71' lang='grc'><strong>45.</strong></span> 
     </span>
    </p>
   </div>
  </div>
