4008 6298
180 327 319 379 Ilii?)

1396 330 1651 384 ROMANI
1691 328 2002 384 OllDiNES.
2047 330 2220 384 -—Xl.

3304 343 3437 397 1:50

180 434 393 487 Mariam
447 435 500 489 in
554 436 757 505 Vit-gari
809 438 941 509 [Al.,
971 440 1355 512 Virgariorum]
1402 441 1454 495 in
1503 443 1606 497 fine
1646 457 1754 495 cor-
1781 442 1827 498 Α
1861 440 2112 505 Spiritum
2140 452 2282 494 tuum
2314 450 2359 495 et
2390 443 2714 510 creabantur,
2741 459 2859 499 cum
2890 447 3001 502 suis
3032 448 3276 505 Psalmis.
3302 453 3435 511 Τηιή

172 530 325 581 tium.

246 618 337 672 58.
381 617 549 671 Finita
578 618 787 683 litania,
820 621 1048 689 aliisque
1077 623 1287 684 ofﬁciis.
1319 623 1557 677 ascendit
1582 623 1645 675 ad
1668 623 1754 677 ba-

172 709 381 763 silicam
424 709 595 763 sancti
632 710 797 774 Petri,
842 712 928 765 ubi
957 722 1039 766 est
1073 714 1264 775 statio;
1298 714 1475 783 ibique
1501 714 1752 766 dominus

173 799 413 866 pontifex
437 808 618 852 can'at
649 799 881 853 Missam.
920 801 974 853 ln
1013 801 1108 854 hac
1138 803 1369 855 statione
1401 803 1560 856 habet
1590 801 1753 855 domi-

174 904 277 941 nus
308 887 544 955 potitifcx
569 903 635 941 xx
667 888 825 942 Solid.
843 890 966 943 den.
984 890 1252 957 Papiens.,
1277 892 1577 944 cardinales
1602 906 1750 953 vero,

173 988 231 1031 et
269 977 503 1041 diaconi,
530 988 584 1031 et
614 977 945 1045 primicerius
968 995 1086 1031 (‘lllll
1118 981 1447 1043 cantoribus,
1488 980 1753 1047 accipiunt

174 1084 244 1120 xi.
272 1067 472 1122 solidos
500 1066 800 1131 Luceuses;
828 1077 881 1122 et
911 1069 1056 1136 prior
1086 1068 1439 1131 basilicarius,
1470 1078 1524 1122 et
1548 1071 1751 1123 scrina-

174 1157 241 1209 rii
270 1157 513 1211 scribunt
551 1172 739 1212 omnes
768 1172 977 1221 cruces,
1007 1167 1061 1212 ct
1101 1158 1170 1212 de
1211 1173 1524 1226 unaquaque
1555 1159 1751 1213 habent

176 1263 343 1299 unum
368 1247 689 1312 Lucensem,
718 1248 786 1301 de
816 1247 1006 1315 quibus
1037 1247 1235 1301 habent
1277 1248 1508 1315 acolytbi
1552 1249 1750 1302 medie-

174 1347 363 1404 tatem,
391 1347 444 1391 et
486 1338 824 1393 medietatem
856 1336 1173 1400 basilicarii;
1214 1353 1246 1390 x
1280 1337 1435 1391 solid.
1465 1337 1744 1409 [diaconi],

172 1427 489 1482 subdiaconi
517 1429 802 1496 regionarii
834 1444 885 1481 vt
918 1427 1079 1499 solid.

244 1519 334 1573 59.
380 1520 651 1573 Dominica
696 1521 763 1575 de
803 1519 1063 1573 Modicum
1092 1529 1355 1581 ponuntur
1380 1518 1629 1588 Epistolas
1658 1524 1750 1574 ca-

176 1610 382 1663 uonica:
412 1625 580 1677 usque
620 1611 671 1663 in
698 1612 908 1663 tertiam
936 1610 1284 1677 Dominicam,
1321 1608 1494 1673 Pater,
1527 1625 1641 1661 cum
1670 1625 1747 1662 cs-

174 1718 279 1755 sem
301 1719 415 1756 cum
437 1703 528 1756 eis.
556 1701 611 1755 In
634 1702 735 1755 hac
758 1702 1028 1756 Dominica
1062 1702 1275 1770 ponitur
1292 1702 1456 1755 Actus
1483 1701 1748 1767 upostolo-
1784 1751 1794 1759 ,

1862 530 2119 584 lectiones
2163 532 2431 600 leguntur.
2476 531 2705 587 Primam
2755 534 3034 590 lectionem
3066 539 3421 609 lcguutcano-

1856 620 1960 673 uici
1990 620 2251 687 ecclesiae,
2285 622 2443 675 Deum
2470 624 2863 690 complerentur,
2890 637 2943 680 et
2967 638 3183 683 cantant
3205 634 3429 698 prinmm

1854 709 2294 777 Responsorium.
2325 712 2623 765 Secundam
2661 713 2941 769 lectionem
2972 717 3151 783 legunt
3180 721 3429 776 cardina-

1856 796 1934 850 les
1959 797 2026 851 de
2046 799 2414 864 sermonibus;
2448 804 2844 868 responsorium
2869 814 3084 859 cantant
3104 816 3351 863 cantores
3378 822 3429 864 et

1853 888 2170 955 basilicarii;
2205 891 2410 944 tertiam
2437 892 2718 947 lectionem
2743 893 2867 961 legit
2891 895 3150 961 pontifex.
3169 896 3431 956 Caeterum

1852 980 2087 1034 ofﬁcium
2120 982 2246 1036 facit
2271 983 2600 1049 primicerius
2621 998 2739 1037 cum
2764 986 3031 1039 omnibus.
3064 987 3277 1042 Missam
3308 1005 3433 1043 can-

1855 1079 1930 1122 tat
1960 1072 2219 1138 pontifex,
2251 1088 2372 1125 cum
2418 1074 2677 1128 laudibus.
2738 1075 2865 1130 Post
2906 1076 3117 1131 Missam
3148 1091 3436 1133 coronatus

1854 1160 1991 1212 redit
2018 1160 2082 1213 ad
2115 1161 2390 1229 palatium,
2418 1163 2558 1215 sicut
2596 1178 2713 1217 mos
2748 1174 2846 1218 est.
2880 1164 3019 1219 lufra
3046 1166 3429 1223 hebdomadam

1854 1246 2047 1316 legitur
2074 1248 2143 1303 de
2181 1250 2539 1305 sermonibus.
2592 1252 2823 1308 Sabbato
2865 1262 3094 1323 quatuor
3135 1267 3431 1323 temporum

1852 1336 1919 1389 ad
1942 1338 2200 1393 lectiones
2224 1355 2328 1394 non
2352 1342 2634 1395 flectuntur
2655 1358 2823 1413 genua
2848 1357 3062 1412 prepter
3083 1345 3201 1398 Pas:
3223 1349 3311 1408 ha,
3337 1349 3432 1401 sed

1854 1427 1906 1479 in
1938 1428 2055 1481 loco
2087 1429 2393 1485 Gradalium
2436 1434 2646 1487 canitur
2676 1433 2917 1499 Alleluia,
2958 1449 3077 1488 cum
3108 1437 3220 1489 suis
3243 1436 3428 1492 Versi-

1854 1517 1974 1570 bus.
2004 1516 2168 1587 Kyrie
2196 1534 2299 1574 non
2332 1520 2526 1575 dicitur
2553 1531 2768 1591 propter
2796 1523 3028 1578 litaniam
3056 1528 3435 1593 processiouis,

1854 1607 1942 1660 ubi
1971 1608 2170 1663 dictum
2201 1620 2283 1665 est
2304 1611 2500 1681 Kyrie;
2529 1614 2621 1667 sed
2668 1614 3004 1669 solummodo
3046 1616 3197 1671 linito
3234 1618 3433 1690 hymno

1858 1699 2024 1754 trium
2056 1716 2363 1769 puerorum,
2408 1707 2644 1771 pontifex
2677 1706 2858 1774 incipit
2898 1707 3135 1773 Missam,
3163 1706 3337 1762 Gloria
3380 1710 3432 1762 in

172 1807 290 1845 rum
320 1806 492 1860 usque
514 1792 565 1845 in
596 1792 772 1860 vigilia
797 1792 1161 1853 Ascensionis,
1184 1800 1236 1843 et
1256 1799 1500 1843 cantatur
1526 1790 1593 1843 de
1616 1805 1747 1857 prte-
1781 1792 1828 1849 Β
1851 1792 2064 1845 excelsis
2094 1793 2221 1857 Deo,
2253 1803 2307 1849 et
2328 1797 2590 1864 reliquum

173 1882 334 1936 libata
384 1881 628 1946 historia,
676 1882 739 1935 Si
767 1882 976 1945 oblitus,
1009 1890 1063 1935 et
1090 1881 1340 1949 leguntur
1379 1880 1447 1934 de
1477 1882 1576 1933 hoc
1614 1881 1751 1934 libro

173 1982 282 2024 tres
305 1971 557 2026 lectiones
579 1972 631 2025 in
654 1971 984 2025 Ascensione
1008 1970 1237 2033 Domini,
1262 1980 1371 2024 tres
1396 1971 1447 2023 in
1479 1971 1749 2024 Dominica

173 2062 241 2114 de
274 2062 448 2124 ltosis,
473 2071 528 2115 et
553 2063 673 2116 duae
701 2062 751 2115 in
781 2062 1154 2117 Pentecosten.

242 2152 332 2205 60.
375 2152 429 2204 lu
481 2155 808 2205 Ascensione
840 2151 1047 2205 Domini
1084 2153 1245 2206 statio
1272 2153 1334 2206 ad
1371 2160 1613 2207 sanctum
1656 2153 1751 2205 l‘e-

172 2252 333 2308 trum,
366 2243 453 2297 ubi
486 2243 737 2297 dominus
779 2243 1012 2310 pontifex
1040 2258 1159 2298 cum
1189 2245 1478 2313 episcOpis,
1509 2240 1749 2298 cardina-

172 2334 329 2398 Iibus,
369 2333 683 2388 diaconibus
728 2343 783 2388 et
825 2335 1039 2389 czcteris
1082 2334 1280 2390 scholis
1330 2336 1489 2389 debet
1534 2345 1750 2389 cantare

177 2422 472 2490 Vesperas;
504 2432 579 2486 et,
625 2423 763 2478 sicut
803 2423 855 2477 in
884 2425 1159 2479 nocturnis
1202 2425 1545 2489 stationibus,
1577 2426 1749 2479 media

173 2522 331 2566 nocte
356 2526 602 2581 surgere,
645 2513 974 2567 incensando
1000 2513 1226 2579 altaria;
1260 2517 1406 2583 prius
1447 2515 1515 2569 ad
1553 2530 1747 2583 corpus

175 2602 379 2669 vigilias
409 2602 703 2668 celebrare,
729 2602 923 2657 deinde
954 2602 1005 2657 in
1030 2603 1198 2658 choro
1225 2615 1350 2659 ante
1378 2605 1546 2659 altare
1575 2608 1747 2673 majus

170 2690 386 2744 easdem
436 2692 639 2761 vigilias
686 2693 937 2759 incipere.
966 2690 1097 2747 Tres
1140 2694 1396 2749 lcetiones
1435 2696 1504 2749 de
1530 2695 1747 2749 Aetibns

171 2784 557 2849 apostolorum;
580 2785 812 2853 quinque
828 2784 894 2838 de
911 2786 1246 2840 sermonibus
1264 2786 1585 2851 festivitatis,
1610 2804 1745 2841 nona

170 2878 237 2929 de
262 2875 480 2929 humilia
506 2890 571 2930 eo
602 2875 790 2930 ordine
816 2891 921 2944 quo
951 2878 1197 2944 superius
1227 2876 1477 2931 diximus.
1509 2878 1591 2931 Ad
1617 2879 1745 2933 Mis-

171 2983 283 3020 sam
327 2968 459 3020 ﬁunt
506 2967 691 3022 laudes
731 2969 799 3021 ab
845 2968 1243 3036 archidiacono,
1273 2980 1327 3024 et
1358 2970 1667 3027 diaconibus'
1694 2981 1749 3027 et

170 3056 606 3123 subdiacouibus,
635 3066 689 3111 et
732 3057 955 3111 notariis
997 3066 1224 3127 septem.
1253 3058 1386 3112 Dum
1419 3059 1604 3114 laudes
1631 3059 1749 3113 efﬁ-

1927 1881 2016 1936 64.
2059 1882 2260 1937 Dicitur
2298 1885 2498 1939 Pascha
2530 1887 2800 1951 annotina,
2827 1887 2948 1955 quia
2980 1895 3063 1941 est
3103 1888 3157 1940 in
3186 1888 3433 1942 auuiver-

1855 1971 1999 2023 sario
2025 1972 2278 2039 praeteriti
2315 1973 2611 2028 Paschalis.

1925 2060 2013 2115 65.
2072 2062 2341 2117 Dominica
2396 2074 2581 2117 octava
2637 2063 2978 2118 Pcnteoostes
3028 2065 3245 2131 ponitur
3300 2065 3423 2117 libet

1852 2151 2078 2222 Regum,
2104 2170 2269 2224 usque
2296 2156 2348 2209 in
2376 2154 2641 2209 Kalendas
2662 2155 2917 2225 Augusti;
2951 2154 3146 2209 deinde
3173 2166 3429 2209 nocturna

1854 2240 2189 2295 Psalmorum
2235 2252 2290 2298 et
2334 2244 2563 2311 capitula
2601 2258 2721 2298 cum
2766 2259 2905 2314 genu
2934 2243 3100 2309 ﬁexo,
3131 2244 3269 2297 sicut
3299 2242 3434 2296 ratio

1854 2330 2097 2398 requirit.
2138 2333 2217 2384 Ad
2261 2331 2484 2399 primam
2514 2332 2660 2385 omni
2710 2342 2948 2401 tempore
2975 2332 3159 2386 Oratio
3188 2331 3291 2384 diei
3324 2345 3429 2384 non

1856 2430 2109 2485 mutatur,
2139 2423 2238 2476 nisi
2270 2422 2407 2476 infra
2434 2424 2550 2477 dies
2580 2423 2872 2491 Paschatis,
2916 2435 2968 2478 et
3000 2424 3202 2491 magnis
3228 2424 3433 2477 festivi-

1852 2515 2045 2569 tatibus
2074 2526 2401 2578 sanctorum,
2426 2517 2636 2583 quando
2661 2531 2764 2570 non
2789 2517 2981 2571 dicitur
3003 2515 3104 2570 nisi
3126 2514 3281 2586 1&9
3303 2516 3435 2569 Ora-
3458 2570 3461 2573 .

1854 2607 1926 2658 lio
1952 2604 2278 2672 festivitatis,
2309 2621 2363 2661 et
2392 2606 2525 2660 infra
2554 2617 2817 2661 octavam.

1923 2697 2011 2751 66.
2057 2698 2110 2750 In
2134 2698 2309 2767 vigilia
2339 2700 2510 2753 sancti
2540 2698 2760 2753 Joannis
2801 2700 3070 2767 Baptistae,
3106 2698 3171 2751 ad
3217 2699 3431 2751 Matuti-

1853 2802 2001 2852 num,
2027 2787 2412 2854 lnvitatorium,
2435 2789 2623 2859 Regem
2638 2791 2971 2859 prwcursoris
2995 2789 3290 2855 Dominum,
3309 2802 3430 2841 cum

1858 2876 2057 2931 Venite.
2086 2877 2219 2932 Tres
2264 2887 2443 2931 autem
2470 2880 2705 2933 historia
2744 2877 3066 2943 festivitatis,
3092 2888 3146 2932 et
3181 2888 3288 2931 tres
3323 2878 3434 2931 lec-

1853 2967 2025 3020 tiones
2052 2965 2121 3019 de
2140 2976 2348 3021 sancto.
2374 2967 2484 3021 Neu
2513 2967 2709 3020 dicitur
2733 2967 2806 3020 Te
2829 2967 2992 3020 Deum
3019 2968 3313 3029 laudamus,
3338 2968 3432 3019 sed

1852 3058 2037 3125 incipit
2066 3058 2352 3111 matutinas
2379 3058 2606 3123 Laudes,
2642 3058 2798 3125 Deus,
2828 3059 2881 3111 in
2912 3059 3227 3127 adjutorium
3265 3072 3433 3109 meum

170 3162 199 3201 c
223 3158 401 3212 untur,
452 3149 687 3217 pontifex
717 3157 852 3212 stat;
889 3149 1082 3216 quibus
1124 3148 1305 3212 finitis,
1352 3151 1562 3203 canitur
1604 3149 1746 3202 aliud
1776 3144 1822 3206 C
1854 3148 2078 3203 intende.
2106 3148 2388 3203 Nuntiatur
2416 3162 2520 3202 una
2549 3149 2851 3216 Antiphona
2894 3148 3158 3211 Matutini,
3185 3147 3289 3201 sub
3330 3161 3431 3213 qua

170 3242 401 3294 ofﬁcium
432 3240 624 3307 Missa},
654 3255 823 3308 eaque
847 3242 1013 3306 ﬁnita,
1038 3251 1344 3309 coronatur,
1371 3252 1427 3297 et
1446 3244 1524 3297 sic
1550 3243 1748 3313 glorio-

175 3336 285 3384 sius
308 3333 589 3385 revertitur
610 3332 672 3384 ad
698 3332 972 3401 palatium.
999 3332 1139 3385 Infra
1170 3333 1556 3388 hebdomadam
1581 3349 1748 3403 usque

170 3422 221 3475 in
254 3421 486 3475 Sabbato
518 3422 883 3488 Pentecostes,
920 3420 974 3474 iu
1011 3437 1328 3491 unaquaque
1359 3424 1485 3477 feria
1520 3435 1744 3478 cantau-

173 3522 256 3564 tur
286 3520 393 3564 tres
432 3512 773 3580 autiphonae,
807 3511 964 3581 148
995 3521 1050 3566 et
1089 3521 1196 3567 tres
1242 3512 1439 3567 Psalmi
1482 3516 1747 3583 praedictas

174 3602 511 3667 festivitatis;
552 3610 607 3657 et
654 3602 901 3671 leguntur
950 3610 1059 3657 tres
1114 3602 1374 3657 lectiones
1410 3603 1491 3658 de
1543 3618 1748 3657 sermo-

172 3694 347 3747 nibus.

241 3782 330 3835 6|.
366 3783 636 3837 Dominica
664 3782 732 3837 de
764 3782 923 3845 Rosa,
954 3782 1117 3836 statio
1142 3783 1207 3835 ad
1249 3794 1487 3837 sanctam
1529 3784 1746 3837 Mariam

174 3874 499 3935 ltotundam,
532 3874 618 3927 ubi
651 3873 892 3942 pontifex
923 3873 1078 3927 debet
1108 3882 1325 3927 cantare
1357 3873 1587 3938 Missam,
1616 3883 1670 3927 et
1693 3870 1746 3926 in

173 3964 553 4030 praedicatione
577 3966 756 4019 dicere
782 3967 849 4018 de
879 3964 1109 4017 adventu
1150 3963 1379 4031 Spiritus
1408 3962 1599 4026 sancti,
1627 3964 1748 4031 quia

170 4057 239 4107 dc
258 4054 540 4109 altitudine
570 4056 747 4125 templi
776 4056 1055 4108 mittuntur
1078 4068 1216 4107 rosa:
1244 4054 1297 4108 in
1324 4054 1487 4122 ﬁgura
1510 4053 1747 4121 ejusdem

175 4144 409 4210 Spiritus
440 4146 630 4198 sancti.

247 4234 338 4287 6-2..
377 4234 611 4288 Sabbato
646 4236 987 4293 l’entecOSIes
1034 4238 1099 4292 ad
1127 4240 1358 4294 ofﬁcium
1392 4239 1637 4308 baptismi
1669 4239 1747 4293 le-

167 4336 367 4390 guutur
395 4342 493 4381 sex
524 4326 779 4382 lectiones
809 4329 1031 4393 Latina),
1062 4340 1118 4384 et
1157 4346 1247 4383 sex
1277 4331 1498 4394 Graeca,
1528 4340 1581 4385 et
1607 4330 1748 4385 aliud

168 4417 404 4470 officium
436 4418 575 4471 sicut
600 4419 650 4471 in
682 4421 1103 4473 sacramentario
1127 4421 1381 4485 scriptum
1411 4428 1523 4472 est.

1851 3253 2042 3293 omnes
2071 3239 2265 3294 Psalmi
2292 3249 2594 3295 cantautur.
2633 3242 2712 3294 Ad
2755 3240 2983 3294 Primam
3022 3240 3347 3309 Antiphone,
3378 3252 3434 3294 et

1854 3339 1963 3383 tres
1998 3330 2211 3396 Psalmi,
2247 3340 2301 3383 et
2340 3330 2495 3384 lectio
2525 3330 2716 3399 vigiliae
2756 3330 3080 3393 festivitatis,
3112 3346 3231 3385 cum
3264 3330 3431 3386 Versu

1851 3432 1903 3475 et
1934 3422 2210 3476 Oratione.
2241 3421 2501 3490 Vesperas
2529 3421 2673 3484 facit,
2698 3432 2751 3474 et
2777 3421 2985 3490 vigilias
3017 3422 3186 3473 noctis
3212 3420 3264 3474 in
3297 3420 3436 3473 basi-

1851 3513 1951 3566 lica
1982 3514 2151 3567 sancti
2177 3513 2398 3567 Joannis
2438 3513 2503 3565 ad
2534 3513 2750 3576 Fontes,
2782 3512 2953 3566 Graeci
2985 3521 3161 3565 autem
3193 3512 3243 3564 in
3290 3511 3428 3564 basi-

1855 3607 1955 3660 lica
1981 3606 2296 3662 Salvatoris.
2322 3608 2400 3661 Ad
2424 3607 2740 3661 Matutinum
2768 3604 2941 3661 Graaci
2973 3604 3171 3658 faciunt
3198 3603 3430 3658 ofﬁcium

1853 3697 1917 3749 ad
1967 3697 2182 3763 Fontes,
2226 3706 2280 3750 et
2324 3698 2473 3751 curia
2518 3697 2570 3749 in
2609 3696 2825 3750 basilica
2855 3694 3168 3748 Salvatoris.
3212 3694 3422 3745 Missam

1852 3795 2026 3838 cantat
2074 3785 2309 3853 pontifex
2356 3786 2449 3851 ibi,
2492 3785 2581 3839 ubi
2629 3787 2687 3839 lit
2730 3785 2908 3838 statio.
2954 3785 3009 3837 In
3048 3784 3219 3852 vigilia
3264 3795 3412 3836 sanet

1854 3876 2017 3936 Petri,
2062 3884 2116 3928 et
2165 3876 2217 3928 iu
2266 3874 2440 3942 vigilia
2496 3875 2665 3928 saneti
2713 3873 3003 3940 Laurentii,
3051 3883 3107 3928 et
3156 3874 3207 3926 in
3259 3872 3424 3941 vigilis

1851 3971 2051 4019 sanctm
2079 3963 2276 4022 Marias.
2313 3973 2365 4017 et
2395 3963 2447 4015 in
2477 3963 2657 4031 vigilia
2696 3963 2865 4015 sancti
2897 3963 3149 4026 Andreae,
3179 3971 3232 4014 et
3270 3961 3321 4014 in
3350 3963 3429 4014 vi-

1851 4056 1976 4124 gilia
2005 4053 2202 4107 Natalis
2234 4053 2464 4118 Domini,
2497 4053 2597 4105 hoc
2623 4051 2860 4104 ofﬁcium
2892 4052 2950 4104 ﬁt
2991 4052 3055 4103 ad
3089 4050 3428 4113 Matutinum,

1856 4145 1991 4198 sicut
2011 4145 2061 4196 in
2085 4142 2263 4211 vigilia
2280 4146 2449 4195 sancti
2464 4142 2685 4196 Joannis
2703 4140 2951 4208 Baptista:
2970 4141 3331 4208 praediximus.
3354 4140 3431 4191 Ad

1856 4232 2109 4294 Primam,
2142 4232 2400 4295 Tertiam,
2427 4230 2646 4285 Sestum
2674 4239 2729 4282 et
2761 4227 2964 4282 Nonam
2996 4236 3242 4280 cantatur
3270 4235 3327 4280 et
3358 4230 3435 4279 le-

1853 4322 1996 4390 gitur
2025 4321 2090 4374 de
2120 4312 2320 4375 saneto'
2351 4336 2365 4371 :
2410 4320 2477 4373 ad
2508 4320 2723 4373 Missam
2764 4334 2866 4372 non
2904 4327 3147 4371 cantatur
3191 4316 3432 4380 Alleluia,

1859 4423 2075 4483 propter
2098 4412 2381 4479 jejunium,
2411 4410 2502 4465 sed
2528 4418 2732 4463 tantum
2760 4408 3007 4463 Gradale.

242 4506 334 4562 65.
378 4508 675 4574 Dominica,
709 4508 868 4562 statio
897 4509 964 4562 ad
986 4519 1229 4564 sanctum
1264 4508 1497 4571 Petrum,
1523 4522 1628 4575 quo
1657 4507 1752 4559 do—
1782 4504 1827 4560 D
1926 4506 2014 4557 67.
2059 4505 2113 4558 lu
2156 4503 2443 4558 festivitate
2485 4506 2653 4557 sancti
2683 4503 2825 4556 Petri
2853 4503 3179 4556 conveniunt
3206 4500 3433 4553 curiales

167 4598 351 4652 minus
404 4598 638 4666 pontifex
688 4600 754 4652 ad
804 4598 1063 4666 Vesperas
1110 4598 1300 4664 vigiliae
1340 4612 1462 4651 cum
1506 4596 1750 4650 omnibus

166 4686 449 4742 ordinibus
477 4689 649 4752 venit;
681 4697 734 4742 et
761 4687 813 4741 in
846 4696 1004 4741 nocte
1044 4687 1108 4740 ad
1138 4686 1477 4748 Matutinum,
1519 4686 1657 4738 sicut
1698 4684 1749 4737 in

168 4776 447 4831 nocturnis
474 4777 818 4831 stationibus.
860 4775 939 4829 Ad
973 4791 1168 4843 corpus
1197 4775 1403 4844 vigilias
1442 4775 1598 4827 trium
1648 4775 1753 4827 lec-

169 4876 376 4927 tionum
409 4869 566 4934 facit;
588 4868 784 4922 deinde
802 4868 868 4921 ad
901 4866 1072 4920 altare
1102 4865 1273 4935 majus
1299 4865 1634 4919 Matutinum.
1664 4863 1750 4916 ln-

165 4960 477 5017 vitatorium
510 4958 755 5024 Alleluia,
790 4958 926 5010 sicut
956 4957 1007 5009 in
1038 4956 1123 5010 die
1154 4956 1598 5017 ltesurrectionis,
1630 4970 1750 5006 cum

166 5067 270 5106 suo
301 5048 497 5103 Venite.
526 5047 628 5102 Alii
660 5054 875 5100 cantant
912 5044 1158 5109 Alleluia,
1184 5044 1412 5111 Spiritus
1445 5043 1649 5095 Domini
1678 5058 1749 5096 re.

170 5142 327 5210 pleuit
349 5139 520 5194 orbem
550 5137 1002 5204 terrarum,uenite
1025 5135 1316 5195 adoremus,
1339 5134 1479 5188 allel.
1509 5134 1751 5200 Antipb.,

167 5232 415 5285 Alleluia.
444 5230 668 5295 Psalmi,
692 5227 881 5280 Beatus
902 5228 1000 5289 vir;
1030 5226 1199 5289 Quare
1220 5224 1531 5293 fremuerunt
1552 5233 1755 5291 gente-,-

165 5324 413 5388 Domine,
437 5322 563 5393 quid
584 5320 913 5388 multiplicati
940 5327 1081 5372 sunt.
1103 5317 1209 5371 Alii
1235 5316 1441 5380 dicunt,
1466 5314 1660 5367 Factus
1683 5324 1754 5368 est

162 5426 371 5476 repente
410 5415 473 5467 de
513 5412 640 5467 celo
680 5427 857 5465 sonus.
888 5408 1147 5475 Conﬁrma
1190 5406 1315 5471 hoc,
1360 5405 1516 5459 Deus.
1566 5404 1757 5459 Emitte

312 5552 414 5605 llic
437 5553 653 5609 lterum,
676 5558 735 5601 ut
760 5560 918 5615 supra
951 5560 1002 5597 In
1029 5539 1755 5615 Nativitate,distinguuntur

167 5622 384 5687 “gulae
410 5632 440 5671 a
473 5620 749 5673 Matutino.
794 5610 1117 5687 A'tpalarius,
1152 5611 1203 5664 in
1234 5610 1565 5687 Antiphona‘r
1589 5611 1751 5687 icap.

168 5679 267 5747 ut)”
289 5694 418 5748 ditus
445 5689 639 5759 vigilias
672 5679 967 5743 vocat.'E.c
1002 5684 1252 5749 llotnauo,
1285 5679 1474 5751 inquit,
1512 5680 1756 5749 Altlip/tu-

1856 4593 1908 4647 in
1942 4594 2159 4647 basilica
2188 4593 2429 4661 ejusdem
2461 4592 2711 4660 apostoli,
2744 4605 2865 4645 cum
2896 4590 3114 4643 domino
3146 4603 3309 4657 papa,
3342 4589 3432 4642 ubi

1855 4691 2102 4736 cantatur
2133 4682 2452 4751 \‘esperum.
2483 4682 2822 4747 Antiphonta,
2855 4677 3053 4732 Juravit
3092 4676 3343 4731 Dominus
3391 4686 3440 4729 et

1857 4790 1960 4827 non
1987 4772 2240 4841 paenitebit
2261 4789 2396 4835 eum,
2429 4781 2482 4825 et
2503 4772 2622 4824 alia:
2645 4770 2963 4837 Antiphonae
3000 4783 3119 4822 cum
3151 4768 3263 4821 suis
3292 4767 3438 4820 Psal-

1858 4868 1980 4920 mis.
2032 4865 2113 4919 Ad
2150 4864 2476 4935 Magniﬁcat,
2518 4861 2839 4931 Significavit
2878 4859 3129 4912 Dominus
3169 4857 3348 4911 Petro.
3382 4857 3435 4908 ln

1859 4956 2028 5024 primo
2057 4963 2318 5007 nocturno
2363 4961 2389 4988 ι
2422 4950 2625 5020 Vigilue
2676 4949 2861 5018 incipit
2905 4948 3234 5017 primicerius
3285 4948 3437 4999 Anti-

1859 5048 2088 5116 pbonam
2112 5061 2123 5097 ι
2146 5044 2211 5096 1η
2227 5059 2425 5098 omnem
2437 5052 2622 5095 terram
2636 5041 2785 5095 exivit
2805 5056 2961 5093 sonus
2980 5054 3187 5102 eorum;
3212 5038 3437 5100 Psalm.,

1860 5137 1983 5191 Caeli
2013 5142 2270 5199 cnarrant,
2302 5141 2357 5187 et
2400 5132 2518 5185 alia:
2546 5130 2867 5198 Antiphonta
2916 5128 3277 5198 apostolorqu
3311 5142 3437 5179 nuc-

1864 5229 2098 5282 turnales
2141 5241 2263 5280 cum
2310 5223 2423 5278 suis
2474 5221 2715 5276 Psalmis.
2776 5221 2912 5275 Tres
2957 5220 3212 5274 lectiones
3260 5219 3441 5284 legunt

1860 5315 2099 5371 eanouici
2132 5315 2199 5369 de
2239 5312 2456 5367 Actibus
2484 5310 2846 5378 apostolorum
2877 5324 2891 5361 :
2926 5308 3112 5361 Petrus
3135 5316 3184 5360 et
3210 5304 3439 5360 Joannes

1858 5407 2194 5462 ascendebant
2222 5406 2276 5457 in
2305 5403 2570 5469 templum,
2595 5408 2650 5455 et
2682 5408 2899 5454 canunt
2929 5402 3030 5453 tria
3072 5399 3434 5466 responsoria.

1846 5543 1993 5596 nario
2016 5543 2162 5611 posui
2188 5540 2317 5591 duas
2345 5536 2543 5611 vigilias
2572 5524 2629 5611 in
2662 5542 2834 5587 nostra
2864 5530 3260 5603 Atttipltouario,
3293 5529 3432 5590 scili-

1849 5623 1933 5668 cet
1963 5605 2057 5681 pro
2084 5610 2219 5665 festo
2242 5609 2411 5663 sancti
2441 5605 2604 5660 Petri.
3041 5620 3046 5625 -
