4008 6310
543 267 675 325 1051

1215 267 1558 324 APPENDIX
1604 268 1696 322 AD
1734 268 1793 322 S.
1837 266 2125 323 CREGOR?

2236 265 2422 322 [AGNI
2462 266 2836 325 LITUllGlCA
2872 271 3124 327 OPERA.

3687 278 3828 330 10722

541 383 739 440 Deinde
778 382 982 452 judice:
1022 384 1201 448 legunt
1225 381 1358 434 duas
1401 381 1659 436 lectiones
1684 383 1751 435 de
1780 382 2121 436 sermonibus
2151 382 2194 438 Α
2230 380 2351 432 facit
2385 379 2697 446 Vesperum,
2726 390 2780 436 et
2807 382 3043 437 officium
3076 399 3170 452 per
3197 393 3361 438 totam
3387 392 3411 419 °
3440 397 3686 441 noctem.
3711 389 3825 441 Ma-

539 475 899 541 apostolorum
931 471 1076 525 Petri
1116 481 1168 524 et
1202 470 1386 534 Pauli;
1430 483 1634 526 sextam
1669 472 1794 540 legit
1819 473 2125 540 episcopus,

538 568 819 635 scptimam
852 564 1156 627 cardimlis,
1185 574 1426 616 octavam
1459 564 1605 631 prior
1631 564 1994 630 basilicarins;
2026 581 2124 619 no-

539 673 657 710 nam
702 655 830 722 legit
878 654 1126 706 dominus
1172 668 1305 720 papa
1343 653 1412 708 tl'e
1443 653 1781 722 expositione
1827 654 2118 724 Evangelii.

541 744 901 812 ltesponsoria
939 752 1156 797 Canlattl.
1195 750 1444 797 cantores
1497 754 1550 798 et
1604 745 1914 800 basilicarii.
1953 745 2125 798 Finita

541 853 667 890 vero
712 835 939 889 lectione
984 834 1186 886 domini
1236 849 1420 902 papas,
1461 836 1799 903 primicerius
1843 836 1974 890 dicit
2013 835 2128 889 :Te

542 930 739 988 neum,
791 935 848 979 et
896 940 1027 994 papa
1078 925 1209 979 dicit
1246 926 1586 989 Orationem,
1617 937 1671 981 et
1704 927 1993 982 benedicit.
2047 927 2126 980 Ad

538 1017 853 1070 Matutinmn
904 1027 1154 1070 cantores
1203 1025 1419 1070 cantant
1473 1015 1833 1070 lnvitatorium
1881 1033 1894 1068 :
1942 1017 2128 1086 Regem

537 1105 894 1171 apostolorum
927 1105 1220 1168 Dominum,
1250 1116 1304 1158 et
1349 1105 1540 1159 Venite.
1577 1105 1877 1174 Antiphonta
1912 1123 1926 1159 :
1961 1106 2021 1160 Si
2050 1108 2128 1159 di-

538 1198 656 1266 ligis
685 1213 784 1260 me,
817 1196 1000 1251 Simon
1031 1195 1217 1257 Petre;
1247 1195 1508 1259 Psalmus,
1553 1194 1739 1248 Beatus
1771 1196 1865 1256 vir,
1900 1195 2055 1266 150
2075 1204 2130 1249 et

542 1287 663 1341 alia:
691 1286 1011 1354 Antiphone:
1042 1300 1161 1338 cum
1192 1284 1304 1338 suis
1333 1284 1580 1349 Psalmis,
1610 1285 1749 1338 sicut
1790 1286 1840 1338 in
1869 1287 2130 1352 Antipho-

544 1378 698 1431 nario
729 1377 1005 1430 invenitur
1035 1376 1316 1443 Scriptum.
1348 1375 1632 1430 Lectiones
1673 1375 1920 1446 leguntur
1946 1391 2012 1430 eo
2042 1391 2131 1429 or-

543 1470 669 1522 dine
693 1469 884 1538 quoin
936 1467 1114 1536 vigilia
1144 1469 1255 1522 sive
1311 1467 1363 1520 iu
1415 1466 1721 1520 Dominicis.
1768 1468 1898 1522 Tres
1930 1468 2127 1521 Psalmi

541 1568 850 1625 cantantur,
882 1560 1020 1612 sicut
1064 1560 1232 1624 prius.
1275 1559 1547 1613 Matutinm
1596 1559 1807 1612 Laudes
1851 1568 2131 1611 tantatttur

540 1665 665 1704 cum
696 1648 1020 1717 Antipltona,
1060 1647 1244 1702 Petrus
1284 1656 1330 1700 et
1357 1647 1604 1712 Joannes,
1637 1657 1692 1701 et
1737 1649 1953 1715 reliquis
1979 1646 2131 1704 Anti-

2229 483 2296 520 nc
2326 466 2450 521 facit
2481 469 2698 522 Missam
2725 469 2966 525 Romano
2998 474 3214 540 populo,
3244 483 3298 527 et
3322 475 3595 543 accipiunt
3622 477 3828 532 schola:

2230 572 2325 623 pro
2355 556 2617 613 beneficio
2642 559 2711 611 ab
2738 560 2964 615 ecclesia
2989 577 3080 615 vm
3105 561 3310 616 solidos
3335 563 3719 619 denariorum.

2299 645 2387 698 71.
2432 646 2486 699 1η
2517 647 2693 715 vigilia
2723 657 2923 703 sancta:
2950 651 3152 719 Mariae,
3179 667 3358 720 mane,
3389 654 3650 711 dominus
3691 673 3828 726 papa

2227 748 2348 787 cum
2375 734 2754 802 cardinalibus,
2784 738 3121 795 discaiceatis
3173 743 3420 811 pedibus,
3473 744 3606 801 facit
3634 762 3712 800 vn
3742 764 3835 816 εε-

2230 841 2352 889 nua,
2383 834 2439 879 ct
2464 827 2637 894 aperit
2663 829 2972 897 imaginem,
2999 840 3056 884 et
3081 832 3357 887 osculatur
3387 835 3554 903 pedes
3587 835 3834 898 Domini.

2228 927 2281 969 et
2305 917 2523 986 deponit
2545 918 2726 988 jusum
2755 919 2776 993 [
2806 919 2870 974 ld
2905 931 3013 986 est,
3045 923 3300 977 deorsum
3327 923 3378 994 ],
3425 930 3701 981 cantando
3764 929 3834 981 Te

2230 1005 2396 1060 Deum
2426 1007 2719 1072 laudamus,
2747 1011 2888 1078 quod
2920 1012 3201 1066 constituit
3226 1013 3337 1068 Leo
3385 1026 3616 1084 quartus
3665 1033 3830 1086 papa.

2303 1097 2394 1151 72.
2436 1098 2492 1152 In
2523 1100 2902 1168 Assumptione
2931 1113 3133 1158 sanctae
3162 1105 3365 1169 Mariae,
3397 1109 3656 1163 dominus
3687 1123 3831 1178 papa

2231 1201 2350 1241 cum
2379 1190 2526 1243 omni
2553 1190 2702 1244 curia
2731 1190 2858 1246 facit
2909 1192 3227 1262 Vesperum,
3275 1207 3331 1252 et
3377 1198 3588 1268 vigilias
3633 1215 3831 1255 novem

2233 1277 2515 1332 lectionem
2566 1280 2618 1333 in
2650 1283 2877 1338 ecclesia
2931 1294 3131 1340 sanctze
3179 1287 3358 1343 Mariae
3406 1290 3652 1357 Majoris.
3685 1289 3826 1344 Cum

2233 1368 2427 1422 fuerint
2455 1371 2638 1434 liniue,
2685 1377 2971 1428 revertitur
3016 1375 3366 1431 Lateranum.
3412 1379 3735 1433 Cardinales
3776 1393 3834 1435 et

2232 1458 2481 1514 diacones
2504 1462 2773 1529 accipiunt
2801 1464 3087 1532 imaginem
3114 1467 3239 1522 Jesu
3265 1467 3501 1534 Christi,
3533 1479 3590 1524 et
3617 1472 3833 1526 abstra—

2234 1550 2364 1604 hunt
2387 1551 2453 1605 de
2483 1552 2701 1608 basilica
2730 1555 2904 1609 sancti
2956 1556 3229 1612 Laurentii
3275 1574 3395 1614 cum
3423 1563 3570 1616 omni
3601 1565 3826 1631 populo,

2236 1648 2511 1706 portantes
2539 1656 2656 1696 eam
2687 1659 2783 1712 per
2804 1659 3048 1714 campum
3094 1647 3414 1703 Lateranum
3441 1651 3596 1718 juxta
3641 1652 3830 1706 basili-

544 1744 738 1811 phonis
771 1758 892 1797 cum
927 1743 1174 1797 Psalmis.
1215 1743 1367 1797 Mane
1395 1743 1462 1796 ad
1492 1743 1704 1797 Missam
1747 1743 1948 1796 domini
1980 1757 2125 1811 papa:

2237 1746 2352 1786 cam
2384 1735 2556 1788 sancti
2584 1734 2848 1802 Gregorii.
2874 1735 3100 1793 Crucem
3132 1740 3472 1795 stationalem
3506 1752 3683 1810 portat
3731 1759 3822 1797 re-

549 1834 750 1888 debent
790 1849 909 1888 esse
941 1833 1145 1897 laudes,
1191 1842 1247 1887 et
1274 1835 1520 1887 coronari
1554 1833 1607 1886 in
1641 1843 1783 1886 tanta
1822 1833 2128 1898 festivitate,

548 1926 701 1992 cujus
729 1925 958 1978 vicarius
983 1935 1084 1976 est.

619 2015 707 2067 68.
752 2014 888 2067 Infra
939 2015 1165 2066 Octavas
1209 2011 1374 2065 sancti
1403 2011 1647 2076 Joannis,
1675 2021 1730 2065 et
1766 2012 1933 2064 sancti
1968 2009 2128 2072 Pctri,

545 2112 601 2157 et
629 2103 798 2156 sancti
830 2102 1121 2164 Laurentii,
1154 2113 1207 2155 et
1251 2109 1452 2155 sancta:
1495 2101 1695 2166 Marize,
1721 2110 1774 2156 et
1797 2101 1997 2155 Natalis
2030 2102 2133 2152 llo-

550 2193 701 2256 mini,
733 2201 787 2246 et
819 2192 1149 2260 Epiphania',
1194 2191 1295 2245 hoc
1325 2192 1558 2245 ofﬁcium
1588 2194 1664 2244 fit.
1696 2192 1830 2246 Tres
1859 2191 2046 2259 psalmi
2077 2202 2132 2244 et

547 2292 654 2335 tres
683 2282 960 2346 feetiones,
989 2291 1044 2335 et
1092 2297 1250 2336 omne
1299 2282 1533 2336 officium
1581 2283 1648 2336 de
1677 2283 1983 2345 festivitate,
2031 2284 2130 2337 nisi

545 2372 708 2424 fuerit
734 2373 872 2426 inter
901 2387 996 2425 eos
1020 2373 1137 2428 dies
1175 2374 1434 2426 festivitas
1462 2389 1515 2426 tx
1545 2374 1854 2427 lectionum.

537 2524 546 2533 ,
618 2464 706 2518 69.
750 2464 806 2517 ln
834 2463 1120 2518 festivitate
1158 2465 1329 2518 sancti
1360 2464 1513 2518 Pauli
1553 2465 1695 2518 vadit
1729 2465 1974 2520 Pontifex
2006 2466 2132 2520 illuc

551 2566 672 2607 cum
705 2554 952 2608 omnibus
981 2555 1211 2618 scholis;
1245 2553 1372 2608 facit
1396 2555 1679 2623 Vesperas,
1727 2567 1779 2610 et
1825 2557 1982 2611 habet
2010 2573 2130 2610 cum

554 2645 802 2698 omnibus
846 2660 1052 2700 (mnam
1086 2647 1153 2700 de
1195 2646 1441 2699 ecclesia.
1489 2644 1725 2700 Perfecta
1764 2662 1938 2710 caena,
1972 2647 2133 2701 intrat

548 2733 613 2785 ad
653 2732 885 2801 Vigilias.
919 2735 1164 2788 Monachi
1197 2736 1439 2810 ecclesia:
1481 2735 1662 2804 legunt
1708 2746 1816 2790 tres
1847 2737 2127 2799 lectiones,

546 2823 740 2876 Saulus
773 2823 941 2875 adhuc
974 2824 1176 2892 spirans
1205 2824 1498 2888 minarum;
1526 2835 1745 2878 cantant
1767 2825 1864 2879 tria
1891 2826 2133 2893 Respon-

543 2916 721 2977 soria;
757 2929 850 2982 pro
879 2929 1196 2982 unoquoque
1222 2915 1586 2983 Restionsorio
1631 2919 1903 2985 accipiunt
1945 2918 2012 2970 ab
2042 2933 2131 2970 ar—

543 3004 859 3057 chidiacono
888 3018 924 3056 ιι
952 3004 1202 3057 denarios
1221 3004 1288 3058 de
1313 3006 1496 3060 decem
1519 3015 1575 3060 et
1596 3017 1717 3060 octo
1739 3008 1975 3061 denariis
1998 3022 2130 3076 quos

2235 1820 2506 1888 gionarius
2533 1833 2653 1892 post
2672 1840 2831 1890 eam;
2867 1838 2986 1894 post
3027 1844 3184 1897 quam
3219 1832 3496 1887 Processio
3523 1834 3686 1894 curias
3737 1851 3828 1888 or—

2234 1913 2413 1967 dinate
2456 1915 2782 1981 procedens,
2830 1921 3097 1974 cantando
3152 1920 3424 1987 Psalmos,
3471 1924 3814 1991 primicerius

2236 2017 2356 2053 cum
2425 2004 2607 2057 schola
2677 2005 3097 2074 Responsorium
3157 2011 3223 2064 de
3267 2012 3452 2066 eadem
3511 2012 3822 2070 festivitate.

2238 2089 2525 2144 Prmfecms
2554 2107 2675 2145 cum
2704 2094 2983 2149 duodecim
3014 2098 3138 2152 viris
3169 2101 3361 2165 accipit
3390 2117 3420 2153 a
3449 2103 3601 2156 curia
3643 2119 3716 2157 xtl
3750 2103 3823 2156 fa-

2235 2179 2401 2244 culas,
2434 2179 2649 2236 Ostiarii
2681 2199 2805 2239 vero
2834 2186 2966 2240 alias
3001 2204 3078 2242 xu
3109 2199 3384 2256 portantes
3411 2209 3668 2249 accensas
3694 2209 3826 2251 ante

2238 2271 2545 2340 imaginem,
2583 2275 2714 2328 Dum
2745 2277 2919 2348 imago
2953 2281 3141 2335 transit
3167 2297 3260 2349 per
3283 2299 3562 2352 campum,
3608 2289 3826 2342 cubicu~

2238 2359 2356 2414 larii
2388 2372 2528 2416 stant
2555 2364 2609 2416 in
2639 2367 2877 2421 culmine
2906 2371 3077 2424 saneti
3108 2371 3346 2442 Georgii,
3401 2385 3654 2431 tenentes
3695 2380 3826 2432 duas

2237 2456 2436 2511 faculas
2465 2473 2741 2527 accensas,
2769 2476 2902 2529 quas
2931 2463 3160 2532 imagine
3193 2476 3459 2522 transacta
3474 2470 3822 2540 exstinguunt

2236 2547 2452 2601 faculas.
2483 2548 2722 2618 Cumque
2748 2552 2925 2620 imago
2952 2556 3157 2608 venerit
3199 2556 3265 2608 ad
3312 2567 3560 2612 sanctam
3600 2559 3821 2614 Mariam

2235 2635 2458 2704 Novam,
2489 2639 2761 2708 deponunt
2790 2657 2908 2696 eam
2932 2652 3056 2698 ante
3081 2645 3390 2710 ecclesiam,
3424 2658 3480 2702 et
3525 2651 3702 2703 lavant
3729 2666 3822 2719 pe-

2236 2728 2332 2783 des
2354 2731 2469 2798 ejns
2498 2731 2567 2786 de
2597 2732 2835 2788 basilico.
2867 2734 3080 2790 Interim
3115 2739 3316 2793 schola:
3355 2739 3560 2795 faciunt
3609 2743 3822 2796 Matuti-

2237 2835 2364 2873 num
2412 2821 2466 2876 in
2514 2823 2760 2888 ecclesia,
2808 2825 2967 2878 trium
3012 2826 3220 2882 scilicet
3270 2830 3583 2883 lectionum.
3637 2832 3824 2900 Populi

2238 2924 2366 2964 vero
2419 2911 2698 2968 laudantes
2754 2924 2809 2966 et
2851 2916 3230 2971 benedicentes
3290 2919 3602 2986 Dominum,
3637 2922 3822 2976 tollunt

2237 3016 2356 3056 eam
2381 3001 2526 3069 inde,
2559 3013 2614 3058 et
2652 3014 2867 3070 portant
2890 3007 2955 3060 ad
2980 3017 3222 3062 sanctum
3251 3008 3588 3074 Adrianum;
3643 3021 3697 3066 et
3746 3013 3822 3067 ibi

543 3095 954 3150 archidiaconus
1001 3105 1280 3164 acceperat
1314 3097 1383 3152 ab
1407 3099 1507 3152 eis.
1554 3098 1682 3152 Post
1726 3101 2124 3168 reaponsorium

2236 3091 2409 3146 lavant
2438 3094 2617 3160 pedes.
2645 3095 2912 3150 Exeuntes
2951 3109 3125 3152 autem
3157 3099 3225 3153 de
3269 3103 3492 3156 ecclesia
3515 3143 3532 3167 ,
3585 3104 3811 3157 redeunt

547 3187 598 3238 in
631 3196 818 3250 quarta
846 3186 1077 3242 lectione
1113 3187 1278 3257 surgit
1305 3189 1558 3243 dominus
1585 3189 1851 3256 pontifex,
1879 3200 1935 3244 et
1967 3191 2129 3244 intrat

546 3276 612 3330 ad
655 3291 834 3331 arcam
873 3277 1059 3331 altaris
1104 3279 1277 3333 sancti
1325 3279 1496 3344 Pauli,
1542 3280 1633 3334 ubi
1661 3290 1746 3334 est
1784 3279 2027 3336 foramen
2073 3282 2126 3336 in

544 3368 710 3424 fundo
737 3384 886 3428 arcae
923 3385 1084 3438 super
1113 3386 1308 3440 corpus
1349 3371 1599 3439 apostoli.
1645 3372 1992 3440 Discoopcrto
2034 3389 2123 3439 eo,

547 3460 710 3513 mittit
733 3477 945 3515 manum
967 3463 1239 3529 deorsum,
1263 3472 1316 3515 et
1340 3462 1693 3530 apprehendit
1719 3463 2040 3516 thuribulum
2071 3465 2122 3517 in

548 3563 686 3603 unco
717 3551 932 3618 plenum
961 3551 1285 3605 carbonibus
1309 3559 1366 3606 et
1395 3553 1635 3615 iucensn,
1667 3562 1722 3606 et
1761 3553 1920 3606 trahit
1960 3553 2122 3606 foras.

551 3637 828 3692 lncensmn
860 3650 912 3693 ct
942 3640 1204 3694 carbones
1238 3641 1327 3694 dat
1359 3641 1760 3704 archidiacono,
1790 3642 2122 3698 archidiaco-

549 3744 650 3782 nus
683 3741 860 3782 autem
892 3731 980 3783 dat
1006 3745 1098 3798 per
1128 3732 1400 3800 populum,
1434 3733 1533 3785 hac
1558 3733 1786 3791 ratione.
1819 3744 1872 3786 ut
1903 3735 2127 3802 quicun—

546 3835 651 3887 que
677 3818 985 3873 febricitans
1007 3820 1196 3874 devote
1224 3821 1278 3874 in
1304 3821 1406 3874 fide
1432 3822 1676 3889 Apostoli
1698 3837 1763 3876 ex
1792 3821 1876 3876 bis
1906 3823 2124 3885 biberit,

545 3922 786 3967 sanetur.
827 3913 1026 3967 lterum
1057 3913 1226 3981 replet
1253 3913 1574 3967 thuribulum
1604 3914 1672 3968 de
1700 3915 2043 3982 carbonibus,
2073 3926 2128 3969 et

547 4005 695 4070 ponit
737 4019 897 4070 super
923 4019 1017 4059 eos
1063 4004 1340 4058 candelam
1371 4006 1591 4059 vitream
1624 4005 1836 4074 plenam
1868 4008 2122 4071 incenso;

545 4093 793 4146 accendit
838 4093 1132 4158 carbones,
1161 4103 1216 4148 et
1263 4095 1484 4149 candela
1538 4094 1723 4164 incipit
1777 4095 1969 4151 bullire
1994 4095 2124 4166 [Αι.,

546 4182 789 4254 bullire];
830 4194 883 4238 et
911 4185 1119 4252 reponit
1173 4184 1498 4240 thuribulum
1547 4187 1599 4239 in
1647 4186 1923 4253 praelibato
1963 4202 2120 4252 unco,

543 4283 599 4326 et
626 4276 931 4342 cooperitur
962 4276 1201 4329 foramen
1231 4289 1372 4329 arcae
1413 4289 1441 4326 a
1470 4275 1724 4344 pontifice
1745 4291 1908 4344 super
1928 4290 2124 4346 corpus

543 4363 681 4432 ejus.
718 4364 773 4418 lu
813 4374 1002 4433 quarta
1046 4364 1274 4418 lectione
1303 4366 1623 4427 annualiter.
1666 4366 1807 4420 sicut
1847 4367 1898 4420 in
1929 4367 2123 4436 vigiliis

2234 3198 2327 3251 per
2353 3184 2494 3238 viam
2523 3200 2624 3253 qua
2677 3198 2952 3253 venerunt,
2986 3199 3039 3243 et
3086 3200 3300 3257 portant
3345 3208 3468 3246 eam
3511 3209 3611 3261 per
3637 3209 3823 3248 arcum

2235 3274 2287 3325 in
2317 3273 2576 3342 Lathone,
2602 3277 2722 3342 quia
2755 3278 2975 3347 antiqno
3005 3287 3244 3346 tempore
3277 3296 3467 3352 magna
3518 3286 3826 3349 persecutio

2231 3371 2346 3414 erat
2374 3362 2443 3414 ibi
2465 3363 2679 3418 diaboli.
2719 3365 2922 3421 Deinde
2947 3378 3221 3423 transeunt
3260 3369 3412 3438 juxta
3464 3372 3686 3425 domum
3724 3378 3823 3426 Ur-

2234 3453 2352 3518 phei
2387 3461 2601 3521 propter
2629 3454 2954 3518 basiliscum,
2990 3458 3079 3526 qui
3126 3468 3250 3512 tunc
3282 3463 3538 3528 temporis
3587 3462 3821 3516 latitabat

2233 3543 2303 3595 ibi
2337 3541 2388 3596 in
2419 3559 2642 3599 caverna
2668 3590 2683 3614 ,
2727 3548 2880 3615 cujus
2927 3549 3100 3605 fetore
3144 3561 3200 3606 et
3239 3551 3402 3606 sibilo
3450 3552 3701 3608 homines
3749 3555 3823 3608 ibi

2234 3639 2570 3687 transeuntes
2601 3636 3035 3704 inftrtnabantur,
3067 3648 3122 3694 et
3174 3643 3562 3698 moriebantur.
3611 3645 3821 3700 Idcirco

2231 3720 2448 3789 Sergius
2489 3721 2628 3789 Papa
2658 3725 2937 3779 constituit
2983 3726 3122 3782 hanc
3168 3731 3564 3796 processionem
3615 3733 3668 3785 in
3722 3735 3822 3785 hac

2233 3819 2375 3863 tanta
2426 3811 2751 3879 festivitate,
2781 3825 3044 3884 quatenus
3075 3832 3168 3884 per
3195 3818 3379 3874 laudes
3422 3829 3689 3874 tantomm
3726 3838 3818 3889 po-

2233 3901 2522 3967 pulorum,
2568 3911 2624 3956 et
2674 3902 3107 3962 intercessionem
3169 3911 3524 3964 sanctissima:
3597 3913 3818 3980 virginis

2230 3990 2407 4046 Mariae
2435 3994 2574 4062 apud
2602 3994 2793 4059 Deum,
2825 3999 3053 4067 populus
3102 4001 3374 4056 Romanus
3401 4003 3472 4056 ab
3519 4003 3604 4058 his
3635 4018 3817 4070 persc-

2229 4081 2529 4136 cutionibus
2581 4083 2920 4141 liberaretur.
2965 4090 3331 4146 Ascendentes
3382 4093 3448 4146 ad
3483 4095 3643 4166 152
3689 4108 3818 4147 san-

2227 4182 2368 4226 ctam
2396 4174 2646 4243 Mariam,
2686 4177 2935 4233 dominus
2983 4183 3218 4249 pontifex
3269 4199 3600 4254 praeparatus
3640 4196 3816 4242 cantat

2231 4261 2467 4330 Missam,
2509 4263 2773 4321 benedicit
2800 4268 3054 4336 populum
3087 4267 3363 4340 fatigatum
3391 4289 3408 4337 ;
3448 4289 3639 4329 omnes
3669 4290 3815 4330 rece-

2228 4351 2378 4405 dunt.

543 4455 716 4510 sancti
761 4454 934 4525 Pauli,
964 4456 1095 4508 duas
1141 4455 1398 4509 lectiones
1446 4456 1626 4526 legunt
1671 4458 1941 4526 episc0pi;
1992 4460 2123 4513 dtlas
2157 4449 2204 4503 Ι)
2300 4461 2389 4515 75.
2430 4462 2700 4517 Dominica
2749 4467 2920 4534 prima
2964 4469 3161 4523 mensis
3209 4470 3542 4536 Septembris
3596 4471 3813 4539 ponitur

541 4544 874 4609 cardinales;
907 4557 1149 4598 octavam
1179 4544 1569 4612 subdiaconus;
1603 4562 1796 4601 nonam
1846 4546 2117 4616 pontifex;

549 4638 755 4705 reliqua
800 4637 1037 4707 quinque
1093 4636 1452 4705 Responsoria
1501 4648 1718 4692 cantant
1769 4648 2014 4693 cantores
2068 4650 2124 4694 et

551 4725 855 4790 basilicarii,
886 4736 936 4780 et
984 4727 1252 4795 accipiunt
1276 4728 1343 4779 ab
1383 4727 1758 4782 archidiacono
1790 4745 1912 4782 xvm
1957 4729 2122 4784 dena-

542 4817 673 4871 rios.
708 4816 861 4868 Aliud
907 4815 1144 4870 officium
1193 4818 1443 4882 efficitur,
1494 4821 1632 4874 sicut
1660 4835 1775 4874 mos
1821 4829 1920 4872 est.
1969 4821 2122 4874 Mane

542 4906 777 4974 pontifex
807 4907 1155 4960 celeberrime
1179 4919 1356 4962 cantat
1380 4908 1610 4972 Missam,
1642 4920 1693 4962 et
1735 4910 1934 4963 schola:
1975 4912 2117 4965 acci-

541 5001 693 5066 piunt
721 5000 789 5051 ab
834 4999 1060 5052 ecclesia
1105 5015 1201 5066 pro
1228 5001 1488 5055 beneficio
1519 5001 1818 5055 festivitatis
1866 5017 1917 5054 tv
1960 5003 2117 5056 solid.

538 5087 606 5141 de
633 5087 883 5142 monetis.

611 5178 701 5233 το.
745 5177 802 5231 ln
837 5176 1088 5232 Kalendis
1118 5178 1341 5248 Augusti
1387 5181 1601 5250 ponitur
1647 5182 1782 5238 liber
1818 5183 2120 5240 Salomonis

539 5283 708 5338 usque
732 5269 788 5324 in
835 5270 1099 5326 Kalendas
1131 5271 1480 5340 Septembris.
1518 5271 1574 5327 ln
1618 5273 1905 5330 festivitate
1949 5279 2120 5332 sancti

541 5357 813 5416 Laurentii
844 5361 1090 5417 dominus
1119 5363 1358 5432 pontifex
1395 5363 1545 5434 151
1579 5365 1630 5418 in
1671 5366 1885 5420 basiliCa
1917 5365 2035 5434 ejus
2067 5371 2114 5422 in

489 5450 668 5526 Itagro
698 5450 928 5518 Verano,
965 5452 1052 5507 ubi
1101 5451 1411 5522 requiescit,
1453 5469 1574 5506 cum
1620 5455 1865 5508 omnibus
1917 5457 2116 5512 scholis

539 5641 684 5701 dum.

2231 4549 2364 4606 liber
2392 4551 2494 4607 Job
2517 4563 2570 4607 et
2599 4555 2800 4620 Tobias,
2831 4557 3012 4612 Jttdith
3042 4569 3099 4614 et
3144 4561 3371 4627 Esther,
3414 4577 3584 4630 usque
3629 4564 3678 4615 in
3713 4564 3814 4614 Do-

2230 4641 2426 4695 minica
2456 4647 2621 4710 prima
2648 4648 2847 4699 mensis
2876 4647 3141 4702 Octobris.
3171 4650 3225 4702 ln
3247 4663 3352 4718 quo
3379 4665 3562 4704 mense
3593 4662 3675 4704 est
3700 4650 3808 4704 Na-

2231 4733 2410 4787 tivitas
2437 4745 2638 4788 sanctae
2660 4736 2856 4801 Mariae,
2903 4753 3023 4806 qua:
3069 4738 3140 4792 ita
3177 4740 3480 4794 celebratur
3505 4755 3534 4792 a
3565 4743 3811 4808 pontilite

2230 4825 2578 4880 celeberrime
2604 4830 2655 4880 in
2687 4839 2873 4881 sancto
2909 4828 3166 4893 Adriano,
3189 4828 3275 4883 ubi
3309 4830 3366 4882 fit
3393 4829 3644 4893 collecta,
3678 4831 3810 4885 sicut

2231 4912 2284 4966 in
2308 4913 2680 4970 Purificatione
2706 4926 2761 4970 et
2784 4919 3198 4974 Annuntiatione
3222 4931 3420 4973 sancta:
3447 4919 3647 4972 Marias.

2300 5006 2387 5060 74.
2429 5010 2486 5062 ltt
2513 5012 2833 5065 exaltatione
2861 5022 3060 5064 sancite
3095 5012 3283 5066 Crucis
3303 5053 3318 5077 ,
3349 5015 3509 5066 statio
3539 5011 3809 5066 Laterani.

2231 5096 2312 5150 Fit
2339 5097 2571 5153 Collecta
2600 5100 2664 5153 ad
2692 5111 2928 5154 sanctam
2959 5101 3172 5155 Mariam
3205 5103 3459 5167 Maiorem
3484 5144 3498 5167 ,
3553 5103 3643 5156 ubi
3680 5117 3807 5155 crnx

2224 5190 2539 5256 stationalis,
2583 5200 2637 5245 et
2663 5191 2867 5257 schola,
2895 5202 2948 5246 et
2969 5193 3280 5262 regionarii,
3309 5203 3362 5248 et
3387 5195 3646 5263 acolythi,
3676 5207 3803 5247 coa-

2222 5281 2492 5335 dunantur
2521 5298 2641 5336 cum
2687 5298 2846 5338 cruce
2886 5285 3055 5338 sancti
3081 5284 3300 5338 Joannis
3347 5296 3401 5339 et
3425 5286 3721 5350 canonicis,
3751 5293 3804 5336 et

2224 5385 2384 5424 cruce
2409 5383 2606 5427 sancta.-
2636 5374 2816 5427 Mariae
2864 5385 2917 5428 et
2957 5375 3251 5430 canonicis.
3301 5375 3647 5429 Primiccrius
3685 5389 3802 5428 cum
3852 5359 3876 5376 ”

2222 5476 2268 5515 si
2285 5461 2407 5515 hola
2427 5472 2605 5517 cantat
2630 5464 2924 5533 collectam,
2949 5467 3305 5521 siibdiacunus
3325 5466 3658 5537 regionarius
3685 5479 3796 5532 por-

611 5579 732 5670 fn
761 5580 1189 5639 Sacramentario
1217 5580 1544 5652 Gregoriauo
1565 5585 1864 5654 assignatur
1931 5601 2026 5656 pro
2085 5587 2186 5643 hoc
2227 5590 2360 5646 festo
2389 5594 2555 5662 prima
2595 5595 2755 5652 Missa
2777 5599 2839 5653 de
2878 5608 3042 5665 nocte,
3085 5614 3202 5670 pag.
3259 5600 3382 5665 n20,
3433 5602 3568 5670 apud
3595 5601 3793 5659 Menar-
