4008 6312
177 333 322 387 1035

1387 328 1647 384 ROMANI
1686 326 1978 382 0RDINES
2037 355 2106 368 -—
2149 326 2234 381 XI.

3303 332 3438 389 ιοῦι

157 456 248 498 tut
279 458 494 499 crucem
526 442 883 496 stationalem.
931 440 983 496 ln
1018 439 1363 494 Processione
1407 450 1530 494 aute
1577 451 1758 494 canto-
1791 445 1836 500 Α
1865 442 1949 491 uia
1987 455 2140 505 apera
2163 435 2406 504 Domini,
2446 437 2698 504 Domina,
2731 447 3011 493 cantantur
3045 439 3128 494 hac
3178 439 3441 510 Antipho-

167 549 289 599 res,
318 543 371 587 et
404 532 868 599 processionaliter
900 532 1190 599 procedunt
1220 546 1388 597 usque
1432 531 1496 583 ad
1535 531 1755 584 Latera-

165 640 326 677 num.
362 623 702 676 Primicerius
739 637 858 677 cum
905 624 1090 676 schola
1139 623 1367 692 primum
1396 632 1574 676 cantat
1609 624 1758 676 Anti-

162 716 435 780 phonam,
470 711 582 766 Nos
606 722 774 765 autem
802 713 1015 782 gloriari
1043 723 1256 782 Oportet.
1291 712 1492 766 Deinde
1514 712 1757 766 canonici

157 812 380 858 sanctae
409 802 590 856 Mariae
617 800 891 855 venientes
913 801 966 856 in
988 816 1232 870 campum
1255 802 1402 872 juxta
1433 801 1758 868 Fulloniam,

159 893 245 948 ibi
275 908 396 947 cum
427 893 570 946 omni
600 892 794 960 populo
835 901 1142 960 exspectant
1165 892 1468 960 pontificem
1495 901 1550 947 et
1576 902 1599 928 ι
1629 908 1759 946 san-

159 982 379 1035 ctuaria
407 981 679 1049 alpalatio.
713 979 960 1035 Pontifex
1000 996 1128 1034 vero
1159 982 1394 1042 indutus.
1422 981 1760 1038 discalceatis

163 1071 424 1138 pedibus,
455 1087 578 1124 cum
625 1070 744 1125 aliis
787 1069 1067 1123 ordinibus
1123 1069 1401 1124 descendit
1443 1070 1510 1123 de
1539 1071 1754 1138 palatio.

164 1162 490 1216 Cardiuales
513 1171 726 1232 portant
751 1162 1050 1216 sanctuaria
1075 1161 1126 1214 in
1158 1160 1524 1226 Processione,
1556 1162 1757 1216 scilicet

163 1251 245 1304 de
276 1253 420 1321 ligno
453 1251 628 1306 crucis
657 1252 890 1317 Domini,
934 1258 988 1305 et
1015 1248 1255 1311 sandalia
1304 1248 1430 1303 Jestt
1458 1246 1678 1313 Christi,
1707 1258 1762 1304 et

162 1331 654 1397 Circumcisiuuem
705 1343 820 1406 ejus
865 1341 929 1394 ad
972 1337 1246 1396 basilicam
1288 1339 1617 1404 Salvatoris,
1668 1339 1759 1394 ubi

164 1441 256 1488 est
296 1433 479 1488 statio.
509 1434 583 1486 lbi
616 1433 851 1502 pontifex
894 1443 1073 1486 cantat
1120 1432 1376 1497 Missam;
1419 1439 1474 1487 et
1507 1441 1715 1486 cantata
1743 1472 1758 1496 ,

164 1539 368 1578 onmes
395 1525 498 1577 laeti
529 1537 650 1577 cum
677 1523 1056 1579 Benedictione
1093 1523 1353 1577 recedunt

252 1614 341 1666 75.
383 1613 661 1668 Dominica
687 1616 855 1682 prima
887 1613 1087 1668 mensis
1115 1612 1361 1667 Octobris
1391 1614 1605 1682 ponitur
1629 1598 1764 1667 liber

163 1704 632 1768 llaehabaiorum,
688 1718 858 1774 usque
904 1704 956 1757 in
1020 1703 1297 1758 Dominica
1343 1706 1512 1772 prima
1563 1705 1761 1757 mensis

1863 544 1944 582 nte
1971 547 1983 582 :
2023 525 2156 582 Dum
2179 529 2478 598 perdurant,
2507 527 2632 582 Tres
2657 529 2803 581 uideo
2829 531 2982 594 viros,
3011 540 3066 582 et
3087 531 3204 583 alia-
3235 545 3355 598 quae
3380 533 3436 587 in

1861 617 2246 685 Antiphonario
2293 618 2655 671 inveniuntur.
2688 616 2962 672 Dominica
3013 619 3180 683 prima
3245 619 3448 674 mensis

1861 707 2176 762 Novembris
2226 710 2439 775 ponitur
2488 708 2672 763 Daniel
2725 707 3010 777 propheta,
3053 718 3109 762 et
3151 710 3341 777 legitur
3385 709 3447 764 in

1865 799 2150 853 Dominicis
2174 799 2361 853 diebus
2384 814 2553 868 usque
2599 798 2666 853 ad
2697 799 2999 853 Adventum
3036 800 3265 854 Domini.
3296 799 3436 860 Infra

1861 885 2222 942 hebdomadas
2275 886 2467 957 legitur
2510 888 2580 944 de
2627 886 2946 953 Ezechiele,
2996 899 3052 944 et
3101 890 3168 944 de
3193 906 3266 944 xu
3321 906 3446 960 pro-

1863 978 2056 1046 pinetis.

1934 1071 2022 1125 76.
2065 1071 2121 1126 in
2157 1070 2446 1125 festivitate
2469 1071 2638 1124 sancti
2669 1070 2896 1125 Andrea:
2925 1070 3082 1124 debet
3121 1087 3241 1126 esse
3273 1071 3447 1127 domi—

1858 1171 1961 1211 nus
1988 1159 2220 1226 pontifex
2248 1175 2368 1214 cum
2414 1161 2662 1213 omnibus
2693 1160 2889 1214 scholis
2919 1160 2984 1213 ad
3034 1172 3274 1216 sanctum
3331 1165 3432 1216 Au-

1862 1250 2045 1303 dream
2076 1249 2128 1304 in
2162 1251 2442 1318 Vaticano,
2471 1252 2650 1320 ibique
2693 1250 3010 1313 honorifice,
3041 1251 3179 1307 sicut
3209 1253 3262 1305 in
3293 1251 3442 1304 festi-

1868 1341 2032 1395 vitate
2069 1343 2242 1396 saucti
2277 1344 2438 1408 Petri,
2479 1342 2744 1408 Vesperas
2792 1352 2847 1396 et
2887 1342 3092 1410 vigilias
3148 1341 3446 1395 celebrare.

1865 1429 2178 1484 Matutinum
2207 1445 2336 1484 vero
2359 1431 2426 1484 ad
2458 1430 2678 1484 fratrem
2702 1430 2819 1498 ejus
2851 1430 3052 1495 facere,
3091 1431 3248 1501 153
3287 1429 3338 1483 id
3368 1441 3445 1483 est

1864 1525 1929 1577 ad
1951 1526 2121 1579 altare
2143 1525 2312 1578 sancti
2330 1524 2494 1580 Petri.
2523 1523 2675 1578 Mane
2694 1524 2901 1578 canitur
2922 1524 3080 1578 Missa
3099 1538 3259 1590 super
3279 1523 3449 1578 altare

1866 1617 2278 1680 beatiAndrezn,
2321 1626 2375 1668 ut
2403 1615 2581 1670 omnis
2630 1613 2860 1683 populus
2905 1628 3028 1668 cum
3071 1613 3450 1668 Benedictione

1868 1707 2022 1763 laetus
2073 1707 2310 1762 recedat.
2368 1706 2657 1761 Prii-fectus
2713 1719 2835 1759 eum
2911 1703 3180 1772 adiutorio
3231 1703 3450 1758 decima:

161 1793 512 1850 Novembris.
538 1794 802 1849 hiediante
829 1793 1107 1859 Octuhrio,
1137 1794 1189 1848 in
1229 1793 1418 1853 futuris
1465 1794 1754 1847 Dominicis
1789 1801 1831 1858 Β
1859 1795 2121 1852 illuminat
2163 1797 2470 1862 ecclesiam,
2516 1805 2572 1851 et
2616 1797 2743 1850 facit
2783 1795 3065 1863 prandium
3114 1793 3298 1850 cut-im.
3333 1794 3444 1847 Deo

161 1887 240 1940 ad
274 1888 565 1943 matutinas
586 1886 819 1950 Laudes,
846 1886 1058 1956 quando
1088 1885 1285 1940 dicitur
1309 1884 1624 1946 Benedicite,
1650 1901 1761 1938 om-

1865 1891 2083 1957 gratias.

248 2027 275 2053 α
319 2017 372 2070 id
400 2027 481 2072 est
544 2020 832 2087 reliquias,
900 2030 956 2073 ut
1010 2034 1079 2074 ex
1144 2016 1594 2076 consequentibus
1632 2016 1962 2087 intelligitur.
2018 2021 2162 2076 idem
2210 2021 2420 2078 duobus
2449 2018 2739 2075 Codicibus
2769 2025 2962 2072 uesunt
3015 2016 3130 2070 haec
3174 2019 3358 2083 verba,
3407 2029 3449 2070 et

164 2089 473 2140 sanctuaria
503 2106 536 2141 a
569 2088 799 2142 Palatio.

173 2229 568 2246 _-———

1125 2321 1464 2382 ADDITIO
1509 2323 1625 2382 EX
1669 2322 1846 2386 COD.
1895 2323 2514 2385 VALLICELLANO

250 2436 347 2490 “il‘
375 2443 500 2490 sunt
548 2435 628 2489 fes
652 2435 886 2500 ivitates,
928 2436 981 2489 in
1024 2436 1216 2505 quibus
1243 2436 1492 2491 dominus
1532 2435 1772 2505 pontifex

170 2524 345 2583 debet
391 2530 661 2582 coronari.
719 2528 772 2581 In
829 2525 1119 2583 festivitate
1167 2528 1415 2583 videlicet
1465 2540 1769 2583 sanctorum

176 2629 406 2690 quatuor
434 2617 853 2684 Coronatorum,
901 2620 955 2672 in
1003 2619 1292 2674 festivitate
1326 2620 1494 2673 sancti
1532 2619 1766 2684 Martini,

179 2712 274 2765 ubi
301 2711 495 2765 dicitur
522 2711 705 2765 titulus
735 2710 956 2781 Equitii
981 2727 996 2775 ;
1026 2711 1076 2764 in
1107 2711 1396 2765 festivitate
1445 2712 1615 2765 sancti
1648 2711 1768 2765 Cle-

176 2800 421 2864 mentis;
450 2800 501 2852 in
541 2800 815 2854 Dominica
841 2800 910 2854 de
945 2800 1221 2864 Adventu;
1278 2800 1330 2854 in
1375 2798 1649 2854 Dominica
1697 2799 1769 2853 de

181 2888 513 2953 Ierusalem;
557 2889 606 2941 in
661 2889 930 2942 Dominica
973 2889 1042 2942 de
1073 2888 1339 2952 Gaudete,
1381 2888 1434 2942 in
1479 2888 1767 2943 festivitate

182 2977 419 3040 Domini,
451 2977 502 3031 in
529 2976 818 3031 festivitate
846 2978 1018 3031 sancti
1051 2977 1332 3047 Stephani,
1367 2977 1420 3030 in
1450 2975 1763 3046 Epiphania,

184 3066 237 3120 in
269 3067 545 3121 Dominica
574 3066 807 3134 Laetare,
856 3065 1146 3121 Jerusalem
1166 3108 1181 3133 ,
1219 3068 1272 3122 in
1299 3068 1524 3132 Pascha,
1556 3067 1607 3120 in
1637 3065 1770 3119 feria

185 3156 421 3212 set-unda
453 3156 520 3211 ad
547 3169 790 3211 sanctum
821 3157 1070 3221 Petrum,
1111 3157 1164 3210 in
1198 3155 1469 3209 Dominica
1509 3154 1619 3223 Ege
1659 3171 1774 3208 sum

188 3244 376 3300 Pastor
399 3248 579 3312 bonus,
612 3247 665 3301 in
692 3248 1044 3312 Ascensione,
1095 3248 1146 3300 in
1181 3247 1515 3310 Pentecoste,
1547 3247 1598 3299 in
1627 3245 1775 3299 festi-

189 3339 350 3390 vitate
375 3339 544 3392 sancti
569 3337 734 3403 Petri,
782 3339 838 3391 in
870 3337 1238 3392 anniversario
1261 3351 1380 3402 suo,
1407 3337 1461 3390 in
1486 3336 1774 3390 festivitate
1802 3355 1850 3416 ο

191 3427 357 3480 sancti
381 3428 646 3483 Silvestri.

260 3517 353 3571 ila:
381 3527 506 3571 stmt
533 3521 878 3578 nocturnales
908 3520 1169 3574 stationes
1197 3520 1368 3574 sancti
1393 3520 1557 3574 Petri.
1584 3519 1771 3572 Domi-

191 3610 307 3662 nica
331 3609 397 3663 de
425 3608 672 3678 Gaudete,
704 3610 1026 3682 Epiphania,
1057 3613 1320 3666 Ascensio
1377 3611 1603 3676 Domini,
1638 3612 1772 3665 Pen-

191 3711 452 3766 tecosms,
503 3702 762 3757 festivitas
806 3702 978 3758 sancti
1032 3703 1205 3767 Petri,
1254 3711 1310 3756 et
1353 3701 1472 3772 ejus
1527 3704 1769 3767 Octava;

191 3789 450 3846 festivitas
493 3795 664 3848 sancti
712 3795 964 3849 Δηὼ-εκ.
998 3793 1053 3847 in
1095 3808 1412 3863 unaquaque
1441 3808 1624 3847 earum
1666 3805 1777 3845 sta-

193 3880 398 3934 tionum
427 3883 630 3937 schola:
661 3884 864 3952 palatii,
909 3884 1117 3938 scilicet
1142 3883 1466 3948 cardinales,
1494 3883 1770 3949 diacones,

192 3968 582 4036 Subdiacones,
622 3983 870 4028 cantores
923 3974 1243 4042 regiouarii,
1288 3972 1522 4041 acolythi
1580 3974 1776 4027 debent

194 4061 390 4117 habere
416 4079 446 4116 ν
467 4065 624 4118 solid.
643 4065 770 4120 den.
791 4065 858 4122 de
869 4066 1024 4120 altari
1039 4066 1205 4120 sancti
1223 4064 1362 4120 Petri
1379 4078 1473 4134 pro
1488 4065 1771 4119 cmnatiea.

1878 2439 2300 2495 Archidiaeonus
2331 2455 2457 2495 xvnt
2485 2440 2646 2505 dem,
2684 2453 2784 2506 pro
2828 2438 2912 2492 his
2943 2438 3034 2506 qui
3084 2447 3302 2492 cantant
3349 2454 3443 2501 ιχ,

1876 2530 2120 2584 canonici
2156 2545 2229 2584 xu
2249 2531 2410 2584 solid.
2432 2573 2446 2595 ,
2480 2539 2534 2585 et
2573 2531 2639 2582 ad
2663 2530 2878 2584 Missam
2909 2528 3247 2582 medietatem
3270 2528 3452 2582 altaris

1877 2621 2016 2674 inter
2035 2635 2132 2676 eos
2159 2631 2214 2675 et
2242 2622 2548 2689 capellanos
2577 2621 2779 2674 domini
2813 2634 2964 2688 papa:
2988 2633 3156 2687 usque
3180 2619 3245 2670 ad
3272 2617 3450 2671 liuent.

1874 2710 1932 2766 Si
1960 2711 2134 2765 deerit
2160 2711 2411 2765 dominus
2441 2710 2708 2779 pontifex,
2740 2718 2797 2764 et
2822 2709 3032 2763 venerit
3057 2705 3343 2762 eardinalis
3363 2720 3449 2760 so-

1875 2801 1957 2856 lus
1981 2811 2202 2857 cantare
2246 2803 2460 2858 Missam
2487 2845 2502 2869 ,
2556 2802 2612 2856 in
2659 2815 2977 2870 quacunque
3015 2799 3248 2853 statione
3295 2807 3457 2850 totam

1874 2892 2216 2949 medietatem
2253 2893 2437 2947 altaris
2471 2893 2668 2947 habent
2715 2891 2983 2960 pradicta:
3015 2890 3233 2944 scholm.
3265 2887 3452 2942 Cardi-

1875 2981 2010 3035 nalis
2036 2982 2124 3050 qui
2171 2989 2351 3035 cantat
2381 2981 2594 3034 Missam
2619 2981 2780 3034 habet
2825 2980 3038 3034 tertiam
3067 2987 3270 3046 partem
3306 2977 3450 3029 obla-

1878 3071 2073 3136 tionis;
2099 3071 2193 3126 sed
2223 3072 2266 3124 si
2297 3071 2457 3125 habet
2476 3071 2705 3138 aliquem
2735 3070 2943 3123 socium
2968 3067 3318 3128 cardinalem,
3353 3079 3455 3118 non

1879 3163 1939 3217 fit
1968 3165 2036 3216 ita
2063 3179 2079 3226 ;
2102 3162 2194 3216 sed
2223 3163 2423 3218 oblatio
2441 3203 2456 3228 ,
2485 3162 2628 3217 sicut
2668 3174 2786 3216 mos
2811 3170 2916 3226 est,
2946 3157 3300 3214 communiter
3327 3155 3460 3210 divi-

1879 3253 2038 3306 datur
2063 3268 2156 3320 per
2192 3253 2427 3306 scholas.

1954 3345 2044 3398 lla:
2073 3354 2200 3398 sunt
2224 3345 2395 3398 sancti
2419 3343 2562 3397 Petri
2593 3343 2798 3396 diurnae
2821 3341 3098 3395 stationes.
3123 3339 3179 3391 In
3211 3333 3463 3390 omnibus

1879 3435 2126 3488 Sabbatis
2155 3443 2384 3501 quatuor
2413 3441 2742 3501 temporum,
2775 3433 2830 3484 in
2878 3430 3152 3482 Dominica
3177 3427 3452 3492 Quinqua-

1876 3524 2121 3591 gesimaa,
2157 3523 2433 3577 Dominica
2482 3523 2534 3574 in
2584 3521 2867 3587 Passioue,
2915 3518 3043 3573 feria
3076 3515 3309 3571 secunda
3340 3525 3454 3582 poso

1878 3613 2101 3678 Pascha,
2135 3611 2408 3667 Dominica
2442 3609 2554 3682 Ego
2580 3626 2694 3664 sum
2741 3609 2928 3661 Pastor
2958 3608 3140 3669 bonus,
3173 3606 3224 3658 in
3253 3603 3458 3656 litanias

1879 3708 2130 3771 majores,
2162 3705 2216 3760 in
2249 3704 2616 3768 Dedicatione,
2647 3711 2702 3757 et
2726 3703 2776 3756 in
2798 3701 3067 3755 Cathedra
3095 3698 3264 3751 sancti
3289 3697 3456 3752 Petri.

1879 3793 1933 3846 iu
1965 3807 2278 3862 unaquaque
2306 3794 2493 3846 harum
2521 3793 2806 3846 stationum
2848 3789 3114 3856 accipiunt
3140 3803 3172 3839 v
3203 3784 3360 3840 solid.
3404 3794 3456 3837 et

1879 3885 2228 3940 oblationem.
2257 3885 2363 3939 Sed
2393 3884 2644 3938 dominus
2673 3881 2909 3948 poritifex
2953 3879 3143 3945 accipit
3189 3875 3346 3950 15!.
3391 3890 3458 3928 xx

1877 3975 2032 4029 solid.
2062 3977 2117 4029 in
2145 3976 2418 4029 nocturnis
2443 3974 2764 4028 stationibus
2789 4011 2803 4035 ,
2843 3971 3056 4039 quando
3097 3969 3464 4023 accenduntur

1880 4075 1904 4101 °
1940 4065 2106 4129 retia;
2138 4066 2269 4120 etin
2300 4064 2527 4128 diurnis,
2557 4063 2770 4132 quando
2789 4062 3156 4114 accenduntur
3202 4056 3454 4114 candelis.

262 4197 291 4225 ιι
331 4187 561 4243 Pharum
590 4191 694 4244 alio
726 4189 943 4244 nomine
969 4189 1260 4256 appellant,
1306 4183 1358 4238 id
1391 4194 1473 4239 est
1499 4184 1769 4238 lucernam
1809 4183 2163 4238 orbicularem
2218 4196 2341 4237 cum
2406 4188 2558 4235 certo
2597 4177 2932 4231 lucernarum
2981 4181 3074 4225 aut
3114 4170 3456 4225 candelarmn

193 4275 440 4314 numero.

200 4351 3457 4403 ’_____________________________________________._______

1493 4455 2127 4540 APPENDIX.

1153 4617 1482 4677 JOANNIS
1531 4613 1751 4676 PAP}E
1797 4612 1952 4672 XIX
1999 4619 2026 4647 ⁸
2072 4608 2429 4670 DIPLOMA
2465 4649 2483 4678 ,

238 4744 350 4809 Qua
378 4741 678 4808 facultatem
705 4741 934 4795 concedit
961 4743 1196 4810 episeopo
1225 4740 1384 4795 Silva:
1412 4737 1675 4818 Caudidw.
1694 4736 1864 4858 diuina
1892 4733 2055 4802 ofﬁcia
2095 4733 2243 4784 certis
2272 4729 2452 4783 diebus
2482 4721 2769 4779 celebrandi
2798 4723 2850 4774 in
2875 4722 3086 4775 ecclesia
3107 4721 3272 4774 sancti
3288 4721 3428 4777 Petri

1658 4824 1710 4858 in
1795 4816 2018 4856 auc-auo.

1658 4816 1710 4859 in
1753 4816 2018 4858 Valte-(m0.

273 4929 500 4984 Joannes
531 4928 834 4995 episcopus,
866 4941 1052 4980 servus
1102 4939 1378 4980 servorum
1432 4925 1548 4988 Dei,
1577 4923 1773 4975 dilecto
1808 4924 1856 4982 D
1883 4931 2107 4984 rumque
2138 4911 2486 4968 concedimus
2513 4919 2568 4965 et
2597 4909 2982 4964 confirmamus
3006 4905 3158 4961 vobis
3188 4905 3239 4959 in
3266 4920 3461 4975 perpe-

210 5019 314 5073 lilio
328 5017 489 5072 Petro
516 5018 609 5072 L’ei
639 5018 804 5086 gratia
836 5018 1089 5085 episc0po
1135 5017 1292 5071 Silvae
1317 5014 1568 5068 Candida:
1601 5013 1781 5067 Eccle-

207 5110 318 5175 site,
345 5118 399 5163 et
430 5124 523 5177 per
563 5120 598 5163 ιι
645 5110 820 5164 eidem
851 5109 1144 5163 venerabili
1184 5107 1478 5177 episc0pio,
1504 5119 1781 5161 successo-

208 5195 456 5266 ribusque
505 5198 608 5252 tuis
654 5199 704 5250 in
755 5207 1095 5267 perpetuum.
1161 5196 1423 5251 Convenit
1490 5196 1781 5264 apostolico

210 5285 558 5342 tuoderamini
595 5288 678 5356 pia
706 5289 959 5357 religione
989 5288 1312 5357 pollentibus
1343 5287 1600 5341 benevola
1627 5300 1780 5338 com-

211 5377 452 5444 passinne
489 5394 843 5443 succurrere,
902 5388 958 5434 et
1011 5383 1340 5448 poscentium
1391 5376 1582 5429 animis
1622 5371 1782 5428 alacri

210 5467 488 5522 devotione
536 5469 794 5537 impertiri
836 5484 1135 5524 assensum.
1181 5468 1247 5522 Et
1293 5466 1448 5538 paulo
1499 5464 1785 5536 post:lte-

1883 5018 2031 5062 tuum
2063 5005 2342 5060 ecclesiam
2385 5011 2684 5058 sanctarum
2736 4999 2939 5053 Rufina:
2979 5008 3031 5051 et
3076 4997 3358 5062 Secunda},
3387 4996 3460 5051 si-

1884 5110 1994 5155 tam
2021 5099 2204 5152 Romm
2233 5098 2382 5166 juxta
2413 5095 2664 5164 palatium
2715 5100 2955 5146 nostrum
2984 5131 2999 5156 ,
3045 5105 3167 5143 cum
3213 5090 3463 5142 omnibus

1883 5190 1948 5245 ad
1982 5205 2100 5244 eam
2143 5188 2573 5257 pertinentibus;
2608 5195 2662 5239 et
2701 5182 3043 5237 concedimus
3075 5191 3130 5235 et
3183 5182 3462 5233 confirma-

1886 5299 2003 5338 mus
2033 5281 2185 5336 vohis
2232 5281 2283 5334 in
2333 5287 2642 5347 perpetuum
2689 5274 2972 5327 ecclesiam
3024 5281 3223 5326 sancta:
3264 5269 3462 5332 Mariae,

1887 5388 2007 5426 cum
2037 5370 2287 5425 omnihus
2334 5368 2444 5421 suis
2473 5364 2807 5436 pertinentiis
2838 5363 2972 5417 infra
3023 5363 3158 5417 hanc
3198 5362 3461 5415 civitatem

1897 5461 2214 5527 Romanam,
2239 5476 2343 5515 non
2371 5459 2526 5526 longe
2572 5471 2601 5509 a
2639 5463 2821 5508 monte
2850 5455 2939 5524 qui
2983 5455 3218 5522 Augusta
3248 5449 3460 5505 dicitur.

281 5611 304 5635 ι
341 5599 441 5665 Qui
470 5601 624 5656 nobis
654 5601 887 5657 Joannes
918 5601 1203 5670 XX,cujus
1235 5614 1403 5653 anuus
1438 5598 1623 5653 tertius
1669 5594 1919 5652 coincidit
1965 5592 2017 5649 iu
2057 5608 2254 5650 annum
2306 5591 2464 5661 1026,
2515 5589 2804 5647 indictione
2853 5587 3038 5658 tertia,
3085 5604 3113 5643 a
3163 5585 3462 5658 Septembri

216 5691 456 5761 inempta.
