4008 6292
595 289 735 343 1055

1280 285 1625 340 APPENDIX
1665 286 1753 339 AD
1794 284 1851 340 S.
1894 283 2221 340 GREGORII
2262 285 2477 342 MAGNI
2520 287 2886 345 LITURGICA
2930 292 3183 349 OPERA.

3744 301 3880 353 {0353

598 407 909 473 Pariterque
937 399 1280 456 concedimus
1310 407 1364 452 et
1392 400 1771 451 conﬁrmamus
1791 398 1944 453 vobis
1962 398 2181 452 vestris-
2212 401 2257 454 Α
2290 408 2693 469 vestrorumque
2722 418 3096 459 successorum
3142 405 3411 470 similter,
3462 418 3680 464 remota
3730 416 3879 465 omni

595 509 700 562 que
730 488 1124 547 successoribus
1181 488 1231 539 in
1276 495 1611 554 perpetuum,
1643 487 1795 540 siculi
1825 502 1853 540 a
1886 498 2180 542 memorato

593 594 780 637 saneto
809 595 962 647 papa,
994 580 1105 631 sive
1130 593 1159 631 a
1207 579 1416 631 caeteris
1456 578 1940 646 praedecessoribus
1982 581 2179 633 nostris

593 670 930 738 pontiﬁcibus
961 682 1213 721 concessa
1246 677 1299 720 et
1324 668 1637 721 conﬁrmata
1668 668 1899 734 fuerunt,
1929 669 2181 724 videlicet

598 758 914 812 monasteria
945 757 1201 824 quinque,
1237 757 1407 810 sancti
1438 757 1718 825 Stephani,
1750 768 1803 810 et
1831 768 2031 811 sancta:
2059 759 2174 812 Ma-

591 850 705 914 ria),
735 858 1144 916 sanctorumque
1169 849 1388 903 Joannis
1416 857 1471 901 et
1518 848 1689 915 Pauli,
1742 858 1797 904 et
1844 850 1984 904 beati
2035 850 2176 903 Mar-

591 938 703 998 tini,
729 944 887 1006 atque
913 936 1229 999 Jerusalem,
1275 937 1563 990 constituta
1604 937 1752 1005 juxta
1804 952 2049 1007 magnam
2080 953 2174 993 ec-

588 1029 804 1082 clesiam
828 1029 998 1082 sancti
1022 1029 1183 1093 Petri,
1202 1044 1323 1083 cum
1347 1030 1593 1083 omnibus
1605 1045 1790 1084 eorum
1815 1032 2172 1099 pertinentiis,

588 1134 877 1188 omnesque
930 1121 1362 1175 consecrationes
1392 1134 1511 1189 qua;
1554 1121 1749 1174 ibidem
1788 1130 1950 1187 sunt,
2000 1131 2093 1175 aut
2122 1123 2173 1176 in

586 1209 805 1275 prmfata
834 1209 1059 1262 ecclesia
1090 1210 1259 1262 sancti
1286 1208 1450 1275 Petri,
1474 1220 1566 1263 aut
1595 1210 1644 1263 in
1671 1212 1878 1265 caeteris
1907 1213 2171 1279 ecclesiis,

586 1309 855 1364 quaesout
886 1299 1191 1353 constituta:
1242 1301 1292 1353 in
1341 1309 1445 1353 tota
1496 1302 1715 1356 civitate
1745 1302 2015 1357 Leoniana
2043 1321 2059 1368 ;
2093 1314 2168 1370 et,

584 1388 629 1442 si
658 1389 1017 1443 necessarium
1073 1390 1230 1443 fuerit
1272 1405 1363 1443 eas
1407 1405 1747 1454 consecrare.
1802 1393 1979 1447 nullus
2035 1396 2170 1449 alius

586 1481 869 1548 episcopus
898 1479 965 1532 ad
996 1480 1101 1533 tale
1130 1480 1520 1548 ministerium,
1576 1484 1659 1536 vel
1707 1485 2167 1539 consecrationem

586 1569 842 1623 accedere
876 1578 1161 1637 prtesumat
1184 1609 1198 1633 ,
1232 1571 1332 1624 nisi
1380 1586 1474 1624 vos
1504 1573 1773 1641 vestrique
1827 1588 2173 1629 successores

592 1659 747 1729 155
798 1660 1035 1727 episcOpi
1080 1669 1277 1714 sancta:
1326 1662 1485 1715 Silvze
1538 1661 1792 1719 Candida:
1832 1666 2073 1720 ecclesia:
2119 1668 2169 1719 in

2284 489 2726 557 contradictione,
2753 493 3003 547 deveniat
3030 494 3188 564 156
3219 504 3561 564 potestatem.
3595 498 3655 551 In
3682 501 3882 569 quibus

2282 577 2443 632 dictis
2463 580 2697 649 quinque
2723 581 2935 648 diebus,
2981 584 3028 637 si
3059 586 3209 639 vobis
3251 588 3551 655 vestrisque
3580 604 3884 643 successo-

2282 666 2427 720 ribus
2475 669 2607 724 utile
2634 672 2807 726 visum
2858 674 3049 738 fuerit,
3083 675 3314 743 aliquem
3364 676 3725 733 diaconorum
3758 696 3885 733 nos-

2282 765 2483 811 trorum
2508 761 2811 817 ministrare
2830 763 2898 817 ob
2922 763 3179 820 honorem
3202 766 3371 822 sancti
3395 768 3539 821 Petri
3560 778 3618 822 et
3640 779 3880 824 vestram

2283 849 2634 902 reverentiam
2708 852 2955 907 volumus
3024 865 3230 923 petere.
3302 856 3629 913 Palestatem
3692 870 3879 913 autem

2280 936 2519 1005 ejusdem
2550 943 2795 998 ecclesiae
2837 946 3007 1000 sancti
3052 947 3237 1015 Petri,
3291 958 3344 1003 et
3387 965 3551 1018 supra
3599 951 3879 1005 dictorum

2282 1030 2733 1083 monasteriorum
2765 1045 3007 1097 suorum,
3041 1042 3096 1088 et
3123 1045 3318 1091 cuneta
3374 1040 3619 1093 ecclesia:
3666 1040 3877 1107 judicia

2279 1112 2539 1185 ipsorum,
2573 1133 2666 1173 seu
2690 1122 2850 1176 totius
2869 1124 3101 1178 civitatis
3131 1124 3441 1192 Leonianze,
3468 1130 3625 1183 vobis
3653 1131 3881 1184 vestris-

2279 1222 2383 1276 que
2407 1210 2806 1265 successoribus
2830 1213 3176 1268 concedimus
3204 1225 3260 1270 et
3284 1220 3689 1273 conﬁrmamus.

2353 1298 2530 1353 Simili
2578 1300 2740 1355 modo
2794 1302 2860 1356 ad
2927 1306 3272 1373 unguendum
3329 1313 3875 1379 consecrandumqne

2279 1387 2655 1454 imperatorem
2700 1391 2926 1458 primum
2957 1404 3193 1449 vestrum
3224 1406 3280 1450 et
3307 1407 3611 1452 vestrorum
3644 1416 3874 1456 succes-

2276 1491 2459 1530 sorum
2508 1478 2879 1547 episcoporum
2914 1472 3303 1540 fraternitatem
3353 1502 3716 1544 convoeamus
3814 1504 3870 1545 ut

2278 1569 2469 1636 quibus
2499 1572 2735 1637 regimen
2768 1572 2930 1628 totius
2958 1576 3199 1629 ecclesia:
3224 1580 3395 1633 sancti
3425 1580 3567 1634 Petri
3598 1592 3653 1635 et
3678 1583 3869 1637 civita-

2278 1660 2345 1711 tis
2398 1661 2677 1714 Leoniana-
2708 1664 3054 1719 commissum
3112 1675 3233 1732 est,
3286 1669 3354 1723 ab
3398 1671 3479 1723 his
3513 1674 3741 1739 primum
3800 1680 3868 1729 sit

589 1757 930 1817 perpetuum.
964 1750 1320 1805 Concedimus
1349 1760 1402 1805 et
1438 1755 1814 1807 confirmamus
1850 1738 2009 1810 vobis
2048 1771 2169 1810 ναε-
2203 1761 2248 1819 Β
2278 1748 2449 1803 benef!
2474 1758 2609 1803 Οῐυευ
2640 1750 2855 1807 Necnon
2887 1764 3077 1808 cunCla
3128 1771 3282 1811 sacra
3313 1759 3489 1815 OmCia
3519 1777 3614 1816 seu
3664 1777 3869 1834 mystc-

585 1837 789 1908 trisque
826 1842 1226 1894 successoribus
1270 1841 1324 1895 in
1370 1853 1679 1910 perpetuum
1726 1853 1969 1899 sanctum
2026 1845 2169 1900 diem

590 1927 879 1983 Sabbatum
910 1930 976 1984 ad
1020 1918 1269 1999 baptismi
1315 1945 1706 1986 sacramentum
1753 1935 2167 2003 celebrandum,

582 2030 640 2073 et
668 2028 834 2074 totum
863 2020 1101 2075 ofﬁcium
1132 2022 1431 2077 faciendum
1461 2025 1511 2077 in
1560 2026 1792 2079 ecclesia
1820 2027 1993 2082 sancti
2023 2026 2169 2084 Petri

582 2112 832 2180 apostoli,
861 2122 1101 2182 etsupra
1136 2130 1385 2185 magnum
1415 2116 1619 2172 altare:
1650 2117 1702 2170 in
1730 2134 1837 2187 quo
1869 2121 2165 2175 venerabili

580 2204 757 2270 altari,
796 2219 889 2256 seu
919 2206 969 2257 iu
1001 2206 1358 2271 confessione,
1398 2208 1654 2278 quidquid
1678 2211 1791 2264 auri
1819 2212 1905 2266 vel
1935 2214 2168 2284 argenti,

584 2294 727 2362 pallii
758 2295 842 2349 vel
864 2310 1024 2361 certe,
1053 2297 1165 2350 sive
1194 2297 1415 2352 aliarum
1438 2314 1637 2365 rerum,
1673 2302 1901 2370 positum
1932 2310 1988 2357 et
2012 2304 2165 2358 obla-

579 2390 716 2448 tum,
761 2384 878 2439 sive
920 2385 1174 2453 jactatutn
1216 2386 1408 2455 fuerit,
1457 2391 1539 2443 vel
1586 2391 1736 2444 vobis
1786 2393 2047 2460 oblatum,
2098 2395 2167 2449 ab

585 2475 711 2528 liora
744 2476 993 2532 videlicet
1022 2478 1126 2533 diei
1161 2482 1339 2544 tertia,
1391 2497 1493 2550 qua
1527 2482 1734 2550 ingredi
1778 2485 2057 2540 ecclesiam
2098 2487 2164 2540 ad

580 2566 953 2630 ordinandum.
986 2580 1039 2624 et
1086 2572 1441 2639 peragendum
1499 2575 1735 2629 divinum
1781 2576 2018 2631 ofﬁcium
2070 2594 2168 2634 vos

582 2656 848 2723 volumus,
882 2674 1157 2728 usquequo
1194 2661 1459 2730 expletam
1493 2673 1695 2719 sancta:
1726 2665 2015 2722 Dominicm
2059 2668 2164 2723 diei

585 2748 799 2801 Missam
835 2750 1148 2813 habueritis,
1178 2768 1274 2821 per
1302 2763 1512 2809 vestros
1539 2766 1815 2811 curatores
1845 2759 1899 2812 iu
1930 2766 2160 2814 vestram

583 2846 991 2906 vestrorumque
1032 2855 1426 2908 sueressorum,
1472 2853 1677 2899 remota
1725 2847 1869 2900 omni
1899 2849 2169 2904 contradi-

577 2943 608 2983 c
635 2928 779 2995 ione,
811 2929 1056 2984 deveniat
1091 2942 1428 2998 potestatem.

657 3018 726 3071 Et
751 3018 873 3087 quia
906 3033 1073 3087 usque
1098 3022 1164 3075 ad
1195 3030 1436 3076 nostrum
1470 3031 1678 3094 tempus
1709 3027 1765 3080 in
1798 3029 2019 3095 praefata
2066 3045 2158 3086 ec-

2280 1840 2380 1901 ria,
2408 1856 2526 1905 qua:
2558 1856 2654 1895 uos
2682 1850 2737 1894 et
2760 1857 3098 1900 successores
3151 1849 3318 1902 nostri
3351 1850 3531 1907 facere
3558 1854 3821 1911 debemus
3848 1900 3864 1922 ,

2279 1929 2322 1982 si
2352 1931 2671 2000 aegritudine
2702 1934 2785 1989 vel
2840 1934 3014 2004 aliqua
3051 1951 3176 1991 cura
3233 1939 3474 2009 impediti
3527 1943 3707 1999 facere
3757 1963 3862 2001 non

2278 2037 2559 2090 possumus
2584 2065 2598 2089 ,
2635 2036 2740 2080 tam
2769 2026 2825 2080 iu
2855 2042 3016 2098 supra
3046 2029 3188 2085 dicta
3216 2033 3443 2087 ecclesia
3477 2038 3649 2089 sancti
3680 2038 3821 2092 Petri
3844 2080 3861 2100 .

2277 2124 2333 2167 et
2377 2117 2716 2171 monasteriis
2753 2120 2897 2182 suis,
2925 2135 3083 2190 quam
3134 2131 3187 2176 et
3227 2138 3321 2192 per
3374 2135 3538 2180 totam
3586 2129 3857 2183 civitatem

2274 2202 2601 2259 Leonianam
2634 2250 2647 2275 ,
2692 2223 2788 2276 per
2836 2224 2932 2265 vos
2985 2221 3298 2283 vestrosque
3351 2229 3698 2273 successores
3746 2222 3856 2273 fieri

2273 2294 2566 2359 apostolica
2630 2298 2948 2354 auctoritate
3000 2300 3353 2357 decrevimus.
3404 2305 3857 2363 Conseorationes

2276 2396 2404 2436 vero
2430 2384 2676 2457 altarium
2707 2388 2947 2443 ecclesia:
2975 2392 3147 2447 sancti
3172 2392 3337 2459 Petri,
3380 2404 3434 2449 et
3467 2396 3701 2451 aliorum
3734 2415 3857 2453 mo-

2274 2477 2671 2547 nasteriorum,
2726 2494 2934 2535 necnon
2984 2486 3414 2561 consecrationes
3461 2490 3852 2554 ecclesiarum,

2272 2562 2542 2634 altarium,
2572 2570 2940 2637 sacerdotum,
2967 2573 3309 2641 clericorum,
3342 2577 3727 2649 diaconorum,
3760 2599 3851 2638 seu

2273 2652 2695 2710 diaconissarum
2755 2661 2916 2714 totius
2984 2663 3215 2717 civitatis
3274 2664 3559 2721 Leontana:
3599 2710 3615 2733 ,
3704 2673 3853 2727 vobis

2272 2745 2574 2814 vestrisque
2596 2751 2996 2807 successoribus
3023 2754 3075 2807 in
3097 2765 3430 2823 perpetuum,
3456 2760 3599 2814 sicut
3619 2764 3854 2831 pmliba.

2273 2842 2384 2889 tum
2414 2847 2516 2904 est,
2549 2841 2893 2897 concedimus
2919 2852 2973 2898 et
2997 2848 3411 2915 conﬁrmamus;
3457 2866 3625 2920 super
3652 2870 3775 2922 qua:
3800 2867 3854 2910 et

2272 2927 2515 2981 ecclesia:
2562 2940 2867 2987 sanctarum
2916 2935 3119 2991 Ruﬁnte
3146 2948 3204 2992 et
3256 2939 3517 2996 Secunde
3544 2985 3561 3009 ,
3605 2946 3696 2998 cui
3741 2948 3847 3000 Deo

2271 3028 2489 3072 auctore
2512 3021 2829 3087 praesidetis,
2861 3024 3015 3080 vobis
3043 3028 3341 3096 veStrisque
3369 3035 3779 3112 successoribus
3802 3038 3850 3089 in

580 3106 741 3159 clcsia
772 3108 943 3160 sancti
970 3107 1137 3174 Petri,
1173 3124 1204 3163 a
1232 3125 1335 3179 qua
1364 3126 1499 3179 pene
1543 3127 1730 3169 omnes
1757 3115 2007 3171 Ecclesia:
2028 3119 2159 3173 doc-
2189 3118 2237 3181 c
2270 3109 2462 3162 eodem
2492 3112 2785 3166 venerabili
2815 3114 3088 3183 episcopio
3130 3119 3183 3172 in
3213 3129 3526 3189 perpetuum
3554 3109 3816 3179 donamus
3835 3169 3855 3192 .

585 3196 777 3249 trinam
807 3206 1147 3265 acceperunt,
1175 3200 1314 3253 sicut
1339 3215 1369 3254 a
1401 3201 1655 3270 magistra
1676 3212 1731 3258 et
1757 3204 2005 3271 domina,
2039 3209 2159 3263 dies

581 3286 856 3341 Dominica
911 3288 1250 3355 Palmarum,
1307 3299 1363 3344 et
1399 3292 1516 3346 dies
1566 3291 1750 3349 Came
1802 3295 2055 3363 Domini,
2105 3307 2157 3350 et

579 3377 877 3435 l’arasceve
905 3388 1015 3434 tam
1049 3381 1413 3438 irreverenter
1437 3383 1771 3452 colebantur,
1803 3398 1863 3441 ut
1904 3404 2003 3443 nec
2029 3389 2160 3444 Pro-

576 3468 754 3523 cessio
783 3485 904 3524 cum
952 3472 1146 3538 palmis
1196 3474 1246 3527 in
1280 3475 1393 3544 ipsa
1424 3474 1512 3530 die
1542 3476 1813 3533 Dominica
1864 3479 1933 3535 ibi
1964 3481 2154 3547 ﬁeret,

578 3572 677 3612 nec
707 3559 758 3613 in
803 3560 891 3614 die
930 3560 1112 3617 Cena:
1154 3563 1363 3618 Domini
1409 3571 1434 3600 ⁸
1468 3564 1649 3619 Gloria
1694 3569 1749 3620 in
1791 3570 2004 3623 excelsis
2052 3570 2157 3625 Deo

576 3648 880 3714 diceretur;
931 3652 1068 3705 etin
1120 3651 1415 3709 Parasceve
1455 3670 1563 3712 non
1609 3664 1715 3710 tam
1759 3670 2072 3714 reverenter
2098 3671 2158 3715 ut

575 3739 795 3794 docebat
813 3741 1043 3796 ofﬁcium
1067 3743 1137 3797 ibi
1168 3744 1346 3807 flebat,
1370 3746 1769 3814 condoluimus;
1794 3760 1849 3804 et
1871 3750 2156 3807 meliorare

576 3832 677 3886 hac
702 3834 977 3901 cupientes
1002 3850 1094 3903 per
1116 3851 1209 3890 vos
1235 3849 1552 3908 VeSll‘OSthe
1580 3853 1943 3908 successores,
1972 3845 2155 3897 statui-

576 3939 696 3975 mus
738 3933 796 3978 ut
836 3926 979 3979 omni
1026 3941 1199 3979 annua
1230 3927 1316 3982 die
1367 3928 1643 3983 Dominica
1674 3931 1980 3986 Palmarum
2028 3949 2149 3987 cum

575 4014 926 4071 Processione
952 4016 1020 4070 ab
1045 4017 1274 4072 ecclesia
1294 4027 1495 4072 sanctae
1522 4020 1700 4075 Mariae
1729 4022 1783 4076 in
1813 4023 1966 4077 Turri
1994 4039 2153 4080 exea-

574 4104 675 4171 tis,
728 4114 784 4160 et
832 4107 1111 4161 venientes
1155 4108 1221 4162 ad
1278 4125 1526 4179 maguum
1576 4113 1745 4166 altare
1788 4115 1958 4169 sancti
2009 4116 2151 4171 Petri

572 4194 787 4249 Missam
838 4197 1143 4255 celebretis.
1178 4200 1436 4254 Similiter
1480 4210 1537 4256 et
1578 4204 1724 4258 omni
1771 4203 1913 4259 anno
1963 4206 2016 4260 in
2064 4207 2153 4263 die

570 4283 753 4337 (lmnre
810 4285 1020 4341 Domini
1074 4302 1171 4343 vos
1217 4292 1485 4359 vestrique
1538 4307 1880 4350 successores
1937 4296 2148 4351 Missam

571 4390 733 4443 super
759 4377 946 4432 eodem
971 4380 1140 4434 altare
1166 4383 1334 4435 sancti
1368 4382 1511 4436 Petri
1542 4384 1817 4440 celebrare
1840 4427 1858 4453 ,
1887 4384 2069 4441 Gloria
2097 4391 2149 4442 in

2269 3198 2541 3267 largimur,
2573 3204 2939 3270 concedimus,
2966 3217 3021 3262 et
3049 3209 3431 3268 conﬁrmamus
3457 3224 3622 3283 atque
3640 3218 3854 3272 stabili-

2265 3305 2382 3345 mus
2406 3297 2713 3360 perenniter
2744 3297 2796 3349 in
2831 3313 2983 3352 usum
3012 3308 3065 3354 et
3095 3301 3376 3357 utilitatem
3410 3303 3581 3373 ipsius
3622 3322 3849 3363 venera~

2264 3381 2386 3435 bilis
2413 3385 2672 3453 episcopii
2691 3426 2706 3451 ,
2734 3398 2786 3440 et
2816 3388 3048 3455 ipsorum
3078 3392 3166 3460 qui
3196 3407 3289 3461 per
3317 3402 3557 3462 tempora
3600 3400 3852 3454 tenebant

2264 3471 2430 3539 ipsam
2454 3476 2753 3542 ecclesiam,
2776 3487 3070 3535 statuentes
3091 3482 3289 3552 quippe
3304 3485 3595 3551 apostolica
3619 3501 3849 3541 censura

2262 3562 2361 3616 sub
2387 3562 2550 3617 divini
2572 3564 2762 3634 judicii
2788 3569 3146 3626 obtestatione
3172 3582 3227 3627 et
3264 3574 3629 3632 anathematis
3675 3579 3848 3633 inter-

2262 3652 2426 3719 dicto,
2459 3664 2515 3710 ut
2537 3659 2668 3712 nulli
2700 3674 2931 3730 unquam
2956 3673 3261 3719 nostrorum
3294 3681 3667 3724 successorum
3715 3688 3848 3741 pon-

2261 3743 2481 3813 tiﬁcum,
2515 3751 2599 3802 vel
2643 3750 2732 3818 qui
2779 3751 2985 3818 publica
3017 3752 3181 3808 functi
3232 3754 3430 3810 fuerint
3479 3761 3691 3813 actione
3715 3800 3733 3824 ,
3764 3765 3845 3815 vel

2260 3835 2360 3888 alia
2390 3837 2642 3905 qumlibet
2683 3855 2877 3909 magna
2928 3857 3197 3913 parvaque
3247 3861 3475 3914 persona
3523 3850 3721 3903 audeat
3763 3855 3845 3906 vel

2262 3939 2546 3992 praesumat
2570 3928 2768 3998 aliquid
2793 3931 2861 3985 de
2886 3934 3131 3988 omnibus
3161 3950 3278 4005 quae
3300 3952 3459 4005 supra
3502 3941 3847 3995 continentur

2258 4025 2444 4070 contra
2475 4018 2575 4073 hoc
2617 4031 2857 4075 nostrum
2909 4025 3211 4090 pontiﬁcale
3252 4029 3593 4098 privilegium
3638 4046 3841 4101 agere.

2260 4109 2343 4163 vel
2369 4110 2627 4177 alienare,
2648 4115 2999 4181 autauferre;
3030 4116 3125 4171 sed
3158 4117 3334 4187 potius
3365 4119 3516 4173 ﬁrma
3543 4132 3707 4190 atque
3736 4135 3843 4177 sta-

2258 4200 2385 4253 bilia
2413 4204 2687 4271 perpetuis
2714 4206 3044 4273 temporibus
3070 4247 3085 4273 ,
3133 4208 3273 4264 sicut
3301 4225 3330 4261 a
3360 4210 3518 4265 nobis
3563 4222 3763 4267 statuta
3790 4223 3842 4266 et

2256 4292 2570 4347 conﬁrmata
2596 4303 2744 4361 sunt,
2792 4297 3136 4354 decernimus
3190 4302 3571 4369 permaueuda.
3620 4305 3677 4358 Si
3720 4308 3837 4372 quis

2255 4390 2433 4434 autem
2462 4383 2629 4452 (quod
2651 4400 2755 4441 non
2782 4388 3048 4457 Optamus)
3069 4391 3351 4446 temerario
3370 4406 3503 4445 ausu
3532 4402 3719 4447 contra
3742 4398 3839 4448 hoc

568 4466 783 4517 excelsis
815 4465 923 4520 Deo
948 4466 1127 4522 dicere
1149 4508 1166 4534 ,
1213 4480 1455 4523 sanctum
1485 4470 1719 4527 chrisma
1760 4476 2059 4543 conﬁcere,
2090 4486 2147 4532 et
2175 4480 2219 4540 C
2254 4481 2494 4526 lustrum
2524 4477 2877 4542 apostolicum
2910 4478 3241 4548 privilegium
3286 4481 3338 4534 in
3371 4496 3643 4551 quoquam
3682 4485 3761 4538 ire
3786 4498 3835 4538 et

565 4554 708 4621 quod
739 4555 804 4608 ad
838 4556 1145 4626 episcopum
1175 4562 1585 4631 pertinetagere
1609 4564 1873 4620 volumus.
1910 4567 1971 4620 Et
1999 4570 2145 4622 omni

568 4658 711 4696 anno
742 4643 827 4698 die
858 4644 1154 4701 Parasceve
1186 4660 1353 4717 super
1374 4650 1546 4719 ipsum
1578 4653 1747 4708 altare
1776 4654 1950 4724 majus
1974 4660 2145 4714 sancti

576 4732 720 4786 Petri
773 4743 939 4788 totum
989 4737 1225 4791 olﬁcium
1281 4752 1622 4808 reverenter,
1673 4752 1731 4797 ut
1789 4744 1983 4809 decet,
2047 4762 2146 4802 vos

565 4831 879 4892 vestrosque
931 4838 1269 4883 successores
1298 4827 1476 4885 facere
1518 4833 1791 4888 volumus.
1846 4837 1901 4889 In
1953 4839 2146 4907 quibus

567 4912 740 4966 tribus
770 4914 941 4968 Missis
965 4959 981 4982 ,
1035 4919 1239 4973 scilicet
1267 4922 1320 4975 in
1353 4922 1513 4977 Missa
1562 4924 1862 4980 Palmarum
1888 4966 1903 4992 ,
1937 4943 2032 4985 seu
2092 4931 2141 4985 in

566 5001 726 5056 Missa
758 5003 936 5059 Coena:
962 5006 1193 5074 Domini,
1217 5022 1272 5065 et
1302 5011 1353 5065 in
1392 5013 1571 5067 ofﬁcio
1600 5016 1934 5084 Parasceve,
1982 5022 2141 5087 quid-

562 5092 689 5159 quid
722 5093 838 5147 auri
891 5098 973 5151 vel
1001 5101 1230 5168 argenti,
1265 5102 1410 5169 pallii
1452 5117 1545 5157 seu
1586 5119 1729 5160 certe
1754 5148 1770 5173 ,
1803 5108 1887 5162 vel
1917 5109 2140 5164 aliarum

561 5193 740 5237 rerum
772 5198 934 5253 super
950 5187 1059 5254 jam
1090 5188 1234 5243 dicto
1260 5205 1415 5245 sacro
1442 5193 1594 5248 altari
1648 5195 1789 5252 beati
1821 5197 1996 5265 Petri,
2028 5201 2141 5257 sive

563 5269 615 5323 iu
662 5273 1004 5330 confessione
1037 5278 1264 5345 positum
1286 5292 1377 5334 aut
1400 5281 1650 5348 iactatum
1674 5285 1852 5354 fuerit,
1880 5289 1962 5343 vel
1987 5290 2140 5344 vobis

561 5358 797 5416 oblatum
822 5369 888 5416 ali
917 5367 1046 5420 hora
1073 5385 1176 5438 qua
1206 5371 1319 5438 ipsa
1354 5374 1513 5429 Missa
1543 5385 1597 5431 et
1628 5377 1858 5433 ofﬁcium
1888 5382 2135 5437 inchoata

562 5452 760 5505 lt.erint
789 5466 843 5508 et
872 5459 1087 5526 expleta
1120 5501 1135 5526 ,
1168 5477 1263 5530 per
1292 5475 1498 5521 vestros
1535 5470 1784 5526 custodes
1819 5470 1872 5526 in
1903 5481 2137 5527 vestram

2258 4572 2620 4632 transgressor
2645 4580 2765 4622 esse
2804 4572 3240 4639 praesumpserit,
3286 4573 3366 4626 vel
3398 4573 3648 4642 frangere
3676 4589 3835 4628 ausus

2256 4656 2436 4721 fuerit,
2451 4667 2502 4712 et
2520 4657 2570 4711 in
2594 4661 2842 4715 omnibus
2865 4662 3175 4717 inohediens
3190 4672 3244 4717 et
3266 4679 3369 4717 nou
3387 4665 3832 4721 observatoresse

2261 4749 2413 4819 157
2447 4754 2862 4821 praesumpserit,
2886 4755 3021 4809 sciat
3039 4769 3097 4808 se
3119 4756 3436 4810 auctoritate
3459 4756 3553 4810 Dei
3584 4758 3827 4825 omnipo-

2255 4840 2435 4907 ti-ntis,
2469 4851 2525 4895 et
2552 4841 2753 4896 domini
2787 4844 2953 4898 nostri
2982 4847 3347 4913 apostolorum
3372 4848 3633 4915 principis
3662 4848 3824 4909 Petri.

2253 4930 2404 5000 cujus
2431 4976 2446 4997 ,
2480 4932 2603 4987 licet
2648 4933 2923 4999 immeriti,
2959 4936 3051 4990 Dei
3106 4945 3281 4991 tamen
3316 4937 3491 5006 aliqua
3521 4939 3825 5008 dignatione

2252 5036 2335 5089 get
2354 5024 2493 5077 imus
2523 5025 2690 5091 vices,
2721 5027 3075 5082 anathematis
3098 5029 3311 5083 vinculo
3342 5029 3649 5085 innodntum
3670 5072 3685 5095 ,
3716 5042 3772 5086 et
3796 5046 3820 5082 δ

2251 5128 2415 5183 regno
2438 5114 2532 5169 Dei
2552 5115 2807 5182 alienum,
2833 5126 2993 5187 atque
3015 5132 3135 5172 cum
3158 5118 3293 5173 Juda
3325 5120 3585 5175 traditore
3623 5121 3819 5176 Domini

2250 5205 2419 5259 nostri
2448 5206 2577 5260 Jesu
2606 5204 2809 5262 Christi
2839 5217 2894 5264 et
2939 5209 3188 5263 omnibus
3228 5210 3406 5279 impiis
3445 5212 3626 5267 socius
3670 5213 3735 5267 sit
3774 5213 3820 5263 in

2251 5293 2481 5350 inferno.
2514 5297 2613 5364 Qui
2660 5312 2792 5352 vero
2836 5298 2923 5367 pio
2963 5300 3159 5353 intuitu
3197 5310 3381 5355 custos
3418 5310 3472 5355 et
3512 5301 3816 5355 observator

2248 5385 2406 5455 hujus
2435 5388 2601 5440 nostri
2631 5388 2891 5457 privilegii
2920 5388 3206 5455 exstiterit,
3238 5390 3443 5445 meritis
3466 5400 3624 5461 atque
3651 5390 3813 5459 preci-

2248 5476 2346 5530 bus
2372 5477 2510 5532 beati
2538 5478 2678 5533 Petri
2711 5480 3076 5548 apostolorum
3109 5481 3385 5550 principis,
3416 5489 3472 5535 et
3512 5492 3810 5535 sanctarum

638 5585 966 5681 θρὲιξίρρεξξ
994 5592 1332 5681 εἰητηῑίείιηιε,
1374 5604 1696 5674 Presbyteris
1764 5608 1890 5663 olim
1957 5624 2060 5665 non
2125 5608 2397 5666 dicebatur
2426 5610 2604 5666 Gloria
2636 5612 2687 5667 in
2715 5613 2926 5669 excelsis
2960 5614 3011 5670 in
3036 5613 3214 5679 Missa,
3247 5614 3350 5669 nisi
3381 5612 3435 5668 in
3459 5614 3573 5669 solo
3598 5613 3811 5681 Pascha,

567 5669 627 5704 ev
657 5655 1083 5715 Sacrautetttario
1101 5655 1461 5723 'Greaoriaito.
