4008 6304
198 370 218 422 Ι
231 370 333 422 057

1416 350 1676 408 ROMANI
1714 345 2029 406 0RDINES.
2073 377 2137 386 ρ-
2172 347 2259 400 XI.

3328 338 3464 397 1058

194 496 493 554 martyrum
526 477 735 534 Rulins:
764 484 818 529 et
839 470 1130 537 Secundae,
1174 470 1227 523 itt
1278 467 1526 523 mthcrcis
1574 464 1863 524 arcibusA
1894 472 1958 517 tt.
2014 461 2186 517 sancti
2249 457 2598 528 Chrysogoni.
2664 454 2980 511 Benedictus
3035 453 3463 510 archidiaconus.

201 576 500 645 praeminet
550 566 947 623 Benedictionls
995 562 1218 633 gratiam
1265 568 1426 628 atque
1472 556 1783 611 misericor-

202 657 773 730 diamajustojudice
820 654 1047 708 Domino
1093 653 1204 706 Deo
1244 658 1467 714 nostro,
1517 649 1790 714 vitamque

202 766 459 808 aeternam
490 746 767 816 percipere
811 752 866 797 et
906 741 1151 797 invenire
1191 748 1458 794 mereatur
1496 737 1551 790 in
1593 740 1788 790 stecula

201 845 549 898 saeculorum.
605 843 797 891 Amen.
853 836 1121 902 Scriptum
1165 846 1259 900 per
1297 845 1510 883 manum
1544 825 1789 894 Gregorii

202 933 400 985 notarii
426 926 891 998 regionariiatque
912 922 1176 976 scriniarii
1214 920 1271 974 S.
1309 920 1371 972 li.
1420 918 1483 972 Ε.
1510 917 1562 969 ἰιι
1607 928 1789 969 mense

207 1020 538 1084 Decembris,
564 1018 752 1071 indict.
785 1027 945 1080 supra
978 1012 1173 1079 scripta
1205 1010 1290 1063 10.

281 1132 621 1188 Theobaldus
671 1127 986 1184 Velitrensis
1028 1120 1280 1177 Ecclesia:
1318 1120 1606 1186 episcopus
1637 1115 1789 1169 subs.

206 1225 408 1279 Petrus
438 1230 638 1277 sanctis
662 1216 923 1273 Ostiensis
973 1213 1228 1268 Ecclesia:
1274 1209 1441 1277 episc.
1492 1205 1797 1275 Stephanus

210 1313 496 1384 presbyter
522 1307 810 1364 cardinalis
838 1314 901 1360 tt.
936 1313 1134 1359 sancta:
1159 1300 1409 1356 Caeciliae.
1441 1300 1630 1352 l’etrus
1659 1310 1800 1363 pres-

211 1407 374 1475 byter
434 1401 721 1458 cardinalis
765 1408 830 1457 tt.
875 1396 1044 1452 sancti
1092 1394 1330 1448 Damasi.
1381 1392 1614 1446 Joannes
1648 1402 1798 1457 pres—

212 1496 375 1563 byter
425 1491 711 1545 cardinalis
758 1497 822 1541 tt.
877 1486 1048 1540 sancti
1106 1484 1266 1539 Marci
1336 1497 1505 1549 papae.
1563 1479 1801 1534 Joannes

213 1588 395 1653 presb.
422 1584 567 1637 card.
601 1593 662 1636 tt.
694 1591 863 1635 sanctt
889 1577 1090 1633 Callisti
1130 1575 1511 1631 tranStibcrim.
1542 1571 1803 1626 llodulfus

214 1676 466 1744 indignus
498 1674 676 1743 presb.
702 1682 755 1725 et
777 1670 940 1725 abbas
972 1684 1042 1723 ex
1086 1666 1413 1722 monasterio
1465 1664 1633 1718 sancti
1669 1662 1805 1716 Lau-

215 1766 401 1830 rentii,
434 1782 520 1833 qut
547 1764 761 1834 ponitur
789 1763 844 1817 in
865 1761 1141 1816 Clausura.
1173 1757 1407 1812 Joannes
1440 1754 1620 1824 presb.
1643 1751 1797 1807 card.

1894 555 2043 621 Hugo
2068 553 2344 604 diaconus.
2376 544 2715 602 Crescentius
2765 544 3046 598 diaconus.
3088 542 3327 598 Joannes
3375 542 3469 597 Dei

1893 644 2059 714 gratia
2092 641 2376 694 Diaconos.
2409 636 2754 690 Crescentius
2784 636 3065 687 diaconus.
3111 632 3317 686 Frattco
3343 631 3470 683 dia-

1893 748 2081 790 conus.
2145 731 2426 783 Rainerius
2469 727 2747 781 diaconus.
2798 724 3031 778 Joannes
3085 722 3470 778 subdiaconus.

1894 826 2128 881 Joannes
2157 820 2519 876 subdiaconus
2547 818 2615 873 de
2645 818 2793 869 Mira.

1969 939 2155 991 Datum
2207 950 2294 988 xvt
2345 932 2463 986 Kal.
2518 929 2794 992 Januarii,
2848 943 2942 995 per
2986 941 3199 980 manutn
3252 920 3476 979 Bosonis

1898 1026 2130 1094 episcOpi
2159 1033 2357 1077 sancta:
2385 1020 2680 1074 'l'iburtinte
2706 1016 2959 1072 Ecclesia:
3009 1023 3063 1070 et
3092 1012 3479 1070 bibliothecarii

1898 1129 2094 1171 sancta:
2123 1113 2424 1183 apostolica:
2446 1110 2621 1165 Sedis.

1973 1227 2163 1280 Datum
2210 1222 2345 1290 prid.
2390 1220 2506 1274 Kal.
2537 1216 2780 1272 Januarii
2828 1230 2926 1284 per
2971 1229 3161 1268 manus
3207 1212 3482 1268 Benedicti

1902 1316 2141 1386 episcopi
2172 1311 2484 1366 Portuensis
2512 1350 2526 1372 ,
2582 1318 2638 1361 et
2689 1306 2805 1359 vice
2837 1305 3109 1373 Peregrini
3139 1302 3479 1355 Coloniensis

1903 1401 2312 1470 archiepiscopi,
2346 1394 2727 1451 bibliotltecarii
2761 1404 2959 1446 sancta:
2986 1389 3293 1458 apostolicae
3311 1388 3478 1452 sedis,

1902 1513 2043 1549 anno
2067 1491 2403 1563 pontificatus
2432 1485 2640 1540 Domini
2674 1483 2841 1537 nostri
2872 1481 3094 1536 Joannis
3125 1477 3319 1532 summi
3349 1493 3481 1544 pott-

1904 1587 2063 1642 tiiicis
2093 1595 2145 1638 et
2172 1578 2488 1635 universalis
2513 1575 2635 1629 XIX
2662 1588 2810 1642 papa:
2841 1571 2891 1624 in
2942 1567 3307 1623 sacratissima
3355 1566 3483 1619 sedc

1905 1680 2046 1733 beati
2076 1673 2221 1730 Petri
2253 1667 2476 1740 apostoli
2507 1664 2741 1720 sedentis
2771 1663 2873 1727 ill.,
2902 1673 3087 1713 mense
3127 1656 3431 1711 Decembris
3460 1693 3476 1719 ,

1906 1768 2091 1822 indict.
2125 1766 2210 1817 10.

224 1850 3452 1947 ________________________________———————-—-¥——-—--—

1653 1980 2080 2045 EXCERPTA

701 2097 793 2155 Ex
837 2095 1003 2154 libro
1058 2096 1250 2153 Pera:
1287 2092 1520 2151 ΜΑιιιι
1548 2085 1844 2148 canonici
1883 2078 2086 2142 sancti
2125 2072 2289 2135 Petri
2320 2073 2394 2131 ad
2431 2065 2868 2128 Alexandrum
2900 2061 3006 2121 Ill.

228 2204 391 2276 158
420 2201 495 2254 De
515 2197 890 2276 festivitatibus,
921 2194 1185 2276 innqttibus
1230 2193 1466 2244 dominus
1492 2204 1628 2258 papa
1660 2201 1805 2240 coro-

708 2266 947 2318 nabatur.
973 2263 1135 2330 Caput
1160 2276 1328 2315 xxvu.

302 2385 395 2439 lla:
418 2391 540 2436 sunt
570 2379 883 2433 festivitates
907 2378 958 2428 in
983 2375 1175 2444 quibus
1213 2371 1463 2426 dominus
1504 2384 1640 2438 papa
1669 2368 1813 2421 sole—

228 2478 327 2531 bat
357 2472 623 2529 coronari.
656 2470 713 2523 ln
761 2468 896 2523 festo
930 2466 1182 2521 videlicet
1227 2472 1532 2517 sanctorum
1585 2467 1813 2527 quatuor

228 2568 655 2624 Coronatorum;
689 2562 740 2614 in
791 2557 1083 2613 festivitate
1132 2554 1307 2610 sancti
1361 2552 1567 2606 Mautini
1619 2563 1809 2617 papae,

231 2657 327 2725 qui
355 2656 546 2710 dicitur
563 2651 747 2705 titulus
768 2649 988 2717 [Equitii
1014 2663 1031 2712 ;
1059 2649 1110 2701 in
1144 2647 1281 2700 festo
1303 2645 1473 2698 sancti
1495 2640 1808 2704 Clementis,

236 2749 293 2801 in
355 2745 625 2800 Dominica
674 2742 742 2796 de
790 2742 1033 2795 Adventu
1080 2738 1146 2791 ad
1186 2746 1423 2791 sanctam
1482 2735 1704 2789 Mariam
1761 2732 1814 2784 in

237 2838 521 2903 Prmsepe;
582 2835 635 2888 in
696 2830 967 2886 Dominica
1016 2829 1084 2882 de
1122 2825 1409 2882 Jerusalem
1463 2822 1529 2877 ad
1582 2830 1819 2875 sanctam

238 2925 463 2979 Crucem
485 2941 499 2986 ;
524 2925 577 2976 in
603 2921 872 2976 Dominica
891 2920 958 2974 de
976 2919 1204 2972 Gaudete
1224 2915 1289 2970 ad
1307 2926 1546 2969 sanctum
1574 2913 1820 2975 Petrum;

240 3016 297 3069 in
352 3013 638 3068 Nativitate
692 3012 932 3076 Domini;
976 3010 1029 3064 in
1062 3010 1199 3064 festo
1226 3009 1395 3062 sancti
1442 3004 1733 3074 Stephani;
1768 3003 1821 3057 in

244 3105 539 3177 Epiphania
586 3100 794 3158 Domini
841 3102 907 3156 ad
936 3111 1178 3155 sanctum
1229 3100 1481 3161 Petrunt;
1533 3096 1586 3149 in
1648 3093 1827 3149 Domi-

245 3200 365 3252 nica
398 3199 507 3268 Ego
536 3213 649 3250 sum
679 3194 864 3248 Pastor
890 3194 1084 3258 bonus;
1114 3191 1166 3246 in
1200 3189 1530 3245 AscensiOne
1571 3185 1779 3240 Domini
1809 3222 1825 3248 ,

244 3290 299 3345 in
330 3291 665 3351 Pentecoste,
699 3287 752 3340 in
781 3284 1067 3339 festivitate
1122 3282 1291 3334 sancti
1350 3278 1531 3341 Petri,
1582 3275 1635 3329 in
1679 3273 1829 3328 festi-

247 3382 415 3435 vitate
440 3379 610 3433 sancti
644 3376 912 3439 Siltestri,
945 3373 997 3427 in
1026 3369 1394 3425 anniversario
1422 3382 1541 3422 suo.

572 3486 914 3542 Nocturnales
943 3492 988 3537 et
1016 3484 1216 3536 diurnae
1249 3479 1511 3533 stationes.

325 3600 419 3653 Hae
442 3608 567 3653 sunt
592 3596 932 3652 nocturnales
957 3594 1216 3647 stationes
1243 3589 1411 3644 sancti
1444 3587 1609 3642 Petri.
1645 3584 1828 3638 Domi-

248 3693 375 3746 nica
404 3690 559 3744 tertia
594 3689 864 3743 Adventus
894 3683 1123 3746 Domini,
1165 3695 1287 3749 quae
1329 3679 1524 3733 dicitur
1578 3676 1648 3729 de
1693 3673 1836 3727 Gau-

252 3784 395 3836 dete.
430 3779 723 3849 Epiphania
757 3775 986 3837 Domini,
1021 3770 1277 3826 Ascensio
1328 3766 1577 3830 Domini,
1636 3764 1831 3817 Pente-

252 3886 459 3939 costes,
491 3872 751 3928 festivitas
771 3870 940 3925 sancti
968 3867 1113 3921 Petri
1129 3873 1183 3919 et
1202 3871 1389 3918 octava
1414 3859 1551 3929 ejus,
1577 3855 1839 3911 festivitas

255 3967 429 4020 sancti
462 3963 709 4017 Andreae.

336 4074 430 4125 liae
463 4080 585 4125 sunt
614 4069 781 4123 sancti
805 4066 949 4121 Petri
970 4065 1177 4119 diurnae
1207 4060 1485 4114 stationes.
1516 4057 1571 4110 ln
1598 4054 1845 4109 omnibus

262 4163 503 4218 sabbatis
524 4168 751 4229 quatuor
791 4168 1089 4224 temporum
1115 4194 1130 4220 ,
1189 4154 1239 4207 in
1270 4149 1541 4205 Dominica
1584 4146 1651 4200 de
1679 4145 1845 4209 Quin-

263 4252 577 4320 quagesima
608 4289 622 4313 ,
656 4247 930 4303 Dominica
979 4244 1046 4298 de
1079 4243 1332 4297 Passione
1361 4280 1377 4303 ,
1431 4238 1564 4292 feria
1611 4234 1845 4290 secunda

264 4354 394 4409 post
427 4341 626 4395 Pascha
653 4380 668 4406 ,
710 4338 981 4391 Dominica
1008 4333 1120 4403 Ego
1161 4348 1275 4384 sum
1315 4328 1504 4382 Pastor
1554 4328 1745 4388 bonus;
1794 4323 1848 4375 in

270 4435 474 4489 litaniis
504 4431 800 4499 majoribus
823 4429 876 4481 in
905 4427 993 4481 die
1023 4424 1194 4478 sancti
1218 4420 1402 4484 Marci,
1429 4418 1481 4471 in
1510 4415 1851 4471 Dedicatione

269 4524 623 4581 ecclesiarum
654 4519 1017 4589 apostolorum
1049 4513 1193 4569 Petri
1223 4518 1279 4565 et
1309 4507 1478 4573 Pauli,
1509 4506 1560 4559 in
1589 4504 1853 4558 Cathedra

272 4613 445 4668 sancti
473 4611 636 4664 Petri.

1836 2177 2151 2248 Bbasilicae
2178 2170 2351 2227 sancti
2400 2167 2541 2221 Petri
2573 2165 2624 2219 in
2671 2164 2860 2231 quibus
2912 2159 3158 2214 noctibus
3208 2156 3488 2211 iectorium

1912 2262 2152 2334 ejusdem
2181 2258 2413 2313 basilicae
2443 2255 2511 2310 de
2538 2252 2929 2308 consuetudine
2966 2256 3189 2302 ornatur
3240 2246 3490 2314 mappula

1912 2365 1968 2412 et
1995 2353 2164 2408 facula
2206 2351 2458 2404 librarum
2509 2346 2734 2399 duarum
2790 2357 2818 2395 a
2872 2338 3208 2394 confessione
3239 2337 3446 2390 traditis
3475 2376 3491 2400 ,

1920 2442 2174 2498 videlicet
2203 2437 2474 2492 Dominica
2505 2434 2573 2488 de
2614 2431 2846 2486 Gaudete
2873 2471 2887 2493 ,
2929 2429 3196 2483 Nativitas
3244 2425 3495 2489 Domini,

1917 2532 2214 2601 Epiphania
2245 2523 2478 2591 Domini,
2518 2521 2789 2577 Dominica
2821 2518 3238 2588 Septuagesimze
3260 2558 3274 2582 ,
3319 2516 3496 2569 Domi-

1922 2623 2043 2676 nica
2075 2620 2143 2674 de
2169 2631 2330 2672 carne
2378 2624 2427 2679 ι,
2456 2614 2656 2667 levario
2684 2651 2699 2675 ,
2750 2608 3013 2663 Cathedra
3053 2607 3191 2661 beati
3221 2606 3390 2669 Petri;
3443 2603 3495 2657 in

1922 2709 2268 2766 Dedicatione
2296 2704 2480 2757 altaris
2510 2701 2645 2754 facta
2678 2713 2708 2751 a
2756 2712 2891 2765 papa
2920 2695 3136 2751 Callisto
3163 2735 3177 2759 ,
3225 2694 3499 2748 Dominica

1922 2802 1989 2856 de
2030 2798 2285 2853 Passione
2334 2790 2584 2855 Domini,
2641 2786 2913 2841 Dominica
2964 2786 3308 2848 Palmarum,
3362 2783 3493 2836 feria

1923 2900 2112 2959 quarta
2148 2895 2269 2956 post
2301 2884 2507 2938 Palmas
2535 2919 2552 2945 ,
2604 2879 2655 2932 in
2702 2879 2865 2929 Coena
2897 2875 3102 2930 Domini
3129 2913 3145 2939 ,
3177 2874 3497 2938 Parasceve,

1925 2981 2162 3036 Sabbato
2186 2985 2398 3038 sancto,
2431 2970 2655 3033 Pascha,
2690 2965 2825 3021 feria
2857 2966 3091 3022 secunda
3125 2974 3244 3035 post
3272 2964 3498 3028 Pascha,

1926 3068 2203 3124 Dominica
2232 3067 2301 3119 de
2328 3063 2521 3116 Pastor
2550 3063 2711 3115 bonus
2733 3098 2748 3120 ,
2800 3059 2852 3112 in
2883 3058 3209 3111 Ascensionc
3254 3053 3501 3117 Domini,

1928 3160 2301 3218 Pentecostcn,
2333 3154 2528 3209 festum
2558 3154 2731 3207 sancti
2772 3150 2934 3213 Petti,
2966 3151 3164 3201 Octava
3220 3143 3457 3213 ejusdem
3487 3184 3503 3207 ,

1930 3252 1985 3305 in
2014 3248 2394 3315 Assutnptione
2421 3246 2592 3299 beata:
2623 3242 2823 3309 Mariae,
2857 3242 2911 3294 in
2944 3239 3140 3292 litaniis
3171 3236 3464 3305 majoribus
3490 3275 3508 3300 ,

1933 3342 1985 3395 in
2015 3338 2356 3394 dedicatione
2400 3334 2741 3388 basilicarum
2770 3330 2913 3385 Petri
2942 3338 2998 3383 et
3043 3327 3229 3389 Pauli,
3272 3326 3325 3378 itt
3374 3324 3510 3379 festo

1934 3431 2169 3488 omnium
2200 3428 2515 3483 Sanctorum

1862 3553 1906 3612 ρ
2006 3524 2223 3578 Certum
2250 3529 2333 3575 est
2361 3534 2460 3573 nos
2488 3515 2779 3571 canonicos
2802 3511 2941 3567 beati
2971 3509 3112 3564 Petri
3138 3514 3351 3577 propter
3381 3504 3513 3559 alias

1941 3614 2174 3666 rationes
2203 3618 2257 3664 et
2286 3605 2872 3672 consuetudines,qnas
2898 3600 3153 3654 habemus
3176 3598 3227 3650 in
3246 3595 3517 3650 oblatione

1938 3707 2111 3761 Missae
2138 3706 2322 3758 altaris
2346 3703 2566 3771 majoris
2597 3700 2735 3753 beati
2788 3697 2927 3751 Petri
2960 3738 2975 3763 ,
3031 3692 3101 3748 de
3146 3685 3515 3757 antiquissima

1943 3799 2327 3856 consuetudine
2358 3798 2555 3849 habere
2584 3806 2794 3861 semper
2822 3791 3083 3843 decimam
3130 3781 3516 3839 hebdomadam

1943 3890 2011 3943 de
2028 3904 2218 3943 novem
2241 3885 2661 3941 hebdomadibus
2681 3884 2841 3935 tctius
2862 3878 3006 3942 anni,
3039 3891 3157 3945 quae
3177 3875 3251 3927 sic
3276 3871 3527 3927 dividun-

1946 3988 2053 4033 tur.
2087 3978 2307 4044 Septem
2342 3974 2541 4042 primas
2595 3967 2956 4023 hebdomadas
3004 3964 3273 4028 accipiunt
3315 3969 3521 4027 septem

1947 4069 2246 4125 cardinales
2277 4065 2447 4120 sancti
2508 4061 2670 4116 Petri.
2704 4060 2920 4125 Septem
2973 4051 3335 4107 hebdomadas
3382 4050 3526 4101 acci-

1950 4168 2104 4238 piunt
2132 4159 2345 4217 diaconi
2375 4155 2695 4214 cardinales,
2731 4159 2923 4219 praeter
2972 4142 3312 4199 dominicalia
3363 4139 3524 4192 totius

1952 4230 2102 4320 anni,
2136 4267 2254 4322 quae
2280 4248 2344 4302 ad
2374 4260 2467 4300 eos
2488 4250 2748 4311 spectant,
2778 4247 2995 4304 excepta
3022 4232 3292 4288 Dominica
3320 4230 3524 4281 Palma-

1954 4364 2098 4413 rum,
2127 4320 2183 4401 et
2212 4340 2451 4403 Pascha;
2480 4345 2537 4391 et
2565 4334 2663 4388 nisi
2697 4332 2833 4385 forte
2863 4330 2935 4383 sit
2961 4328 3141 4381 statio.
3170 4324 3369 4377 Nonam
3399 4320 3531 4372 lteb-

1958 4410 2239 4492 domadatn
2269 4439 2555 4490 cantores;
2588 4423 2848 4476 decimam
2873 4415 3257 4471 hebdomadam
3288 4410 3531 4465 canonici

1958 4524 2227 4587 ecclesiae;
2260 4517 2593 4575 undecimam
2621 4510 2801 4565 schola
2830 4504 3149 4560 basilicaria.
3194 4503 3306 4567 Qua
3335 4500 3479 4553 ﬁnita
3510 4540 3525 4563 ,

1957 4617 2284 4687 reincipiunt
2312 4608 2548 4681 praedicti
2579 4602 2876 4659 cardinales
2902 4596 3068 4652 sancti
3097 4597 3235 4649 Petri
3266 4609 3293 4646 a
3324 4592 3498 4658 capite
3517 4629 3532 4655 ,

352 4705 406 4756 In
437 4712 751 4766 unaquaque
780 4710 963 4748 narum
995 4693 1283 4746 stationum
1330 4688 1602 4755 accipiunt
1652 4681 1855 4735 schola:
1962 4718 2018 4764 et
2045 4681 2207 4762 θείω
2231 4719 2325 4772 per
2352 4711 2515 4755 mum
2546 4708 2765 4750 annum.
2797 4690 3008 4746 οωθιίο
3027 4688 3224 4755 imque,
3250 4699 3368 4752 qua,
3389 4695 3541 4746 spem

276 4793 517 4861 quinque
533 4788 735 4843 solidos
755 4787 1094 4840 denariorum
1118 4780 1478 4850 Papiensium,
1498 4792 1566 4831 ex
1591 4774 1860 4828 oblatione
1968 4808 2041 4853 κη
2068 4797 2134 4851 ad
2168 4791 2553 4849 hebdomadam
2585 4827 2600 4851 ν
2646 4794 2729 4840 εει
2757 4782 2848 4837 ma
2898 4795 3017 4849 qua,
3047 4779 3189 4832 venit
3235 4774 3299 4828 ad
3350 4786 3533 4826 manus

278 4882 524 4945 scilicet;
567 4889 622 4934 et
648 4879 895 4934 dominus
926 4874 1166 4965 Pontilex
1196 4870 1390 4938 accipit
1420 4868 1602 4937 viginti
1656 4865 1860 4919 solidos
1894 4906 1941 4965 υ
1965 4886 2249 4942 cardinalis
2271 4889 2482 4937 “nunc
2510 4874 2830 4945 Evangelia;
2863 4882 2918 4926 et
2944 4884 3063 4936 qua,
3090 4867 3237 4921 venit
3264 4864 3328 4917 ad
3347 4865 3539 4926 amre,

280 4971 634 5024 denariorum
692 4966 1049 5035 Papiensium.
1087 4957 1143 5013 ln
1178 4959 1450 5014 nocturnis
1498 4955 1817 5010 stationibus
1844 4993 1858 5016 ,
1894 4955 1935 4965 "
1971 4988 2246 5035 vosmmm
2278 4973 2417 5026 eam
2448 4977 2532 5024 es,
2564 4968 2785 5035 positus,
2843 4960 3009 5015 dividi

282 5060 504 5129 quando
550 5056 914 5111 accenduntur
970 5054 1138 5116 retia;
1171 5059 1227 5105 et
1267 5051 1320 5103 in
1350 5048 1559 5101 diurnis
1581 5087 1597 5110 ,
1651 5043 1865 5113 quando

286 5150 656 5205 accenduntur
680 5156 909 5217 quatuor
938 5144 1176 5199 candela:
1208 5157 1304 5210 per
1348 5138 1638 5208 capitulum
1665 5177 1681 5202 ,
1712 5135 1866 5189 sitni-

288 5244 432 5297 lier.

372 5353 530 5425 159
577 5350 796 5417 Quando
827 5345 1090 5468 (eclogam
1123 5343 1252 5396 beati
1305 5341 1450 5395 Petri
1505 5337 1802 5392 ornabatur.

991 5428 1228 5468 aa.xxx.

991 5428 1228 5480 ap.xxx.
1805 5451 1830 5473 ,

1970 5158 2123 5226 cujus
2148 5135 2233 5209 est
2275 5148 2624 5206 hebdomada.
2659 5145 2752 5199 ltle
2804 5144 2981 5209 igitur,
3031 5153 3062 5192 c
3095 5137 3180 5205 jus
3208 5142 3310 5208 est,
3341 5132 3548 5186 hebtlo~

1982 5246 2135 5303 mada
2158 5244 2329 5313 primo
2359 5242 2476 5294 loco
2501 5238 2592 5291 dat
2616 5235 2713 5288 tria
2744 5231 2940 5298 capita,
2970 5229 3017 5280 id
3046 5238 3131 5280 est
3160 5239 3263 5279 tres
3285 5230 3551 5286 monetas,

1980 5338 2048 5392 de
2069 5312 2337 5392 communi
2369 5325 2743 5383 mansionariis
2768 5360 2783 5385 ,
2829 5320 2917 5388 qui
2951 5317 3188 5370 serviunt
3231 5312 3296 5365 ad
3337 5312 3547 5371 altare;

1983 5425 2179 5482 deinde
2203 5437 2301 5492 pro
2330 5417 2624 5489 quantitate
2651 5408 2938 5467 oblationis
2984 5406 3167 5460 trihu‘t
3219 5403 3443 5455 diacono
3494 5409 3551 5454 et

374 5541 429 5592 ιιι
455 5536 769 5591 memoriam
802 5540 1136 5602 posterorum
1168 5525 1448 5581 scribimus
1495 5534 1592 5575 nos
1631 5517 1879 5573 canonici
1986 5515 2330 5577 subdiacono,
2362 5518 2417 5564 et
2444 5506 2552 5561 illis
2579 5504 2667 5573 qui
2694 5500 2933 5556 serviunt
2957 5497 3023 5551 de
3051 5494 3308 5562 pluviali;
3343 5499 3545 5559 postea,

377 5662 405 5689 ι
443 5649 603 5704 Forte
640 5650 704 5700 de
731 5660 886 5698 carna
915 5640 1149 5700 levanda,
1182 5653 1280 5704 pro
1304 5633 1576 5689 Dominica
1605 5626 2088 5699 Quinquagcsimae,
2112 5639 2231 5696 qua:
2256 5621 2395 5691 apud
2426 5628 2634 5673 veteres
2676 5608 2967 5681 aliquando
3020 5617 3241 5662 vocatur
3283 5603 3555 5659 Dominica

303 5727 377 5781 ad
402 5737 579 5775 carnes
615 5718 869 5773 tollendas
898 5728 990 5766 seu
1022 5712 1282 5764 levandas.
