4008 6372
525 375 660 433 1059

1186 362 1523 421 accessu
1570 362 1659 417 AD
1699 363 1757 419 s.
1801 359 2125 416 casconu
2169 360 2379 415 MAGNI
2423 360 2795 419 LITURGICA
2837 365 3089 420 orsus.

3651 374 3713 427 tt“.
3728 373 3810 424 60

525 491 659 544 ,ιειίε
687 487 918 557 piscibus
945 483 1160 536 domino
1182 480 1435 533 cardmali
1455 517 1469 539 ,
1500 479 1589 530 dat
1619 489 1825 528 sestam
1877 484 2082 543 partem
2112 474 2162 531 Α
2193 473 2325 537 Quot
2356 476 2616 543 lampades
2639 480 2852 529 ardeant
2881 479 3108 544 quotidie
3129 480 3179 530 in
3200 480 3414 534 ecclesia
3447 483 3588 535 beati
3618 483 3807 547 Petri,

529 578 848 638 cantoribus,
888 572 1042 642 160
1068 579 1120 622 et
1149 570 1282 620 duas
1312 568 1380 622 de
1411 564 1720 619 melioribus
1748 563 1953 616 faculis.

530 669 604 721 De
651 663 899 734 episcOpis
929 659 1277 713 cardinalibus
1307 672 1396 726 per
1435 654 1778 724 patriarchias
1820 654 2099 722 dispositis.

1142 748 1304 817 Caput
1327 762 1472 800 XXXI.

596 847 811 911 Septem
827 838 1128 893 cardinales
1154 837 1474 907 presbyteri,
1498 851 1586 904 qui
1610 835 1674 888 ad
1703 844 2099 889 sacrosanctum

525 934 691 985 altare
716 928 857 982 beati
889 927 1031 981 Petri
1081 941 1175 995 per
1223 925 1586 978 hebdomadas
1639 937 1764 976 suas
1817 923 2096 976 Missarmn

534 1019 792 1073 solemnia
821 1016 1097 1070 celebrare
1124 1015 1342 1077 debent,
1383 1013 1435 1066 hi
1461 1021 1622 1065 sunt:
1677 1021 1875 1066 sanctte
1919 1013 2100 1065 Mariae

526 1111 580 1164 in
610 1109 997 1170 traustiberim,
1027 1107 1196 1160 sancti
1226 1105 1586 1176 Chrysogoni,
1615 1113 1811 1158 sancta:
1828 1104 2058 1157 Caecilia:
2083 1143 2098 1169 ,

524 1213 725 1254 saneta:
745 1200 1059 1260 Anastasite,
1081 1199 1249 1252 sancti
1273 1197 1547 1250 Laurentii
1574 1196 1624 1248 in
1660 1196 1907 1256 Damaso,
1931 1195 2101 1247 sancti

526 1289 708 1357 Marci,
741 1297 1044 1342 sanctorum
1078 1287 1287 1341 Martini
1321 1301 1470 1354 papa:
1495 1295 1550 1339 et
1576 1286 1838 1349 Silvestri,
1867 1285 1960 1354 qui
2009 1299 2103 1337 vo-

527 1391 717 1434 cantur
745 1380 829 1433 tit.
860 1377 1107 1446 Equitii.

599 1467 912 1521 Cardinales
941 1465 1115 1521 sancti
1145 1465 1293 1520 Pauli
1325 1475 1448 1518 sunt
1478 1467 1530 1519 hi
1565 1483 1577 1517 :
1611 1475 1916 1518 sanctorum
1949 1463 2104 1516 Nerei

528 1569 582 1613 et
611 1557 857 1624 Achillei,
885 1558 1053 1612 sancti
1082 1555 1227 1627 Xysti
1248 1598 1265 1624 ,
1298 1558 1463 1611 sancti
1490 1555 1744 1620 Marcelli,
1770 1566 1968 1610 sanctae
1998 1557 2105 1611 Su-

532 1665 740 1703 sanum.

607 1739 913 1794 Cardinales
942 1747 1141 1794 sanctte
1169 1739 1345 1794 Maria:
1377 1739 1589 1808 Majoris
1618 1749 1740 1793 sunt
1765 1740 1816 1793 hi
1846 1757 1860 1792 :
1891 1749 2102 1793 sanctu-

2795 558 2952 616 caput
2981 562 3183 604 xxxvu.

2275 649 2353 702 Ad
2390 649 2665 705 luminaria
2695 652 2749 705 in
2781 653 2947 707 altare
2969 653 3111 709 beati
3135 655 3276 711 Petri
3307 673 3402 712 vni
3427 657 3712 726 lampades
3747 662 3807 710 in

2202 752 2430 806 corpore
2461 740 2547 792 die
2576 750 2873 811 noctuque;
2923 753 3049 798 ante
3077 746 3362 812 pectoralis
3395 763 3453 801 ut
3479 750 3806 817 lampades,

2205 827 2254 878 in
2287 842 2603 897 unoquoque
2650 831 2882 899 capitulo
2913 847 2960 896 ι,
2990 841 3043 887 et
3072 833 3122 886 in
3173 850 3492 905 unaquaque
3538 853 3747 891 corona
3789 852 3810 890 ι

2204 920 2419 972 candela
2453 936 2545 988 per
2596 931 2759 976 totam
2802 932 3011 978 noctem
3051 927 3391 991 accendatur,
3421 928 3595 983 dencc
3622 929 3806 984 Missa

2205 1008 2439 1063 llniatur.
2463 1011 2590 1076 Quae
2623 1013 2870 1066 nimirum
2900 1014 3129 1082 capitula
3159 1024 3285 1069 sunt
3310 1016 3375 1068 ad
3408 1016 3587 1069 minus
3616 1033 3800 1070 xxx"

2207 1113 2372 1165 usque
2397 1099 2460 1151 ad
2485 1099 2790 1154 cruciﬁxos.
2815 1101 3014 1156 Omnes
3043 1103 3203 1173 igitur
3231 1106 3504 1174 lampades
3533 1107 3602 1161 ab
3628 1108 3804 1160 altari

2205 1186 2344 1240 beati
2370 1186 2511 1239 Petti
2540 1203 2706 1257 usque
2735 1190 2799 1241 ad
2840 1192 3120 1245 crucilixos
3147 1205 3269 1246 sunt
3295 1210 3326 1248 ι.
3353 1195 3499 1247 omni
3533 1207 3714 1250 nocte.

2276 1276 2334 1330 lu
2380 1277 2695 1332 statiooihus
2724 1294 2851 1333 vero
2881 1297 3197 1351 unoquoque
3242 1286 3476 1348 capitulo
3509 1301 3558 1338 tv
3582 1285 3804 1338 tande-

2208 1368 2309 1432 lae;
2335 1369 2386 1421 in
2418 1379 2552 1432 rete,
2586 1371 2727 1436 quod
2755 1380 2836 1424 est
2868 1372 2919 1426 in
2950 1375 3087 1426 atrio
3115 1376 3377 1439 i-cclesize,
3407 1391 3515 1437 sit;
3551 1378 3602 1428 in
3635 1377 3801 1444 virga

2208 1472 2332 1510 xvut
2353 1473 2366 1518 ;
2387 1467 2510 1510 ante
2534 1457 2846 1512 Veronicam
2871 1475 2901 1512 κ
2925 1460 3009 1514 die
3033 1473 3327 1530 noctuque;
3352 1474 3477 1518 ante
3495 1465 3796 1532 imaginem

2212 1548 2381 1601 beata:
2411 1549 2612 1612 Malim,
2640 1564 2757 1616 quas
2783 1549 2950 1603 estde
2981 1553 3189 1604 mosibo
3219 1562 3335 1618 post
3369 1552 3709 1615 V'crouicam,
3737 1568 3751 1604 ι
3777 1568 3797 1613 ;

2211 1636 2261 1687 in
2305 1645 2488 1688 sancto
2534 1637 2791 1690 Processo
2823 1653 2871 1700 ις
2914 1639 2978 1690 ad
3024 1649 3260 1691 sanctam
3302 1640 3520 1693 Mariam
3548 1642 3616 1694 de
3641 1639 3794 1694 Can-

2209 1726 2358 1778 cellis
2387 1741 2465 1778 ιιι.
2497 1727 2550 1778 ln
2597 1740 2722 1779 arcu
2755 1727 2964 1795 majori,
2999 1729 3084 1782 ubi
3115 1730 3411 1783 audivimus
3444 1731 3790 1798 requiescere

534 1846 651 1884 rum
685 1831 1083 1898 Apostolorum,
1112 1831 1279 1884 sancti
1310 1830 1518 1900 Cyriaci
1553 1831 1602 1882 in
1626 1830 1897 1892 Thermis,
1931 1832 2101 1883 sancti

2217 1832 2400 1882 corpus
2433 1817 2569 1870 beati
2598 1816 2804 1870 Matbiae
2836 1819 3084 1886 apostoli,
3135 1836 3175 1883 I,
3203 1829 3357 1874 nocte
3395 1831 3448 1875 et
3476 1822 3592 1876 die:
3627 1832 3789 1876 nocte

540 1921 779 1986 Eusebii,
804 1932 1002 1974 sancta:
1032 1920 1373 1973 Pudentiana:
1397 1961 1410 1982 ,
1457 1920 1624 1972 sancti
1656 1919 1866 1984 Vitalts,
1894 1930 2105 1973 sancto-

534 2027 648 2064 rum
681 2011 966 2064 Marcellini
999 2020 1051 2063 et
1075 2011 1238 2071 Petri,
1268 2011 1436 2062 sancti
1465 2010 1777 2063 Clementis.

606 2098 916 2151 Cardinales
946 2095 1118 2149 sancti
1149 2096 1416 2150 Laurentii
1446 2097 1574 2150 foris
1601 2113 1807 2151 murum
1852 2108 1974 2152 sunt
2004 2098 2055 2152 hi
2089 2115 2104 2158 :

534 2197 728 2240 sancta:
761 2187 1019 2240 Praxedis
1051 2226 1066 2250 ,
1111 2187 1284 2240 sancti
1335 2187 1478 2240 Petri
1529 2187 1592 2240 ad
1623 2187 1839 2241 Vincula
1864 2228 1879 2248 .
1938 2191 2105 2243 sancti

538 2276 802 2329 Laurentii
835 2277 885 2329 in
921 2275 1114 2329 Lucina
1140 2317 1152 2336 .
1196 2288 1396 2330 sanctae
1447 2276 1637 2330 Crucis
1669 2277 1720 2330 iu
1769 2278 2063 2332 Jerusalem
2089 2317 2104 2341 ,

540 2368 708 2421 sancti
740 2366 1000 2434 Stephani
1027 2367 1079 2420 iu
1108 2377 1289 2421 monte
1315 2367 1499 2433 Cazlio,
1531 2377 1834 2421 sanctorum
1883 2367 2102 2423 Joannis

535 2467 590 2509 ct
621 2456 788 2522 Pauli,
818 2464 1121 2510 sanctorum
1153 2455 1389 2521 Quatuor
1417 2455 1824 2510 Coronatorum.

1182 2565 1460 2622 Diaconiw.

609 2657 880 2711 Diaconia:
907 2664 1029 2709 sunt
1058 2671 1185 2709 xvm
1215 2673 1226 2708 :
1260 2668 1460 2711 sancta:
1498 2656 1674 2711 Maria:
1703 2657 1754 2711 iu
1787 2659 2063 2714 Dominica
2091 2699 2108 2724 ,

539 2749 630 2802 ubi
661 2749 822 2802 debet
850 2761 972 2802 esse
1001 2747 1408 2802 archidiaconus
1430 2758 1628 2802 sanctae
1675 2748 1850 2803 Luciai
1882 2749 1933 2802 in
1964 2750 2111 2804 circo

534 2839 683 2907 juxta
715 2838 887 2905 Saepta
921 2838 1086 2900 solis;
1117 2846 1316 2892 sanctte
1343 2837 1520 2891 Maria:
1550 2839 1708 2892 Νοιιεε⁸
1733 2878 1749 2903 ,
1804 2847 2110 2894 sanctorum

537 2926 744 2979 Cosma:
769 2933 825 2981 et
855 2926 1114 2990 Damiani,
1140 2927 1309 2980 sancti
1338 2921 1579 2993 Adriani,
1610 2939 1912 2983 sanctorum
1939 2927 2108 2998 Sergii

535 3026 591 3068 at
622 3016 836 3080 ltaccbi,
865 3019 1033 3069 sancti
1059 3016 1349 3084 Theodori,
1377 3020 1544 3072 sancti
1577 3019 1858 3087 Gregorii,
1911 3030 2110 3074 sanctas

542 3105 718 3157 Maria:
749 3105 798 3156 in
827 3104 1022 3158 Schola
1066 3103 1273 3170 Graeca,
1306 3115 1504 3158 sancta:
1534 3104 1711 3160 Maria:
1763 3107 1813 3159 in
1847 3107 2062 3161 Porticu
2092 3149 2106 3170 ,

2209 1921 2334 1960 vero
2351 1915 2457 1959 tota
2482 1922 2602 1970 vui;
2629 1907 2694 1960 ad
2722 1918 2957 1962 sanctam
2985 1924 3196 1964 crucem
3221 1927 3256 1963 ι.
3282 1912 3336 1964 lu
3368 1922 3556 1966 sancto
3577 1913 3788 1967 Joanne

2207 2001 2272 2053 ad
2304 2001 2497 2054 Fontes
2526 2016 2571 2064 I;
2605 2001 2656 2054 in
2687 2016 2781 2054 san
2820 2011 2868 2054 ta
2898 2003 3056 2056 Lucia
3084 2019 3132 2066 ι,
3175 2004 3237 2057 ad
3293 2015 3537 2058 sanctum
3587 2007 3784 2059 Pasto-

2209 2106 2323 2144 rem
2357 2106 2404 2155 r;
2453 2091 2518 2144 ad
2542 2101 2783 2144 sanctum
2838 2092 3149 2161 Gregorium
3195 2109 3234 2158 ι,
3266 2103 3422 2148 nocte
3466 2094 3679 2161 dieque,
3731 2096 3784 2147 in

2214 2196 2534 2250 unoquoque
2585 2183 2841 2245 istorum;
2882 2182 2936 2235 iu
2966 2181 3218 2236 Vaticano
3239 2198 3283 2247 ις
3313 2181 3364 2235 iu
3409 2191 3592 2236 sancta
3622 2183 3786 2236 Maria

2209 2272 2261 2324 in
2284 2271 2529 2324 Oratorio
2558 2287 2603 2335 t;
2631 2271 2695 2324 ad
2723 2282 2961 2324 sanctum
2991 2271 3219 2327 Leonem
3252 2285 3497 2338 quartum
3532 2289 3581 2337 ις
3625 2273 3784 2326 Petro

2210 2371 2265 2417 et
2291 2364 2451 2416 Paulo
2489 2378 2503 2416 ι
2527 2379 2541 2428 ;
2571 2363 2639 2416 ad
2667 2375 2906 2416 sanctum
2949 2364 3395 2418 Bartholomazmu
3423 2379 3474 2428 l;
3505 2379 3633 2418 ause
3659 2378 3782 2419 cru-

2209 2453 2398 2507 ciﬁxus
2428 2467 2499 2508 Ii:
2531 2454 2584 2507 in
2617 2463 2730 2508 rete
2760 2468 2840 2519 tv;
2875 2455 2928 2507 in
2959 2456 3102 2523 virga
3131 2470 3224 2519 ιιι;
3256 2463 3378 2508 ante
3410 2463 3589 2523 portas
3615 2455 3789 2508 eccle-

2213 2543 2308 2597 sia:
2330 2541 2529 2597 deforis
2555 2559 2620 2609 v;
2649 2546 2700 2598 in
2729 2561 3044 2614 unoquoque
3070 2547 3398 2611 porticalium
3438 2561 3532 2612 tu;
3568 2547 3620 2599 iu
3662 2561 3790 2601 san-

2211 2647 2294 2689 cta
2324 2634 2607 2689 Petronilla
2637 2649 2710 2700 ιι;
2744 2636 2794 2689 in
2818 2645 3005 2689 sancto
3028 2638 3236 2690 Audrea
3268 2652 3306 2689 i.

2287 2726 2488 2778 Omnes
2533 2725 2690 2794 igitur
2715 2725 2950 2778 candela:
2987 2740 3104 2791 quae
3132 2726 3369 2794 quotidie
3397 2725 3590 2780 ardent
3617 2727 3671 2780 in
3695 2741 3790 2781 ec-

2213 2815 2376 2868 clesia
2407 2814 2550 2868 beati
2584 2813 2746 2880 Petri,
2779 2823 2902 2867 sunt
2927 2829 3048 2878 cxv,
3081 2816 3145 2868 ad
3193 2814 3388 2879 minus,
3421 2817 3568 2869 omni
3600 2825 3786 2880 nocte;

2214 2906 2266 2959 in
2315 2904 2633 2960 stationibus
2687 2918 2812 2958 \ero
2865 2912 2988 2958 sunt
3027 2919 3143 2959 ccc.
3196 2905 3252 2958 In
3312 2893 3688 2970 Dedicatione,
3733 2906 3787 2957 in

2215 2995 2562 3058 Ascensione,
2597 3003 2650 3046 et
2680 2993 2813 3046 festo
2835 2994 3005 3047 sancti
3035 2994 3171 3048 Petri
3198 3007 3250 3048 et
3272 2994 3471 3048 Octava
3497 2995 3636 3062 ejus,
3661 2995 3791 3049 retia

2214 3086 2598 3149 accendantur;
2643 3084 2735 3137 sed
2763 3093 2908 3138 recte
2953 3099 3222 3153 magnum,
3255 3084 3397 3153 quod
3444 3094 3532 3138 est
3560 3087 3609 3138 iu
3651 3087 3788 3138 atrio

542 3195 715 3248 sancti
756 3196 956 3248 Nicolai
1009 3197 1060 3249 in
1108 3167 1377 3260 Carcere,
1431 3197 1569 3250 santi
1640 3197 1829 3265 Augeli
1861 3238 1875 3258 .
1937 3167 2108 3252 sancti

2217 3177 2475 3237 ecclesiae,
2508 3175 2663 3244 162
2687 3173 2894 3226 scilicet
2942 3183 3064 3227 ante
3112 3184 3315 3241 portam
3361 3179 3704 3242 Argenteam,
3738 3176 3790 3228 in

545 3285 708 3338 Eusta
722 3285 830 3350 chi,
862 3296 1058 3339 sancta:
1085 3285 1261 3340 Maria:
1282 3285 1333 3340 in
1365 3287 1586 3354 Aquiro,
1620 3297 1818 3341 sauctte
1847 3287 2026 3341 Maria:
2058 3290 2108 3341 in

542 3377 624 3428 via
654 3377 799 3437 Lata,
825 3383 1024 3430 sanctis
1047 3376 1264 3444 Agathae
1297 3377 1347 3430 in
1371 3391 1508 3441 equo
1543 3391 1841 3431 marmoreo
1863 3417 1878 3442 ,
1910 3387 2112 3432 sanctae

542 3466 717 3520 Luciae
746 3468 797 3518 in
818 3467 989 3533 capite
1011 3467 1282 3531 Suburrte,
1308 3467 1482 3520 sancti
1525 3466 1749 3534 Quirici,
1784 3467 2111 3539 [sanctorum

543 3557 645 3610 Viti
673 3567 723 3611 et
748 3556 1010 3627 Modesti].
1204 3626 1431 3680 Abbati“!

614 3718 854 3771 Abbatia:
882 3727 1009 3772 sunt
1057 3716 1217 3771 ista):
1275 3720 1444 3772 sancti
1506 3717 1723 3772 Caesarii
1771 3718 1824 3772 in
1873 3720 2111 3786 palatio,

540 3809 708 3861 sancti
744 3809 981 3875 Gregorii
1032 3809 1085 3862 in
1139 3810 1277 3862 clivo
1322 3808 1548 3873 Scauri,
1600 3824 1802 3865 saucias
1828 3811 2008 3864 Mariae
2061 3814 2111 3865 in

544 3897 828 3960 Aventino,
859 3898 1024 3950 sancti
1055 3897 1268 3962 Alexii,
1313 3901 1482 3950 sancti
1533 3899 1728 3962 Saliae,
1780 3899 1867 3952 ubi
1919 3899 2115 3953 dicitur

542 3986 690 4040 Cella
720 3985 903 4052 Nova;
945 3988 1116 4041 sancti
1146 3984 1415 4041 Pancratii
1468 3989 1518 4041 in
1551 3989 1636 4041 via
1676 3991 1913 4044 Aurelia.
1973 3991 2112 4044 Intra

542 4076 726 4129 urbem
768 4075 1224 4140 Ravennantium,
1279 4077 1485 4132 scilicet
1540 4079 1922 4134 Traustiberim
1953 4125 1968 4145 ,
2027 4091 2112 4136 est

542 4167 754 4221 abbatis
785 4176 1090 4222 sanctorum
1123 4167 1330 4223 Cosmte
1355 4179 1408 4224 et
1430 4169 1670 4223 Damiani
1702 4171 1756 4224 in
1777 4171 1896 4224 vico
1915 4171 2111 4226 Aureo.

541 4258 684 4312 Intra
715 4260 901 4314 urbem
932 4270 1015 4314 est
1045 4261 1258 4316 abbatia
1305 4262 1476 4316 sancti
1521 4261 1768 4316 Silvestri
1798 4262 1935 4316 inter
1980 4263 2114 4318 duos

546 4349 753 4417 hortos,
782 4365 938 4418 quam
971 4352 1242 4406 aediﬁcare
1291 4353 1452 4419 cmpit
1493 4351 1794 4419 Stephanus
1843 4367 1976 4421 papa
2027 4353 2066 4406 11
2095 4393 2110 4418 ,

543 4441 634 4495 sed
667 4441 862 4496 Paulus
887 4457 1016 4511 papa
1044 4446 1309 4511 explevit;
1345 4445 1398 4498 hi
1421 4446 1528 4499 duo
1555 4447 1846 4514 Apostolici
1879 4449 2113 4517 requies-

2219 3265 2354 3318 festo
2380 3265 2547 3316 sancti
2582 3262 2721 3316 Petri
2760 3271 2813 3316 et
2844 3264 3040 3316 Octava
3069 3273 3288 3316 tantum.

2288 3356 2488 3410 Practer
2516 3369 2576 3409 ea
2617 3363 2842 3422 quatuor
2871 3352 3024 3407 funes
3060 3353 3128 3406 de
3157 3354 3372 3422 antiqua
3402 3355 3790 3407 consuetudine

2214 3448 2573 3503 extenduntur
2601 3446 2654 3499 in
2691 3447 2829 3500 festo
2878 3447 3046 3498 sancti
3091 3445 3232 3500 Petri
3261 3455 3316 3498 et
3348 3447 3545 3498 Octava
3591 3444 3707 3513 ejus
3737 3448 3786 3497 in

2215 3538 2349 3590 atrio
2373 3535 2610 3603 ejusdem
2632 3536 2896 3599 ecclesiae,
2928 3535 2978 3587 id
3009 3535 3166 3587 estin
3197 3534 3464 3601 paradiso,
3495 3535 3546 3586 in
3577 3535 3788 3587 modum

2218 3627 2430 3692 crucis;
2453 3635 2506 3680 et
2529 3628 2755 3696 ligantur
2779 3627 2846 3680 de
2871 3626 3213 3694 portiCalibus
3235 3627 3300 3679 ad
3331 3629 3540 3694 pineam
3563 3643 3788 3688 aeneam,

2215 3735 2331 3786 qua:
2367 3727 2452 3772 est
2492 3718 2547 3772 in
2577 3717 2854 3787 paradiso;
2887 3727 2941 3771 et
2979 3717 3029 3770 in
3061 3733 3380 3787 unoquoque
3412 3719 3539 3772 fune
3589 3735 3636 3772 vi
3667 3735 3786 3772 cau-

2214 3810 2348 3863 delac
2393 3808 2808 3878 suspenduntur.
2869 3807 2922 3861 ln
2974 3809 3221 3876 gradibus
3247 3823 3395 3871 vero,
3427 3809 3638 3862 scilicet
3668 3815 3788 3861 ante

2215 3898 2494 3953 ecclesiam
2540 3907 2738 3952 sancta:
2782 3897 2959 3952 Maria:
3010 3901 3058 3952 in
3100 3898 3274 3966 Turri,
3308 3901 3614 3954 extenditur
3659 3913 3788 3952 unus

2215 4004 2436 4058 magnus
2457 3988 2595 4042 futuis
2622 4003 2648 4040 a
2677 3990 2940 4058 porticali,
2966 3991 3103 4058 quod
3132 4001 3216 4045 est
3235 4006 3394 4059 super
3421 3991 3620 4060 gradus
3643 4007 3785 4045 mor-

2216 4087 2448 4144 tuorum,
2482 4093 2644 4146 usque
2673 4078 2740 4133 ad
2783 4079 2998 4133 domum
3057 4079 3196 4134 Petri
3250 4080 3470 4135 Joannis
3519 4082 3587 4135 de
3633 4082 3784 4135 Pam-

2215 4184 2374 4238 pauo,
2406 4170 2459 4222 iu
2489 4184 2591 4238 qua
2621 4171 2687 4224 de
2711 4170 2830 4238 jure
2859 4170 3018 4223 debet
3044 4169 3190 4238 ligari
3222 4171 3512 4226 secundum
3548 4181 3783 4226 tenorem

2217 4261 2513 4324 locationis,
2544 4270 2596 4313 et
2631 4261 3027 4329 suspenduntur
3056 4262 3106 4315 in
3135 4276 3201 4315 eo
3229 4277 3357 4316 xvttt
3385 4264 3646 4319 candela»

2338 4347 2416 4401 De
2444 4350 2888 4403 consuetudinibus
2912 4352 3265 4418 confessionis.
3296 4350 3425 4422 Cap.
3457 4369 3680 4412 xxxvul.

2291 4441 2412 4494 llaec
2441 4450 2563 4494 sunt
2598 4456 2716 4510 quae
2743 4441 2985 4494 dominus
3018 4441 3155 4510 Papa
3180 4443 3246 4496 de
3274 4447 3662 4498 consuetudine
3705 4461 3783 4499 re-

547 4540 676 4584 cuut
711 4533 862 4602 161
899 4533 951 4586 in
983 4534 1210 4588 ecclesia
1242 4536 1382 4589 beati
1419 4536 1599 4600 Petri;
1649 4537 1872 4591 ecclesia
1917 4515 2113 4591 sancta;
2144 4515 2190 4571 Π
2218 4542 2467 4598 cepturus
2497 4541 2577 4584 est
2605 4531 2672 4583 ab
2719 4531 2822 4584 illis
2868 4531 2956 4598 qui
3005 4541 3188 4584 emunt
3223 4531 3616 4586 confessionem
3647 4535 3782 4588 beati

549 4623 726 4676 Marim
756 4624 807 4678 in
834 4624 1101 4691 Capitula,
1134 4626 1219 4679 ubi
1251 4636 1334 4679 est
1361 4642 1452 4681 ara
1483 4626 1600 4680 Filii
1633 4628 1746 4682 Dei.
1788 4627 1969 4681 Sancti
2014 4631 2116 4681 Ba-

547 4714 651 4766 silii
677 4715 830 4779 juxta
862 4717 1109 4781 palatium
1135 4716 1344 4783 Trajani
1375 4715 1742 4785 imperatoris;
1770 4728 1937 4773 santae
1976 4720 2116 4787 Aga-

544 4806 652 4855 tlia:
676 4804 912 4872 virginis.
944 4819 1060 4872 quae
1096 4813 1180 4858 est
1211 4805 1461 4860 Suburrte
1505 4816 1717 4868 monte;
1758 4807 1926 4860 sancti
1968 4806 2110 4860 Lau-

545 4893 702 4946 rentii
732 4894 781 4945 in
807 4893 1150 4962 Pauispcrua,
1201 4896 1287 4949 ubi
1331 4899 1533 4965 positus
1575 4897 1675 4949 t‘uit
1723 4898 1772 4950 in
1815 4898 2110 4961 craticula;

544 4983 713 5034 sancti
743 4982 960 5036 Thoante
981 4985 1129 5052 juxta
1156 4985 1376 5039 formam
1403 4985 1698 5050 Claudiam,
1732 4986 1900 5039 sancti
1934 4986 2113 5040 Basilii

545 5073 597 5124 in
624 5070 828 5140 Campo
858 5072 1076 5141 Sancto,
1099 5077 1452 5129 sanctissima:
1482 5076 1756 5129 Trinitatis
1786 5075 2112 5130 Scottorum.

544 5163 706 5216 Extra
747 5164 931 5218 urbem
956 5204 974 5229 ,
1002 5166 1054 5219 in
1096 5167 1180 5220 via
1223 5165 1476 5220 Flaminia
1504 5207 1520 5232 ,
1569 5177 1652 5220 est
1692 5167 1901 5220 abbatia
1943 5169 2111 5222 sancti

548 5251 840 5308 Valentini:
887 5256 955 5309 ab
984 5257 1085 5310 alia
1134 5267 1286 5325 parte
1323 5255 1544 5323 Romae,
1588 5258 1670 5310 via
1719 5257 1989 5322 Ostiensi,
2032 5267 2115 5312 est

542 5343 753 5395 abbatis
784 5345 950 5401 sancti
974 5345 1144 5410 Pauli,
1180 5355 1232 5400 et
1254 5347 1465 5401 abhatia
1489 5348 1660 5401 sancti
1686 5349 1971 5402 Anastasii.
2004 5349 2109 5404 lte-

543 5447 660 5484 rum
686 5434 738 5485 in
769 5435 897 5487 urbe
916 5443 1000 5489 est
1018 5437 1235 5490 abhatia
1255 5446 1455 5490 sauctte
1481 5437 1657 5492 Maria:
1685 5438 1737 5490 in
1761 5437 1988 5502 Pallara,
2020 5441 2108 5494 ubi

483 5523 500 5543 '
549 5522 649 5573 luit
674 5522 952 5590 saginatus
978 5535 1195 5580 sanctus
1216 5526 1585 5591 Sebastianus;
1619 5537 1815 5581 sanctae
1851 5530 2028 5582 Mariae
2059 5531 2109 5583 in

545 5609 873 5664 monasterio
904 5612 968 5663 ad
993 5621 1236 5667 sanctum
1270 5613 1484 5669 Petrutu
1518 5614 1583 5668 ad
1616 5615 1871 5682 Vincula;
1915 5627 2112 5672 sancta:

544 5694 720 5747 Maria:
741 5695 791 5748 in
823 5697 1010 5751 Castro
1040 5716 1218 5754 aureo.

2220 4620 2361 4674 Petri
2411 4635 2506 4684 pro
2538 4621 2705 4673 tribus
2733 4620 2999 4688 partibus;
3032 4621 3273 4675 canonici
3305 4637 3430 4676 vero
3462 4640 3558 4690 pro
3600 4635 3782 4691 quarta

2221 4723 2388 4780 parte.

2289 4803 2344 4856 lu
2378 4799 2558 4868 primis
2584 4800 2842 4868 planetas,
2872 4801 3120 4864 camisos,
3147 4803 3371 4870 tunicas,
3401 4805 3651 4867 amictos,
3676 4815 3782 4856 sto-

2226 4895 2320 4960 las,
2341 4894 2633 4957 manuales,
2656 4893 2910 4962 cingulos,
2931 4908 3166 4954 crucem.
3192 4893 3515 4947 lhtll‘lbttlum
3537 4910 3780 4958 aureum,

2220 4988 2309 5054 qui
2348 4985 2418 5040 sit
2441 4992 2596 5051 aptus
2641 4983 2706 5037 ad
2751 4985 3067 5036 cantandum
3117 4984 3356 5048 Missam;
3409 4985 3571 5037 libros
3603 4995 3654 5037 et
3685 4987 3783 5037 alia

2219 5091 2368 5138 vasa,
2398 5089 2517 5142 qua:
2559 5072 2626 5126 ad
2653 5073 2886 5126 cilicium
2917 5073 3097 5125 altaris
3127 5083 3403 5141 spectant;
3441 5075 3780 5138 candelabra,

2221 5165 2441 5220 tohalias
2469 5162 2681 5218 frisatas
2709 5175 2762 5218 et
2807 5174 3050 5232 opertas,
3077 5179 3194 5232 qua:
3227 5175 3391 5218 totum
3432 5166 3602 5220 altare
3639 5168 3773 5220 colli.

2219 5266 2342 5325 gant
2371 5257 2484 5309 sine
2513 5256 2687 5320 frisio,
2716 5266 2919 5308 tantum
2953 5256 3161 5308 frisatas
3191 5270 3292 5307 non
3328 5270 3538 5322 parvas,
3563 5259 3644 5309 vel
3677 5272 3772 5309 ma-

2213 5361 2374 5416 gnas;
2405 5355 2511 5399 tres
2536 5346 2782 5398 denarios
2813 5345 2876 5396 ad
2909 5344 3112 5411 pondus
3141 5344 3208 5397 de
3235 5344 3498 5408 balsamo,
3518 5356 3576 5398 et
3601 5347 3778 5400 decem

2213 5437 2379 5490 libras
2429 5450 2566 5489 cerae
2615 5449 2712 5502 pro
2751 5434 2917 5487 iacula
2951 5434 3018 5487 de
3060 5435 3291 5489 Sabhato
3328 5445 3547 5499 sancto;
3578 5446 3632 5490 et
3678 5447 3779 5490 tres

2214 5527 2474 5594 ampullas
2504 5525 2753 5594 majores,
2780 5533 2834 5577 ct
2860 5533 2966 5583 tres
2996 5526 3264 5590 minores;
3296 5535 3351 5578 et
3397 5534 3506 5579 tres
3538 5525 3777 5587 lanuues,

2214 5626 2267 5669 et
2293 5617 2468 5668 oleum
2497 5629 2592 5682 pro
2620 5614 2939 5676 chrismate,
2971 5625 3024 5669 et
3063 5616 3344 5669 duodecim
3389 5617 3640 5670 denarios
3683 5616 3772 5669 Pa-

2217 5707 2427 5773 pieuscs
2460 5720 2552 5773 pro
2585 5704 2771 5772 palmis
2796 5705 3069 5758 canonicis
3094 5706 3230 5760 beati
3264 5707 3437 5770 Petri;
3467 5707 3666 5760 solidos
3689 5720 3774 5758 scx
