4008 6308
198 358 334 413 Ῑῖὶίὶι

1378 349 1637 406 ROMANI
1677 349 1992 406 ORDINES.
2033 378 2102 390 --
2142 349 2236 404 .\'l.

3325 359 3463 412 i069

196 471 252 523 in
286 486 380 522 sex
409 467 746 530 stationibus,
779 465 828 516 in
861 477 1176 533 imaquaque
1205 476 1320 526 sex,
1363 473 1414 516 et
1443 479 1535 518 sex
1571 463 1773 516 solidos
1806 468 1845 521 Α
1874 459 2008 528 joris
2059 463 2108 513 in
2143 461 2365 528 Pascha,
2419 463 2660 517 canonici
2703 463 2936 519 basilice
2986 466 3155 519 sane“
3200 465 3370 532 pem,
3402 478 3457 522 et

196 557 252 610 iu
278 554 570 609 festivitate
598 553 766 606 sancti
797 551 1045 616 An'drezc,
1078 560 1132 605 et
1159 551 1290 604 duas
1339 552 1634 620 aquaricias
1674 552 1777 606 olei

194 662 298 715 pro
327 645 461 698 festo
485 643 748 710 ejusdem.

273 736 330 788 In
365 734 704 788 resarciendo
735 739 870 785 tecta
914 739 967 785 et
1011 732 1277 786 mutandis
1311 733 1548 787 trabibus
1587 732 1782 786 dantur

191 827 308 879 duo
336 824 540 879 denarii
573 822 861 891 Papienses
889 820 1170 890 unicuique
1191 825 1563 892 magistrorum
1593 833 1646 878 et
1667 839 1784 876 rna-

198 916 440 969 nualium
473 915 526 968 in
566 926 883 980 unoquoque
909 912 1014 975 die,
1057 912 1229 965 donec
1251 927 1396 979 ,opus
1425 913 1777 980 compleatur.

196 1009 429 1071 Quando
451 1005 754 1058 sandialarii
785 1003 1004 1070 capiunt
1049 1004 1247 1066 trahes,
1291 1005 1427 1056 duos
1456 1004 1658 1058 solidos
1688 1005 1784 1058 de-

198 1101 475 1152 nariorum
511 1096 872 1164 Papiensium,
899 1101 953 1147 et
982 1101 1213 1162 quatuor
1239 1095 1401 1148 libras
1427 1109 1585 1148 certe.

275 1190 500 1254 Quando
525 1187 771 1240 dominus
815 1199 945 1253 papa
997 1186 1170 1254 pergit
1206 1185 1271 1238 ad
1300 1194 1539 1238 sanctum
1570 1186 1782 1239 Petrum

200 1279 258 1333 iu
278 1277 619 1340 stationibus,
642 1276 828 1344 viginti
846 1274 1045 1329 solidos
1063 1274 1399 1328 denariorum
1421 1274 1779 1343 Papiensium,

201 1380 262 1422 et
303 1379 411 1423 tres
440 1367 738 1436 aquaricias
773 1365 954 1418 clareti
996 1363 1355 1418 cardinaltbus
1392 1373 1448 1417 et
1493 1365 1787 1434 capellanis

204 1478 382 1530 papae.
423 1459 552 1513 Aliis
599 1457 797 1510 scholis
845 1456 1104 1510 medietas
1134 1457 1316 1510 altaris
1362 1456 1540 1520 datur,
1569 1471 1635 1510 ex
1678 1470 1785 1523 quo

203 1551 406 1605 tobalia
430 1551 736 1605 extenditur
761 1563 921 1614 super
944 1547 1130 1600 altare.
1161 1548 1224 1600 lit
1253 1546 1304 1599 in
1335 1561 1649 1615 unaquaque
1675 1555 1786 1599 sta-

203 1640 354 1694 tione
385 1655 544 1693 unum
576 1653 670 1706 par
698 1638 985 1691 facularum
1006 1636 1071 1689 de
1093 1635 1300 1689 duabus
1328 1636 1472 1690 libris
1493 1636 1559 1689 ad
1594 1650 1784 1703 vespe-

204 1746 296 1784 ras
328 1730 483 1801 163
511 1738 566 1783 et
594 1729 658 1781 ad
686 1727 996 1791 Matutinus,
1026 1736 1081 1779 et
1122 1726 1374 1780 candelas
1402 1741 1497 1794 pro
1544 1725 1788 1780 lectioni-

1881 551 2147 618 accipiunt
2174 552 2358 605 decem
2409 553 2569 608 libras
2600 569 2736 608 cerae
2782 570 2878 622 pro
2908 556 3077 610 facula
3127 556 3194 609 de
3239 558 3464 610 sabbato

1881 655 2092 710 saneto,
2125 651 2178 696 et
2227 654 2335 698 tres
2366 644 2614 699 denarios
2661 648 2731 701 de
2772 648 3008 702 balsamo
3035 648 3101 701 ad
3149 650 3374 716 pondus,
3409 659 3463 704 ct

1883 738 1990 784 tres
2013 732 2270 798 ampullas
2298 732 2530 802 majores
2558 743 2611 788 et
2641 745 2750 789 tres
2782 737 3045 801 minores,
3078 747 3134 792 et
3166 748 3273 794 tres
3304 739 3453 794 fano-

1883 836 2000 886 nes,
2023 830 2076 874 et
2103 823 2278 875 oleum
2310 839 2405 891 pro
2437 825 2747 881 chrismate.

1956 910 2083 965 Item
2135 912 2382 966 dominus
2425 928 2557 982 papa
2589 916 2773 969 decem
2818 916 2981 970 libras
3024 930 3163 969 cera:
3193 931 3288 984 pro
3314 915 3466 985 agnis

1885 1001 1938 1054 in
1968 1010 2154 1055 Sancto
2199 1003 2488 1057 Laurentio
2519 1005 2585 1058 de
2619 1006 2841 1059 Palatio.
2885 1006 2996 1060 Una
3037 1006 3305 1075 aquaricia
3339 1008 3467 1068 olei,

1887 1106 1986 1144 una
2035 1094 2167 1144 libra
2195 1108 2358 1160 certe,
2393 1104 2445 1147 et
2475 1093 2692 1148 dimidia
2723 1095 2788 1148 de
2815 1097 3028 1149 olibano
3069 1111 3162 1165 per
3197 1113 3467 1160 mensem;

1885 1191 1940 1235 et
1979 1182 2032 1234 iu
2063 1197 2376 1251 unaquaque
2407 1184 2764 1252 hebdomada,
2797 1187 3012 1254 quando
3045 1187 3294 1240 dominus
3332 1199 3467 1255 papa

1887 1288 1992 1324 non
2023 1281 2104 1325 est
2132 1272 2336 1340 Boium,
2365 1274 2470 1327 duo
2501 1275 2658 1327 solidi
2692 1276 2960 1329 Lucenses
2988 1277 3245 1330 ostiariis.

1958 1360 2012 1413 lu
2053 1360 2431 1415 Purificatioue
2457 1371 2656 1416 sanctae
2688 1363 2869 1416 Mariae
2899 1365 3132 1433 quinque
3180 1365 3342 1418 libras
3371 1380 3468 1418 ce-

1887 1465 1983 1514 rte,
2015 1459 2070 1504 et
2094 1460 2319 1518 quatuor
2358 1451 2607 1506 denarios
2644 1452 2801 1524 164
2833 1469 2928 1523 pro
2956 1465 2983 1491 ιι
3015 1454 3214 1519 vincis;
3265 1455 3319 1509 in
3351 1457 3466 1510 An-

1893 1539 2226 1594 nuutiatione
2254 1541 2494 1596 totidem.

1965 1630 2018 1681 lu
2046 1629 2321 1684 Dominica
2355 1631 2654 1687 Palmarum
2705 1633 2967 1705 acolythis
2996 1634 3276 1690 duodecim
3308 1635 3473 1690 dena-

1894 1719 2006 1774 rios
2041 1735 2135 1788 pro
2176 1723 2394 1788 palmis;
2440 1724 2814 1779 mansionariis
2845 1726 3016 1779 sancti
3062 1726 3205 1780 Petri
3253 1726 3472 1781 totidem

207 1821 333 1872 bus.
357 1819 437 1871 Ad
460 1819 673 1872 Missam
703 1817 952 1870 similiter
983 1831 1142 1868 unum
1175 1830 1270 1884 par
1301 1816 1614 1870 facularum.
1655 1816 1786 1870 Car—
1818 1821 1864 1878 B
1893 1822 1987 1875 pro
2017 1809 2230 1874 palmis.

205 1908 478 1961 dinalibus
505 1910 740 1976 quinque
769 1907 972 1959 solidos
1001 1905 1338 1960 denariorum
1369 1906 1703 1974 Papiensium
1733 1908 1784 1960 in

205 1999 461 2059 statione,
495 2006 547 2050 et
579 2004 688 2050 tres
716 1995 918 2049 solidos
961 1994 1230 2049 Lucenses
1269 2010 1365 2064 pro
1407 1995 1784 2062 reSponsoriis.

285 2087 342 2139 In
371 2094 597 2152 quatuor
625 2095 885 2153 tempora,
919 2084 970 2137 in
1004 2099 1323 2152 unoquoque
1353 2084 1605 2147 Sabbato,
1631 2084 1790 2151 quin-

210 2191 322 2244 que
345 2175 548 2230 solidos
579 2173 845 2228 Lucenses
874 2173 1129 2229 cardiuali
1161 2175 1407 2243 diacono,
1439 2173 1784 2242 subdiacono,

209 2267 544 2330 cantoribus,
574 2276 628 2320 et
653 2265 936 2334 acolythis.

287 2356 334 2408 Α
381 2354 518 2408 festo
569 2355 736 2408 sancti
775 2354 1014 2421 Gregorii
1070 2368 1217 2421 papa
1263 2369 1431 2422 usque
1479 2353 1544 2407 ad
1594 2353 1788 2408 festum

215 2443 563 2496 Pentecostes
585 2442 638 2496 in
669 2457 985 2511 unoquoque
1006 2443 1092 2496 die
1112 2443 1390 2497 duodecim
1421 2444 1669 2498 denarios
1693 2444 1791 2497 Pa-

215 2532 434 2602 pienses
465 2533 659 2588 dantur
695 2535 914 2587 domino
964 2549 1141 2602 papae;
1183 2541 1238 2588 et
1285 2535 1432 2588 mille
1475 2535 1624 2588 librae
1651 2549 1791 2589 certe

216 2640 314 2690 per
342 2625 576 2694 singulos
623 2640 832 2690 annos;
887 2635 940 2678 et
984 2627 1035 2678 in
1079 2641 1399 2694 unoquoque
1449 2642 1636 2680 mense
1688 2642 1790 2680 una

212 2715 487 2782 aquaricia
514 2713 617 2768 olei
647 2724 700 2767 et
722 2729 822 2767 una
857 2715 988 2768 libra
1015 2715 1235 2778 olibani,
1267 2716 1313 2769 si
1353 2723 1436 2770 est
1462 2717 1514 2769 in
1547 2717 1677 2771 urbe
1706 2717 1792 2770 vel

215 2807 362 2858 circa
395 2806 602 2869 urbem,
639 2818 732 2871 per
753 2819 914 2857 unum
938 2804 1102 2860 diem.

294 2894 372 2948 Ex
421 2895 804 2949 consuetudine
846 2895 898 2947 in
937 2894 1126 2960 majori
1171 2893 1505 2948 heoaomada
1547 2893 1794 2948 dominus

217 2985 508 3052 episcopus
535 2993 732 3036 sancta:
764 2983 968 3036 Rufina:
993 2981 1078 3049 jus
1107 2983 1380 3036 consuevit
1407 2981 1623 3043 habere,
1649 2983 1794 3036 vide-

216 3074 344 3127 licet
371 3087 516 3127 aram
545 3082 598 3125 et
623 3074 811 3136 altare,
843 3087 909 3126 ex
939 3086 1044 3140 quo
1089 3071 1330 3138 pulsator
1358 3071 1422 3126 ad
1455 3071 1791 3134 Matutinum,

1963 1899 2015 1952 In
2045 1899 2246 1954 litaniis
2272 1901 2559 1970 majoribus
2588 1905 2774 1972 viginti
2818 1915 3023 1972 septem
3068 1904 3230 1959 libras
3263 1905 3469 1960 Lucen-

1893 2003 1983 2041 ses
2014 2004 2110 2057 pro
2153 1991 2484 2060 presbyterio
2514 2007 2754 2058 crucum,
2797 2004 2851 2047 et
2881 1996 3054 2056 lectis,
3080 2003 3133 2048 et
3161 1996 3335 2059 lobiis,
3363 1998 3476 2065 epi-

1888 2079 2066 2145 scopis
2095 2089 2148 2132 et
2169 2081 2550 2146 cardinalibus,
2573 2095 2625 2137 et
2646 2085 2896 2138 omnibus
2922 2086 3123 2138 scholis
3160 2086 3359 2153 palatii.

1965 2169 2068 2221 Pro
2113 2171 2450 2239 eleemosyna
2503 2182 2702 2226 saneta:
2754 2174 2999 2237 Rufinae,
3061 2186 3114 2229 et
3167 2185 3474 2230 sanctorum

1890 2259 2146 2324 Quatuor,
2176 2271 2230 2314 et
2250 2261 2419 2315 sancti
2448 2261 2763 2329 Clementis,
2787 2276 2840 2319 et
2863 2265 3032 2319 sancti
3059 2266 3341 2332 Pancratii,
3368 2284 3472 2320 una

1890 2348 2162 2414 aquaricia
2193 2351 2320 2416 olei,
2352 2363 2407 2405 et
2435 2353 2673 2421 quinque
2700 2355 2848 2408 libra:
2893 2370 3055 2419 certe,
3085 2365 3139 2410 et
3167 2355 3385 2410 dimidia
3407 2361 3475 2410 de

1892 2437 2136 2503 olibano;
2170 2450 2222 2493 et
2249 2440 2300 2493 in
2332 2456 2646 2509 unaquaque
2675 2444 3007 2498 hebdomada
3051 2459 3147 2512 pro
3174 2448 3475 2515 elcemosy-

1896 2529 1980 2582 nis
2031 2545 2323 2598 pauperum
2369 2533 2616 2586 undet-im
2667 2533 2865 2588 solidos
2913 2534 3214 2598 Lucenses;
3260 2545 3315 2589 et
3348 2536 3473 2589 dum

1895 2631 2062 2674 strata
2095 2623 2284 2689 currit,
2309 2632 2458 2677 extra
2491 2625 2541 2678 id
2571 2626 2710 2692 quod
2751 2627 2910 2678 datur
2939 2625 3145 2693 ejectis.
3173 2626 3241 2679 Et
3282 2627 3348 2680 de
3376 2628 3478 2684 oli-

1895 2714 2034 2768 bano
2063 2713 2394 2770 abundanter
2422 2717 2660 2771 serviant
2690 2716 2844 2771 beato
2875 2718 3052 2782 Petro,
3082 2726 3137 2772 et
3162 2721 3341 2772 omnia
3369 2719 3474 2773 alia

1891 2803 2012 2871 jura
2038 2804 2352 2858 observent.

1967 2897 2382 2951 Sententialibus
2431 2897 2693 2964 praefecti,
2745 2898 2788 2951 si
2839 2897 3166 2966 suspendant
3213 2898 3467 2964 aliquem,

1898 3002 2131 3055 quoque
2152 2987 2393 3052 solidos;
2416 2988 2628 3055 quando
2649 2987 2934 3051 decollant,
2959 2987 3235 3044 similiter:
3260 2989 3474 3055 quando

1899 3084 2120 3136 cacant,
2151 3075 2435 3129 duodecim
2488 3076 2737 3128 tlenarios
2772 3090 2867 3143 pro
2917 3078 3236 3142 unhquoque
3284 3075 3474 3136 oculo;

214 3175 273 3217 et
300 3166 595 3234 usquedum
641 3166 820 3218 linitur
847 3161 1112 3229 officium;
1140 3172 1194 3217 et
1221 3179 1286 3217 ex
1322 3178 1427 3230 quo
1459 3164 1698 3231 pulsatur
1724 3163 1790 3216 ad
1819 3167 1866 3228 ο
1900 3167 2112 3235 quando
2146 3175 2395 3220 truncant
2422 3166 2637 3234 aliquod
2669 3165 2986 3229 membrum,
3016 3165 3277 3218 simili:er.

215 3254 436 3307 Missam
467 3270 632 3321 usque
670 3254 735 3306 ad
788 3256 976 3317 liuent,
1007 3253 1150 3306 salva
1195 3252 1480 3306 medietate
1505 3253 1793 3307 canonico-

216 3360 340 3397 rum
372 3354 425 3399 et
455 3353 755 3409 cantorum,
778 3358 934 3412 quam
963 3344 1158 3398 habent
1181 3345 1233 3398 in
1255 3343 1410 3398 altari
1437 3360 1558 3398 cum
1579 3346 1796 3398 domino

216 3436 498 3503 episcopo.
548 3434 681 3488 Tota
722 3449 954 3502 namque
1007 3433 1266 3488 medietas
1315 3435 1629 3500 oblationis,
1677 3451 1796 3504 qua:

218 3526 368 3579 venit
396 3526 446 3578 in
470 3526 655 3589 altari,
709 3533 793 3579 est
838 3527 1021 3579 altaris
1069 3526 1271 3580 domini
1320 3527 1587 3595 episc0pi;
1633 3527 1796 3581 altera

220 3615 487 3669 medietas
516 3625 598 3669 est
638 3616 775 3670 inter
804 3616 1116 3684 praedictum
1162 3615 1439 3670 dominum
1490 3623 1796 3686 episCOpum

218 3717 278 3762 et
324 3709 611 3762 canonicos
649 3709 889 3763 ecclesiae
933 3716 988 3763 et
1040 3717 1289 3762 cantores
1339 3709 1618 3777 :equaliter
1666 3709 1800 3761 divi-

218 3797 419 3852 denda.
449 3797 578 3851 Nam
611 3812 713 3852 una
742 3812 862 3866 pars
882 3807 965 3852 est
991 3797 1194 3852 domini
1218 3798 1475 3866 episcOpi,
1508 3798 1608 3852 alia
1641 3812 1800 3851 cano-

220 3889 488 3952 nicorum,
520 3896 575 3942 et
599 3889 701 3942 alia
731 3897 1030 3947 cantorum,
1057 3889 1100 3943 si
1129 3888 1463 3943 interfueriut
1494 3887 1802 3942 constitutis

218 3977 452 4042 officiis;
484 3978 528 4031 si
553 3993 681 4042 non,
710 3986 792 4031 est
820 3978 1222 4042 canonicorum,
1250 3989 1460 4032 servata
1493 3977 1640 4045 prius
1662 3992 1796 4030 con-

219 4066 508 4122 suetudine
534 4067 599 4121 ad
638 4069 804 4122 altare
833 4068 1209 4136 servientium,
1242 4082 1362 4137 qua:
1392 4067 1551 4121 debet
1588 4081 1708 4121 esse
1735 4065 1803 4119 de

221 4156 498 4210 communi
546 4158 692 4211 omni
744 4157 1011 4222 partium.
1065 4167 1120 4212 et
1169 4157 1370 4212 domini
1416 4157 1688 4224 episcopi,
1751 4163 1807 4210 et

222 4245 478 4300 aliorum.

304 4337 400 4390 Die
425 4337 593 4402 Jovts,
623 4352 689 4391 ex
718 4352 822 4405 quo
851 4343 1090 4406 pulsatur
1120 4338 1187 4392 ad
1215 4337 1456 4391 officium
1487 4337 1802 4392 matutinale

223 4436 285 4480 ct
313 4426 378 4479 ad
416 4427 626 4481 Missam
670 4441 835 4496 usque
873 4428 939 4481 ad
971 4429 1127 4482 finem
1172 4427 1503 4490 officiorum;
1550 4427 1800 4481 similiter

1971 3256 2026 3309 ln
2079 3270 2393 3324 unaquaque
2442 3256 2662 3310 istarum
2713 3256 3000 3309 stationum
3043 3255 3241 3311 schola:
3273 3255 3477 3323 palatii,

1899 3347 2106 3402 scilicet
2135 3346 2433 3416 presbyteri
2463 3355 2516 3400 et
2545 3346 2754 3400 diaconi
2787 3346 3109 3407 cardinales,
3142 3346 3478 3412 subdiaconi,

1897 3449 2144 3492 cantores
2165 3438 2464 3506 regionarii,
2500 3447 2554 3490 et
2581 3436 2835 3507 acolytbi,
2866 3437 3065 3490 debent
3097 3437 3295 3491 habere
3315 3436 3478 3503 quiu-

1900 3547 2004 3602 que
2032 3534 2236 3587 solidos
2267 3532 2607 3585 denariorum
2637 3529 2972 3598 Papiensium
3003 3529 3069 3582 de
3097 3529 3287 3582 altario
3331 3529 3471 3582 beati

1903 3625 2043 3678 Petri
2072 3639 2166 3691 pro
2207 3625 2489 3677 cmnatica.
2517 3621 2939 3675 Archidiacouus
2974 3620 3133 3672 debet
3161 3619 3356 3671 habere
3385 3620 3480 3671 dc-

1904 3727 2020 3765 cem
2056 3721 2109 3765 et
2138 3719 2262 3765 octo
2305 3711 2553 3764 denarios
2582 3709 2868 3776 Papienses
2894 3721 2989 3776 pro
3037 3706 3119 3758 his
3148 3705 3238 3773 qui
3266 3712 3482 3759 cantant

1903 3802 2284 3869 Responsoria,
2308 3807 2361 3853 et
2391 3798 2458 3851 ad
2496 3798 2705 3852 Missam
2738 3798 3074 3852 medietatem
3106 3795 3309 3848 altaris.
3344 3795 3482 3846 l’rae-

1903 3894 2061 3947 dictae
2100 3891 2298 3944 schola:
2329 3889 2529 3943 habent
2575 3889 2714 3942 inter
2741 3904 2834 3943 eos
2862 3899 2916 3942 et
2945 3886 3250 3952 capellauos
3278 3885 3482 3938 domini

1905 3997 2052 4052 papa!
2077 3997 2244 4049 usque
2268 3982 2334 4034 ad
2365 3983 2523 4033 linem
2557 3981 2747 4033 Missae.
2773 3979 3023 4032 Cauooici
3053 3991 3180 4031 vero
3214 3979 3354 4029 beati
3385 3976 3483 4029 Pe-

1909 4073 1978 4126 tri
2029 4070 2314 4125 duodecim
2369 4067 2571 4122 solidos
2629 4067 2962 4136 accipiebant
3019 4067 3337 4136 antiquitus,
3387 4065 3483 4119 sed

1907 4159 2067 4214 modo
2096 4157 2292 4212 habent
2319 4171 2414 4211 sex
2447 4171 2540 4223 per
2559 4157 2844 4209 stationem

1975 4248 2031 4302 Si
2075 4261 2205 4302 vero
2232 4247 2426 4300 absens
2463 4245 2620 4300 fuerit
2650 4243 2882 4312 pontifex
2906 4283 2922 4306 ,
2955 4252 3009 4296 et
3045 4242 3289 4295 venerint
3316 4240 3485 4296 caidi-

1905 4340 2053 4395 nales
2073 4338 2387 4394 solemniter
2415 4345 2630 4390 cantare
2661 4336 2908 4399 Missam;
2946 4336 2994 4387 in
3025 4348 3336 4401 quacunque
3375 4343 3485 4386 sta-

1905 4432 2048 4485 tione
2106 4438 2272 4484 totam
2331 4429 2676 4483 medietatem
2728 4428 2908 4481 altaris
2964 4425 3164 4480 habent
3219 4425 3488 4493 prazdictav

225 4530 284 4572 ct
311 4519 365 4571 in
391 4517 477 4573 die
510 4518 730 4574 Veneris
757 4519 957 4584 sancti;
989 4520 1234 4574 similiter
1255 4531 1310 4575 et
1336 4520 1388 4574 in
1420 4519 1656 4575 Sabbato
1676 4534 1800 4573 san-
1827 4519 1880 4578 D
1905 4523 2125 4578 schola.
2171 4521 2465 4576 Cardiualis
2504 4535 2630 4574 vero
2674 4521 2762 4586 qtti
2806 4525 2987 4572 cantat
3029 4518 3280 4584 Missam,
3327 4517 3484 4569 habet

224 4620 338 4675 cto,
361 4626 426 4665 ex
465 4628 570 4676 quo
600 4612 840 4681 pulsatur
868 4613 932 4666 ad
979 4613 1213 4668 officium
1265 4612 1606 4678 matutinale,
1638 4625 1695 4667 et
1731 4629 1800 4666 ex

221 4715 336 4767 quo
378 4701 622 4768 pulsatur
647 4703 713 4755 ad
760 4703 1073 4772 baptismale
1116 4704 1384 4765 officium,
1430 4713 1584 4757 nocte
1629 4715 1680 4757 et
1718 4705 1805 4758 die

223 4799 337 4843 tota
370 4790 566 4844 habent
591 4793 678 4859 jus
708 4808 886 4856 suum,
910 4803 963 4847 et
988 4808 1153 4861 usque
1182 4794 1247 4847 ad
1290 4794 1448 4847 finem
1484 4794 1657 4848 Missae
1685 4807 1803 4846 tua-

304 4938 330 4964 ο
361 4929 432 4982 Ita
459 4930 649 4996 legitur
678 4931 731 4983 in
762 4929 980 4994 Codice,
1009 4937 1114 4980 tam
1152 4928 1420 4992 Vaticano,
1450 4941 1607 4991 quam
1639 4929 1803 4992 regio.

225 4997 554 5052 Occurrebat
582 5001 884 5067 conjectura
915 5015 1007 5065 pro
1037 4999 1232 5050 mineis.
1268 4998 1376 5067 ξω
1408 4997 1532 5062 quid
1557 4996 1622 5048 ad
1655 4996 1806 5067 rem?

230 5069 386 5138 Apud
412 5069 664 5123 Cencium
682 5063 882 5136 legitur
905 5063 956 5122 in
984 5081 1104 5134 cap.
1142 5067 1175 5120 5
1209 5082 1223 5120 :
1257 5065 1487 5119 Ecclesia
1515 5065 1676 5119 sancti
1704 5063 1806 5116 Pe—

1912 4614 2122 4667 tertiam
2178 4623 2384 4681 partem
2413 4611 2732 4674 oblationis;
2763 4610 2854 4662 sed
2880 4609 2924 4661 si
2956 4607 3113 4660 habet
3141 4609 3369 4674 aliquem
3401 4619 3485 4657 so-

1910 4707 2070 4769 cium,
2096 4721 2203 4759 non
2236 4707 2292 4757 fit
2323 4706 2413 4770 ita,
2449 4704 2540 4756 sed
2573 4703 2798 4766 oblatio,
2825 4709 2881 4754 ut
2924 4717 3038 4754 mos
3066 4710 3168 4764 est,
3193 4698 3489 4753 communi-

1914 4802 1995 4848 ter
2023 4795 2294 4848 dividatur
2325 4809 2422 4861 per
2452 4793 2688 4847 scholas.

1917 4923 1984 4975 m’
2011 4925 2100 4975 dat
2128 4923 2421 4992 quindecim
2442 4922 2609 4992 libras
2651 4935 2820 4992 cereas
2842 4923 2946 4988 fpro
2976 4918 3055 4970 Itis
3086 4916 3262 4970 cereis.
3296 4915 3490 4967 Verum

1917 4995 1968 5048 id
1992 4993 2114 5047 huic
2141 4990 2265 5048 loco
2296 5007 2400 5045 non
2432 4990 2556 5044 facit
2581 4991 2729 5043 satis.

598 5191 3289 5228 __________________________________._

994 5265 1446 5359 annoanno
1486 5296 1566 5358 IN
1609 5291 2089 5366 SEQUENTEM
2133 5287 2431 5349 LIBRUM
2476 5286 2761 5349 CENCll.

313 5446 468 5518 105
500 5443 632 5518 Quis
652 5442 810 5496 fuerit
838 5440 1067 5518 Cencius
1087 5437 1464 5518 consequentis
1634 5444 1846 5502 auctor,
1875 5432 2116 5518 nemojd
2143 5433 2331 5518 melius
2358 5430 2715 5518 explicaverit
2734 5443 2896 5518 quam.
2913 5426 3490 5518 pjtifrgius-Ealn-vinins

231 5517 288 5571 in
313 5498 716 5582 Fafpimfatione
743 5528 900 5579 quam
933 5512 1103 5582 cidem
1138 5498 1282 5582 libro'
1307 5506 1528 5582 p_ra:lixi_t
1553 5506 1605 5558 in
1647 5498 1841 5573 magno
1869 5504 2173 5582 _[_litualium
2205 5498 2443 5582 veterum
2470 5516 2654 5582 opere,
2673 5499 2828 5582 quod
2859 5499 3042 5553 Romae
3082 5499 3136 5552 in
3166 5498 3490 5553 bibliotheca

229 5568 508 5655 imntiiicia
541 5568 793 5655 palatina,
826 5581 1043 5655 et_apud
1076 5568 1381 5655 Parisios'in
1413 5575 1552 5655 regia
1577 5568 1836 5629 servatur.
1868 5573 1992 5627 Haec
2019 5582 2195 5626 autem
2223 5570 2466 5640 praefatio
2490 5570 2571 5625 sic
2602 5568 2783 5624 habet.

311 5654 406 5706 Fr.
452 5642 702 5717 Onitfrius
733 5642 1013 5702 Pcuvinius
1045 5648 1130 5717 pio
1157 5645 1334 5699 lectori
1356 5642 1592 5717 salutem.

305 5705 436 5777 cum
464 5705 641 5775 veteris
668 5718 978 5772 bibliotheca:
1015 5705 1279 5782 solatium,
1312 5713 1535 5767 omnium
1564 5712 1988 5776 instructissima,
2016 5709 2170 5765 libros
2198 5709 2496 5776 evolverem,
2527 5717 2582 5762 ttt
2616 5708 2814 5777 aliquid
2859 5706 3132 5767 invenirem
3158 5722 3259 5780 quo
3281 5707 3338 5765 t'tt
3359 5705 3484 5764 scri~
