4008 6314
591 302 714 358 1963
1250 296 1589 355 ΛΡΡΕΝΒΙΧ
1631 292 1720 350 ΑΙ)
1760 299 1816 351 S.
1862 296 2152 351 CREGOlll

2255 295 2429 351 IAGNI
2470 290 2831 351 LITURGICA
2876 294 3119 351 OI’ERA.
3707 300 3826 351 lUZl

582 418 743 471 bunda
765 413 972 467 historia
1002 414 1340 466 ecclesiastica
1366 414 1614 466 sublevari
1644 429 1837 478 possem
1858 430 1876 477 ;
1904 415 2033 481 forte
2056 415 2211 466 incidi
2238 419 2289 465 in
2312 422 2647 481 peruetustum
2673 411 2932 474 Codicem,
2954 415 3044 479 qui
3064 411 3330 465 Censuum
3362 413 3691 477 inscribitur,
3718 430 3830 472 αηιε

581 504 739 539 annos
776 488 889 553 plus
910 484 1082 553 minus
1112 484 1515 553 quadringentos
1535 483 1819 553 collectum,
1852 493 1897 534 et
1944 487 1997 534 in
2033 500 2190 553 unum
2218 498 2413 553 corpus
2451 484 2710 553 redactum
2758 500 2789 534 a
2826 481 3533 553 Cencio_quodamrdiacono
3578 485 3831 540 cardinal:

580 548 961 609 sanctw'Lucia.’
988 552 1039 602 in
1065 548 1287 618 orpheo,
1322 548 1369 602 et
1396 551 1455 604 S.
1493 550 1557 602 ll.
1592 550 1657 603 E.
1690 552 1972 603 camerario
1998 553 2089 604 sub
2121 552 2386 619 Calestino
2433 567 2567 619 papa
2598 548 2717 611 III,
2749 552 2835 613 qui
2865 562 2980 619 post
3014 549 3299 603 Innocentii
3325 550 3424 602 Ill
3471 563 3695 605 mortem
3729 554 3827 606 Ho-

582 640 761 676 manus
798 621 1031 688 pontifex
1055 624 1391 689 renuntiatus,
1424 619 1686 672 Honorius
1714 619 1808 673 ΙΙΙ
1842 622 2134 672 nominatus
2161 630 2255 673 est.
2289 618 2353 671 In
2392 636 2450 671 eo
2478 618 2593 689 cum
2620 618 2947 674 omnibus’S.
2982 619 3047 671 li.
3075 619 3139 670 Ε.
3169 621 3467 681 redditibus,
3499 622 3832 689 vectigalibus

583 705 629 744 et
654 693 878 741 censibus
900 690 960 740 ab
987 690 1158 740 eodem
1180 688 1364 742 Cencio
1387 703 1585 739 summa
1612 689 1893 757 diligentia,
1919 706 2030 740 cum
2056 692 2369 756 singulorum
2395 688 2610 755 publicis
2639 689 3004 749 instrumentis,
3033 690 3085 757 in
3114 705 3270 740 unum
3299 692 3541 753 redactis,
3573 688 3663 743 hic
3683 693 3829 744 etiam

579 762 803 813 omnium
833 758 1191 809 vetustissimus
1224 757 1465 821 Ilituatis,
1494 758 1595 808 sive
1619 755 1992 810 Cwi'emonialis
2022 755 2146 810 ιὶιιι-ἰέ
2173 759 2450 823 descriptus
2473 766 2564 821 est,
2594 757 2644 808 in
2672 773 2772 824 quo
2800 767 2991 809 sancta:
3021 755 3162 809 illius
3188 765 3234 809 et
3276 763 3582 810 veneranda:
3607 771 3831 812 vetusta.

582 832 642 879 iis
675 828 868 893 paritas
897 836 943 878 et
975 826 1254 887 sinceritas,
1296 836 1443 894 atque
1486 826 1729 879 Romanae
1759 826 1998 879 Ecclesia:
2019 829 2073 877 in
2111 828 2388 878 tractandis
2415 829 2575 878 sacris
2600 836 2647 877 et
2672 843 2725 878 re
2763 828 2931 879 divina
2960 826 3262 879 celebranda
3286 844 3483 879 summa
3507 844 3637 881 cura
3668 839 3720 881 et
3748 834 3807 881 ob

578 896 825 966 servantia
847 896 1133 966 inspicitur.
1174 894 1342 946 Multa
1370 898 1573 966 insuper
1601 898 1804 966 cognitu
1831 911 1931 948 non
1958 896 2206 966 indigna,
2232 906 2277 947 et
2305 899 2375 966 ad
2417 894 2660 966 Ecclesia:
2696 898 2959 966 prtesentis
2985 906 3144 966 status
3173 898 3456 963 primordia
3481 899 3832 966 dignoscendz

578 965 765 1016 idonea
803 964 921 1015 inde
941 963 1137 1015 hauriri
1165 971 1395 1029 possunt.
1425 964 1584 1026 Quem
1605 965 1787 1016 librum
1818 981 1931 1017 cum
1953 982 2042 1032 ego
2072 963 2333 1016 hominum
2359 965 2569 1015 lectione
2590 965 2940 1033 dig:.issintunt
2967 965 3352 1027 existimassem,
3381 963 3612 1018 illum'in
3632 967 3830 1020 brevem

577 1034 709 1085 hanc
736 1036 953 1100 formam
984 1042 1294 1085 contractum
1322 1033 1667 1085 ecclesiasticae
1705 1035 2021 1099 antiquitatis
2067 1034 2413 1085 studiosorum
2441 1033 2671 1084 manibus
2698 1037 2958 1085 terendum
3001 1033 3251 1101 evulgari,
3283 1049 3398 1085 cum
3432 1035 3565 1085 nihil
3593 1036 3739 1101 quod
3766 1040 3830 1088 ad

577 1103 829 1170 ejusmodi
855 1102 1029 1153 studia
1065 1102 1372 1154 sublevanda
1400 1103 1653 1170 pertinere
1688 1103 1963 1154 existimem
1989 1103 2041 1153 in
2072 1102 2311 1162 obscuro,
2342 1112 2583 1165 quantum
2616 1120 2650 1159 μ
2676 1118 2753 1154 me
2782 1103 2893 1167 ﬁeri
2923 1113 3103 1167 potest,
3134 1105 3301 1166 iacere
3337 1106 3650 1170 permittam.

655 1172 921 1223 Hactenus
946 1172 1149 1223 Untttrii
1178 1170 1442 1238 praelatio,
1475 1186 1539 1223 ex
1568 1186 1669 1239 qua
1698 1171 2008 1238 intelligitur
2028 1173 2095 1222 ab
2124 1185 2188 1223 eo
2214 1171 2406 1223 librum
2440 1170 2582 1223 Cettc
2607 1171 2618 1223 i
2654 1171 2705 1222 in
2738 1172 2896 1224 aliam
2928 1175 2995 1223 ab
3022 1189 3084 1224 ea
3114 1186 3271 1238 quam
3301 1182 3490 1224 auctor
3518 1174 3828 1226 instituerat

579 1242 803 1293 lin-mam
829 1240 1101 1293 redactum
1142 1240 1322 1293 fuisse.
1360 1241 1515 1307 166
1543 1242 1663 1292 llaec
1692 1251 1868 1293 autem
1913 1256 2044 1291 nova
2074 1240 2237 1294 forma
2266 1241 2344 1292 sic
2378 1255 2437 1293 se
2468 1242 2644 1293 habet.
2688 1240 2878 1292 Totum
2923 1256 3056 1304 Opus
3098 1241 3351 1292 dividitur
3396 1244 3446 1293 in
3482 1251 3592 1294 tres
3624 1252 3827 1307 partes.

580 1310 753 1361 l’iitna
784 1324 927 1375 pars,
961 1317 1213 1362 constans
1239 1309 1499 1375 capitibus
1529 1324 1716 1375 XXVIII,
1739 1310 1978 1361 continet
1998 1324 2185 1361 omnes
2212 1311 2345 1361 ritus
2368 1308 2456 1375 qui
2485 1310 2552 1360 ab
2581 1310 2820 1362 Adventu
2846 1308 3051 1362 Domini
3088 1310 3153 1362 ad
3201 1310 3592 1363 Exultitioueru
3622 1322 3829 1365 sancta:

579 1380 765 1430 Crucis
789 1378 964 1430 usitati
996 1379 1195 1430 suntin
1228 1377 1467 1430 Ecclesia
1510 1377 1771 1432 Romana.
1802 1379 2040 1432 Secmldu
2073 1392 2193 1445 pars
2222 1388 2301 1429 est
2343 1380 2409 1429 de
2451 1377 2789 1446 presbyteriis
2826 1392 2919 1443 per
2945 1393 3139 1431 annum
3180 1378 3394 1445 erogari
3426 1379 3625 1440 solitis,
3654 1386 3831 1446 deque

582 1447 741 1498 variis
770 1447 1085 1499 ofticialibus
1118 1446 1417 1514 pontilicis;
1451 1447 1713 1514 habetque
1742 1447 1911 1513 capita
1945 1462 2092 1499 uni.
2122 1446 2297 1498 Tertia
2330 1456 2412 1498 est
2438 1447 2505 1499 de
2532 1450 2795 1500 electione
2821 1456 2875 1499 et
2903 1449 3304 1500 consecratione
3332 1449 3606 1515 pontiﬁcis
3626 1490 3639 1507 ,
3672 1464 3737 1499 ac
3763 1451 3830 1501 de

589 1516 935 1568 coronalione
966 1516 1320 1581 imperatoris.
1353 1515 1516 1568 Nobis
1548 1530 1675 1569 vero
1705 1530 1891 1583 purum
1927 1525 2105 1581 putum
2133 1515 2313 1568 Gentii
2356 1515 2547 1568 librum
2573 1516 2736 1568 satius
2766 1516 2935 1568 visunt
2980 1526 3064 1569 est
3092 1516 3364 1570 exhibere.
3402 1515 3549 1570 Felix
3582 1516 3824 1569 Cantelu-

585 1600 721 1647 r.us,
754 1584 972 1637 arcltivii
1005 1583 1242 1637 Vaticani
1271 1584 1460 1637 secreti
1508 1586 1631 1635 olim
1681 1596 1881 1646 custos,
1913 1584 1964 1636 in
2015 1583 2237 1650 epistula
2286 1584 2350 1636 ad
2396 1586 2715 1637 cat-diualem
2769 1585 3135 1646 Barbariuum,
3168 1598 3287 1637 cum
3337 1586 3386 1637 ei
3432 1585 3675 1649 praedicti
3709 1586 3827 1641 libii

586 1651 961 1719 transcriptum
992 1652 1133 1705 dono
1158 1655 1332 1715 daret,
1361 1656 1551 1705 asserit
1579 1651 1840 1706 Ritualem
1872 1654 2011 1705 hunc
2040 1655 2478 1714 vetustissimum,
2507 1663 2629 1706 ante
2658 1668 2854 1706 annum
2885 1653 3021 1705 1192
3050 1655 3100 1706 iit
3140 1653 3375 1706 Romana
3407 1654 3646 1706 Ecclesia
3676 1669 3822 1706 uSnr-

584 1731 786 1786 patum,
818 1736 847 1773 a
878 1722 1070 1775 Censio
1098 1723 1354 1776 insertum
1400 1721 1562 1773 fuis5e
1591 1722 1728 1773 libro
1774 1721 1843 1774 de
1882 1721 2163 1775 Censibus.
2204 1722 2427 1774 Cencius
2465 1730 2640 1775 tamen
2682 1722 2805 1777 libri
2849 1722 3077 1789 scriptor
3106 1720 3429 1783 censendus,
3459 1737 3525 1776 ex
3557 1738 3706 1775 num.
3738 1724 3827 1785 Η,

580 1788 683 1843 etsi
710 1794 864 1842 ritum
894 1800 1019 1844 ante
1048 1807 1200 1843 suum
1240 1801 1453 1857 tempus
1501 1800 1770 1857 receptum
1799 1801 1852 1844 et
1880 1791 2219 1844 observatum
2268 1790 2501 1844 tradidit.
2556 1791 2699 1844 idem
2748 1788 3098 1847 cancellarius
3147 1792 3244 1845 iuit
3290 1791 3389 1844 sub
3418 1791 3707 1845 Calestiuo
3740 1790 3824 1852 Ill,

581 1860 825 1912 Sabellus
853 1860 1278 1925 cognominatus.

650 1927 1041 1998 Illustrissiuuts
1067 1927 1351 1998 Fabrettus
1378 1929 1513 1982 hanc
1541 1927 1693 1980 nobis
1722 1927 1960 1980 notitiam
1992 1928 2059 1983 de
2088 1928 2286 1982 Cencio
2315 1935 2499 1982 nostro
2543 1928 2919 1998 suppeditavit.
2970 1947 2989 1979 ι
3029 1928 3140 1981 Sub
3173 1929 3436 1983 manibus
3482 1928 3697 1994 Ardeas,
3734 1944 3829 1983 ve-

581 1998 889 2066 tustissima:
923 1997 1233 2049 Rutulorum
1262 1998 1516 2060 civitatis,
1548 2005 1719 2049 exstat
1766 1999 2020 2063 templum
2069 2006 2267 2051 sanctae
2316 1998 2529 2050 Marium
2560 1997 2789 2051 dicatum
2819 2039 2833 2061 ,
2866 1999 2918 2051 in
2969 1998 3119 2066 cujus
3152 2008 3316 2063 parta»
3341 1998 3524 2050 liutine
3557 2000 3824 2065 superiori

582 2067 827 2137 visuntur
855 2065 977 2117 hinc
1005 2066 1126 2117 inde
1156 2065 1262 2137 duo
1303 2072 1461 2120 orbes
1489 2066 1734 2137 diametri
1766 2067 2014 2137 palittaris
2036 2107 2051 2130 ,
2084 2068 2135 2120 in
2166 2067 2357 2137 quibus
2398 2082 2564 2137 opere
2613 2069 2917 2137 anaglypbo
2944 2065 3132 2134 scalpti
3180 2076 3302 2120 sunt
3329 2067 3437 2119 duo
3466 2069 3709 2120 monachi
3737 2082 3825 2119 cu-

580 2135 758 2203 culluti
789 2150 849 2187 se
883 2137 1105 2187 invicem
1139 2134 1462 2200 aspicientes
1490 2148 1611 2188 cum
1643 2136 1789 2187 bisce
1823 2134 2002 2198 titulis,
2039 2137 2091 2187 in
2120 2136 2293 2203 primo
2322 2135 2535 2203 quidem
2568 2134 2852 2199 Abbas,'in
2878 2136 3049 2191 altero
3078 2145 3253 2189 autem
3280 2138 3412 2190 orbe
3445 2137 3603 2190 Pater
3630 2150 3831 2190 sancta

581 2202 816 2256 Marinus.
846 2204 953 2256 Sub
982 2204 1096 2268 ipso
1126 2203 1328 2267 limine,
1360 2219 1463 2271 qua
1494 2212 1642 2272 parte
1673 2214 1869 2257 terram
1897 2202 2135 2270 respicit,
2161 2202 2352 2257 adsunt
2379 2204 2430 2256 lii
2461 2205 2567 2258 duo
2597 2218 2795 2259 versus:

1311 2332 1540 2395 Ceucius,
1571 2334 1786 2383 excelsae
1821 2342 1937 2383 tunc
1958 2333 2280 2384 caucellarius
2300 2335 2439 2383 urbis
2464 2375 2477 2395 ,

1376 2394 1565 2444 Obtulit
1592 2397 1712 2444 hanc
1735 2401 1942 2457 portam,
1970 2397 2108 2456 virgo
2132 2395 2359 2457 Mutina,
2386 2394 2493 2444 tibi.

582 2517 603 2588 ί
622 2514 861 2583 Denique
879 2515 931 2568 in
955 2515 1439 2585 impluvioczrnobii
1464 2518 1635 2571 sancti
1657 2516 2029 2571 Bartbolomtci
2052 2518 2117 2571 ad
2136 2517 2360 2571 insulam
2387 2510 2692 2573 Tiberinam
2709 2528 2889 2574 exstat
2905 2520 3255 2591 fragmentum
3276 2534 3399 2575 cum
3423 2520 3506 2574 bis
3523 2520 3789 2575 versibus;

1319 2627 1546 2686 Ceucius,
1575 2626 1789 2676 excelsas
1816 2628 1905 2675 tibi
1929 2626 2249 2676 cancellarios
2271 2627 2409 2675 urbis
2432 2664 2447 2686 ,

1312 2687 1377 2736 Se
1400 2691 1477 2749 pia
1498 2690 1804 2736 commendat
1822 2687 1970 2736 Jesse
1995 2689 2262 2735 clarissima
2284 2700 2423 2748 vugo
2444 2724 2459 2749 ,

1313 2748 1409 2805 Qui
1428 2748 1809 2797 Benedictorum
1834 2750 1925 2797 fuit
1944 2756 2080 2796 ortus
2102 2754 2360 2796 stenunate

1308 2810 1434 2856 iluic
1457 2816 1764 2870 peccatorum
1797 2812 1989 2858 veniam
2007 2811 2146 2858 da....

1311 2868 1518 2930 (ericius
1540 2878 1689 2929 atque
1712 2870 1839 2917 bona
1861 2872 2057 2930 genitor
2080 2868 2458 2929 genitrixque...

1306 2928 1664 2990 Inspiciens....
1688 2932 1819 2978 mitto
1842 2928 1951 2977 cum
1970 2931 2214 2979 dictis.....
2236 2942 2267 2977 ››

586 3061 1532 3085 μ*

1496 3177 1833 3277 onoo
1914 3171 2549 3279 ROMANUS
2626 3175 2872 3309 XII,

584 3340 687 3404 DE
729 3339 1450 3403 CONSUETUDINIBUS
1479 3340 1580 3398 ET
1611 3338 2211 3412 OBSERVANTHS,
2247 3336 2787 3397 PRESBYTERIO
2817 3337 2973 3397 VEL
3015 3339 3431 3413 SCHOLABI,
3477 3340 3584 3401 ET
3627 3342 3829 3404 ALIIS

1142 3440 1541 3503 ECCLESUE
1586 3440 1946 3500 ROMANJE
1992 3440 2069 3499 IN
2117 3437 2540 3500 PRIECIPUIS
2583 3436 3267 3499 SOLEMNITATIBUS

1472 3564 1751 3623 Auctore
1806 3561 2047 3621 Cancro
2101 3578 2185 3618 DE
2235 3558 2530 3618 SABELLIS
2582 3556 2924 3616 cardinale.

786 3683 837 3733 1.
868 3680 1007 3761 Quid
1046 3682 1217 3761 debeat
1267 3681 1675 3761 Dominus‘pa‘pa
1723 3680 1890 3759 facere
1932 3690 2156 3748 tempore
2182 3685 2230 3740 Α
2259 3674 2530 3729 sciendum
2573 3675 2641 3730 de
2690 3676 2870 3740 Missa,
2915 3692 3072 3743 quam
3126 3677 3355 3732 celebrat
3406 3679 3544 3745 apud
3594 3692 3827 3736 sanctam

928 3751 1204 3811 Adventus,
1229 3760 1277 3802 et
1298 3751 1349 3801 in
1377 3748 1554 3802 Natali
1579 3749 1806 3803 Domini.

655 3862 704 3911 1.
738 3863 777 3911 A
825 3859 1096 3912 Dominica
1124 3859 1191 3912 de
1229 3858 1494 3922 Adventu,
1525 3874 1687 3927 usque
1714 3859 1779 3911 ad
1817 3857 2150 3912 Nativitatem

584 3948 813 4014 Domini,
841 3949 1087 4001 dominus
1128 3963 1258 4016 papa
1290 3965 1393 4001 non
1424 3957 1596 4017 portat
1633 3948 2013 4002 auriirixiatam
2054 3949 2154 4001 mi-

582 4051 738 4104 tram,
762 4049 985 4106 excepto
1016 4040 1065 4092 in
1100 4039 1373 4092 Dominica
1401 4053 1501 4106 qua
1537 4045 1778 4092 cantatur
1805 4036 1979 4090 Canite
2011 4037 2150 4101 tuba,

580 4129 643 4181 ad
672 4129 949 4181 ecclesiam
978 4130 1345 4195 Apostolorum
1374 4142 1468 4195 pro
1493 4127 1626 4181 testo
1647 4143 1662 4192 ;
1687 4141 1784 4181 nec
1810 4134 2057 4180 cantatur
2077 4124 2151 4178 Te

583 4214 748 4265 Deum
777 4215 1066 4278 laudamus,
1091 4214 1191 4267 nisi
1214 4215 1264 4267 in
1297 4213 1573 4282 praecipuis
1595 4212 1760 4266 festis.
1795 4212 1861 4265 Et
1887 4212 1939 4265 in
1962 4212 2149 4265 eadem

591 4303 678 4356 die
698 4301 968 4356 Adventus
994 4303 1131 4356 idem
1159 4302 1404 4355 dominus
1427 4316 1557 4373 papa
1589 4302 1756 4370 pergit
1779 4300 1843 4354 ad
1872 4302 2150 4355 stationem

585 4404 781 4445 Sancue
812 4393 990 4446 Mariae
1021 4393 1255 4460 Majoris.
1288 4392 1345 4445 in
1378 4400 1403 4426 ⁸
1434 4392 1766 4446 Lectionario
1809 4394 1976 4444 sancti
2027 4393 2150 4446 Hie-

582 4485 819 4554 ronymi,
858 4485 939 4536 Ad
985 4494 1214 4537 sanctam
1254 4484 1478 4538 Mariam
1521 4485 1584 4537 de
1631 4494 1775 4538 nocte
1820 4488 1983 4552 primo
2028 4486 2156 4551 qalli

581 4586 753 4630 cantu.

651 4662 707 4718 2.
741 4663 797 4715 In
830 4664 1020 4732 vigiliis
1047 4664 1343 4719 Nativitatis
1376 4665 1606 4732 Domini,
1640 4666 1692 4718 in
1724 4681 1880 4720 mane
1907 4666 2153 4721 dominus

583 4770 719 4823 papa
758 4755 900 4807 vadit
943 4754 1009 4807 ad
1053 4755 1322 4808 basilicam
1359 4766 1555 4809 sanctae
1595 4756 1771 4810 Matina
1813 4754 2024 4822 MHjOIiS
2059 4771 2154 4822 pro

580 4842 843 4895 cantanda
867 4843 1045 4906 Missa,
1070 4855 1124 4896 et
1153 4844 1204 4896 in
1243 4858 1362 4897 sero
1391 4859 1484 4912 pro
1518 4843 1849 4897 celebrandis
1872 4844 2151 4912 Vesperis;

581 4945 631 4985 et
671 4941 911 4986 remanet
939 4932 1007 4984 ibi
1052 4941 1207 4985 nocte
1235 4931 1371 4999 ipsa,
1398 4940 1453 4985 et
1479 4931 1713 4984 celebrat
1741 4930 1809 4985 ibi
1847 4931 2071 4999 vigilias,
2101 4941 2154 4985 et

2254 3765 2607 3819 Anastasiam.
2632 3765 2687 3818 Ιιι
2713 3780 2900 3819 aurora
2931 3768 3073 3819 vadit
3098 3768 3162 3819 ad
3193 3778 3429 3821 sanctam
3472 3770 3827 3837 Anastasiam,

2253 3863 2309 3907 et
2348 3853 2581 3907 celebrat
2618 3855 2685 3905 ibi
2716 3853 2998 3908 secundam
3031 3854 3279 3919 Missam;
3302 3872 3401 3923 qua
3442 3856 3617 3924 linita,
3648 3874 3826 3912 rever-

2254 3942 2381 3995 titur
2423 3942 2488 3995 ad
2535 3942 2807 3997 basilicam
2859 3952 3060 3999 sancta:
3100 3943 3276 3999 Mariae
3319 3946 3549 4013 Maioris,
3577 3949 3827 4002 etintrat

2254 4035 2543 4086 sacrarium
2590 4049 2710 4087 cum
2768 4034 3054 4102 episcopis,
3084 4035 3465 4103 cardinalibus,
3497 4037 3830 4105 diacontbus,

2253 4123 2680 4187 subdiaconibus,
2702 4133 2754 4179 et
2810 4125 3025 4193 reliquis
3072 4127 3363 4191 ordinibus,
3395 4138 3449 4180 et
3469 4128 3655 4183 dicunt
3699 4132 3826 4184 Ters

2254 4216 2410 4279 tiam;
2442 4230 2544 4282 qua
2585 4215 2745 4278 dicta,
2780 4216 3000 4269 induunt
3040 4231 3121 4280 se,
3151 4225 3206 4270 et
3249 4219 3713 4285 processionaliter
3742 4237 3829 4273 va-

2254 4303 2386 4356 dunt
2430 4305 2586 4373 163
2633 4305 2697 4357 ad
2744 4306 2931 4369 altare,
2968 4307 3105 4359 sicut
3149 4316 3234 4360 est
3282 4308 3470 4362 moris.
3524 4309 3827 4363 Notandum

2254 4393 2393 4462 quod
2424 4406 2627 4461 septem
2656 4396 2843 4448 facula:
2873 4394 3063 4449 debent
3096 4411 3216 4450 esse
3246 4397 3296 4450 in
3348 4398 3502 4451 Missa
3542 4414 3707 4466 Super
3752 4402 3819 4453 al-

2256 4480 2378 4548 tari,
2409 4491 2463 4536 et
2508 4481 2652 4534 curia
2700 4483 2855 4535 debet
2885 4482 3034 4537 dare.
3067 4482 3266 4538 Deinde
3294 4484 3543 4537 dominus
3573 4502 3706 4553 papa
3742 4488 3825 4539 in-

2254 4571 2385 4638 cipit
2430 4570 2664 4633 Missam,
2695 4580 2748 4624 et
2797 4580 2916 4638 post
2970 4572 3193 4638 primam
3251 4573 3556 4628 Orationem
3617 4576 3826 4630 diaconi

2254 4659 2572 4723 cardinales,
2605 4670 2659 4714 et
2709 4660 3039 4724 subdiaconi,
3071 4670 3127 4715 et
3172 4662 3261 4715 alii
3290 4663 3503 4717 ordines
3544 4681 3667 4717 cum
3701 4668 3832 4719 scri-

2255 4750 2419 4802 nariis
2449 4749 2477 4787 δ
2508 4749 2707 4803 faciunt
2732 4749 2913 4804 laudes
2950 4751 3163 4805 domino
3191 4766 3338 4819 papae
3377 4754 3552 4807 taliter
3578 4757 3827 4810 ordinati.

2254 4839 2669 4894 Arcltidiaconus
2695 4855 2815 4894 cum
2854 4842 2968 4895 aliis
2998 4840 3307 4896 diaconibus
3340 4856 3389 4897 et
3414 4846 3829 4901 subdiacouibus

2255 4926 2480 4982 ordinati
2509 4937 2653 4982 stant
2674 4930 2823 4997 juxta
2867 4931 3034 4984 altare
3059 4932 3107 4984 in
3150 4931 3358 4987 duobus
3402 4934 3526 4995 illis,
3558 4936 3829 4988 scrinariis

581 5029 700 5088 post
748 5020 948 5089 vigilias
992 5020 1227 5075 celebrat
1272 5017 1343 5073 ibi
1389 5020 1599 5073 Missam
1651 5020 1715 5071 all
1754 5010 2026 5087 praesepe,
2067 5021 2151 5073 ubi
2188 5021 2231 5077 B
2257 5032 2384 5070 vero
2426 5017 2690 5072 stantibus
2718 5018 2967 5072 deorsum
3020 5021 3071 5073 in
3119 5022 3286 5074 choro
3315 5037 3435 5075 cum
3481 5024 3825 5091 pluvialibus.

584 5110 839 5178 quidquid
870 5112 1115 5175 otlertur,
1143 5112 1379 5180 quandiu
1408 5110 1652 5163 dominus
1675 5124 1805 5176 papa
1834 5109 2043 5163 Missam
2066 5126 2155 5164 ce-

585 5202 1021 5264 lebraverit,sive
1049 5201 1114 5254 ad
1143 5202 1478 5263 manus,sive
1507 5200 1571 5252 ad
1605 5200 1767 5267 pedes
1788 5200 1950 5267 ipsius
1978 5201 2152 5253 domi-

581 5292 656 5351 ni,
689 5291 772 5344 vel
794 5304 955 5357 super
983 5290 1170 5356 altare,
1194 5289 1584 5357 capellanorum
1607 5298 1709 5353 est,
1738 5298 1963 5357 excepto
1993 5305 2148 5357 pane,

582 5379 672 5441 qui
704 5386 789 5432 est
811 5378 1201 5448 acolytltorum,
1226 5378 1272 5432 si
1301 5378 1539 5447 recipere
1564 5380 1847 5433 voluerint.
1874 5379 1983 5433 Hoc
2013 5379 2150 5434 idem

619 5550 627 5559 ο
656 5530 679 5555 ⁸
714 5522 823 5577 Hoc
863 5524 1251 5581 Lectiouarium
1292 5534 1510 5579 vocatur
1536 5524 1686 5578 Liber
1723 5523 1953 5591 Comitis,
1986 5527 2157 5579 editus

585 5593 722 5659 apud
757 5593 1069 5648 Pamelium.
1100 5594 1231 5651 Vide
1257 5594 1599 5664 appendicem
1637 5592 2019 5663 Capitularium
2051 5596 2152 5650 Ba-

2260 5107 2408 5159 Tunc
2446 5107 2848 5161 archidiaconus
2897 5123 3015 5161 cum
3056 5109 3367 5163 diaconibus
3402 5121 3457 5164 et
3483 5113 3624 5176 aliis,
3650 5114 3727 5165 sic
3754 5114 3823 5164 in-

2258 5198 2388 5264 cipit
2430 5194 2636 5251 laudem
2693 5198 2798 5251 alta
2853 5212 3004 5263 voce,
3059 5196 3288 5264 Exaudi,
3332 5198 3827 5264 Christe;scﬁnarii

2258 5302 2469 5356 quoque
2500 5288 2842 5356 respondent,
2875 5286 3092 5341 Domino
3123 5300 3293 5343 nostro
3316 5306 3462 5360 papa:
3486 5292 3609 5344 vita.
3639 5292 3825 5344 lterum

2259 5378 2657 5432 archidiaconus
2676 5377 2818 5432 dicat
2844 5378 3067 5446 Exaudi,
3091 5379 3319 5445 Christe;
3350 5382 3589 5436 scrinarii
3621 5397 3826 5451 quoque

2267 5526 2545 5580 luzianam.

2334 5594 2359 5632 δ
2386 5597 2460 5649 Ita
2491 5605 2695 5652 constet
2727 5596 2812 5650 ltic
2851 5596 3108 5666 scrinnrii,
3139 5612 3243 5653 non
3270 5599 3543 5652 scriniarii.
