4008 6336
155 361 182 414 1
194 360 302 416 0t.5

1354 346 1616 403 ROMANI
1655 345 1967 402 URBINES.
2010 375 2077 384 —-
2119 342 2234 403 ΧΠ.

3284 352 3419 405 “Ei

151 463 485 536 respondent
510 462 775 519 similiter.
808 461 990 516 Tertio
1023 458 1429 513 archidiaconus
1460 458 1587 512 dicit
1634 455 1742 510 Ex-
1776 461 1818 514 A
1848 458 1966 522 quis
2008 445 2288 525 episcopus
2324 462 2607 508 extrnncus
2651 454 2827 522 fuerit,
2859 471 3022 510 unum
3065 457 3423 523 melcquinuin

148 558 306 622 audi,
341 554 577 618 Christe;
608 553 850 607 scrinarii
896 550 1221 619 respondent
1257 550 1394 604 sicut
1437 550 1603 617 prius.
1634 547 1743 602 lte-

150 662 279 700 rum
320 643 728 699 arcItidiaCnnus
765 641 893 696 dicit
923 642 1167 697 Salvator
1195 642 1393 704 mundi,
1424 640 1590 693 tribus
1617 637 1744 691 vici—

155 738 290 803 bus,
323 734 597 788 scrinariis
631 733 848 786 totidem
876 732 1079 786 vicibus
1108 732 1159 786 ei
1192 730 1637 799 respondentibus
1665 726 1745 779 Tu

150 829 312 881 illum
356 827 566 898 adjuva.
601 825 666 879 Et
711 824 1119 878 archidiaconus
1164 822 1294 877 dicit
1322 822 1519 876 Sancta
1551 818 1744 880 Maria.

144 918 367 971 duabus
397 916 602 969 vicibus
626 931 640 979 ;
664 924 722 968 et
751 914 993 967 scrinarii
1021 913 1350 981 respondent
1383 908 1588 963 duabus
1617 907 1749 959 vici-

1847 548 2005 601 dehet
2074 550 2293 612 habere,
2345 558 2398 602 et
2445 549 2726 605 duodecim
2781 553 2910 605 den.
2958 551 3205 623 Papiens.
3257 552 3425 608 l’riori

1846 638 2278 707 presbyterorum
2318 640 2666 695 cardinalium
2714 642 2804 695 dat
2836 642 3087 698 dominus
3132 659 3266 714 papa
3294 644 3431 700 duos

1848 732 2199 799 melequinos,
2228 742 2283 787 et
2319 734 2537 786 totidem
2582 734 2804 799 solidos,
2831 749 2926 803 pro
2969 735 3227 801 prioratu.
3257 736 3427 791 Priori

1850 822 2286 892 presbyterorum
2314 824 2482 878 sancti
2503 824 2776 880 Laurentii
2800 823 2927 880 foris
2958 842 3138 882 muros
3158 843 3258 897 .pro
3272 829 3432 884 laude

1851 912 1985 967 duos
2008 914 2253 969 similiter
2282 918 2634 985 melequinos,
2661 927 2719 973 et
2747 918 2965 974 totidem
2990 922 3229 989 solidos;
3260 924 3428 979 omni-

147 1010 263 1065 bus
308 1008 388 1062 Ta
433 1006 583 1059 illum
621 1008 838 1076 adjuva.
894 1003 1100 1059 Deinde
1163 1002 1573 1055 archidiaconus
1622 997 1750 1051 dicit
1846 1000 1947 1055 bus
1994 1012 2047 1056 et
2091 1004 2313 1073 singulis
2341 1005 2460 1059 aliis
2503 1008 2829 1077 presbyteris
2871 1011 3235 1068 cardinalibus
3266 1030 3429 1068 unum

150 1099 355 1155 Sancte
384 1096 629 1163 Michael,
656 1097 859 1151 duabus
886 1094 1123 1154 vicibus;
1149 1091 1391 1146 scrinarii
1423 1089 1750 1157 respondent

150 1192 371 1246 duabus
413 1190 619 1243 vicibus
663 1188 743 1242 Tu
768 1189 920 1241 illum
946 1187 1161 1256 adjuva.
1193 1184 1400 1239 Eodem
1430 1182 1593 1235 modo
1618 1179 1751 1233 dici-

152 1292 251 1336 tur
300 1281 487 1337 Sancte
524 1278 753 1344 Gabriel,
784 1286 956 1332 sancte
982 1274 1238 1345 Raphael,
1279 1280 1453 1326 sancte
1497 1270 1748 1333 Joannes,

149 1382 343 1428 sancte
371 1372 544 1437 Pure,
573 1382 748 1426 sancte
772 1369 960 1434 Paule,
987 1378 1160 1422 sancte
1182 1368 1407 1432 Andrea,
1434 1375 1608 1419 sancte
1633 1363 1754 1418 Ste-

156 1465 356 1536 phane,
387 1475 557 1519 sancte
610 1463 869 1529 Laurenti,
910 1470 1081 1515 sancte
1128 1459 1383 1522 Vincenti,
1424 1464 1597 1510 sancte
1640 1453 1751 1509 Sil-

152 1566 347 1620 vester,
375 1565 549 1609 sancte
599 1554 721 1617 Leo,
745 1564 918 1608 sancte
962 1550 1200 1621 Gregori,
1231 1559 1406 1604 sancte
1459 1545 1750 1607 Benedicte,

155 1657 341 1700 sancte
364 1645 548 1709 Basili,
579 1654 750 1699 sancte
772 1643 933 1707 Saba,
959 1652 1135 1697 sancta
1168 1641 1360 1711 Agnes,
1388 1650 1563 1692 sancta
1601 1636 1755 1690 σιεσὶ-

157 1736 262 1803 lia,
290 1745 468 1790 sancta
498 1735 675 1788 Lucio.
711 1734 802 1788 llis
832 1733 1014 1797 ﬁnitis,
1045 1731 1454 1787 archidiaconus
1482 1726 1612 1781 dicit
1641 1724 1753 1794 Xy-

1852 1091 2233 1160 tneleqoinnm,
2258 1103 2312 1147 ct
2335 1094 2612 1150 duodecim
2644 1098 2891 1153 denarios
2922 1097 3236 1170 Papienses.
3264 1103 3432 1160 Priori

1851 1187 2030 1234 autem
2058 1183 2397 1236 diaconorum
2438 1186 2786 1242 cardinalium
2814 1198 3042 1258 quatuor
3082 1192 3434 1263 melequinos.

1852 1279 1907 1323 et
1935 1270 2154 1325 totidem
2185 1273 2387 1326 solidos
2414 1290 2508 1341 pro
2546 1277 2803 1347 prioratu,
2833 1282 3168 1353 presbyterio
3194 1293 3249 1337 et
3272 1284 3435 1341 laude

1854 1360 2202 1416 diaconorum
2233 1374 2284 1417 et
2326 1366 2770 1423 sobdiaconorum
2794 1388 2806 1433 ;
2835 1371 3083 1427 omnibus
3112 1375 3230 1429 aliis
3259 1375 3433 1430 diaco-

1851 1452 2014 1507 nibus
2057 1462 2108 1508 et
2148 1455 2369 1524 singulis
2416 1473 2579 1513 unum
2630 1461 3013 1531 melequinum,
3051 1477 3105 1521 et
3156 1466 3437 1524 duodecim

1857 1544 2105 1600 denarios
2126 1545 2371 1617 Papiens.
2400 1549 2631 1606 Diacono
2658 1549 2847 1609 Graeco
2868 1571 3031 1610 unum
3050 1557 3438 1627 meiequinum,

1858 1647 1912 1691 et
1937 1637 2215 1693 duodecim
2247 1639 2497 1697 denarios
2540 1642 2847 1713 Papienses.
2870 1646 2926 1703 Si
2954 1647 3091 1703 forte
3122 1649 3320 1721 aliquis
3348 1652 3438 1707 ab-

1858 1727 1956 1781 bas
2005 1728 2251 1784 mitratus
2292 1746 2533 1800 praesens
2563 1732 2742 1796 fuerit.
2772 1736 2864 1791 dat
2891 1737 2940 1792 ei
2972 1754 3134 1794 unum
3185 1742 3438 1812 melequi-

157 1828 265 1889 rie.
289 1827 513 1890 eleison;
538 1825 777 1879 scriuarii
806 1824 1048 1878 similiter
1077 1820 1400 1891 respondent
1424 1818 1604 1888 Kyrie,
1638 1816 1759 1870 elei-
1788 1805 1838 1864 Β
1866 1834 2017 1886 num,
2040 1830 2094 1875 et
2121 1821 2401 1877 duodecim
2426 1823 2674 1880 denarios
2699 1825 3007 1896 Ρςορῖεηεεε,
3037 1805 3441 1889 Ρτίπιίωηοξω

153 1936 285 1974 son.
322 1921 511 1973 lterum
547 1916 951 1970 archidiaconus
989 1913 1123 1968 dicit
1150 1911 1331 1983 Κίρ-ἕρ,
1359 1910 1589 1972 eleison;
1621 1905 1754 1961 scri-

160 2010 307 2064 narii
339 2008 660 2078 respondent
681 2005 860 2077 Kyrie,
893 2006 1100 2059 eleison.
1132 2003 1312 2058 Tertio
1332 2016 1461 2057 vero
1490 1997 1753 2055 archidia-

159 2114 342 2155 conus
389 2114 506 2154 cum
551 2098 881 2162 diaconibus,
931 2093 1348 2151 subdiaconibus
1396 2100 1451 2147 et
1481 2088 1754 2145 scrinariis

159 2206 278 2244 una
330 2205 462 2245 voce
503 2190 687 2243 dicunt
734 2187 912 2257 Hyrie,
965 2186 1177 2240 eleison.
1228 2183 1417 2238 Finitis
1472 2182 1750 2241 laudibus.

162 2283 369 2352 legitur
400 2280 544 2349 prius
571 2279 757 2333 Latina
783 2277 1030 2345 epistola,
1056 2285 1113 2330 et
1158 2274 1492 2343 postmodum
1542 2270 1750 2324 Graeca.

165 2375 401 2441 Expleta
455 2388 581 2425 vero
635 2371 828 2437 Missa,
883 2368 1131 2422 dominus
1176 2381 1309 2435 papa
1359 2372 1643 2418 coronatur
1688 2359 1754 2413 ad

164 2475 384 2532 portam
432 2450 600 2532 ipsius
640 2461 887 2517 ecclesia:
935 2460 1002 2514 ab
1042 2456 1437 2519 archidiaconi),
1474 2468 1599 2508 cum
1647 2464 1755 2505 uno

163 2557 403 2610 diacono
434 2596 450 2621 ,
497 2554 740 2622 reditque
782 2567 906 2606 cum
958 2548 1306 2605 Processionc
1355 2546 1422 2599 ad
1472 2545 1754 2615 palatium.

166 2649 327 2701 Tunc
352 2646 555 2716 iudices
584 2657 639 2701 et
675 2644 917 2699 advocati
945 2643 1163 2697 veniunt
1186 2641 1237 2695 ei
1269 2639 1477 2693 obviam
1518 2638 1617 2690 sub
1641 2651 1762 2705 gra-

167 2738 336 2792 dibus
367 2738 417 2791 in
449 2736 692 2805 porticu;
724 2734 899 2803 ibique
940 2734 1083 2801 prior
1113 2730 1399 2785 cardinalis
1428 2728 1593 2781 sancti
1615 2726 1758 2780 Lau-

163 2827 338 2882 rentii
380 2825 509 2881 foris
539 2839 771 2888 murum,
815 2837 934 2877 cum
961 2819 1231 2889 judicibus
1268 2827 1329 2872 et
1366 2814 1641 2871 advocatis
1686 2814 1759 2866 fa-

165 2920 330 2975 ciunt
371 2921 417 2973 ei
463 2919 671 2983 laudes;
700 2928 752 2971 et
805 2917 876 2971 ibi
907 2913 1156 2969 dominus
1199 2926 1330 2981 papa
1377 2909 1670 2973 descendt,
1703 2916 1757 2963 et

169 3012 430 3081 deposito
453 3024 616 3080 regno
637 3007 831 3076 accipit
859 3007 1092 3060 mitram.
1111 3002 1311 3057 Deinde
1334 3000 1543 3071 iudices
1565 3000 1763 3053 ducunt

168 3120 306 3159 eum
341 3118 505 3173 usque
530 3102 597 3171 ad
635 3100 807 3156 locum
840 3099 986 3153 illum
1032 3096 1119 3150 ubi
1166 3094 1321 3150 datur
1346 3093 1759 3163 presbyterium.

1858 1908 1951 1963 dat
1982 1911 2032 1964 ei
2066 1927 2226 1965 unum
2272 1915 2631 1982 tttelequinum
2662 1926 2716 1969 et
2744 1917 3026 1973 duodecim
3056 1922 3306 1977 denarios
3336 1924 3441 1979 Pa-

1851 2000 2087 2069 pienscs.
2128 2002 2294 2057 Priori
2345 2005 2792 2062 subdiaconorum
2834 2026 3002 2066 unum
3048 2015 3439 2085 melequittutu,

1856 2092 2106 2147 omnibus
2141 2093 2258 2148 aliis
2286 2095 2698 2153 subdiuconilms
2736 2101 3003 2158 similiter.
3037 2104 3093 2160 Si
3125 2108 3286 2161 etiam
3317 2122 3442 2163 ccu-

1864 2192 1973 2237 tum
2017 2195 2218 2251 essent,
2256 2187 2505 2243 videlicet
2541 2192 2793 2261 quinque,
2832 2195 2916 2249 vel
2958 2195 3079 2265 plus
3117 2208 3208 2251 aut
3246 2201 3443 2268 minus,

1870 2274 2027 2346 17o
2046 2276 2324 2332 duodecim
2345 2279 2694 2349 me'cquinos.
2719 2283 3058 2339 Subdiacono
3074 2286 3260 2342 Graeco
3277 2305 3440 2345 unum

1859 2367 2239 2436 melequinum.
2261 2367 2557 2439 Unicuique
2587 2371 2787 2426 scholae
2817 2383 3093 2430 cantorum
3126 2391 3289 2432 unum
3319 2394 3435 2434 me-

1861 2457 2130 2528 lequinum
2159 2475 2174 2524 ;
2208 2458 2493 2528 unicuique
2517 2462 2715 2516 scholae
2747 2463 2950 2529 timcis,
2982 2467 3071 2534 qui
3093 2481 3213 2521 esse
3243 2468 3442 2524 debent

1862 2549 1930 2604 de
1964 2549 2089 2619 jure
2127 2550 2193 2603 ad
2234 2551 2355 2620 plus
2387 2562 2630 2622 quatuor,
2658 2563 2716 2610 ct
2754 2570 2862 2610 non
2892 2556 3090 2626 plures.
3122 2558 3273 2615 Prior
3301 2577 3442 2631 pres-

1866 2642 2174 2712 byterorum
2204 2643 2625 2713 capellauorum,
2651 2647 2739 2717 qui
2772 2657 2898 2702 sunt
2925 2651 3053 2715 duo,
3084 2662 3140 2707 et
3186 2669 3292 2708 non
3334 2656 3442 2724 plu-

1864 2747 1975 2799 res,
2006 2749 2168 2790 ununt
2201 2737 2594 2806 melequinutn;
2625 2741 2908 2811 unicuique
2938 2742 3335 2812 capellauorum
3355 2746 3443 2799 do-

1870 2825 2003 2879 mini
2048 2840 2196 2896 papa:
2227 2843 2388 2883 unum
2421 2829 2803 2899 melequinum.
2839 2833 3102 2890 Prtefecto
3149 2837 3295 2892 urbis
3321 2855 3445 2910 qua-

1865 2917 2106 2987 draginta
2128 2919 2329 2976 solidos
2349 2920 2472 2976 den.
2491 2918 2562 2975 Pa
2571 2922 2766 2991 piens.:
2789 2925 2877 2994 qui
2902 2925 3147 2983 videlicet
3167 2930 3448 2997 pracfech

1867 3008 1936 3062 ab
1967 3010 2191 3066 ecclesia
2220 3024 2420 3068 sancte
2447 3015 2668 3083 virginis
2688 3015 2866 3070 Mariae
2896 3034 3062 3088 usque
3096 3020 3164 3073 ad
3196 3023 3447 3091 palatium

1870 3102 2087 3159 indutus
2132 3114 2315 3159 manto
2360 3107 2621 3177 pretioso,
2652 3118 2706 3162 et
2745 3109 3012 3166 calceatus
3058 3127 3221 3168 zanca
3266 3124 3291 3152 α
3344 3132 3446 3170 una

171 3196 334 3251 Tunc
381 3210 509 3250 vero
553 3200 753 3250 exuunt
787 3206 914 3247 cum
966 3190 1196 3259 planeta,
1221 3199 1277 3241 et
1310 3187 1553 3255 apposito
1582 3194 1761 3237 manto

1872 3155 1881 3157 ν
1950 3155 2084 3159 ηπ,
2225 3155 2309 3159 ___,
2360 3155 2621 3177 των--.
2656 3155 2706 3162 --
2748 3155 3011 3166 ----.......
3058 3155 3221 3168 νην..
3346 3155 3446 3170 ....-

1877 3209 2060 3260 aurea,
2084 3195 2134 3250 id
2159 3206 2246 3250 est
2271 3213 2375 3251 una
2400 3198 2593 3269 caliga,
2626 3200 2792 3254 altera
2821 3200 3009 3268 rubea,
3041 3203 3228 3258 eadem
3269 3205 3357 3261 die
3404 3216 3452 3262 et

172 3303 349 3358 super
392 3287 639 3356 scapulas
678 3286 829 3341 sedet
863 3286 915 3339 in
943 3284 1259 3339 fonslatorio
1298 3277 1641 3353 [foste-lorio]
1671 3293 1767 3332 seu

174 3379 459 3444 cathedra,
490 3386 543 3431 et
571 3375 791 3444 largitur
846 3373 1231 3445 presbyterium
1269 3372 1427 3443 169
1449 3370 1654 3425 cunctis
1680 3383 1769 3423 or-

178 3468 404 3522 dinibus
431 3468 644 3537 propria
672 3481 835 3520 manu
865 3466 1059 3519 taliter.

260 3560 312 3615 5.
347 3561 415 3614 Et
446 3562 496 3613 in
525 3560 711 3615 eadem
742 3558 827 3612 die
855 3558 1151 3622 Adventus,
1177 3557 1316 3612 idem
1356 3556 1604 3609 dominus
1636 3567 1768 3622 papa

179 3653 361 3721 pergit
386 3653 453 3706 ad
484 3653 762 3706 stationem
790 3659 988 3705 sancttc
1018 3650 1194 3703 Mariae
1226 3648 1461 3717 Majoris.
1493 3649 1547 3703 In
1588 3661 1772 3701 secun-

179 3745 250 3797 da
282 3758 413 3797 vero
434 3736 710 3797 Dominica
740 3742 1017 3797 Adventus
1057 3757 1188 3810 papa
1217 3742 1365 3795 va.;it
1392 3740 1456 3793 ad
1478 3740 1768 3813 stationem

182 3843 391 3889 sancta:
414 3834 625 3888 Crucis.
653 3833 708 3887 In
735 3833 964 3888 Sabbato
991 3833 1058 3887 de
1082 3831 1315 3886 Gaudete
1339 3831 1508 3900 pergit
1537 3831 1602 3884 ad
1639 3830 1770 3883 Ves-

181 3942 346 3997 peras
376 3926 442 3981 ad
473 3935 714 3981 sanctum
745 3927 983 3991 Petrum,
1010 3924 1097 3980 ubi
1139 3926 1383 3979 dominus
1430 3938 1562 3993 papa
1598 3923 1770 3977 cidem

184 4018 493 4089 primicerio
533 4020 897 4074 annuntiando
934 4017 1290 4087 Antipbooam
1332 4016 1484 4071 Juste
1512 4025 1559 4071 et
1588 4018 1668 4087 pie
1693 4017 1771 4068 vi-

184 4128 387 4175 vamus,
411 4111 501 4164 dat
524 4127 684 4166 unum
715 4111 1105 4165 marabotinum
1135 4111 1251 4164 vice
1273 4110 1437 4178 ipsius
1463 4108 1768 4179 projicicns.

187 4201 291 4258 Ubi
343 4210 517 4256 autem
564 4203 815 4257 dominus
860 4217 989 4270 papa
1037 4202 1197 4258 debet
1240 4203 1436 4266 facere,
1476 4210 1532 4255 et
1576 4200 1769 4270 vigiliis

186 4297 473 4361 interesse,
497 4304 551 4348 et
571 4294 745 4348 omnia
776 4295 878 4348 alia
911 4294 979 4348 ibi
1013 4293 1137 4348 facit
1160 4306 1215 4348 et
1243 4293 1431 4363 recipit
1457 4307 1576 4347 cum
1599 4306 1770 4347 came-

186 4385 337 4438 rario
380 4392 437 4438 et
470 4384 809 4447 cancellario,
840 4386 976 4439 sicut
1016 4383 1237 4439 inferius
1267 4384 1472 4438 dicetur
1511 4384 1561 4437 in
1613 4382 1770 4437 Dedi-

185 4476 403 4529 catione
432 4486 734 4530 sanctorum
761 4475 904 4530 Petri
941 4486 995 4530 et
1022 4475 1189 4541 Pauli,
1222 4486 1281 4531 et
1307 4475 1617 4545 quibusdam
1648 4474 1767 4529 aliis

190 4568 594 4624 Ccstivitatibus.

482 4662 567 4714 II.
599 4662 866 4728 Quomodo
911 4662 1059 4715 datur
1106 4662 1479 4732 presbyterium.

262 4752 318 4805 4.
346 4750 517 4807 Priori
550 4754 706 4823 igitur
729 4755 1101 4824 episcoporum
1128 4737 1379 4807 Romanae
1409 4752 1611 4807 Ecclcsi
1633 4771 1660 4805 υ
1682 4755 1774 4808 dat

189 4846 444 4900 dominus
474 4860 605 4915 papa
638 4847 964 4916 duplicatum
990 4845 1396 4916 presbyterium,
1420 4847 1625 4900 scilicet
1644 4862 1773 4915 qua-

195 4949 317 4991 tuor
344 4937 693 5006 melequinos,
717 4946 771 4991 et
792 4946 1019 5008 quatuor
1039 4937 1236 4991 solidos
1260 4937 1311 4989 in
1338 4936 1463 4990 den.
1492 4937 1772 5003 Papiens.;

191 5031 442 5086 Mnibus
470 5042 644 5086 autem
669 5033 932 5101 episcopis
960 5040 1013 5085 et
1039 5030 1158 5084 aliis
1182 5032 1346 5083 curiae
1373 5029 1508 5085 duos
1530 5033 1778 5083 maraho-

194 5126 360 5188 tinos,
394 5133 447 5177 et
475 5126 607 5177 duos
637 5126 835 5178 solidos
869 5126 1112 5192 Papicns.
1142 5165 1157 5189 ,
1187 5122 1377 5191 singuli
1425 5123 1685 5176 similiter.
1717 5122 1772 5178 Si

140 5282 143 5289 Γ
195 5215 335 5269 forte
376 5214 802 5284 archiepiscopus
833 5214 1021 5283 aliquis
1051 5224 1341 5268 extraneus
1371 5223 1496 5266 tunc
1541 5228 1775 5281 przcsens

194 5304 395 5369 fuerit,
449 5320 544 5373 pro
595 5305 869 5358 voluntate
914 5304 1123 5357 domini
1174 5303 1339 5357 nostri
1389 5318 1541 5372 papa:
1591 5305 1683 5357 dat
1728 5305 1776 5358 ei

197 5399 622 5467 presbyterium;
653 5398 747 5453 sed
777 5398 843 5453 de
868 5399 1114 5468 portione
1141 5406 1349 5450 tantum
1372 5396 1527 5451 debet
1556 5397 1773 5461 habere,

194 5501 454 5558 quantum
498 5506 661 5560 supra
706 5492 881 5545 dictus
932 5491 1079 5561 prior
1126 5490 1521 5558 episcoporum,
1551 5500 1778 5560 quatuor

196 5581 405 5638 scilicet
434 5583 784 5652 melequinos,
817 5592 872 5637 et
910 5582 1127 5637 totidem
1168 5580 1401 5645 solidos;
1437 5580 1482 5634 si
1510 5594 1641 5635 vero
1679 5580 1780 5633 ali-

1875 3286 2108 3339 secunda
2136 3286 2249 3350 die,
2273 3295 2327 3342 et
2365 3290 2529 3342 etiam
2568 3290 2619 3343 in
2664 3289 2872 3344 duabus
2900 3290 3085 3347 diebus
3126 3294 3366 3365 Pasclue,
3402 3308 3452 3352 et

1872 3374 2085 3443 quando
2117 3390 2251 3444 papa
2288 3376 2518 3447 eligitur,
2540 3378 2695 3447 juxta
2721 3380 2990 3436 dominum
3023 3398 3210 3453 papam
3236 3388 3449 3442 collate-

1875 3466 2060 3522 raliter
2110 3467 2257 3522 nullo
2305 3468 2483 3523 medio
2522 3470 2813 3540 equitando
2856 3472 3076 3526 incedit.
3132 3475 3452 3530 Senatorum

1877 3572 2004 3611 vero
2052 3559 2142 3627 qui
2190 3566 2318 3614 tunc
2354 3559 2471 3615 urbi
2517 3571 2753 3629 praesunt
2797 3562 3056 3618 medietas
3102 3567 3309 3621 accedit
3356 3584 3454 3638 pro

1876 3648 2236 3721 presbyterio,
2266 3659 2320 3705 et
2362 3651 2429 3705 ad
2468 3652 2857 3708 comedendum
2888 3668 3009 3709 cum
3041 3655 3260 3711 domino
3286 3673 3454 3727 papa;

1876 3754 2105 3808 quorum
2150 3742 2238 3794 uni
2270 3741 2518 3795 dominus
2554 3757 2708 3813 papa,
2738 3746 2819 3800 vel
2849 3745 3055 3801 duobus
3087 3761 3183 3814 pro
3210 3751 3459 3806 omnibus

1876 3830 2016 3894 aliis,
2044 3830 2433 3899 presbyterium
2460 3846 2559 3900 pro
2589 3847 2905 3904 unoquoque
2933 3847 3181 3895 senatore
3211 3841 3459 3899 similiter

1877 3937 2038 3976 unum
2066 3922 2463 3989 melequinum;
2487 3924 2579 3978 dat
2600 3924 2849 3982 dominus
2880 3943 3013 3995 papa
3056 3933 3345 4004 unicuique
3367 3936 3456 4003 ju-

1875 4014 2051 4068 dicum
2084 4010 2232 4066 urbis
2257 4028 2418 4067 unum
2450 4015 2831 4083 melcquinum,
2853 4028 2908 4071 et
2933 4019 3213 4077 duodecim
3254 4024 3459 4078 solidos

1875 4105 1998 4159 den.
2018 4101 2271 4172 Papiens.
2293 4116 2518 4174 excepto
2546 4106 2746 4175 priore,
2767 4107 2856 4176 qui
2887 4108 3041 4164 debet
3067 4112 3264 4168 habere
3296 4131 3457 4170 unum

1876 4195 2241 4265 melequinom
2265 4195 2400 4251 ultra
2425 4210 2518 4261 pro
2542 4196 2800 4265 prioratu,
2828 4206 2881 4251 et
2899 4214 3060 4253 unum
3093 4204 3451 4271 melequinunt

1874 4304 1971 4358 pro
2016 4289 2194 4345 laude.
2227 4288 2522 4357 Unicuique
2552 4288 2934 4343 advocatorum
2992 4307 3153 4345 unum
3203 4294 3460 4364 melequi-

1877 4394 2024 4447 num,
2057 4388 2111 4433 et
2137 4379 2273 4433 duos
2307 4378 2511 4433 solidos
2537 4379 2665 4432 den.
2698 4377 2943 4446 Papiens.
2972 4381 3229 4437 Omnibus
3255 4385 3460 4438 scrin:-

1875 4468 1992 4535 riis,
2024 4477 2283 4538 quotquot
2326 4475 2472 4530 sunt,
2502 4480 2596 4520 sex
2652 4467 2985 4535 melequinos
3021 4479 3076 4523 et
3122 4485 3215 4525 sex
3255 4472 3458 4527 solidos

1879 4548 2002 4618 den.
2029 4564 2275 4633 Papiens.
2310 4562 2597 4618 Praefectus
2635 4564 2928 4629 navalium,
2959 4564 3050 4634 qui
3091 4566 3286 4621 dicitur
3316 4569 3457 4624 San-

1879 4654 2011 4724 gari,
2036 4655 2174 4707 duos
2193 4654 2544 4723 melequinos,
2560 4664 2613 4708 et
2632 4665 2860 4724 quatuor
2880 4656 3038 4710 solid.
3068 4657 3191 4711 den.
3214 4658 3457 4728 I’apiens.

1881 4749 1946 4801 Et
1974 4747 2107 4801 sciat
2131 4758 2381 4802 secutura
2411 4748 2713 4815 posteritas,
2744 4748 2884 4816 quod
2918 4748 3048 4802 nulli
3092 4749 3178 4802 alii
3209 4750 3459 4807 dominus

1882 4854 2015 4908 papa
2048 4838 2257 4907 prOpria
2307 4853 2486 4902 manu,
2516 4832 2618 4892 nisi
2665 4840 2908 4904 superius
2957 4842 3266 4905 nominatis,
3300 4842 3461 4897 debet

1880 4929 2276 5000 presbyterium
2319 4929 2468 4983 dare.
2518 4929 2937 5001 Presbyterium,
2969 4941 3025 4985 ut
3055 4934 3303 5000 superius
3344 4933 3459 4988 dic-

1878 5031 1988 5076 tum
2015 5030 2115 5085 est,
2150 5021 2241 5075 dat
2266 5021 2514 5077 dominus
2542 5035 2697 5090 papa.

1949 5114 2003 5168 5.
2036 5115 2125 5168 Sic
2160 5114 2372 5168 indutus
2405 5112 2613 5167 ducitur
2642 5129 2671 5165 a
2704 5112 2957 5183 magistro
2983 5116 3312 5179 seuescalco,
3345 5122 3401 5169 et
3429 5130 3456 5166 τι

1881 5210 2135 5279 magistro
2163 5208 2228 5260 ad
2262 5220 2499 5261 mensam
2528 5205 2581 5257 in
2614 5204 2831 5259 basilica
2853 5204 3045 5260 Leonis
3078 5222 3227 5275 papa:
3258 5206 3341 5260 lll.
3376 5207 3455 5259 Ad

1880 5316 2117 5356 mensam
2168 5313 2296 5355 vero
2349 5297 2477 5368 legit
2521 5312 2660 5351 unus
2712 5296 2781 5352 de
2829 5296 3072 5351 diacouis
3101 5297 3459 5352 cardinalibus

1879 5410 1999 5450 cum
2035 5394 2285 5463 pluviali;
2313 5391 2455 5448 circa
2488 5404 2613 5445 vero
2656 5390 2815 5447 linem
2870 5404 3069 5446 mense
3111 5390 3293 5445 schola
3322 5405 3457 5444 can-

1883 5499 2054 5545 torum
2083 5488 2241 5543 debet
2272 5497 2485 5541 cantare
2513 5484 2872 5555 Sequentiatu.

274 5710 298 5737 ο
340 5700 589 5755 Formam
637 5700 939 5769 huiusmodi
979 5698 1303 5761 calceorum,
1369 5696 1699 5766 aliorumque
1762 5694 1995 5763 prmlccti
2050 5690 2235 5747 urbani
2284 5696 2719 5744 ornamentorum
2765 5685 2926 5741 habes
2967 5685 3020 5738 in
3072 5684 3207 5740 li‘bro
3260 5684 3457 5743 Felicis

195 5769 489 5826 Contclorii
522 5771 590 5826 de
621 5772 869 5840 praelecto
898 5769 1076 5825 Urbis.

489 5864 756 5924 Pnaoc.
788 5860 1134 5929 LXXVIII.

2985 5841 3065 5907 35
