4008 6326
577 313 616 364 li
640 314 703 364 67

715 424 796 476 Ill.
827 420 961 482 Quid
1001 415 1229 467 dominus
1261 411 1402 475 l’upa
1434 411 1576 482 debet
1609 406 1775 475 facere
1798 410 1846 458 in
1873 407 1997 473 [eam

1115 486 1274 534 sancti
1322 482 1395 531 SI.
1415 481 1588 544 pham.

644 611 693 657 li.
726 606 777 656 in
810 601 894 651 die
924 608 1097 649 autem
1129 592 1290 644 sancti
1316 590 1565 656 Stephani
1604 603 1814 643 snnnno
1843 600 1993 638 mane
2016 598 2141 637 eon-

574 704 787 748 vi-ninnt
813 703 996 743 omnes
1024 687 1237 737 ordines
1268 683 1511 748 superius
1543 683 1836 749 pra‘taxati,
1879 688 1983 729 tam
2029 677 2143 728 cle-

573 788 665 841 rit-i
714 798 868 851 quam
915 777 1052 835 laici,
1103 774 1267 827 induti
1316 772 1500 827 sericis
1547 771 1733 832 pannis
1780 771 1828 821 iu
1890 766 2101 821 basilica
2129 806 2143 829 ,

573 869 883 927 diacnnibus
921 861 1276 918 cardinalilms
1318 868 1370 913 et
1421 857 1571 928 171
1604 853 2015 908 subdiaconibus
2054 868 2145 905 ex-

572 962 761 1032 ceptis,
793 958 878 1027 qtti
910 955 1075 1009 ittdttti
1107 953 1377 1006 dominum
1406 963 1591 1016 papam
1623 947 1819 1001 ducunt
1845 947 1911 999 de
1934 958 2146 999 can-era

542 1057 546 1065 '
572 1072 663 1109 sua
705 1054 770 1108 ad
817 1050 1086 1104 basilicam
1129 1046 1318 1114 ipsim,
1349 1042 1434 1096 ubi
1461 1039 1760 1094 cardinales
1791 1034 2022 1089 univetsi
2051 1049 2145 1087 ex-

573 1146 752 1199 hibent
782 1142 832 1197 ei
859 1138 1238 1199 reverentiam;
1273 1134 1446 1202 ibique
1490 1130 1655 1183 induit
1693 1142 1751 1181 se
1781 1126 1985 1194 planeta
2009 1124 2145 1177 alba.

575 1241 639 1292 Et
686 1233 1017 1289 descendens
1066 1228 1134 1281 de
1194 1225 1387 1296 palatio
1434 1236 1600 1290 usque
1650 1219 1714 1271 ad
1776 1214 2102 1286 pertirellum
2132 1255 2145 1277 ,

576 1333 755 1399 ihique
786 1323 983 1381 invenit
1014 1336 1205 1390 equum
1247 1317 1521 1371 falerantm
1553 1328 1671 1366 cum
1724 1323 1861 1364 novo
1908 1304 2148 1368 scarlati;

577 1425 646 1477 ita
672 1396 851 1474 tamen
884 1414 1019 1481 quod
1059 1409 1351 1467 secundum
1395 1401 1832 1459 consuetudinem
1882 1396 2149 1463 antiquam

575 1528 746 1581 equus
792 1498 925 1575 ipse
951 1504 1149 1559 dutnini
1184 1516 1331 1570 papa:
1379 1514 1481 1551 non
1530 1495 1687 1549 drbet
1725 1493 1919 1546 habere
1956 1488 2150 1542 collum

577 1608 873 1660 [ιιι-τειῑυιη.
911 1601 971 1653 Et
1001 1597 1295 1653 ascendens
1335 1605 1551 1659 equum,
1581 1599 1631 1641 et
1676 1587 1742 1639 de
1786 1600 1941 1636 manu
1993 1581 2153 1633 adea-

578 1706 833 1750 tratorum
884 1705 1102 1760 regnum
1155 1684 1454 1752 recipiens,
1506 1677 1673 1732 induit
1720 1676 1912 1743 ipsum.
1959 1671 2153 1740 Sicque

579 1789 721 1842 vadit
768 1787 831 1839 ad
877 1781 1156 1839 ecclesiam
1189 1776 1325 1829 beati
1357 1769 1609 1841 Stephani
1657 1768 1706 1821 in
1757 1765 1921 1819 Caelio
1972 1771 2149 1847 monte
2186 1769 2227 1826 Β

576 1886 881 1937 coronatus.

653 1977 705 2026 7.
728 1970 791 2023 Ut
810 1975 981 2020 autem
1001 1961 1266 2019 omnibus,
1287 1965 1391 2008 tam
1409 1950 1757 2023 prmsentibus
1773 1962 1926 2016 quam
1943 1943 2152 2004 futuris,

583 2064 783 2129 pateat,
817 2048 1040 2119 qualiter
1070 2044 1284 2097 ordine<
1311 2052 1471 2106 suttra
1498 2034 1624 2089 dieli
1646 2049 1763 2087 cum
1787 2031 2002 2086 domino
2026 2042 2154 2128 papa

584 2118 779 2202 vadunt
825 2118 1306 2212 processionaliter,
1347 2128 1621 2183 sciendum
1679 2135 1761 2177 est
1806 2120 1967 2191 quod,
2023 2118 2157 2171 sicut

582 2210 844 2295 scribetur
872 2228 1113 2287 inferius,
1146 2222 1371 2277 ordinati
1407 2218 1677 2283 incedunt,
1730 2224 1782 2267 et
1822 2229 1940 2266 cum
1970 2210 2155 2263 eodem

590 2329 801 2383 domino
831 2336 963 2392 papa
997 2318 1061 2371 ad
1104 2314 1355 2385 palatium
1400 2310 1556 2364 modo
1596 2305 1756 2360 simili
1801 2308 2155 2356 reveituutur.

587 2390 875 2476 Putel'ectus
905 2414 1061 2482 igitur
1093 2408 1237 2462 urbis
1281 2404 1514 2466 indutus,
1562 2408 1617 2453 ut
1664 2390 1907 2465 Superius
1960 2395 2157 2447 dictum

576 2502 687 2569 est,
734 2508 881 2577 juxta
922 2501 1192 2556 dominum
1246 2509 1434 2564 papam
1482 2489 1698 2553 incedit,
1751 2497 1803 2541 et
1850 2486 1988 2539 circa
2038 2499 2158 2537 eum

584 2576 789 2669 iudices
853 2590 1165 2660 pluvialibus
1214 2583 1405 2639 induti.
1466 2580 1603 2634 Ante
1649 2576 1919 2631 dominum
1973 2589 2159 2642 papam

574 2667 969 2757 aliquantulum
1001 2685 1359 2749 sequestratus
1391 2671 1578 2728 incedit
1627 2672 1769 2739 prior
1810 2667 2163 2721 subil'acunus

591 2778 919 2849 regionarius
972 2788 1090 2828 cum
1136 2769 1325 2831 toalea,
1389 2774 1443 2818 ut
1488 2779 1605 2816 cum
1650 2760 1868 2814 voluerit
1919 2758 2164 2810 dominus

594 2886 722 2941 papa
752 2881 966 2937 spuere,
997 2863 1162 2931 possit
1189 2861 1280 2915 illo
1310 2870 1538 2927 gausape
1578 2870 1640 2909 os
1689 2869 1839 2907 suum
1882 2852 2161 2904 mundare.

591 2967 657 3019 Et
686 2961 891 3016 diaconi
923 2956 1217 3013 cardinales
1250 2948 1476 3020 proximi
1520 2963 1664 3016 papa:
1715 2946 1819 2999 bini
1868 2943 2121 2997 incedunt
2148 2958 2161 3006 ;

594 3066 642 3109 et
679 3060 798 3121 post
842 3053 987 3117 ipsos
1028 3040 1335 3098 subdiaconi
1369 3035 1672 3101 basilicarii,
1698 3049 1831 3103 quos
1857 3031 2167 3101 przeccdunt

1274 298 1609 353 AI‘PENUIX
1652 297 1741 350 Al)
1780 297 1836 349 S.
1880 294 2201 351 GREGORII
2241 295 2453 351 MAGNI
2493 294 2859 351 LITURGICA
2899 292 3144 346 OPERA.

2174 408 2217 464 Α
2248 404 2467 469 quinum
2516 414 2570 459 et
2616 406 2894 459 duodecim
2946 404 3193 459 denarios
3234 404 3556 474 Papienses,
3608 418 3839 469 excepto

3702 292 3725 343 Ι
3738 292 3835 342 058

2250 494 2564 561 presbytero
2585 495 2754 549 sancti
2779 496 3067 560 Laurentii,
3096 496 3180 550 cui
3211 495 3404 550 dantur
3423 496 3534 549 duo
3562 511 3665 564 pro
3683 497 3766 547 Ian
3791 507 3837 551 te

2247 594 2301 637 ct
2332 586 2685 655 presbyterio.
2741 588 3034 655 Unicuique
3088 587 3314 641 diacono
3361 588 3628 642 cardinali
3675 604 3835 641 unum

2249 676 2375 729 mel.
2399 686 2454 731 et
2474 677 2756 732 duodecim
2775 679 3024 732 denarios
3044 678 3351 747 Papienses,
3375 687 3614 748 excepto
3641 678 3838 746 priore,

2248 769 2329 820 cui
2360 766 2516 821 datur
2545 783 2680 821 unus
2709 769 2936 835 amplius
2966 785 3060 837 pro
3092 770 3264 823 laude.
3312 768 3612 839 Unicuique
3662 768 3841 822 archi-

2249 857 2621 923 episcoitorum
2653 858 2780 921 duo,
2825 857 3106 927 unicuique
3132 859 3508 926 episcoitorum
3542 860 3837 912 forensium

2249 962 2411 1000 unum
2434 947 2558 1000 mel.
2581 956 2634 1001 et
2654 947 2935 1001 duodetim
2959 948 3206 1002 denarios
3231 948 3555 1016 Papieoses;
3585 947 3840 1001 omnibus

2250 1037 2391 1101 aliis,
2422 1037 2561 1090 sicut
2584 1038 2747 1091 altera
2781 1038 2886 1102 dic,
2930 1052 2994 1093 co
3034 1048 3280 1105 excepto,
3332 1038 3472 1106 qttod
3519 1037 3837 1092 subdiaconi

2251 1142 2438 1181 exunes
2467 1144 2570 1182 non
2596 1128 2789 1183 habent
2818 1128 2917 1185 nisi
2957 1130 3235 1183 duodecim
3262 1131 3387 1183 mel.
3410 1145 3534 1184 cum
3561 1130 3766 1198 priore,
3786 1140 3835 1183 et

2252 1219 2411 1270 etiam
2436 1218 2718 1285 prml’ectus
2745 1236 2854 1274 non
2881 1221 3060 1283 habet,
3086 1221 3187 1274 nisi
3210 1220 3490 1275 duodecim
3522 1220 3689 1275 solid.
3717 1221 3834 1275 den.

2255 1306 2501 1375 Papiens.
2542 1309 2673 1361 Dato
2705 1309 3034 1381 presbyterio
3065 1310 3274 1364 ducitur
3303 1310 3558 1364 dominus
3609 1323 3752 1378 papa
3778 1312 3836 1361 ad

2258 1416 2491 1452 tnrttSatu
2521 1401 2657 1455 sicut
2684 1400 2772 1455 die
2803 1400 2991 1469 prima.

2259 1514 2344 1565 IV.
2392 1514 2539 1579 Quod
2584 1514 2823 1566 dominus
2867 1529 3001 1578 papa
3046 1513 3121 1565 ire
3162 1513 3332 1565 debent
3364 1513 3416 1566 in
3449 1510 3747 1582 Epiphania
3777 1514 3837 1564 ad

2789 1582 3039 1637 Sanctum
3072 1581 3301 1636 Petrum.

2327 1694 2378 1744 9.
2420 1693 2703 1748 Sciendum
2730 1702 2903 1747 tamen
2928 1695 3065 1757 quod
3098 1692 3344 1747 dominus
3372 1708 3503 1761 papa
3529 1694 3584 1746 in
3611 1693 3836 1762 Epipha-

2258 1788 2342 1839 nia
2374 1787 2426 1838 in
2462 1786 2714 1853 Vesperis
2744 1788 2916 1854 pergit
2938 1786 3003 1840 ad
3026 1787 3277 1841 Sanctum
3304 1784 3545 1849 Petrum,
3581 1796 3637 1840 et
3659 1789 3834 1840 omnia

2260 1876 2328 1930 ibi
2356 1876 2435 1929 lac
2463 1885 2479 1928 t
2509 1884 2561 1930 et
2588 1873 2773 1943 recipit
2798 1890 2916 1929 cum
2946 1876 3237 1929 catnerario
3258 1884 3312 1929 et
3340 1875 3681 1939 cancellario,
3704 1875 3838 1928 sicut

2258 1969 2540 2020 adnotatur
2586 1966 2636 2018 in
2697 1965 2833 2019 festo
2888 1964 3255 2029 Ascensionis,
3310 1974 3365 2018 et
3414 1962 3615 2018 Octava
3672 1963 3841 2017 sancti

2262 2060 2421 2113 Petri.

2262 2152 2325 2204 V.
2370 2150 2508 2216 Quid
2537 2150 2771 2202 dominus
2800 2164 2931 2215 papa
2966 2151 3128 2212 facere
3165 2146 3338 2200 debeat
3368 2147 3423 2199 in
3472 2144 3845 2213 Puriﬁcalfone

2731 2219 2887 2271 beatw
2926 2216 3111 2271 Mariae
3135 2218 3370 2285 virginis.

2341 2311 2421 2365 10.
2465 2310 2520 2364 in
2547 2310 2920 2364 Purilicatione
2943 2308 3114 2363 beata:
3139 2307 3315 2363 Maria:
3351 2306 3572 2373 virginis
3599 2304 3847 2359 dominus

2264 2418 2399 2472 papa
2420 2403 2565 2457 vadit
2592 2402 2656 2455 ad
2680 2400 2929 2457 Sanctam
2958 2399 3237 2453 Martinam
3265 2413 3386 2451 cum
3415 2395 3776 2451 cardinal;bus
3797 2395 3845 2449 in

2266 2507 2439 2559 tuane,
2473 2501 2529 2548 et
2551 2492 2621 2546 ibi
2646 2500 2823 2547 cantat
2848 2491 3101 2544 Tertiam.
3147 2488 3346 2543 Deinde
3381 2487 3550 2541 induit
3595 2503 3657 2541 se
3685 2488 3739 2540 in
3766 2500 3849 2541 ee-

2264 2585 2424 2639 clesia
2457 2586 2568 2650 ipsa
2599 2596 2765 2651 usque
2794 2578 2860 2634 ad
2886 2581 3259 2643 dalmaticam;
3311 2588 3365 2632 et
3417 2578 3607 2632 induto
3650 2588 3849 2639 manto,

2266 2673 2487 2742 apponit
2530 2673 2774 2737 mitram;
2824 2685 3116 2739 omnesque
3147 2668 3443 2724 cardinales
3481 2668 3711 2723 induunt
3750 2685 3810 2723 se
3835 2712 3849 2733 ,

2267 2766 2445 2834 ibique
2478 2766 2753 2820 vastararii
2785 2779 2905 2819 eum
2937 2763 3171 2818 ostiariis
3212 2762 3443 2816 basilicae
3490 2762 3632 2816 sacri
3675 2764 3849 2832 palatii

2268 2868 2651 2927 reprmsentant
2681 2872 2867 2913 cereos
2911 2858 2975 2912 ad
3022 2857 3469 2920 benedicendum,
3512 2871 3653 2923 quiis
3685 2857 3851 2910 minor

2268 2949 2702 3020 presbyterorum
2734 2949 3017 3003 cardinalis
3047 2948 3099 3002 in
3121 2948 3308 3003 ordine
3336 2948 3627 3003 benedicit.
3659 2948 3851 3002 Notan-

2268 3045 2389 3098 dum
2422 3059 2549 3097 vero
2578 3043 2716 3111 quod
2742 3044 2964 3099 ecclesia
3002 3042 3185 3098 Sancti
3224 3043 3365 3098 Petri
3411 3043 3503 3097 dat
3550 3043 3854 3112 quindecim

594 3153 699 3197 tam
725 3135 1033 3193 subdiaconi
1056 3130 1341 3202 regionarii
1367 3142 1523 3196 quam
1547 3125 1726 3180 schola
1748 3133 2022 3177 cantorum
2045 3135 2163 3177 cum

2273 3136 2403 3208 ML,
2426 3134 2634 3206 decem]
2665 3135 2825 3190 libras
2844 3148 3027 3189 cereas
3049 3148 3144 3203 pro
3170 3134 3250 3188 bis
3269 3134 3459 3188 cereis.
3488 3134 3553 3187 Et
3577 3134 3662 3188 his
3686 3134 3853 3198 lactis,

594 3229 816 3293 Gra‘eis,
852 3226 939 3295 qui
967 3230 1353 3278 consueverunt
1386 3215 1724 3285 Evangelium
1777 3222 1830 3267 et
1876 3212 2163 3281 Epistoiam

598 3322 794 3389 legere.
831 3317 961 3371 Istos
991 3311 1308 3369 antecedunt
1336 3307 1578 3364 scrinarii
1613 3314 1667 3360 et
1706 3304 1987 3368 advocati;
2044 3310 2167 3356 ante

599 3429 690 3466 eos
720 3405 1014 3479 presbyteri
1044 3401 1360 3463 cardinales,
1392 3405 1517 3452 ante
1552 3396 1682 3449 istos
1729 3392 1963 3462 cpismpi
1996 3391 2168 3445 cardi-

596 3503 766 3561 nales,
796 3506 851 3551 et
877 3497 1093 3552 ahbates
1124 3491 1299 3556 urbis;
1352 3498 1405 3543 et
1446 3486 1753 3555 prwcedunt
1806 3485 1956 3546 istos,
1997 3483 2039 3536 el
2080 3482 2167 3551 qui

596 3600 740 3654 sunt,
778 3588 1014 3641 forenses
1039 3581 1268 3650 episcopi
1311 3584 1401 3631 aut
1435 3573 1840 3643 archiepiscotii.
1873 3573 2009 3625 Ante
2036 3571 2167 3625 istos

599 3683 706 3738 duo
744 3675 981 3750 prazl'ecti
1021 3673 1237 3727 navales
1277 3668 1595 3739 pluvialibus
1644 3665 1849 3728 ltidtlil;
1897 3672 2019 3716 ante
2072 3663 2167 3716 hos

600 3786 726 3826 vero
770 3776 1041 3837 portantes
1083 3758 1362 3817 duodecim
1397 3755 1610 3819 vexilla,
1658 3770 1772 3821 quae
1806 3754 2037 3807 bandura
2070 3767 2166 3803 vu-

598 3873 823 3923 cantur;
863 3866 917 3913 et
948 3871 1082 3911 unus
1122 3867 1287 3923 equus
1318 3849 1520 3904 domini
1569 3861 1720 3917 papa:
1758 3846 2027 3903 faleratus,
2075 3843 2166 3897 Sed

600 3966 815 4006 vacuus.
847 3949 983 4004 Ante
1012 3948 1108 4001 hos
1134 3957 1319 3999 omnes
1350 3941 1518 3993 minor
1570 3938 1928 3992 subdiaconus
1984 3936 2163 4011 basili-

597 4044 771 4099 carius
799 4055 917 4096 cum
941 4052 1096 4094 cruce
1118 4035 1315 4090 domini
1351 4048 1517 4101 papa).
1551 4030 1653 4087 Sed
1683 4029 2087 4084 archidiaconus
2118 4035 2170 4080 et

598 4138 745 4204 prior
777 4131 1009 4187 basilica:
1039 4144 1159 4183 cum
1192 4126 1377 4181 ferulis
1402 4123 1618 4188 debent,
1673 4130 1730 4175 ut
1767 4119 2021 4197 scriptum
2064 4128 2168 4181 est,

596 4226 844 4281 ordinare
875 4221 1280 4292 processiones;
1314 4226 1386 4280 et,
1419 4230 1483 4269 ne
1524 4216 1642 4283 quis
1673 4214 1842 4282 ipsam
1888 4212 2171 4265 interrum-

596 4327 707 4385 pat,
738 4314 933 4369 debent
957 4312 1274 4372 discurrere,
1308 4316 1361 4360 ct.
1392 4306 1692 4374 lrequenter
1721 4304 1784 4357 ad
1819 4301 2026 4372 propria
2056 4303 2166 4356 loca

596 4407 789 4461 redire.
822 4401 1239 4457 Arcliidiaconus
1279 4398 1416 4451 inter
1458 4396 1728 4449 dominum
1764 4410 1949 4463 papam
1977 4407 2028 4449 et
2054 4409 2173 4449 car-

596 4498 801 4552 dinales
834 4496 1115 4558 diaconos;
1170 4492 1311 4559 prior
1339 4490 1573 4544 basilicae
1615 4489 1759 4557 juxta
1811 4490 2167 4556 primicerium
2199 4505 2253 4566 υ

598 4590 735 4644 inter
763 4589 1015 4642 diaconos
1044 4582 1341 4637 cardinales
1370 4590 1423 4635 et
1451 4579 1823 4634 subdiaconos.

668 4681 721 4733 8.
762 4670 999 4745 Cumque
1022 4675 1099 4728 sic
1127 4672 1190 4726 ad
1222 4672 1525 4741 prmdictam
1554 4672 1833 4727 ecclesiam
1862 4673 2029 4727 sancti
2053 4672 2173 4728 Ste-

600 4770 760 4835 phani
789 4760 1147 4838 pervenerint,
1180 4763 1419 4833 deposito
1444 4777 1627 4830 regno,
1659 4762 1823 4817 intrat
1845 4762 2128 4817 ecclesiam
2155 4780 2169 4829 ;

599 4863 843 4927 factaque
864 4858 1132 4919 Oratione,
1151 4854 1291 4909 vadit
1310 4855 1375 4908 ad
1398 4854 1708 4918 sacrarium,
1724 4864 1797 4918 et,
1816 4854 2050 4923 deposita
2071 4856 2174 4923 pla-

598 4963 719 5007 neta
734 4950 875 5012 alba,
894 4948 1060 5001 induit
1075 4947 1315 5010 rubeam,
1337 4955 1390 5000 et
1406 4944 1639 4999 celebrat
1662 4945 1889 5008 Missam,
1906 4945 2040 4999 sicut
2055 4945 2172 4999 hes-

595 5050 746 5097 terna
772 5040 879 5104 die,
903 5040 953 5091 in
976 5038 1239 5091 omnibus.
1265 5037 1421 5091 Missa
1442 5051 1562 5089 vero
1579 5039 1731 5108 172
1760 5037 1921 5102 (inita,
1947 5040 2170 5092 resumit

600 5133 864 5201 planetatu
889 5129 1084 5193 albam,
1112 5137 1166 5182 et
1191 5126 1358 5181 induit
1385 5142 1629 5198 regnum.
1658 5127 1862 5182 Gtt-tera
1884 5144 2009 5183 vero
2040 5129 2172 5184 liunt

598 5224 737 5277 sicut
765 5222 930 5289 prima
955 5220 1063 5285 die,
1093 5228 1311 5285 excepto
1343 5219 1693 5288 presbyterio,
1725 5219 1860 5287 quod
1892 5221 1968 5273 sic
1993 5220 2166 5275 datur.

602 5310 895 5380 Unicuique
937 5324 1163 5377 namque
1201 5310 1570 5377 episcoporum
1609 5323 1769 5363 curia:
1809 5309 1898 5363 dat
1923 5310 2169 5364 dominus

602 5414 736 5470 papa
787 5401 918 5454 duos
950 5399 1279 5469 melequinos
1326 5408 1380 5454 et
1425 5398 1557 5455 duos
1602 5399 1800 5455 solidos
1845 5400 2168 5470 Papienscs;

606 5490 885 5561 unicuique
921 5490 1350 5561 presbyterorum
1397 5490 1741 5545 cardinaliutn
1794 5507 1953 5545 unum
2005 5493 2168 5548 mele-

2271 3226 2514 3280 dominus
2558 3239 2691 3294 papa
2726 3225 2835 3279 exit
2864 3226 2930 3279 ab
2959 3225 3182 3279 ecclesia
3215 3239 3334 3279 cum
3365 3224 3761 3292 cardinalibus,
3809 3237 3860 3281 et

2276 3314 2519 3369 ascendit
2544 3314 2747 3380 sedem,
2779 3329 2897 3384 quae
2936 3326 3017 3368 est
3048 3329 3155 3382 pra:
3186 3314 3386 3369 foribus
3416 3314 3563 3368 illius
3587 3316 3855 3377 ecclesia.

2271 3416 2327 3463 et
2360 3422 2517 3461 manu
2546 3407 2756 3475 propria
2783 3406 2977 3475 populo
3004 3420 3191 3461 cereos
3221 3405 3464 3475 porrigit.
3494 3404 3700 3460 Deinde
3722 3406 3856 3459 vadit

2272 3500 2336 3553 ad
2374 3498 2636 3567 porticum
2666 3497 2732 3552 ad
2764 3498 3047 3554 ecclesiam
3079 3498 3249 3552 sancti
3274 3496 3517 3563 Adriani,
3546 3508 3598 3551 et
3623 3500 3857 3551 ascendit

2271 3591 2472 3655 sedem,
2499 3604 2616 3659 qua:
2644 3598 2725 3645 est
2747 3597 2867 3658 post
2892 3590 3079 3654 altare,
3112 3589 3289 3659 ibique
3317 3598 3500 3643 cantat
3526 3588 3747 3644 Sextam
3772 3605 3787 3649 ;
3812 3600 3859 3641 cl

2277 3682 2431 3753 173
2452 3689 2685 3751 cantata,
2716 3682 2909 3749 accipit
2930 3681 3150 3735 faculam
3179 3695 3459 3735 accensam
3480 3693 3511 3734 a
3539 3679 3719 3748 priore
3744 3681 3862 3747 epi-

2272 3759 2585 3841 scoporum‘;
2616 3780 2692 3838 et,
2721 3770 2765 3826 si
2788 3787 2891 3825 non
2920 3782 3001 3826 est
3032 3785 3286 3840 praesens,
3310 3786 3339 3823 a
3372 3771 3553 3839 priore
3584 3769 3862 3840 presbyte-

2272 3876 2474 3933 rorum.
2501 3862 2608 3916 Sed
2639 3862 2818 3916 schola
2851 3869 3035 3915 cantat
3074 3861 3326 3932 hymnum
3358 3860 3554 3915 Lumen
3581 3861 3651 3912 ad
3675 3864 3863 3915 revela.

2273 3953 2479 4018 tionem,
2507 3967 2627 4008 cum
2650 3952 2881 4008 Psnlmo.
2915 3951 3039 4007 Ροει
3066 3951 3333 4006 dationem
3357 3951 3714 4007 candelarum
3744 3953 3861 4005 sub—

2275 4045 2531 4100 diaconus
2578 4045 2909 4115 regionarius
2957 4044 3201 4098 extendit
3240 4045 3488 4106 tnaleam,
3529 4052 3588 4097 et
3613 4043 3864 4097 dominus

2275 4151 2407 4206 papa
2434 4137 2599 4191 abluit
2626 4150 2833 4200 manus,
2852 4145 2905 4191 et
2923 4134 3084 4190 mittit
3104 4134 3463 4201 chirothccas,
3485 4144 3540 4188 et
3567 4132 3858 4201 planetatn,

2275 4236 2330 4281 et
2384 4227 2636 4297 pallium;
2686 4238 2741 4281 et
2789 4225 3013 4295 singulis
3069 4224 3449 4287 cardinalibus,
3480 4233 3536 4277 et
3567 4224 3861 4277 camerario

2278 4320 2665 4382 tantummodo,
2709 4319 2841 4372 duas
2892 4318 2983 4372 dat
3032 4316 3316 4375 candelas:
3366 4314 3787 4369 subdiaconibns
3812 4324 3860 4369 et

2276 4411 2393 4465 aliis
2416 4420 2521 4465 tam
2549 4410 2758 4466 clericis
2783 4425 2938 4479 quam
2969 4408 3116 4465 laicis
3146 4422 3245 4478 pro
3270 4406 3543 4462 voluntate
3574 4419 3697 4460 sua.

2349 4502 2433 4555 tt.
2477 4502 2540 4556 Et
2569 4504 2857 4556 notandum
2888 4499 3027 4569 quod
3050 4499 3237 4554 decem
3263 4506 3316 4552 et
3341 4505 3463 4551 octo
3492 4505 3622 4551 sunt
3648 4497 3705 4551 in
3736 4497 3859 4549 urbe

2278 4589 2631 4655 diaconatus,
2691 4604 2918 4659 quorum
2965 4587 3182 4653 clerici,
3228 4595 3508 4656 postquam
3560 4585 3758 4638 Itissas
3811 4584 3857 4637 in

2278 4681 2480 4735 eisdem
2511 4681 2919 4745 celebraterint,
2961 4693 2992 4732 a
3020 4677 3244 4747 singulis
3266 4675 3581 4731 diaconibus
3604 4674 3856 4743 imagines

2278 4772 2606 4841 accipiendo,
2638 4774 2851 4826 venient
2880 4786 2998 4824 cum
3030 4769 3347 4837 imaginibus
3396 4766 3515 4822 istis
3564 4773 3624 4821 et
3667 4768 3857 4835 popqu

2278 4862 2742 4930 processionaliter
2762 4861 3024 4916 cantando
3046 4859 3112 4914 ad
3135 4858 3416 4915 ecclesiam
3440 4857 3584 4912 beati
3617 4857 3853 4909 Adriani.

2276 4952 2475 5017 Quibus
2494 4953 2542 5005 in
2568 4936 2752 5007 eadem
2776 4950 2995 5007 ecclesia
3019 4949 3347 5013 euadunatis,
3376 4946 3722 5015 primicerius
3742 4961 3852 5001 cum

2275 5042 2453 5096 schola
2486 5042 2668 5111 incipit
2699 5041 3055 5110 Antiphonam
3079 5038 3335 5107 Exsurge.
3366 5037 3605 5092 Domine.
3648 5038 3851 5093 lnteriut

2274 5132 2522 5186 dominus
2553 5147 2685 5200 papa
2715 5131 3003 5185 discalceat
3027 5144 3105 5197 se,
3139 5138 3193 5184 et
3211 5143 3397 5183 omnes
3420 5129 3510 5197 qui
3539 5140 3669 5181 sunt
3693 5128 3851 5182 induti

2274 5225 2473 5280 vadunt
2500 5240 2616 5278 cum
2640 5239 2705 5280 eo
2726 5225 2777 5279 in
2804 5224 3168 5292 Proecssione,
3197 5231 3250 5277 et
3274 5221 3520 5275 dominus
3544 5236 3680 5289 papa
3714 5233 3853 5275 reac-

2274 5318 2403 5388 cipit
2433 5327 2456 5354 α
2492 5297 2765 5385 planellos.
2799 5314 3070 5385 Cumpieta
3100 5330 3226 5370 vero
3255 5328 3284 5367 a
3335 5313 3659 5382 primiceriis
3704 5314 3851 5367 Anti-

2276 5407 2470 5478 phnna,
2503 5406 2747 5460 dominus
2778 5422 2909 5476 papa
2936 5406 3065 5460 dicit
3091 5406 3324 5471 Oremus,
3355 5414 3407 5460 et
3447 5404 3716 5459 diaconus
3746 5403 3855 5457 Fle-

2271 5510 2463 5554 ctamus
2490 5516 2677 5572 genua,
2704 5512 2758 5555 et
2785 5501 2875 5555 alii
2905 5500 3114 5555 diaconi
3145 5498 3343 5563 Lecate,
3366 5505 3421 5552 et
3444 5496 3699 5552 dominus
3730 5509 3853 5564 papa

675 5628 699 5655 ι·
730 5620 1350 5701 Ριρηυιιοτυιψηοηιίηθ,
1382 5636 1514 5691 quos
1542 5620 1625 5677 hic
1656 5623 1890 5693 reaccipit
1914 5624 2144 5694 pontifex
2167 5666 2184 5694 ,
2216 5627 2576 5701 intelliguntur
2619 5630 2804 5698 calcei,
2846 5643 2980 5699 quos
3013 5636 3169 5685 antea
3215 5628 3570 5698 deposuerat.
3618 5627 3676 5682 ω
3709 5634 3851 5697 patet

604 5700 669 5740 ex
698 5703 843 5741 nunt.
876 5687 1138 5742 sequenti.
