4008 6350
152 445 173 497 ί
206 445 287 496 ’69

145 556 281 619 dicit
299 554 601 615 Orationem
635 552 701 607 de
722 554 974 617 (Iollceta,
1002 552 1207 606 scilicet
1251 561 1271 583 λι

146 649 246 713 tui,
277 654 379 701 etc.
429 645 602 701 Finita
631 646 905 709 Oratione,
934 646 1188 699 diaconus
1215 644 1338 697 dicit
1381 641 1723 693 Procedanms

144 739 199 789 in
258 752 412 803 pace;
471 745 522 789 et
575 737 751 789 ontnis
818 739 1012 789 chorus
1074 735 1363 800 respondet
1408 732 1471 785 In
1525 732 1726 784 nomine

140 828 360 884 Christi.

220 920 306 973 l2.
350 918 441 972 llis
482 918 559 972 sic
588 917 883 986 completis,
930 916 1185 984 imagines
1213 914 1520 984 praecedunt
1556 912 1728 967 domi—

141 1025 278 1073 num
321 1024 508 1077 papam
541 1007 1007 1075 processionaliter
1058 1004 1324 1059 cantando
1351 1018 1517 1072 usque
1547 1004 1610 1056 ad
1637 1018 1727 1057 ec-

143 1100 365 1154 clesiam
383 1101 551 1154 beatae
574 1099 748 1152 Maria:
775 1095 1023 1165 Maioris;
1051 1106 1103 1149 et
1130 1096 1375 1148 dominus
1399 1106 1530 1161 papa
1553 1092 1727 1159 sequi-

150 1197 238 1242 tur
269 1180 690 1244 Processionem.
723 1186 960 1254 Cumque
990 1182 1281 1237 veneritad
1316 1191 1520 1247 portam
1564 1180 1729 1247 ipsius

136 1281 412 1343 ecclesiae,
439 1279 587 1343 exuit
616 1278 896 1346 planellos,
925 1285 978 1329 et
1008 1275 1159 1327 nudis
1189 1272 1408 1341 pedibus
1436 1270 1579 1323 vadit
1607 1284 1727 1323 cum

139 1368 268 1422 aliis
301 1369 353 1421 in
381 1366 730 1425 Processione
770 1378 935 1433 usque
981 1363 1047 1416 ad
1096 1360 1398 1429 prmdictam
1447 1359 1727 1413 ecclesiam

140 1458 323 1511 beatae
354 1455 531 1509 Maria:
561 1454 797 1523 Maioris.
818 1452 1101 1509 Sciendum
1129 1460 1301 1505 tamen
1324 1449 1463 1519 quod
1480 1447 1728 1501 dominus

144 1563 286 1616 papa
337 1548 388 1600 in
434 1546 683 1599 omnibus
723 1543 1180 1607 Processionibus,
1230 1540 1282 1593 in
1323 1538 1517 1607 quibus
1564 1537 1728 1605 pedes

142 1637 314 1700 vadit,
347 1635 573 1705 pedibus
593 1634 923 1689 discalceatis
948 1632 1167 1698 incedit,
1204 1646 1306 1686 una
1333 1637 1532 1683 tantum
1565 1642 1727 1683 esce-

147 1736 241 1787 pta
291 1727 341 1779 in
394 1724 727 1779 [imitatione
774 1734 973 1779 sanctae
1015 1722 1230 1787 Crucis,
1283 1720 1488 1775 scilicet
1544 1733 1728 1773 mense

144 1816 506 1884 Septembris.
550 1813 683 1870 Cum
724 1822 898 1868 autem
926 1812 1170 1868 dominus
1200 1827 1330 1881 papa
1357 1811 1421 1865 ad
1447 1810 1725 1864 ecclesiam

1347 438 1608 492 ilOiHNl
1653 434 1963 487 tlllDNliS.
2010 464 2073 472 -—
2118 432 2226 486 XN.

1324 551 1504 603 Preces
1548 550 1723 620 populi
1756 551 1799 604 Α
1831 559 1983 609 sepe;
2015 556 2063 597 et
2096 553 2217 595 ante
2246 543 2414 610 ipsum
2447 541 2757 608 mappnlarii
2789 551 2991 608 portant
3023 539 3153 591 duas
3196 538 3397 596 faculas

3263 428 3395 480 {070

1828 634 2024 697 positas
2046 649 2205 698 super
2226 633 2542 686 candelabra
2563 632 2761 686 domini
2782 648 2947 699 papae.
2976 630 3195 684 Faculas
3215 642 3392 685 autem

1825 723 2124 777 (latentem
2157 724 2403 777 ecclesia.
2439 726 2633 787 Quarta
2683 735 2859 777 autent
2916 724 3073 779 lectio
3125 726 3312 795 legitur
3366 741 3395 778 a

1826 815 2115 875 scrinariis,
2150 815 2329 881 quinta
2383 794 2651 881 a'priore
2707 816 3114 883 episcoporum,
3171 825 3319 869 sexta
3370 831 3399 876 a

1830 903 2006 968 priore
2036 904 2486 972 presbyterorum,
2518 903 2742 972 septima
2773 919 2800 956 a
2827 906 3003 973 priore
3032 905 3185 975 175
3218 906 3399 959 (Laco-

1830 1006 2039 1056 norum,
2063 1000 2249 1047 octava
2275 1008 2301 1043 a
2328 992 2503 1059 priore
2550 993 2993 1049 subdiaconorum
3012 1035 3026 1059 ,
3054 1009 3191 1048 nona
3224 1003 3400 1050 autem

1828 1096 1857 1132 a
1885 1081 2102 1136 domino
2130 1098 2288 1151 papa.
2319 1084 2697 1138 De-tliuribulo
2726 1097 2898 1139 autem
2932 1087 3189 1154 portando
3219 1090 3284 1141 ad
3328 1090 3405 1141 al—

1831 1180 1941 1224 tare
1972 1173 2218 1226 dominus
2246 1187 2379 1241 papa
2427 1175 2669 1243 prmcipit
2708 1177 2992 1244 unicuique
3020 1178 3272 1231 cardinali
3307 1194 3402 1247 pro

1832 1260 2122 1313 voluntate.
2157 1259 2236 1313 Ad
2267 1262 2547 1316 lectionem
2576 1262 2777 1317 domini
2802 1277 2948 1331 papa:
2979 1266 3157 1319 nullus
3186 1267 3277 1319 dat
3304 1269 3404 1321 Be-

1830 1349 2186 1402 nedictionem
2210 1366 2224 1415 ;
2249 1361 2298 1403 et
2330 1360 2504 1404 tamen
2538 1351 2650 1418 ipse
2675 1351 2805 1405 dicit
2833 1352 2984 1414 lube,
3010 1352 3245 1420 Domine,
3271 1366 3401 1425 etc.,

1820 1438 2032 1492 scdicet
2057 1438 2249 1492 dicitur
2274 1440 2413 1507 quod
2443 1439 2695 1495 Dominus
2739 1442 2788 1496 ei
2821 1442 3129 1506 benedicat;
3163 1444 3402 1499 circum-a-

1829 1536 2033 1580 stantes
2063 1528 2388 1596 respondent
2430 1530 2610 1582 Amen.
2656 1530 2777 1585 Alia
2821 1531 3176 1601 Responsoria
3209 1534 3405 1589 decan-

1826 1626 2012 1673 tantur
2046 1619 2112 1672 ab
2143 1634 2248 1673 uno
2274 1620 2601 1674 subdiaconu
2628 1630 2682 1674 et
2708 1621 2811 1675 alio
2840 1631 3077 1689 cantore,
3102 1632 3156 1677 et
3184 1625 3407 1693 quilibet

1831 1724 2014 1764 eormn
2040 1710 2229 1778 recipit
2257 1712 2388 1764 duos
2407 1712 2656 1767 denarios
2681 1713 2748 1767 ab
2772 1713 2867 1768 illo
2897 1714 2984 1783 qui
3010 1714 3228 1770 domino
3252 1732 3404 1788 papae

1830 1801 2055 1869 assistit,
2078 1809 2133 1855 et
2158 1816 2345 1857 omnes
2372 1803 2577 1859 denarii
2628 1805 2826 1859 debent
2879 1820 2998 1861 esse
3047 1808 3113 1860 de
3149 1810 3397 1864 ecclesia.

145 1912 354 1957 sanctze
381 1904 560 1957 Maria:
590 1902 812 1967 venerit,
843 1903 1172 1970 primicerius
1200 1917 1319 1955 cum
1341 1900 1518 1955 schola
1543 1910 1721 1954 canto.
1757 1892 1804 1955 Β
1832 1891 2064 1959 011³1110³⁸
2091 1908 2217 1947 "8'0
2260 1894 2460 1948 denarii
2485 1896 2573 1963 qui
2600 1905 2797 1952 Γθδωηί
2844 1897 3209 1967 “mimorum
3259 1911 3405 1956 Su"!-

146 2011 272 2049 rum
304 1998 354 2049 in
384 1995 599 2049 introitu
631 1994 796 2062 ipsius
825 1992 1067 2048 ecclesiae
1096 2000 1281 2047 cantat
1317 1991 1385 2043 Te
1417 1989 1576 2045 Deum
1608 1992 1724 2043 lau-

134 2087 375 2149 damus;
405 2093 458 2140 et
485 2085 678 2141 deinde
703 2082 952 2138 dominus
980 2096 1111 2150 papa
1140 2080 1301 2136 intrat
1328 2083 1641 2147 sacrarium,
1674 2089 1728 2134 et

136 2175 307 2229 exuit
338 2176 629 2243 planetatn;
663 2173 753 2228 ubi
784 2172 963 2227 schola
996 2172 1442 2240 ruappulariorum
1482 2180 1537 2224 et
1574 2169 1730 2242 174

142 2265 598 2319 cubiculariorqu
650 2265 841 2319 habent
890 2277 1079 2332 aquam
1124 2262 1348 2319 calidam
1391 2271 1627 2328 paratam
1658 2263 1727 2314 ad

145 2354 448 2417 abluendos
474 2354 633 2423 pedes
654 2354 856 2408 domini
879 2369 1053 2424 papm,
1079 2364 1133 2408 et
1155 2353 1401 2408 dominus
1428 2368 1558 2422 papa
1580 2354 1730 2408 ablu-

146 2446 224 2499 tis
253 2445 475 2514 pedibus
500 2446 704 2500 calceat
729 2446 926 2517 caligas
973 2461 1093 2499 cum
1137 2446 1389 2500 sandaliis
1429 2460 1522 2514 pro
1573 2445 1728 2499 Missa

134 2536 436 2598 Cantanda,
467 2545 521 2596 et
551 2536 719 2590 induit
750 2536 1016 2605 planetam
1045 2536 1239 2597 albam,
1266 2543 1321 2589 et
1344 2533 1727 2589 auril‘risiatam

144 2628 388 2687 mitram.
446 2627 706 2681 Diaconus
748 2620 1037 2682 cardinalis
1065 2634 1120 2681 et
1148 2624 1526 2689 subdiaconus.
1558 2628 1731 2679 exutis

140 2719 400 2789 planetis,
432 2718 654 2772 induunt
681 2719 1023 2785 dalmaticas;
1047 2726 1111 2774 et
1139 2719 1206 2771 ita
1237 2732 1355 2770 cum
1386 2716 1731 2771 l’ruccssione

143 2808 354 2862 vadunt
386 2808 450 2861 ad
483 2810 651 2865 altare
680 2809 870 2877 majus,
920 2819 975 2863 et
1017 2810 1088 2862 ibi
1141 2807 1443 2862 celebratur
1470 2807 1629 2860 Missa
1662 2804 1731 2860 de

143 2914 326 2953 more.
354 2901 510 2954 Missa
539 2908 774 2966 cantata,
828 2901 1004 2954 cuncti
1038 2901 1105 2953 ad
1133 2900 1343 2967 propria
1369 2906 1729 2953 revertuntur.

147 3015 241 3070 Vl.
273 3014 413 3082 Quid
434 3015 607 3069 debeat
622 3017 785 3083 {vicere
813 3016 1047 3068 dominus
1075 3030 1210 3082 papa
1241 3014 1294 3066 in
1324 3012 1731 3065 Annuntiatione

436 3095 483 3139 et
515 3085 793 3139 Nativitate
822 3087 979 3138 beata:
1008 3084 1192 3138 Morta:
1219 3084 1446 3153 virginis.

227 3196 313 3249 l3.
348 3194 402 3248 In
434 3195 851 3271 Annuntiatione
886 3203 942 3248 et
965 3193 1245 3249 Nativitate
1273 3190 1509 3260 ejusdem
1532 3200 1733 3247 sancta

1829 1984 2073 2051 Quandiu
2103 1995 2276 2040 autem
2306 1986 2558 2042 lectiones
2602 1987 2870 2055 leguntur,
2904 1992 3020 2044 dum
3064 1990 3250 2046 facula:
3282 2007 3404 2047 curn

1831 2075 2169 2130 candelabris
2193 2076 2431 2147 ejusdem
2459 2078 2700 2133 ecclesia:
2730 2079 2927 2134 debent
2954 2096 3073 2136 esse
3103 2097 3262 2152 super
3284 2084 3406 2153 pul-

1834 2168 2025 2236 pitum,
2057 2177 2109 2223 et
2131 2169 2399 2223 residuum
2427 2178 2509 2223 est
2537 2170 2603 2224 de
2627 2170 2910 2240 acolythis.
2944 2171 3075 2231 Illud
3107 2187 3234 2228 vero
3263 2173 3405 2243 quod

1828 2258 2149 2315 remanetde
2172 2259 2355 2314 iaculis
2377 2275 2505 2328 quas
2528 2270 2742 2330 portant
2763 2264 3071 2332 mappularii
3094 2269 3404 2323 earumdem

1831 2349 2282 2417 mappulariorum
2314 2360 2454 2404 sunt.
2482 2351 2573 2406 llis
2601 2367 2695 2420 per
2721 2353 2962 2409 ordinem
2986 2356 3061 2409 sic
3092 2357 3399 2426 celebratis,

1831 2438 2078 2493 dominus
2107 2454 2239 2509 papa
2275 2440 2405 2499 dicit
2434 2441 2740 2497 Orationem
2771 2441 2994 2512 vigilias,
3023 2454 3076 2499 et
3116 2446 3277 2500 intrat
3329 2447 3406 2502 lc-

1832 2540 1996 2585 ctum.
2026 2533 2087 2585 lit
2102 2546 2312 2586 summo
2334 2547 2489 2586 mane
2509 2535 2756 2587 dominus
2772 2549 2902 2603 papa
2927 2535 3051 2590 dicit
3071 2536 3399 2605 Orationem,

1832 2623 2383 2678 etcelebratMissam.
2406 2624 2519 2691 Qua
2541 2624 2714 2690 ﬁnita,
2744 2628 3026 2682 revertitur
3040 2627 3103 2682 ad
3131 2629 3403 2697 palatium,

1835 2716 1933 2769 Est
1961 2716 2250 2770 notandum
2280 2716 2441 2786 quod,
2473 2717 2612 2771 sicut
2640 2718 2836 2771 dictum
2891 2728 2972 2773 est
3026 2722 3288 2788 superius,
3333 2723 3405 2778 ita

1835 2807 1977 2862 litin
2022 2809 2212 2879 vigiliis
2251 2810 2648 2865 solemnitatum
2673 2812 2907 2865 omnium
2954 2813 3405 2880 patriarcbatuum

1832 2898 2011 2955 Urbis.

1873 3011 2001 3066 Vlll.
2035 3012 2169 3079 Quid
2208 3014 2380 3089 debeat
2420 3015 2652 3089 dominus
2682 3032 2816 3089 papa
2845 3016 3009 3082 facere
3040 3019 3166 3087 feria
3190 3028 3370 3089 quarta

2036 3114 2037 3117 η
2282 3087 2337 3136 in
2357 3086 2520 3154 capite
2548 3085 2979 3155 Quadrageslma'.

1913 3170 1994 3226 l5.
2036 3172 2189 3228 Feria
2219 3172 2244 3210 δ
2276 3182 2460 3241 quarta
2490 3174 2541 3227 in
2568 3175 2744 3241 capite
2782 3175 3207 3243 Quadragesimm
3229 3176 3406 3231 domi-

142 3284 340 3345 nari“,
367 3285 611 3343 domi,“
639 3300 771 3354 papa
793 3266 992 3353 equitat
1018 3283 1084 3337 ad
1106 3250 1353 3339 δθηοωίη
1376 3280 1593 3336 Mariam
1610 3296 1729 3336 cum
1758 3250 1805 3313 C
1837 3279 1938 3354 nus
1964 3278 2098 3334 papa
2145 3263 2286 3354 circa
2306 3264 2552 3354 mediam
2584 3266 2792 3318 tertiam
2822 3266 3023 3335 equitat
3049 3282 3166 3321 cum
3196 3268 3402 3337 episco-

142 3377 538 3439 cardinalibus,
565 3384 621 3430 et
640 3375 763 3430 facit
790 3374 895 3440 ibi,
920 3384 974 3429 et
1000 3376 1051 3428 in
1073 3374 1299 3429 ecclesia
1321 3376 1488 3430 sancti
1512 3373 1730 3428 Adriani

143 3476 207 3520 et
230 3476 432 3521 sancta:
464 3468 677 3537 virginis
707 3467 885 3523 Maria:
933 3466 1149 3537 Majoris
1194 3467 1394 3535 omnia,
1428 3466 1565 3521 sicut
1592 3480 1734 3535 prae.

141 3557 355 3616 dictum
386 3567 469 3611 est
494 3559 543 3611 in
578 3556 955 3614 Puriiicatione
974 3556 1211 3625 ejusdem
1236 3564 1433 3610 sancte
1452 3556 1652 3610 Marias.

152 3651 270 3704 νη.
314 3651 450 3716 Quid
471 3651 642 3704 debeat
675 3652 839 3719 facere
868 3650 1104 3719 dominus
1130 3665 1263 3717 papa
1292 3650 1346 3702 in
1375 3649 1732 3718 Assumptione

620 3718 779 3773 beata:
820 3718 877 3772 Η
879 3721 1003 3773 aria:
1039 3721 1267 3789 virginis.

228 3808 319 3863 M.
357 3809 410 3863 ln
434 3811 811 3879 Assumptione
839 3809 1075 3876 ejusdem
1120 3818 1319 3863 sanctas
1344 3807 1519 3861 Maria:
1549 3809 1733 3865 taliter

146 3902 234 3956 lit.
275 3903 531 3956 Dominus
572 3916 701 3972 papa
745 3902 939 3959 etenim
994 3902 1137 3956 vadit
1182 3903 1247 3956 ad
1298 3903 1559 3973 Vesperas
1612 3919 1733 3959 cum

142 3994 547 4055 cardinalibus;
580 3994 769 4063 quibus
799 3995 1048 4057 cantatis.
1076 3994 1322 4049 dominus
1365 4010 1498 4064 papa
1530 3996 1600 4050 ibi
1649 4012 1733 4051 re-

136 4097 340 4139 .manet
370 4096 527 4152 atque
540 4083 718 4153 jacet;
745 4095 793 4138 et
818 4085 869 4138 in
896 4085 1104 4153 propria
1130 4100 1356 4153 persona
1377 4086 1537 4141 debet
1558 4088 1612 4140 in
1643 4103 1738 4140 no-

136 4188 243 4230 cte
273 4176 551 4229 cantaridis
582 4175 773 4245 vigiliis
813 4176 1092 4231 interesse.
1128 4178 1414 4233 Sciendum
1461 4179 1602 4247 quod
1646 4179 1741 4233 mi-

145 4281 259 4327 uor
290 4268 631 4320 diaconomm
673 4266 831 4321 debet
854 4266 1220 4322 Benedicamus
1274 4269 1490 4323 Domino
1534 4271 1736 4326 dicere.

147 4356 462 4409 D‘otmdum
493 4370 618 4410 vero
646 4357 786 4425 quod
820 4357 1119 4428 ubicunque
1143 4360 1393 4413 dominus
1430 4376 1563 4430 papa
1596 4363 1738 4417 vadit

150 4447 227 4497 ad
264 4444 543 4513 Vesperas,
575 4446 796 4500 ecclesia
822 4448 907 4501 ubi
956 4458 1038 4502 est
1061 4450 1222 4503 statio
1250 4449 1361 4517 ipsa
1413 4452 1568 4505 debet
1612 4452 1741 4507 dare

137 4552 351 4592 onines
375 4538 571 4592 faculas
594 4549 698 4593 tam
728 4540 780 4593 in
812 4543 1052 4613 vesperis
1080 4555 1239 4609 quam
1259 4543 1309 4596 in
1335 4556 1511 4597 nocte.
1538 4543 1742 4613 Vigilia’:

1836 3353 1917 3423 pis
1958 3362 2018 3409 et
2060 3352 2419 3410 cardinalibus
2460 3353 2526 3408 ad
2574 3367 2808 3407 sanctam
2858 3354 3213 3422 Anastasiam,
3243 3367 3293 3411 et
3324 3372 3407 3413 re-

1833 3450 2017 3512 ceptus
2047 3443 2098 3497 in
2144 3443 2493 3499 Processione
2534 3458 2564 3497 a
2593 3443 2801 3499 clericis
2839 3446 3004 3512 ipsius
3034 3448 3295 3511 ecclesia),
3328 3448 3408 3502 in—

1838 3544 1943 3592 trat
1972 3538 2287 3599 sacrarium,
2320 3549 2374 3590 et
2404 3536 2577 3590 induit
2607 3550 2664 3591 se
2692 3551 2810 3590 cum
2837 3536 3191 3592 cardinalibus
3214 3549 3267 3593 et
3293 3538 3409 3595 aliis

1836 3626 2131 3683 ordinibus.
2169 3628 2381 3682 Interim
2420 3636 2594 3682 autem
2621 3628 2754 3681 cinis
2785 3627 3115 3683 benedicitur
3145 3645 3173 3683 a
3196 3630 3410 3704 juniore

1835 3721 2154 3790 presbytero
2200 3721 2477 3775 eardinali.
2542 3721 2741 3776 Deinde
2789 3722 3036 3777 dominus
3087 3740 3216 3793 papa
3268 3726 3410 3781 vadit

1832 3825 1958 3865 cum
1984 3810 2342 3865 cardinalibus
2368 3820 2423 3865 et
2458 3810 2636 3865 schola
2673 3822 2951 3865 cantorum
2983 3813 3049 3866 ad
3079 3814 3258 3868 sedem
3294 3827 3412 3883 post

1838 3901 2034 3963 altare,
2086 3911 2138 3953 et
2193 3909 2512 3967 praesentato
2552 3900 2598 3953 ei
2630 3901 2843 3965 cinere,
2873 3902 3015 3968 prior
3044 3907 3411 3971 episcoporum

1839 3991 2067 4059 imponit
2087 3991 2135 4045 ei
2166 3989 2400 4051 cinerem
2426 4029 2441 4053 ,
2491 3989 2674 4044 dicens
2707 3991 2817 4044 haec
2845 3992 3003 4045 verba
3036 4009 3048 4042 :
3102 4006 3121 4030 ο
3160 3992 3410 4051 Mentem.)

1836 4086 1956 4157 quia
1986 4084 2150 4154 pulvis
2170 4100 2221 4138 es
2240 4126 2256 4149 ,
2303 4092 2350 4138 et
2376 4084 2428 4136 in
2456 4083 2709 4152 pulverem
2739 4085 3015 4137 reverteris.
3070 4085 3408 4139 Postmodqu

1838 4190 1968 4231 vero
1997 4176 2241 4230 dominus
2290 4188 2422 4243 papa
2454 4174 2676 4241 imponit
2704 4172 2940 4227 cinerem
2970 4176 3262 4243 epierpis,
3294 4191 3412 4229 (εθισ-

1840 4268 2124 4328 dinalibus,
2159 4277 2212 4320 et
2238 4267 2358 4321 aliis
2385 4265 2677 4321 ordinibus.
2720 4265 2918 4331 Quibus
2947 4266 3199 4334 expletis,
3229 4268 3411 4335 primi-

1840 4357 2013 4413 cerius
2039 4372 2160 4412 cum
2190 4357 2369 4411 scbula
2408 4364 2684 4410 cantorum
2712 4356 2893 4425 incipit
2916 4357 3273 4425 Antiphonem
3308 4357 3413 4409 Ex~

1841 4465 2010 4518 surge,
2043 4447 2260 4501 Domine
2281 4491 2296 4516 ,
2325 4449 2514 4517 adjuva
2563 4464 2672 4500 nus.
2713 4448 2822 4515 Qua
2855 4450 3134 4514 completa,
3167 4450 3412 4503 dominus

1843 4556 1974 4611 papa
2005 4539 2138 4595 dicit
2165 4539 2378 4594 Oremus
2421 4539 2609 4610 176,
2651 4548 2703 4593 et
2732 4540 2984 4595 diaconus
3016 4540 3304 4595 Flectamus
3328 4555 3416 4610 ge-

150 4644 339 4685 autem
376 4632 464 4686 tali
495 4632 682 4685 ordine
702 4633 1057 4687 celebrantur.
1084 4633 1338 4691 Canonici
1373 4634 1614 4702 ejusdem
1650 4652 1738 4690 ec-
1775 4625 1823 4685 D
1850 4651 1989 4697 nua,
2034 4642 2096 4688 et
2143 4632 2277 4686 alius
2319 4632 2569 4685 diaconus
2620 4629 2813 4687 deinde
2847 4630 3059 4698 Levate;
3089 4644 3139 4686 et
3169 4633 3416 4690 dominus

142 4715 342 4780 etesiae
376 4732 485 4775 tres
516 4724 713 4791 primas
736 4723 989 4777 lectiones
1012 4724 1213 4793 legunt,
1240 4734 1293 4778 et
1325 4725 1425 4779 tria
1457 4741 1739 4793 restionso-

150 4814 234 4866 ria
295 4813 537 4867 similiter
585 4823 831 4877 cantant;
878 4818 934 4868 et
981 4814 1229 4869 dominus
1284 4830 1413 4883 papa
1447 4816 1741 4885 legentibus

150 4900 267 4957 illis
302 4913 406 4957 tres
430 4903 690 4959 lectiones
723 4904 1175 4971 Benedicdonem,
1198 4914 1252 4961 et
1278 4908 1326 4961 ei
1350 4908 1510 4962 iidem
1533 4909 1739 4964 diaconi

68 5065 75 5072 _
149 4994 462 5049 cardinales
492 4995 787 5063 princinunt
816 4995 891 5050 Tu
910 5007 1100 5061 autem,
1133 5008 1236 5053 etc.
1266 4998 1559 5070 Unicuique
1582 5004 1739 5057 etiam

150 5084 379 5137 illorum
411 5086 565 5139 trium
599 5085 742 5152 prior
767 5086 1022 5141 diaconus
1068 5087 1159 5140 dat
1204 5087 1337 5142 duos
1388 5088 1635 5145 denarios
1676 5094 1743 5147 de

148 5187 391 5239 senatu;
418 5177 480 5228 ad
508 5192 934 5247 unamquamque
958 5178 1172 5246 insizper
1194 5180 1472 5236 lectionem
1494 5182 1742 5239 dominus

148 5282 301 5336 papa
332 5282 452 5321 cum
487 5268 986 5323 timribuloaccedit
1015 5269 1079 5325 ad
1111 5270 1282 5339 majus
1309 5272 1477 5326 altare
1518 5282 1571 5327 ct
1601 5289 1739 5342 prte-

230 5412 256 5437 "
290 5402 408 5455 Alia
439 5402 738 5471 assignatur
758 5403 942 5458 Oratio
962 5406 1029 5458 ad
1056 5406 1331 5461 Collecla'n
1359 5405 1410 5459 in
1435 5405 1751 5461 Sacramen-

148 5476 301 5546 tario
335 5472 683 5546 Gregoriano,
719 5490 910 5543 nempe
932 5473 1119 5542 Erndi,
1159 5492 1470 5546 qutesttmtts,
1516 5477 1748 5541 Domine,

147 5544 360 5609 plebem
388 5551 548 5613 tuum.
586 5543 673 5595 Est
701 5553 878 5597 autem
909 5548 1087 5600 Oiatio
1117 5543 1182 5601 ad
1207 5546 1494 5599 Collectatn
1518 5547 1601 5599 ilia
1632 5563 1751 5613 qua:

150 5614 365 5664 dicitur
395 5610 446 5663 in
481 5612 596 5666 loco
627 5614 711 5665 ubi
748 5614 805 5667 ﬁt
833 5616 1060 5669 Collecta
1087 5632 1114 5670 s
1135 5634 1180 5669 -u
1208 5626 1498 5669 conventus
1526 5616 1590 5668 ad
1625 5610 1752 5669 Ριύυ

148 5696 185 5733 c
222 5682 492 5744 ssiwnem,
516 5698 617 5750 qua
637 5685 702 5736 de
726 5700 782 5737 re
806 5699 964 5752 supra
990 5687 1040 5738 in
1065 5688 1447 5740 commentario
1472 5695 1677 5739 nostra.

232 5757 258 5784 ι’
312 5754 420 5803 Iloc
451 5754 566 5804 loco
602 5753 797 5806 indicat
826 5754 1078 5809 Onul‘rins
1098 5764 1329 5810 veterem
1360 5755 1552 5809 librum
1577 5757 1750 5811 Gal-re-

146 5822 460 5877 suunialcm
551 5823 751 5879 editum
805 5840 1019 5884 nomine
1044 5825 1219 5883 Caroli
1265 5827 1470 5897 Magni,
1501 5828 1586 5895 qui
1618 5826 1750 5887 liber

1849 4741 1979 4796 papa
2009 4726 2137 4780 dicit
2161 4726 2465 4780 Orationem
2490 4725 2555 4777 de
2578 4725 2820 4792 collecta,
2850 4725 3092 4780 videlicet
3121 4724 3301 4782 Preces
3326 4744 3417 4797 po-

1844 4821 1956 4889 puli
1983 4821 2090 4882 tui;
2139 4834 2240 4886 qua
2271 4818 2416 4872 [inita
2443 4858 2456 4882 ,
2493 4817 2672 4887 junior
2700 4818 3039 4872 diaconornrn
3068 4820 3413 4875 cardinalium

1849 4912 1978 4965 dicit
2010 4909 2353 4965 Procedamus
2376 4926 2489 4963 cum
2522 4926 2674 4976 pace;
2696 4918 2750 4964 et
2778 4910 2951 4963 onmis
2977 4910 3169 4964 chorus
3199 4906 3421 4980 respon-

1849 5004 1938 5058 det
1964 5001 2033 5055 in
2054 5004 2253 5056 nomine
2281 5000 2488 5056 Christi.
2529 5001 2815 5056 Sciendum
2848 5002 2983 5070 quod
3013 5001 3255 5057 dominus
3288 5017 3420 5070 papa

1851 5110 1879 5149 a
1911 5094 2309 5163 Septuagesima
2341 5108 2506 5163 usque
2546 5093 2610 5146 ad
2644 5092 2843 5146 Pascha
2876 5108 2979 5146 non
3011 5101 3181 5159 portat
3209 5090 3425 5146 aurifri-

1850 5186 2043 5239 xiatam
2074 5186 2280 5238 mitram
2306 5223 2322 5250 ,
2353 5199 2451 5237 nec
2478 5192 2655 5237 cantat
2682 5183 2754 5235 Te
2779 5181 2936 5235 Dsnm
2978 5181 3249 5234 laudamus
3271 5220 3286 5245 ,
3316 5180 3427 5234 nisi

1851 5278 1901 5330 in
1932 5277 2208 5345 praecipuis
2253 5274 2399 5330 festis
2422 5314 2437 5339 ,
2470 5284 2522 5328 et
2548 5275 2597 5327 in
2632 5273 2827 5328 Latere
2851 5312 2866 5338 ,
2895 5271 3203 5339 Jerusalem,
3238 5271 3289 5325 in
3319 5286 3426 5341 quo

1860 5411 2017 5465 modo
2043 5408 2412 5465 circumfertur
2441 5408 2541 5461 sub
2584 5408 2795 5461 nomine
2826 5408 3053 5462 Alcuini.
3111 5406 3269 5471 Hunc
3297 5421 3429 5461 con-

1860 5484 1938 5535 fer
1982 5497 2103 5537 cum
2149 5480 2347 5534 Ordine
2396 5478 2632 5533 Rornano
2679 5480 2921 5548 vulgato,
2959 5477 3111 5547 ctijns
3160 5481 3427 5547 pleneque

1856 5554 2134 5605 Orationes
2160 5589 2174 5613 ,
2216 5565 2333 5614 quae
2381 5551 2445 5601 ad
2477 5548 2616 5601 hunc
2658 5547 2795 5601 diem
2831 5549 3116 5617 pertinent,
3148 5550 3341 5602 desunt
3371 5550 3423 5602 in

1857 5621 2051 5674 Codice
2085 5617 2474 5671 Vindocinensi.

1932 5701 1956 5728 ο
1996 5689 2389 5744 Omittebantur
2420 5689 2533 5741 ha-c
2556 5689 2714 5740 vciba
2746 5698 2982 5750 tempore
3013 5686 3207 5742 Urbani
3254 5687 3317 5741 Vl
3341 5704 3426 5742 er-

1858 5776 1922 5830 ga
1956 5775 2165 5830 papam,
2195 5775 2255 5813 ex
2285 5758 2651 5815 Cmrcntouiali
2683 5758 2820 5815 l'etrt
2845 5761 3051 5825 Aurelii,
3083 5760 3317 5820 inferius,
