4008 6292
625 301 749 357 1071

1325 296 1663 354 API‘ENDIX
1714 297 1800 349 AD
1840 298 1893 350 S.
1941 299 2183 352 CREGO]

2306 301 2516 357 MACNI
2557 302 2917 360 LITURCICA
2959 302 3205 358 OPERA.

3770 306 3903 363 i072

615 421 706 471 uie
735 417 941 470 diarnni
973 414 1268 468 cardinales
1308 422 1523 468 utuntur
1554 416 1779 482 planetis
1808 416 1996 469 curtis.
2040 416 2197 470 Dein-
2233 423 2275 477 Λ
2307 427 2518 485 petente
2547 418 2786 473 subsistit
2814 418 2995 474 schola
3023 432 3144 474 cum
3178 417 3375 473 baculis
3410 425 3465 472 et
3485 416 3701 488 reliquo
3731 431 3902 473 orna.

619 509 722 573 tle,
756 506 1180 575 pra-cedentibus
1210 504 1263 557 in
1295 505 1484 559 ordine
1513 520 1633 571 suo,
1663 505 1911 559 dominus
1942 521 2073 575 papa
2100 522 2199 559 nu.

618 599 699 651 dis
739 596 957 663 pedibus
997 608 1118 648 cum
1170 595 1463 661 psalmodia
1508 594 1747 665 sequitur
1792 597 2196 651 Processionem

618 699 783 751 usque
809 681 875 736 ad
908 691 1146 737 sanetam
1179 682 1430 736 Sabinam
1458 724 1472 746 ,
1502 691 1557 739 et
1587 685 1757 753 ipsum
1785 686 2034 752 praecedit
2064 700 2197 739 crux

612 788 705 828 sna
732 812 748 837 ,
795 787 954 841 quam
1006 779 1181 839 portat
1219 787 1354 826 unus
1403 772 1471 826 de
1517 773 1932 828 s'uhdiaconibus
1968 774 2114 839 suis,
2144 784 2197 827 et

613 878 742 915 crux
773 863 939 915 sancti
968 860 1142 926 Petri,
1168 875 1326 929 quam
1361 871 1536 928 portat
1566 863 1710 930 prior
1737 862 2093 917 subdiaconus
2115 880 2198 919 re-

606 951 903 1020 gionarius.
966 948 1206 1018 Cumque
1254 952 1530 1007 intraverit
1557 952 1875 1018 ecclesiam,
1914 954 2074 1007 intrat
2104 969 2194 1009 se-

607 1048 927 1110 cretarium;
956 1054 1010 1100 et
1035 1047 1479 1114 mappnlariorum
1495 1055 1549 1100 et
1570 1045 2013 1100 cubiculariorum
2036 1048 2191 1102 scho-

613 1140 660 1191 la
692 1139 886 1192 habent
936 1138 1004 1191 ibi
1052 1154 1240 1207 aqttatn
1285 1138 1509 1193 calidam
1536 1149 1770 1206 paratam
1802 1138 1867 1193 ad
1896 1139 2194 1195 abluendos

604 1229 772 1298 pedes
811 1229 997 1293 ipsius.

684 1319 772 1374 i6.
814 1318 1101 1374 Sciendum
1151 1333 1280 1373 vero
1323 1326 1406 1372 est
1448 1316 1587 1384 quod
1618 1317 1666 1371 in
1704 1315 1925 1372 introitu
1952 1317 2194 1374 ecclesia“.

606 1410 841 1481 acolythi
870 1410 1064 1465 debent
1086 1410 1323 1478 recipere
1345 1424 1557 1462 crucem
1581 1410 1749 1464 sancti
1776 1408 1950 1478 Petri,
1977 1419 2033 1465 et
2059 1425 2193 1479 por-

607 1510 723 1554 tant
769 1515 937 1570 usque
986 1502 1051 1553 ad
1099 1499 1268 1553 altare
1318 1515 1438 1553 cum
1488 1499 1833 1555 subdiaconis
1880 1501 2193 1572 reginnariis

609 1593 854 1647 faciendo
881 1592 1144 1646 litaniam.
1188 1591 1256 1645 Et
1285 1592 1509 1658 pedibus
1537 1592 1755 1657 ablutis,
1787 1592 2034 1647 dominus
2059 1607 2191 1661 papa

610 1694 826 1753 paratus
850 1683 917 1738 ad
942 1683 1110 1738 altare
1138 1683 1364 1737 accedit.
1408 1681 1472 1735 Et
1497 1682 1657 1736 Missa
1687 1683 1753 1738 de
1784 1697 1933 1737 more
1956 1694 2190 1752 cantata,

609 1777 935 1845 palal'redum
964 1774 1225 1838 ascendit,
1256 1783 1311 1829 et
1336 1776 1400 1827 ad
1434 1774 1686 1843 palatium
1714 1775 2023 1829 revertitur.

675 1869 763 1922 ‘17.
808 1867 1080 1920 Dominica
1125 1880 1253 1920 vero
1300 1882 1401 1936 qua
1446 1875 1689 1920 cantatur
1720 1866 2189 1929 LwtareJeruss—

604 1960 727 2023 leni,
748 1957 1077 2011 caruerat-ins
1105 1967 1451 2026 repraesentat
1474 1956 1693 2011 domino
1716 1972 1865 2026 papae
1890 1959 1943 2012 in
1971 1972 2189 2013 camera

604 2064 779 2103 rosam
826 2062 1041 2101 auream
1082 2062 1204 2102 cum
1234 2060 1417 2101 musco
1446 2055 1499 2100 et
1530 2046 1799 2114 balsamo;
1828 2063 1985 2115 quam
2015 2048 2188 2102 domi-

605 2155 704 2193 nns
733 2153 863 2206 papa
911 2146 1088 2206 portat
1117 2138 1169 2191 in
1209 2151 1369 2189 manu
1413 2136 1626 2205 propria
1658 2151 1824 2206 usque
1855 2138 1921 2191 ad
1950 2146 2187 2193 sanctam

601 2234 824 2285 t'rucem
853 2270 868 2293 ,
902 2230 987 2283 ubi
1032 2244 1093 2281 ea
1124 2228 1210 2282 die
1237 2228 1394 2281 debet
1437 2226 1650 2281 Missam
1687 2228 1992 2295 celebrare;
2042 2244 2188 2283 eam-

602 2323 723 2375 dem
768 2321 1016 2375 deferens
1058 2320 1111 2374 in
1154 2320 1463 2374 reversione
1509 2333 1603 2372 sua
1645 2319 2082 2389 similiterusqne
2121 2320 2188 2375 ad

601 2414 773 2465 locum
820 2412 872 2464 in
914 2424 1020 2479 quo
1065 2407 1371 2472 descendit,
1402 2407 1493 2461 ubi
1529 2406 1691 2462 debet
1722 2422 1843 2463 esse
1868 2397 2182 2479 prazl‘ectus,

600 2504 683 2556 cui
708 2502 954 2556 dominus
1003 2514 1134 2569 papa
1181 2508 1311 2554 tunc
1338 2497 1430 2552 dat
1471 2510 1648 2551 rosam
1681 2498 1849 2568 ipsam
1874 2539 1891 2563 ,
1919 2508 1972 2554 et
1999 2500 2186 2556 eadem

604 2594 692 2648 die
724 2600 896 2661 portat
925 2592 1137 2646 mitram
1164 2581 1593 2655 aurffrixiatam._
1616 2587 1901 2644 Sciendum
1934 2599 2016 2644 est
2044 2591 2185 2660 quod

606 2685 719 2754 ipsa
751 2684 880 2737 hora
908 2696 1011 2750 qua
1054 2680 1382 2734 camerarius
1411 2688 1758 2750 repraisentat
1786 2694 1987 2749 rosam,
2018 2682 2187 2737 domi-

605 2791 707 2832 nus
734 2789 868 2846 papa
896 2773 1057 2828 debet
1078 2771 1321 2841 accipere
1341 2772 1553 2826 mitram
1584 2770 1990 2826 aurifrisiatam.

948 2863 1034 2918 IX.
1071 2871 1095 2898 ιι
1123 2862 1198 2917 De
1219 2861 1492 2917 Dominica
1522 2862 1843 2916 Palmarum.

678 2956 764 3011 18.
807 2956 903 3011 Die
927 2955 1201 3009 Dominica
1231 2955 1532 3010 Palmarum
1566 2967 1899 3026 prteparatur
1919 2956 2185 3025 quoddam

600 3046 629 3085 ὲ·
658 3047 1000 3115 portatorium
1025 3042 1430 3113 honestissime,
1469 3045 1619 3115 177
1645 3045 1697 3099 in
1732 3060 1837 3114 quo
1868 3044 2184 3100 intromitti-

2306 523 2389 575 ttt;
2432 521 2487 565 et
2530 514 2705 568 clerus
2750 527 2845 566 seu
2892 513 3116 580 populus
3159 518 3477 580 exspectant
3514 510 3571 565 in
3606 510 3733 564 loco
3754 512 3898 578 atrii,

2308 601 2621 657 inchoantes
2647 602 3008 669 Antiphonam
3043 600 3352 655 Occurrunt.
3394 600 3719 669 Respondet
3745 601 3903 655 scho-
3968 606 3973 669 ί

2303 691 2350 743 la
2374 708 2493 745 cum
2513 691 2815 758 Antiphone
2841 691 2969 746 Cum
2988 693 3202 764 angelis.
3232 692 3342 747 Hac
3364 693 3532 753 finita,
3556 693 3853 747 inchoatur
3876 708 3901 745 ι

2302 780 2512 837 duobus
2541 784 2850 837 cantoribus
2882 782 3094 852 quidam
3124 783 3326 838 Versus
3355 782 3521 840 Israel
3541 797 3713 853 supra
3733 784 3904 852 scrip-

2303 881 2410 927 tum
2446 872 2790 940 Evangelium
2823 880 3064 928 sanctum
3088 914 3104 937 ,
3133 872 3345 942 Gloria,
3377 873 3491 928 laus
3528 884 3578 926 et
3608 874 3789 927 honor
3814 874 3902 927 tibi

2299 964 2365 1016 sit
2400 978 2491 1016 rex
2522 961 2725 1017 Christe
2760 964 3067 1035 redemptor.
3129 965 3205 1020 Eo
3251 964 3442 1020 ordine
3476 974 3786 1034 sequuntur
3813 963 3899 1019 alii

2300 1054 2521 1108 Versus.

2367 1145 2459 1198 20.
2501 1145 2595 1201 llis
2625 1145 2807 1213 finitis,
2841 1146 3023 1215 incipit
3046 1145 3227 1201 schola
3249 1160 3370 1201 cum
3396 1144 3608 1201 baculis
3630 1143 3898 1215 Antipho-

2298 1249 2419 1289 nam
2494 1235 2649 1288 Pueri
2694 1235 3062 1302 Hebrazorum;
3111 1247 3164 1292 et
3206 1245 3333 1290 tunc
3373 1235 3679 1306 prosternit
3726 1236 3894 1289 omnis

2298 1324 2448 1391 plebs
2480 1322 2605 1377 hinc
2634 1324 2757 1378 inde
2796 1322 3014 1379 frondes
3040 1339 3132 1378 seu
3166 1324 3328 1379 flores
3347 1366 3364 1391 ,
3391 1324 3761 1380 decantantes
3784 1325 3889 1378 An-

2294 1413 2567 1481 tiphonem
2597 1414 2848 1469 Hosanna
2894 1414 3039 1470 Filio
3068 1416 3271 1483 Dat‘id,
3322 1431 3491 1487 usque
3510 1415 3583 1469 ad
3611 1415 3820 1477 altare;
3845 1425 3889 1469 et

2297 1504 2375 1558 sic
2415 1504 2613 1559 intrant
2658 1506 2726 1559 ad
2773 1505 3009 1562 Missam.
3058 1506 3281 1561 Ministri
3308 1520 3437 1561 vero
3467 1513 3662 1560 tenent
3693 1505 3889 1573 palmas

2296 1609 2467 1662 usque
2512 1594 2578 1649 ad
2619 1595 3030 1664 completionem
3072 1597 3268 1651 Μίδεω.
3321 1596 3694 1652 lntermittunt
3734 1593 3889 1663 aliqui

2292 1683 2661 1739 salutationem
2697 1688 2748 1741 in
2778 1686 3033 1742 Passinne
3055 1728 3071 1753 ,
3122 1688 3172 1742 id
3202 1696 3289 1742 est
3314 1685 3575 1741 Dominus
3596 1684 3887 1751 uobiscum;

2216 1793 2265 1854 Β
2292 1778 2432 1846 quod
2466 1794 2570 1833 non
2603 1778 2794 1848 legitur
2823 1780 2875 1833 in
2900 1780 3208 1845 Ordinibus,
3235 1778 3329 1835 sed
3354 1779 3407 1834 in
3442 1779 3751 1838 Parasceve
3778 1790 3887 1837 tan-

2295 1877 2425 1934 tum,
2459 1869 2548 1923 ubi
2573 1871 2827 1924 reticetur
2852 1870 3083 1925 officium
3114 1868 3471 1925 sacerdotale.

2494 1957 2561 2012 X.
2604 1957 2681 2012 De
2712 1960 2841 2030 feria
2872 1968 3053 2029 quarta
3080 1960 3294 2030 majoris
3323 1960 3683 2015 hebdomade.

2363 2047 2455 2103 2t.
2499 2049 2652 2105 Feria
2683 2061 2874 2120 quarta
2909 2052 3129 2121 majoris
3166 2051 3516 2108 hebdomadas
3564 2055 3704 2108 hora
3735 2054 3884 2110 tertia

2299 2140 2541 2210 procedit
2583 2143 2911 2212 apostolicus
2939 2158 3059 2198 cum
3088 2144 3232 2197 omni
3263 2143 3411 2201 clero
3454 2159 3551 2200 seu
3597 2146 3804 2216 popqu
3823 2147 3885 2202 ad

2289 2232 2573 2288 ecclesiam
2602 2275 2617 2300 ,
2662 2243 2716 2289 et
2762 2233 2893 2288 dicit
2925 2235 3082 2305 178
3104 2234 3386 2291 Orationes
3412 2234 3722 2302 solemnes,
3750 2236 3883 2292 sicut

2291 2329 2343 2383 in
2368 2338 2519 2382 sexta
2552 2327 2702 2384 feria.
2746 2328 2837 2383 llis
2859 2329 3108 2398 expletis,
3132 2329 3371 2384 osculato
3394 2328 3549 2383 altari
3581 2327 3878 2397 egreditur.

2290 2415 2595 2487 Presbyteri
2637 2431 2767 2471 vero
2810 2416 2998 2471 urbani
3046 2417 3433 2481 ecclesiarum,
3478 2415 3882 2485 subutbanique

2290 2517 2631 2562 revertuntur
2650 2508 2717 2563 ad
2750 2508 2930 2563 titulos
2956 2523 3105 2564 suos.
3131 2509 3198 2563 Et
3227 2508 3328 2564 hoc
3352 2506 3540 2563 ordine
3558 2506 3695 2563 feria
3723 2519 3879 2563 sexta

2288 2600 2631 2667 compleant,
2674 2600 2906 2656 scientes
2931 2599 3071 2671 quod
3103 2600 3187 2655 ubi
3233 2597 3471 2670 pontifex
3502 2614 3601 2669 pro
3628 2613 3690 2653 se
3716 2599 3880 2654 inter-

2290 2689 2473 2753 mittit,
2512 2689 2582 2743 ibi
2610 2689 2755 2744 illum
2782 2698 3220 2744 commemorent.

2357 2778 2447 2833 22.
2488 2778 2678 2835 Postea
2706 2795 2835 2836 vero
2862 2782 2991 2836 hora
3019 2791 3203 2836 octava
3243 2779 3620 2853 ingrediuntur
3646 2780 3717 2835 ad
3748 2780 3877 2836 llis-

2286 2885 2401 2926 sam
2434 2886 2583 2927 more
2624 2874 2815 2937 solito;
2850 2874 3078 2942 ideoque
3108 2874 3189 2929 lue
3228 2873 3513 2929 Orationes
3542 2874 3707 2929 hodie
3730 2875 3876 2929 cele-

2289 2962 2532 3027 brantur,
2561 2963 2684 3031 quia
2710 2964 2763 3016 in
2800 2964 2899 3018 hac
2929 2963 3057 3019 feria
3086 2974 3270 3033 quarta
3299 2964 3587 3018 consilium
3631 2964 3874 3019 fecerunt

2288 3052 2498 3117 Judaei,
2555 3062 2615 3107 ut
2658 3054 2964 3109 occiderent
3010 3056 3300 3108 Christum.
3355 3054 3521 3123 Cujus
3565 3055 3671 3109 diei
3720 3053 3873 3108 Missa

606 3148 695 3191 tur
718 3143 960 3190 sanctum
989 3133 1331 3204 Evangelium
1349 3173 1367 3201 ,
1397 3134 1536 3202 quod
1569 3133 1880 3205 intelligitur
1908 3134 2177 3200 Christus;
2208 3149 2253 3208 ο
2288 3143 2422 3197 duas
2447 3144 2703 3199 lectiones
2731 3153 2793 3199 et
2814 3144 2921 3199 duo
2950 3146 3289 3212 resptinsoria
3318 3160 3437 3200 cum
3478 3144 3743 3199 Passione
3782 3144 3873 3198 ha-

602 3240 658 3283 et
685 3226 937 3282 statuitur
980 3227 1034 3280 in
1064 3225 1288 3279 ecclesia
1329 3232 1452 3279 ante
1475 3239 1620 3278 aram
1641 3264 1656 3290 ,
1687 3226 1828 3279 unde
1857 3225 2031 3280 clerus
2061 3242 2182 3295 pro-

599 3337 849 3377 cessurus
899 3329 1002 3374 est.
1064 3318 1262 3373 Deinde
1307 3316 1611 3372 adunantur
1656 3316 1847 3387 palma:
1895 3328 1951 3372 et
1999 3317 2178 3383 ﬂores,

602 3427 761 3485 atque
792 3413 1001 3467 diversa
1026 3425 1219 3480 genera
1251 3408 1583 3480 [frondium]
1618 3409 1817 3463 Dicitur
1847 3410 2026 3464 Oratio
2061 3409 2183 3463 0m-

605 3508 838 3572 nipotcns
883 3501 1050 3565 Deus,
1089 3500 1176 3569 qui
1202 3508 1469 3567 antequam
1500 3497 1695 3552 Filium
1733 3510 1872 3553 tuum
1904 3498 2182 3553 Dominum

608 3605 837 3647 nostrum
886 3608 981 3661 pro
1022 3591 1165 3644 nobis
1204 3598 1415 3643 mortem
1451 3591 1642 3657 perpeti
1670 3590 1882 3643 sineres.
1933 3591 2186 3657 Sequitur

608 3687 922 3742 Benedictio
962 3684 1251 3753 palmarum
1277 3723 1293 3749 ,
1342 3698 1438 3739 seu
1488 3682 1753 3738 frondium
1780 3722 1796 3750 ,
1852 3684 2183 3754 Omnipotens

605 3776 744 3832 Deus
773 3778 989 3831 Christe.
1022 3776 1116 3830 His
1144 3776 1327 3842 finitis,
1355 3775 1547 3830 dantur
1573 3791 1603 3829 a
1634 3775 1942 3830 custodibus
1971 3777 2179 3846 palmae;

604 3867 1034 3935 accipientesque
1061 3864 1240 3935 ponuli
1270 3880 1449 3919 ramos
1478 3865 1725 3920 arborum
1755 3866 2034 3933 olivarum,
2066 3868 2183 3922 sive

602 3955 817 4023 ﬂorum,
836 3953 1115 4009 inchoatur
1138 3955 1435 4024 Antiphona
1465 3953 1622 4008 Pueri
1642 3955 1998 4011 Hebrazorum.
2025 3956 2182 4011 Deino

599 4046 665 4099 de
696 4044 982 4113 suscipitur
1010 4059 1040 4097 a
1069 4043 1308 4099 diaconis
1334 4044 1645 4113 praedictum
1686 4043 2033 4113 portatorium
2059 4061 2179 4101 cum

599 4136 926 4207 Evangelio,
974 4133 1270 4203 bajulantes
1319 4149 1439 4189 cum
1486 4136 1684 4204 ingenti
1712 4136 2065 4191 exsultatione
2088 4136 2180 4205 ju-

599 4242 721 4296 gum
767 4224 964 4280 Christi
1012 4239 1218 4290 suave,
1247 4235 1299 4280 et
1341 4240 1476 4279 onus
1519 4226 1635 4293 ejus
1680 4226 1816 4291 leve,
1846 4226 2180 4295 praecedente

524 4370 535 4381 ,
600 4331 735 4385 aqua
768 4315 1045 4370 benedicta
1078 4330 1198 4369 cum
1242 4314 1579 4370 candelabris
1617 4324 1776 4384 atque
1807 4317 2179 4386 tltyiniatnate-

600 4406 693 4460 riis
732 4421 853 4460 cum
902 4407 1022 4460 aliis
1067 4405 1395 4459 ornamentis
1418 4444 1434 4469 ,
1481 4404 1697 4474 insuper
1734 4408 1893 4460 etiam
1923 4406 2174 4466 laicorusn

2286 3234 2414 3299 bet,
2457 3250 2577 3304 qua).
2626 3235 2743 3290 sine
2790 3236 3109 3292 salutatione
3158 3237 3554 3305 pronuntiatur.
3619 3236 3724 3290 Per
3768 3245 3873 3291 tres

2285 3324 2593 3393 continuos,
2624 3327 2714 3394 qui
2740 3339 3057 3396 sequuntur,
3088 3327 3205 3382 dies
3229 3370 3245 3396 ,
3273 3328 3325 3382 id
3348 3336 3432 3382 est
3461 3328 3651 3397 quinta
3676 3367 3695 3394 ,
3726 3338 3871 3381 sexta

2287 3426 2343 3468 et
2371 3416 2597 3484 septima
2623 3414 2752 3471 feria
2778 3458 2794 3485 ,
2844 3416 3140 3472 triduanam
3184 3418 3391 3473 Dnmini
3420 3418 3757 3487 sepulturam
3785 3432 3870 3472 ce-

2286 3504 2575 3560 lebramus.
2608 3504 2790 3561 Gloria
2813 3506 2962 3563 Patri
2991 3525 3094 3563 non
3125 3509 3351 3573 dicitur;
3383 3523 3661 3577 campana
3688 3510 3870 3564 silent.

2418 3618 2507 3674 XI.
2550 3620 2688 3685 Quid
2706 3622 2941 3677 dominus
2961 3638 3095 3691 papa
3124 3623 3288 3689 {arere
3312 3623 3485 3677 debeat
3512 3622 3563 3676 in
3593 3621 3748 3676 Cinna

2947 3694 3170 3746 Domini.

2356 3781 2444 3836 9.3.
2487 3782 2636 3837 Feria
2666 3784 2846 3853 quinta
2875 3784 2925 3838 in
2951 3784 3114 3840 Cmna
3146 3784 3353 3838 Domini
3383 3785 3668 3839 descendit
3694 3785 3873 3841 dom!-

2285 3887 2383 3927 nus
2414 3887 2546 3941 papa
2590 3873 2655 3927 ad
2686 3874 2966 3929 ecclesiam
3014 3875 3183 3929 sancti
3219 3874 3439 3930 Joannis
3480 3874 3866 3930 Lateranensis

2283 3976 2406 4016 cum
2435 3963 2592 4016 mitra
2622 3964 2739 4017 sine
2770 3964 2947 4029 frisio,
2993 3964 3122 4019 hora
3146 3975 3328 4031 sexta;
3358 3973 3413 4018 et
3444 3965 3580 4018 facta
3612 3964 3871 4019 Oratione

2285 4062 2410 4108 ante
2440 4069 2651 4121 cruces,
2686 4056 2856 4125 pergit
2884 4057 2950 4110 ad
2975 4056 3318 4113 secretarium
3343 4055 3412 4111 ad
3434 4057 3723 4111 ecclesiam
3749 4070 3871 4110 san-

2282 4149 2352 4199 cti
2385 4147 2604 4201 Thema:
2632 4164 2751 4203 cum
2782 4149 3078 4218 episcOpis,
3109 4149 3464 4205 cardinalibns
3495 4160 3551 4206 et
3579 4151 3707 4205 aliis
3730 4151 3869 4205 ordi-

2282 4238 2474 4303 nibus;
2513 4239 2691 4309 ibique
2719 4246 2903 4294 eantat
2943 4238 3168 4295 Nnnam.
3226 4240 3425 4296 Deinde
3450 4255 3582 4296 vero
3612 4241 3791 4295 induit
3814 4255 3867 4296 se

2281 4343 2449 4397 usque
2466 4329 2535 4384 ad
2563 4330 2923 4395 dalmaticam,
2947 4339 3001 4385 et
3033 4330 3255 4385 induunt
3281 4346 3341 4386 se
3370 4332 3584 4386 diaconi
3624 4332 3867 4386 cardina-

2279 4418 2358 4473 les
2386 4419 2688 4475 dalmaticis
2712 4461 2728 4487 ,
2771 4419 3069 4488 presbyteri
3118 4419 3344 4489 planetis
3392 4429 3448 4473 et
3475 4421 3683 4479 mitris.
3721 4420 3866 4475 Tunc

600 4499 780 4554 schola
805 4514 924 4553 cum
950 4497 1160 4552 vexillis
1181 4507 1338 4567 atque
1378 4514 1497 4552 cum
1530 4497 1809 4552 lenonibus
1840 4500 1993 4570 longe
2042 4516 2174 4570 prte-

2295 4519 2670 4566 iraasentantur
2694 4512 2910 4566 domino
2942 4526 3111 4581 papzr.
3152 4509 3436 4565 Sciendum
3461 4520 3546 4564 est
3571 4516 3719 4578 quod
3747 4525 3866 4565 aco-

599 4602 779 4646 eunte.
824 4590 1064 4644 Eseunte
1107 4589 1249 4642 enim
1287 4588 1430 4643 clero
1475 4602 1567 4642 seu
1610 4590 1804 4657 populo
1830 4590 1897 4645 ab
1924 4591 2174 4659 ecclesia,

601 4682 884 4737 inchoatur
911 4680 1215 4749 Antiphona
1243 4678 1369 4735 Cum
1399 4683 1830 4752 appropinquaret
1858 4682 2041 4748 Iesus;
2072 4698 2173 4752 qua

600 4772 749 4827 finita
771 4813 787 4839 ,
831 4770 1046 4825 inchoat
1086 4769 1266 4825 schola
1294 4771 1650 4840 Antiphonam
1679 4773 1948 4844 Cmpertmt
1979 4790 2171 4841 omnes,

602 4864 753 4927 item,
786 4860 917 4916 Cum
946 4860 1205 4925 audisset,
1235 4859 1359 4915 item
1379 4902 1393 4925 ,
1425 4862 1891 4932 Appmpinquante.
1931 4864 2063 4916 Cum
2095 4864 2176 4917 in-

601 4954 769 5021 gressi
802 4953 999 5009 fuerint
1024 4954 1215 5008 atrium
1240 4953 1481 5009 ecclesiae
1498 4993 1516 5022 ,
1540 4953 1733 5009 dicitur
1761 4954 2172 5024 Responsiirittm

602 5046 928 5116 lngrediente
973 5044 1196 5100 Domino
1221 5087 1235 5112 ,
1290 5047 1415 5101 item
1465 5044 1788 5117 Collegerunt
1813 5089 1827 5114 ,
1870 5046 1995 5101 item
2030 5046 2177 5102 Unus

599 5138 754 5190 etiam
789 5135 973 5208 [Forte
1010 5136 1220 5208 autem].

673 5224 760 5280 19.
802 5226 895 5281 liis
922 5225 1109 5291 ﬁnitis,
1135 5235 1257 5280 ante
1282 5225 1474 5281 atrium
1504 5226 1745 5281 ecclesia:
1771 5241 1864 5280 seu
1893 5225 2011 5282 loco
2031 5246 2177 5286 com-

676 5373 703 5437 ιε
739 5363 879 5437 Nihil
910 5365 996 5420 hic
1033 5365 1245 5437 dicitur
1267 5364 1333 5419 de
1370 5364 1602 5421 Sabbato
1638 5372 1763 5420 ante
1794 5364 2033 5437 Palmas,
2064 5384 2168 5437 quo

604 5433 933 5507 putissimmn
962 5438 1054 5507 die,
1072 5435 1309 5504 pontifex
1339 5438 1733 5507 eleemosynatn
1762 5436 1946 5490 tribuit
1973 5439 2024 5491 in
2056 5433 2168 5493 tne—

602 5507 823 5575 innriain
874 5504 997 5559 facti
1042 5506 1218 5560 Maria:
1248 5507 1449 5559 sororis
1494 5504 1715 5569 Laiari,
1746 5522 1865 5575 quae
1900 5517 2023 5563 ante
2071 5524 2162 5562 sex

602 5573 718 5644 dies
744 5571 964 5627 Pascha:
1006 5578 1158 5629 unxit
1204 5578 1364 5644 pedes
1389 5575 1615 5630 Domini.
1659 5571 1781 5631 Ideo
1812 5585 1925 5632 haec
1949 5578 2165 5632 Sabhati

600 5642 718 5693 dies
744 5660 775 5696 α
799 5644 1011 5697 statione
1032 5642 1231 5711 publica
1256 5656 1416 5711 vacat,
1450 5654 1507 5698 ut
1536 5645 1691 5698 habet
1719 5648 1956 5713 vulgatus
1987 5649 2167 5701 Alcni-

604 5724 728 5779 uus,
755 5728 855 5765 non
886 5722 1054 5767 tamen
1083 5731 1113 5768 a
1136 5717 1464 5770 celebratione
1493 5714 1695 5781 Misstc,
1729 5731 1844 5785 qua:
1866 5733 1928 5772 ex
1970 5733 2163 5786 praet-e-

2284 4602 2417 4672 lythi
2461 4603 2658 4658 debent
2699 4604 2939 4672 recipere
2988 4603 3057 4657 de
3105 4601 3259 4655 altari
3298 4600 3464 4655 sancti
3513 4600 3665 4655 Petri
3707 4615 3861 4654 unam

2281 4696 2599 4763 aquaritiam
2622 4694 2745 4759 nlei,
2776 4701 2832 4747 et
2857 4692 3101 4756 fanones,
3133 4701 3187 4745 et
3214 4690 3503 4761 ampullas,
3529 4699 3587 4746 et
3610 4704 3864 4745 camera-

2281 4785 2394 4839 rius
2419 4786 2577 4840 debet
2614 4792 2725 4839 tres
2759 4783 3009 4839 denarios
3039 4784 3241 4849 pensati
3273 4781 3521 4837 balsami.
3564 4781 3864 4837 Praesenta¢

2283 4881 2369 4926 tur
2416 4874 2584 4943 major
2628 4873 2861 4942 ampulla
2912 4888 3033 4927 cum
3077 4873 3197 4927 oleo
3246 4886 3275 4925 a
3312 4871 3488 4941 priore
3528 4871 3787 4937 diacono,
3813 4882 3861 4928 et

2282 4964 2550 5017 residente
2594 4963 2710 5032 ipso
2733 4964 2793 5017 'in
2823 4962 2950 5017 sede
2982 4978 3074 5017 sua
3096 5005 3111 5030 ,
3136 4963 3291 5016 mittit
3319 4962 3614 5017 balsamum
3662 4965 3717 5018 ἰ..
3755 4967 3858 5034 ipsa

2278 5053 2506 5122 ampulla
2531 5095 2546 5119 ,
2578 5063 2633 5108 et
2673 5055 2862 5112 miscet
2903 5057 3198 5110 balsamum
3245 5057 3364 5110 oleo
3392 5070 3511 5110 cum
3538 5057 3856 5125 quibusdam

2281 5145 2574 5213 palmarum
2622 5147 2958 5203 ramttsculis.
3021 5147 3361 5201 Postmodnm
3409 5162 3539 5201 vero
3587 5147 3859 5216 reponitur

2278 5238 2511 5307 ampulla
2541 5253 2701 5309 super
2728 5243 2895 5295 altare
2922 5241 3089 5297 sancti
3127 5240 3380 5306 Thomas;
3430 5255 3539 5310 quo
3570 5241 3721 5297 facto
3740 5284 3756 5308 ,
3786 5242 3857 5297 ia-

2274 5372 2521 5429 dentihns
2563 5375 2711 5429 ferits
2756 5376 3029 5443 repetitur.
3093 5373 3168 5427 De
3216 5372 3481 5426 fermento
3527 5368 3733 5443 eodem
3776 5369 3854 5427 die

2274 5445 2640 5498 distribuendo
2665 5446 2776 5512 lege
2798 5441 3233 5498 Commentarium
3254 5450 3521 5513 nostrum.
3560 5441 3680 5496 Hoc
3703 5454 3853 5513 caput

2274 5530 2392 5567 cum
2425 5525 2681 5582 sequente
2705 5516 2755 5567 in
2790 5518 2905 5570 soln
2928 5514 3125 5569 Codice
3155 5512 3300 5581 regio
3323 5512 3656 5566 invenimus.

2346 5583 2371 5621 δ
2419 5585 2489 5636 De
2514 5587 2612 5637 hoc
2646 5591 2937 5650 portatorio
2968 5600 3059 5641 seu
3091 5586 3286 5639 feretro
3306 5592 3486 5637 actum
3517 5591 3602 5637 est
3629 5583 3686 5638 in
3716 5597 3850 5639 cont-

2274 5655 2538 5710 tncntario
2562 5655 2777 5725 prmvio.

3972 908 3975 1031 l
