4008 6328
8 486 9 489 γ
104 423 244 477 imi

1304 413 1561 469 ROMANI
1600 411 1916 471 ORDINES.
1956 444 2027 456 —
2067 414 2179 471 XII.

3228 420 3360 474 ωτι

4 546 7 579 ε
98 537 214 589 duit
243 550 303 587 se
333 531 581 585 dominus
628 527 860 592 pontifex
909 527 1171 596 plauctam
1201 535 1254 581 et
1299 528 1509 580 mitram
1539 526 1677 579 auri-
1710 529 1749 584 Α
1785 538 1966 581 nmuto
2031 528 2081 581 iu
2132 528 2423 582 ctaSIinum
2477 527 2528 580 in
2577 528 2861 596 corporali.
2903 529 3058 598 180
3090 528 3202 593 Ipsa
3236 546 3363 581 vero

4 634 5 671 ξ
99 627 407 682 [.ixiatam;
450 620 725 689 pergitque
744 617 810 671 ad
838 618 1083 680 Missam,
1108 616 1530 687 praecedentibus
1560 632 1682 684 sep-

4 730 11 767 ι
98 730 206 773 teut
240 715 416 772 cereis
457 714 509 767 in
539 722 743 780 septem
786 711 1121 765 candelabris
1165 726 1284 765 eum
1317 710 1679 778 processione,

4 826 9 861 ε
91 810 240 869 sicut
265 804 543 862 consuevit
573 803 626 855 in
658 801 861 855 festivis
889 800 1008 855 aliis
1036 802 1243 856 diebus.

4 920 9 947 ε
166 897 265 951 24.
302 894 606 951 Notandum
662 907 792 947 vero
840 892 981 959 quod
1024 891 1221 946 faculas
1266 904 1320 947 et
1366 893 1681 945 candelabra

4 1010 6 1045 ᾖ
90 986 251 1039 ruria
279 985 441 1039 debet
469 983 618 1037 dare.
661 981 938 1045 lntrnitus,
968 979 1146 1034 Gloria
1175 981 1342 1046 Patri,
1377 981 1536 1050 Kyrie
1562 981 1683 1033 elei-

89 1094 215 1144 son,
249 1076 431 1131 Gloria
458 1075 513 1128 in
537 1072 748 1128 excelsis
773 1071 906 1138 Deo,
940 1070 1116 1125 omnia
1146 1071 1244 1125 ista
1270 1071 1535 1125 dicuntur.
1568 1071 1682 1123 Non

90 1165 285 1219 dicant
314 1164 650 1235 Symbolum.
692 1162 765 1215 Ita
798 1161 1023 1215 habetur
1046 1161 1097 1214 in
1130 1161 1264 1215 libro
1295 1176 1443 1228 papa!
1467 1169 1491 1197 α
1524 1158 1683 1214 Gela-

90 1259 190 1312 sii.
234 1257 341 1311 Sed
390 1272 485 1310 nos
515 1256 742 1310 dicimus
779 1253 1094 1324 Symbolum
1129 1254 1286 1323 179
1315 1263 1531 1322 propter
1561 1267 1684 1307 con-

97 1352 468 1405 secrationem
512 1347 837 1403 chrismatis.
878 1346 1069 1400 Pacem
1118 1346 1257 1400 inter
1298 1359 1357 1399 se
1386 1360 1489 1399 non
1521 1345 1682 1410 dent;

4 1466 5 1473 η
92 1450 353 1495 servetur
400 1439 468 1494 de
513 1438 734 1503 oblatis;
796 1437 1014 1507 sanguis
1066 1438 1274 1503 penitus
1318 1446 1682 1491 consumatur.

92 1530 375 1585 lreuaaus:
414 1547 431 1580 ι
456 1528 611 1581 Absit
661 1537 718 1581 ttt
762 1526 1089 1581 dissonantia
1139 1526 1263 1582 festi
1314 1526 1378 1581 ch
1419 1526 1591 1580 ritatis
1633 1535 1687 1581 et

96 1619 328 1673 unitatis
381 1617 785 1672 consonantiam
856 1626 1231 1685 corrumpat.)
1288 1617 1476 1671 Omnia
1536 1619 1685 1688 signa

93 1708 414 1778 productius
447 1707 606 1762 solito
643 1707 918 1776 pul-eutur
960 1708 1012 1761 in
1060 1708 1363 1763 «lassicnm.
1433 1708 1688 1765 Cantator

92 1798 285 1852 ϐιοῖ-ἕο
326 1800 379 1853 in
406 1799 617 1853 excelsis
646 1797 757 1852 Deo
803 1800 919 1854 sine
966 1798 1255 1869 Symbolo,
1282 1810 1444 1867 atque
1480 1801 1688 1858 dicatur

91 1894 279 1959 Agnus
300 1888 398 1943 Dei
423 1890 624 1958 absque
651 1890 856 1945 osculo.

98 1981 315 2035 domini
362 1996 513 2050 papae
558 1981 769 2037 diaconi
813 1983 1113 2038 cardinales
1143 1984 1318 2039 lev..nt
1347 2000 1586 2040 mensam
1618 1986 1687 2041 de

93 2072 259 2126 altari
284 2111 301 2137 ,
330 2082 385 2127 et
413 2071 609 2126 nudato
636 2072 789 2127 altari
818 2083 1021 2141 ponunt
1045 2088 1163 2129 eam
1205 2075 1257 2128 itt
1297 2087 1506 2130 secreto
1533 2076 1686 2141 loco;

88 2171 146 2215 ct
167 2161 437 2217 extractis
468 2161 675 2218 duabus
719 2164 968 2233 ampullis
1017 2180 1136 2220 cum
1178 2165 1437 2235 sanguine
1475 2175 1529 2221 et
1550 2181 1687 2236 aqua

94 2252 332 2319 Christi,
367 2255 683 2323 cooperiunt
713 2254 886 2325 ipsum
917 2257 1085 2311 altare
1110 2255 1296 2320 linteo,
1328 2264 1382 2312 et
1410 2268 1530 2326 post
1557 2258 1687 2313 Mis-

91 2360 218 2399 sam
248 2360 344 2414 per
371 2356 597 2415 quatuor
625 2347 847 2416 angulos
866 2346 997 2401 illud
1027 2347 1307 2417 sigillatur.
1345 2347 1478 2402 Cum
1509 2360 1686 2404 autem

92 2438 354 2493 Praelatio
402 2439 706 2504 inchoatur,
758 2440 957 2495 vadunt
985 2439 1195 2494 diaconi
1236 2441 1535 2495 cardinales
1565 2454 1685 2495 cum

89 2530 446 2586 subdiaconis
486 2539 542 2586 et
584 2532 848 2601 acolythis
897 2547 994 2598 pro
1034 2532 1280 2601 ampullis
1306 2532 1590 2588 afferendis
1618 2533 1688 2587 ad

93 2621 573 2687 benedicendum,
630 2625 971 2692 praecedente
1019 2639 1231 2679 crucem
1282 2626 1584 2693 thuribulo,
1635 2636 1691 2681 et

89 2709 314 2765 duobus
338 2713 538 2778 cereis;
573 2723 860 2782 antequam
891 2713 1099 2768 dicatur
1142 2714 1246 2767 Per
1271 2732 1420 2781 quem
1444 2716 1552 2770 Itwc
1581 2734 1689 2771 ont-

94 2801 188 2853 nia
219 2840 235 2867 ε
278 2802 525 2857 dominus
548 2801 779 2871 pontifex
812 2802 1082 2859 benedicit
1107 2804 1280 2859 oleum
1312 2822 1408 2874 pro
1436 2807 1686 2874 infirmis,

90 2893 340 2953 s'cutin
384 2893 585 2949 Ordine
632 2895 957 2949 continetur.
1023 2896 1310 2966 Postquam
1334 2914 1462 2953 vero
1493 2900 1688 2955 dixerit

88 2982 222 3036 Pax
251 2983 460 3038 Domini
506 2985 571 3038 sit
597 3001 793 3054 semper
824 2986 1078 3041 vobiscum
1102 3029 1117 3055 ,
1149 2990 1507 3045 communicat
1542 2993 1689 3047 solus

91 3073 344 3135 potititex
374 3083 499 3127 ante
530 3074 695 3128 altare
733 3083 788 3129 et
825 3076 1083 3130 diaconus
1108 3080 1381 3131 confirmat
1414 3094 1533 3132 eum
1565 3097 1686 3135 cum

83 3163 269 3218 calice
317 3163 406 3218 illa
456 3167 825 3222 tantummodo
859 3169 970 3223 die.
1038 3168 1242 3225 Deinde
1282 3172 1427 3238 ponit
1466 3175 1685 3227 calicem

1786 620 1877 670 die
1904 617 2088 671 schola
2137 634 2255 673 cum
2302 618 2511 674 caeteris
2551 633 2711 673 onme
2751 619 2986 673 divinum
3017 620 3134 675 sine
3164 636 3362 691 organo

1784 708 1927 762 canit
1946 708 2210 765 cilicium.

1853 797 1945 851 ‘25.
1986 799 2143 853 Missa
2176 801 2393 854 tandem
2418 801 2583 865 finita,
2610 802 2839 871 pontfex
2876 804 3088 858 imlutus
3117 818 3236 859 cum
3264 819 3364 859 cac-

1794 887 1923 939 tcris
1945 888 2011 940 ad
2044 889 2292 956 palatium
2328 891 2381 945 in
2421 890 2643 947 basilica
2685 895 2850 947 sant-ti
2885 893 3154 949 Laurentii
3181 910 3364 951 rever-

1794 978 1944 1043 titur,
1990 979 2173 1048 ibique
2219 982 2486 1051 exspoliat
2524 998 2583 1037 se
2623 999 2790 1053 usque
2819 987 2882 1039 ad
2912 986 3285 1054 dalmaticatn;
3315 997 3370 1043 et

1788 1069 2034 1134 apposita
2062 1069 2345 1142 chlamyde
2371 1072 2564 1136 rubea,
2596 1072 2695 1142 ipsi
2718 1076 2782 1127 ad
2819 1077 3013 1130 collum
3042 1078 3213 1133 sedet.
3264 1078 3369 1133 Cu-

1790 1158 2030 1213 hicularii
2079 1175 2207 1229 ergo
2250 1169 2441 1229 parant
2484 1178 2671 1231 aquam
2700 1165 2924 1218 calidam
2957 1183 3051 1233 pro
3090 1167 3370 1223 abluendis

1790 1249 2015 1316 pedibus
2038 1250 2507 1318 subdiaconorum,
2530 1262 2586 1307 et
2616 1264 2819 1322 ponunt
2850 1257 3041 1322 pelvim
3069 1272 3249 1310 coram
3278 1272 3367 1322 eo;

1786 1352 1836 1395 et
1869 1340 2128 1395 diaconus
2169 1342 2482 1405 cardinalis,
2514 1343 2600 1412 qui
2632 1346 2798 1398 servit
2828 1346 2908 1408 ei,
2942 1348 3086 1410 ponit
3115 1348 3366 1411 toaleam,

1787 1445 1945 1499 quam
1977 1431 2306 1485 camerarius
2338 1430 2428 1485 dat
2479 1448 2577 1503 pro
2617 1434 2734 1501 ipso
2763 1436 2981 1489 servitio
3009 1452 3172 1506 super
3197 1424 3369 1510 genua

1788 1520 1990 1574 domini
2022 1534 2192 1588 papm.
2226 1520 2517 1576 Duodecim
2545 1533 2721 1579 autem
2744 1525 3051 1581 subdiaconi
3078 1542 3196 1582 cum
3228 1528 3371 1598 prin-

1789 1627 1847 1666 re
1880 1623 2155 1666 remanent
2200 1622 2350 1666 extra
2397 1613 2665 1669 basilicam
2707 1615 3006 1671 discalceati
3035 1657 3051 1683 ,
3099 1629 3152 1672 et
3186 1620 3369 1673 schola

1789 1704 2131 1758 ostiariorum
2197 1713 2254 1758 et
2295 1706 2747 1773 tuappulariorum
2805 1708 3074 1776 accipiunt
3131 1708 3365 1776 priotein

1788 1797 2023 1853 basilicas
2048 1809 2105 1854 et
2150 1798 2285 1853 alios
2312 1798 2558 1852 undecim
2586 1798 2939 1854 subdiaconus
2966 1799 3017 1855 in
3052 1800 3193 1856 ulnis
3219 1802 3365 1866 suis;

946 1890 1074 1946 Post
1100 1893 1531 1961 praedicationem
1559 1909 1687 1949 vero
1722 1908 1765 1965 Β
1792 1888 1975 1957 sicque
2020 1905 2113 1957 per
2153 1889 2397 1944 ordinem
2448 1897 2658 1959 portant
2686 1903 2780 1943 eos
2831 1906 2990 1943 unum
3040 1900 3157 1959 post
3210 1891 3371 1946 alium

1792 1986 1917 2032 ante
1943 1979 2222 2033 dominum
2266 1992 2477 2047 papam.
2542 1978 2781 2033 Pontifex
2834 1991 3009 2033 autem
3043 1981 3183 2035 lavat
3212 1984 3375 2052 pedes

1791 2083 2011 2136 eorum,
2042 2077 2099 2125 et
2150 2072 2309 2139 tergit
2349 2085 2469 2124 cum
2504 2070 2690 2137 linteo,
2718 2081 2774 2126 et
2802 2071 3141 2140 postmodum
3170 2074 3367 2126 oscula-

1791 2170 1899 2224 tur,
1931 2171 1985 2215 et
2014 2161 2106 2215 dat
2132 2162 2415 2231 unicuique
2440 2162 2576 2217 duos
2604 2162 2767 2216 solid.
2798 2162 2985 2216 denar.
3020 2162 3265 2232 Papiens.

1793 2250 1907 2304 Xll.
1951 2251 2219 2317 Quomodo
2264 2255 2416 2306 datur
2443 2253 2808 2324 presbyterium
2857 2253 2912 2307 in
2960 2251 3116 2307 Cmna
3150 2254 3372 2307 Domini.

1863 2346 1953 2401 26.
1998 2346 2152 2400 Prior
2180 2362 2306 2401 vero
2347 2346 2581 2401 basilicae
2609 2346 2902 2401 secundum
2938 2347 3375 2401 consuetudini-tn

1793 2438 2065 2506 antiquam
2096 2439 2488 2491 tnarahotintnu
2534 2453 2697 2491 unum
2726 2437 2882 2493 debet
2912 2438 3109 2493 habere
3138 2438 3252 2492 sine
3279 2438 3369 2491 de-

1791 2529 1974 2583 nariis.
2016 2530 2229 2584 interim
2279 2528 2613 2597 primicerius
2660 2544 2781 2582 eum
2826 2530 3136 2583 cantoribus
3172 2540 3227 2583 et
3253 2530 3372 2582 aliis

1791 2621 2074 2676 ordinibus
2124 2631 2341 2674 cantant
2400 2620 2725 2691 lle-perunt;
2790 2636 2896 2689 quo
2948 2620 3097 2673 ﬁnito
3162 2628 3375 2674 cantant

1791 2708 2043 2765 Dominus
2081 2707 2233 2764 Iesus
2261 2720 2528 2779 postquam
2553 2710 2783 2763 rwnavit.
2827 2708 2931 2765 Sed
2977 2709 3102 2763 dum
3142 2708 3239 2763 ista
3287 2724 3371 2777 ge-

1790 2809 2007 2865 runtur,
2061 2814 2303 2854 summus
2331 2798 2569 2868 pontifex
2607 2800 2677 2853 i'a
2717 2798 3103 2868 presbyterium
3136 2810 3373 2867 largitur.

1792 2890 2087 2961 Unicuique
2114 2892 2489 2960 episcoporum
2522 2890 2775 2945 Romanae
2822 2890 3075 2946 Ecclesiae
3102 2891 3236 2944 duos
3266 2906 3375 2942 ma-

1791 2981 1964 3035 rabot.
1997 2991 2050 3036 et
2079 2980 2214 3035 duos
2243 2981 2445 3036 solidos
2466 2981 2595 3037 den.
2625 2982 2872 3050 l’apiens.
2913 2980 2969 3036 Si
3021 2981 3157 3035 forte
3205 2983 3373 3035 archi-

1788 3074 2074 3142 cpiseOpus
2102 3073 2416 3138 interesset,
2449 3071 2799 3128 tantumdem.
2844 3071 3137 3141 Unicuique
3167 3072 3375 3138 episco~

1792 3180 1979 3234 porum
2008 3166 2298 3221 forensium
2317 3206 2332 3232 ,
2366 3178 2421 3220 et
2453 3165 2881 3236 presbyterorum
2909 3163 3293 3228 cardiualium,
3323 3172 3377 3218 et

83 3267 268 3321 super
296 3253 482 3318 altare,
509 3263 564 3309 et
592 3264 838 3326 patenam
862 3256 1011 3325 juxta
1039 3273 1179 3324 eam,
1206 3268 1260 3313 et
1286 3263 1538 3313 continuo
1563 3276 1687 3314 eoo-
1718 3274 1759 3333 ς
1792 3255 2137 3311 diaconorum
2187 3256 2537 3313 cardinaliutn
2580 3271 2742 3311 unum
2793 3255 3058 3310 ntarabot.
3099 3264 3151 3310 et
3181 3255 3379 3309 duode-

85 3343 243 3410 perit
288 3355 566 3413 ulmtttqnt:
615 3345 684 3400 de
733 3346 961 3401 sindone
1013 3349 1210 3403 munda
1262 3361 1376 3418 post
1408 3353 1687 3420 corporale

87 3446 437 3503 expansum;
481 3438 766 3506 statimque
812 3437 919 3492 duo
957 3439 1190 3510 aciilythi
1220 3450 1400 3496 tenent
1426 3445 1685 3513 ampullas

90 3524 374 3581 involutas
420 3542 540 3582 cum
586 3530 814 3583 sindone
859 3530 979 3584 alba
1026 3530 1196 3585 serica
1225 3531 1278 3587 in
1309 3534 1528 3589 sinistro
1559 3534 1683 3590 bra-

79 3618 256 3683 chio,
305 3618 378 3673 ita
409 3631 463 3673 ut
489 3622 655 3676 videri
688 3624 895 3691 possint
924 3637 955 3677 a
978 3623 1184 3691 medio;
1211 3636 1265 3680 et
1300 3630 1519 3682 veniens
1550 3643 1687 3683 unus

76 3709 156 3765 de
209 3709 527 3766 diacouibus
571 3713 764 3782 accipit
808 3730 967 3769 unam
1016 3716 1302 3785 ampullam
1351 3718 1420 3773 de
1448 3718 1686 3776 balsamo

75 3800 310 3855 mistam
336 3841 352 3867 ,
380 3809 435 3856 et
464 3810 637 3871 portat
665 3804 1075 3870 archidiacono;
1122 3816 1175 3860 et
1204 3806 1294 3861 ille
1316 3807 1488 3862 defert
1518 3812 1690 3877 ponti.

73 3890 171 3946 lici
198 3900 332 3946 ante
358 3891 547 3950 altare.
585 3894 734 3949 Tunc
777 3894 1010 3964 pontifex
1057 3898 1350 3965 respiciens
1400 3900 1464 3952 ad
1502 3902 1682 3955 orien-

1791 3347 1896 3401 cim
1930 3347 2182 3403 denarios
2219 3350 2529 3419 l'ap'enses.
2591 3348 2930 3403 Primicerius
2976 3346 3135 3402 debet
3181 3345 3379 3401 habere

1792 3456 1952 3494 unum
2001 3443 2264 3497 nnatahot.
2333 3443 2449 3498 sine
2493 3441 2756 3508 denariis;
2821 3440 3047 3511 quisque
3098 3448 3377 3494 cantorum

1789 3534 2073 3589 duodecim
2123 3536 2373 3590 denarios
2421 3535 2726 3604 Paptenses.
2778 3534 2844 3587 Et
2888 3531 3382 3601 notandum,quod

1791 3640 1889 3680 nec
1918 3626 2100 3680 schola
2133 3624 2342 3691 Crucis,
2376 3642 2475 3681 nec
2495 3628 2719 3681 clericus
2743 3626 2880 3681 alius
2902 3624 3161 3679 vellaicus
3189 3624 3383 3678 eadem

1788 3717 1878 3771 die
1930 3706 2086 3772 habet
2128 3717 2541 3788 presbyterium.
2612 3717 2797 3772 Manus
2839 3714 2867 3755 δ
2903 3715 3063 3772 etiam
3112 3715 3382 3785 prioratus

1791 3808 1993 3864 nemini
2042 3809 2219 3863 datur.
2279 3808 2336 3862 lu
2371 3809 2519 3864 exitu
2562 3820 2739 3865 autem
2782 3808 3019 3863 basilica:
3065 3805 3134 3861 de
3161 3813 3385 3873 accepto

1793 3901 2132 3971 presbyterio
2156 3899 2478 3969 janitoribus
2513 3910 2567 3953 et
2591 3899 2931 3955 cubiculariis
2960 3897 3097 3953 duos
3128 3897 3380 3953 denarios

71 3992 227 4051 tem,
260 3982 491 4038 diacono
538 3992 753 4041 tenente
781 3980 1068 4057 ampullam
1099 3997 1226 4042 ante
1255 4002 1426 4058 Ipsum
1470 3988 1523 4043 iu
1554 3991 1687 4045 sini-

71 4084 205 4130 stro
238 4072 460 4129 brachio
488 4075 783 4131 involutam
814 4078 1076 4145 sindone,
1120 4078 1264 4133 halat
1289 4090 1370 4134 ter
1400 4081 1450 4134 in
1480 4084 1687 4149 ampul-

70 4164 227 4229 lam,
263 4173 320 4218 ut
349 4163 511 4220 intret
540 4164 592 4219 in
630 4169 1087 4224 consecrationem
1118 4168 1448 4223 chrismatis.
1504 4169 1573 4224 Et
1599 4170 1683 4224 di-

67 4256 154 4308 cit
187 4254 411 4311 excelsa
460 4271 588 4311 voce
634 4257 855 4311 Sursum
893 4258 1080 4323 corda;
1124 4258 1475 4328 respondetur
1504 4258 1684 4315 Habe-

64 4362 205 4401 mus
256 4346 328 4398 ad
378 4345 693 4413 Dominum,
737 4348 943 4404 Gratias
986 4366 1239 4420 agamus,
1283 4360 1415 4417 etc.,
1462 4352 1602 4406 sicut
1631 4353 1683 4406 in

64 4442 301 4497 Ordine
346 4443 667 4499 continetur.
705 4445 981 4515 Completa
1013 4446 1393 4503 Beuedictione
1416 4489 1431 4511 ,
1457 4448 1681 4504 benedi-
1788 4446 2072 4501 dalmatica
2101 4456 2155 4501 et
2184 4446 2434 4516 pluviali,
2459 4447 2647 4500 sedent
2674 4442 2903 4497 ordinati
2939 4443 3091 4513 181
3120 4455 3241 4495 cum
3270 4439 3374 4493 mi-

64 4535 160 4589 cit
188 4536 488 4603 ampullam
513 4536 617 4593 olei
643 4578 660 4606 ,
709 4538 939 4593 delatam
969 4539 1159 4595 ordine
1188 4553 1296 4608 quo
1316 4555 1496 4609 supra,
1528 4549 1581 4596 et
1604 4541 1682 4595 si-
1791 4542 1913 4608 tris,
1942 4540 2184 4596 lavantes
2204 4554 2396 4595 manus
2413 4555 2574 4610 supra
2598 4552 2872 4605 mensam,
2915 4537 3054 4591 sicut
3083 4534 3245 4589 moris
3270 4543 3375 4588 est.

63 4624 294 4680 militer
322 4624 474 4681 halat
499 4626 550 4681 in
594 4627 765 4697 ipsam
789 4666 806 4693 ,
837 4627 931 4683 sed
956 4628 1150 4695 tacite;
1192 4637 1250 4684 et
1274 4628 1403 4684 dicit
1429 4626 1684 4683 Dominus
1714 4651 1765 4713 υ
1790 4630 1896 4687 Sed
1921 4631 2170 4687 dominus
2199 4646 2335 4702 papa
2361 4632 2507 4687 solus
2535 4642 2620 4687 est
2667 4632 2719 4685 in
2753 4646 2958 4686 mensa.
3015 4627 3378 4699 Archiepisco-

59 4716 374 4771 uobiscum.
427 4717 610 4773 Oratio
653 4717 792 4774 Deus
837 4719 1296 4787 incrementorum,
1353 4727 1461 4775 etc.
1512 4719 1681 4774 Porro
1787 4738 1884 4793 pus
1913 4739 2078 4793 vero,
2128 4725 2173 4779 si
2222 4724 2481 4791 adfuerit,
2524 4725 2683 4780 debet
2720 4737 2789 4778 ex
2837 4739 2942 4777 uno
2975 4723 3141 4777 latere
3172 4722 3375 4789 primus

57 4809 372 4878 ampulla,
402 4824 522 4879 quae
564 4823 687 4863 cum
713 4809 1001 4865 chrismate
1031 4817 1134 4875 est,
1167 4810 1345 4864 statim
1378 4818 1434 4864 ut
1463 4810 1681 4865 henedi-
1787 4814 2003 4879 sedere;
2038 4816 2232 4871 deinde
2257 4816 2511 4886 episcopi,
2543 4826 2595 4871 et
2618 4816 2912 4889 presbyteri
2943 4812 3275 4879 cardinales;
3307 4828 3373 4867 ex

52 4912 168 4956 cta
198 4902 399 4969 fuerit,
451 4903 809 4971 conperiatur,
857 4912 968 4957 uta
1011 4903 1225 4957 nemine
1261 4902 1531 4969 videatur;
1563 4904 1680 4968 sed,
1787 4906 1897 4961 alio
1927 4906 2097 4962 latere
2140 4906 2353 4961 diaconi
2406 4907 2706 4962 cardinales
2747 4904 3234 4975 cutu'primicerio.
3297 4903 3376 4956 Ex

50 4994 327 5051 diacono
359 5005 603 5062 tenente,
637 4997 883 5051 dominus
907 5013 1039 5064 papa
1068 4997 1265 5051 salutat
1293 5012 1411 5052 eam
1433 5037 1448 5062 ,
1473 5007 1523 5051 et
1553 4996 1685 5051 dicit
1789 4999 1899 5052 alio
1931 5000 2099 5053 latere
2144 4999 2425 5069 acolythus
2457 5008 2801 5069 repraesentat
2847 4997 3040 5052 librum
3062 5036 3079 5064 ,
3116 5007 3169 5051 et
3200 4996 3376 5049 minor

50 5092 192 5142 Ave
215 5129 233 5153 ,
280 5102 513 5144 sanctum
557 5090 778 5143 chrisma
805 5131 819 5156 ,
852 5090 1024 5145 tribus
1055 5090 1265 5145 vicibus
1286 5132 1301 5159 ,
1329 5102 1383 5146 et
1411 5091 1682 5145 osculatur
1791 5092 2138 5147 diaconorum
2172 5093 2301 5163 legit
2327 5106 2516 5147 versus
2542 5091 2675 5147 duos
2695 5090 2761 5145 ad
2788 5088 3375 5163 mensam.Comestio-

46 5196 230 5236 casn.
261 5181 553 5253 Acolythus
575 5198 701 5238 vero
725 5184 913 5255 recipit
936 5184 1257 5252 ampullam;
1281 5195 1418 5240 eteo
1440 5194 1679 5253 tenente,
1792 5202 1859 5242 ne
1889 5186 2033 5242 finita
2061 5227 2077 5253 ,
2100 5187 2348 5241 dominus
2385 5200 2519 5255 papa
2560 5186 2720 5239 intrat
2747 5197 3014 5238 cameram
3034 5221 3052 5248 ,
3084 5180 3263 5248 ibique
3296 5180 3375 5233 itt-

42 5289 283 5332 omnes
314 5290 409 5344 per
435 5274 679 5331 ordinem
727 5279 961 5333 salutant
987 5278 1180 5333 nudam
1214 5294 1366 5343 eam,
1424 5286 1532 5332 tam
1562 5279 1680 5346 epi-
1791 5277 2087 5360 continenti
2121 5276 2250 5331 facit
2297 5276 2599 5331 Mandatum
2646 5272 2914 5328 abluendo
2945 5270 3199 5327 tredecim
3232 5284 3372 5339 pau-

40 5366 239 5434 scopi
286 5381 445 5437 quam
475 5368 769 5439 presbyteri
812 5380 867 5426 et
912 5371 1145 5427 diaconi.
1187 5371 1389 5439 Quibus
1432 5371 1679 5439 expletis,
1795 5368 2010 5437 peribus
2043 5368 2204 5438 pedes
2228 5409 2243 5434 ,
2280 5378 2332 5422 et
2375 5365 2700 5437 extergcndo
2723 5406 2737 5430 ,
2766 5374 2815 5420 et
2847 5362 3187 5434 postmodum
3217 5376 3373 5414 oscu-

1789 3990 2083 4059 Papienses
2112 4005 2208 4061 pro
2237 4005 2556 4062 unoquoque
2584 3991 2788 4056 solido,
2813 3989 3054 4059 exceptis
3089 3989 3376 4058 prioribus,

1789 4082 1878 4151 qui
1906 4097 2013 4135 non
2041 4082 2171 4136 dant
2196 4082 2417 4151 aliquid,
2449 4081 2674 4149 quisque
2700 4081 2938 4149 largitur.

1861 4172 1952 4229 27.
1993 4172 2189 4242 Sicque
2219 4172 2469 4227 dominus
2513 4186 2643 4241 para
2687 4185 2807 4225 cum
2848 4172 2966 4225 aliis
2997 4170 3246 4225 omnibus
3284 4184 3377 4224 su-

1789 4264 2042 4335 pradictis
2072 4265 2220 4319 vadit
2262 4264 2480 4318 indutus
2520 4264 2585 4318 ad
2622 4262 2895 4319 basilicam
2924 4262 3228 4327 Zachariae,
3254 4275 3377 4330 qua:

1789 4354 2074 4410 Pauetaria
2098 4355 2290 4410 diebus
2317 4356 2399 4409 his
2421 4363 2781 4423 nuncupatur;
2811 4352 2989 4423 ibique
3009 4350 3225 4405 indutus
3251 4365 3373 4403 cum

42 5456 333 5525 pontifex
385 5459 579 5514 ablutis
625 5462 872 5516 manibus
918 5464 1062 5517 venit
1092 5471 1218 5518 ante
1244 5463 1439 5527 altare,
1469 5473 1685 5517 etcom-

34 5546 334 5606 municat
374 5549 630 5618 populum
680 5550 870 5607 ordine
917 5566 1057 5618 suo,
1107 5559 1161 5607 et
1184 5562 1361 5608 servat
1395 5554 1463 5608 de
1493 5553 1682 5608 Sacra-

140 5710 181 5775 εξ
228 5700 370 5775 Nihil
418 5701 679 5773 ejusmodi
726 5704 918 5775 legitur
950 5704 1002 5757 in
1038 5704 1175 5760 lihro
1205 5704 1674 5760 Sacrameuturum

26 5772 218 5848 Gela
256 5772 414 5841 iano,
449 5772 624 5848 quem
664 5772 903 5832 eruditus
951 5776 1274 5832 Thotnasius
1309 5776 1503 5845 puhlici
1543 5778 1677 5846 juris

26 5846 137 5899 ἵει
159 5841 232 5897 it.

1794 5458 1976 5513 laudo.
2019 5459 2092 5514 lbi
2116 5461 2274 5515 etiam
2299 5459 2630 5514 camerarius
2659 5467 2741 5512 est
2762 5463 2975 5527 paratus
2993 5492 3009 5521 ,
3037 5452 3128 5517 qui
3153 5451 3372 5507 domino

1796 5566 1946 5623 papa:
1979 5552 2212 5623 ptﬁ’riget
2235 5551 2600 5607 marabotinos
2626 5549 2894 5619 singulos,
2924 5546 3146 5617 singults
3170 5559 3371 5615 paupe-

1846 5702 1874 5743 ι)
1923 5709 2107 5764 Manus
2137 5721 2217 5765 est
2249 5709 2636 5779 presbyterium
2659 5706 2849 5776 duplex
2873 5750 2886 5775 ,
2919 5722 2981 5764 ex
3006 5704 3267 5778 superiori
3299 5703 3365 5759 li-

1789 5780 1881 5834 bro
1906 5781 2172 5836 Benedicti
2200 5778 2461 5844 canonici,
2494 5796 2639 5833 nutu.
2673 5778 2762 5831 “ll.
