4008 6300
634 276 763 341 1ης

1330 286 1672 348 APl’ENDlX
1715 296 1804 351 AD
1846 294 1901 349 s.
1943 291 2268 352 Guttconu
2311 288 2524 351 MAGNI
2566 290 2930 354 LlTUltGlCA
2969 296 3216 359 OPEBA.

3763 319 3906 378 Η]ἳῦ

631 404 773 459 ribus
802 405 1119 472 crogandos.
1162 406 1273 460 Hoc
1318 407 1489 473 facto,
1521 412 1768 465 dominus
1802 428 1934 482 papa
1973 414 2064 468 dat
2091 414 2200 467 eis-
2231 418 2277 477 Α
2306 421 2358 468 et
2386 414 2603 468 incenso
2632 414 2814 482 incipit
2860 415 3168 473 Passionetn
3217 419 3317 475 hoc
3350 422 3530 486 modo,
3572 425 3767 480 Passio
3803 429 3903 480 Do-

631 496 750 551 dem
777 494 1097 563 pauperibus
1127 510 1283 549 manu
1314 500 1524 565 propria
1554 502 1618 553 ad
1653 503 1961 570 potandum.
2006 503 2098 558 His
2132 505 2199 558 ita

626 586 941 652 completis,
992 585 1215 652 quisque
1262 584 1477 641 festinat
1514 591 1579 643 ad
1627 594 1835 659 propria
1864 608 2122 659 remeare,
2150 603 2204 647 et

626 676 873 729 dominus
924 690 1052 744 papa
1108 678 1408 732 cubiculum
1473 681 1652 735 intrat.
1722 684 2011 739 Sciendum
2060 686 2201 754 quod

627 765 824 829 toalea,
855 764 923 819 de
958 781 1057 832 qua
1086 766 1337 821 dominus
1371 785 1524 839 papa,
1556 772 1678 826 dum
1705 775 1871 828 abluit
1893 776 2054 844 pedes
2078 776 2203 831 sub-

622 856 971 909 diacouorum
992 897 1006 919 ,
1041 857 1092 909 in
1124 857 1342 913 basilica
1376 870 1458 915 est
1482 865 1819 932 succinctus,
1850 867 2055 922 diaconi
2085 882 2205 923 car-

621 945 812 997 ilinalis
859 954 941 999 est
983 947 1073 1014 qui
1099 947 1148 1001 ei
1189 950 1383 1016 servit;
1418 953 1520 1007 alia
1569 970 1698 1011 vero
1724 957 1919 1023 toalea,
1947 973 2067 1013 cum
2097 974 2200 1029 qua

626 1038 882 1106 alistcrgit
913 1038 1075 1105 pedes
1115 1041 1560 1100 subdiaconorum
1590 1090 1603 1112 ,
1642 1049 2085 1107 cubiculariorum
2113 1068 2203 1109 ca.

622 1143 780 1181 nicra'
804 1140 906 1184 est.

624 1240 757 1294 ΧΙΙΙ.
806 1240 941 1307 Quid
973 1245 1207 1302 dominus
1246 1266 1378 1373 plgpa
1414 1257 1578 1320 facere
1602 1253 1779 1307 debeat
1809 1258 1939 1323 feria
1981 1269 2120 1310 sexta
2150 1257 2202 1310 iu

1313 1338 1562 1373 arasceve.

1313 1338 1562 1377 arasceve.

642 1480 645 1483 ν
692 1401 781 1455 ‘23.
816 1402 966 1457 Feria
999 1418 1150 1461 sexta
1183 1409 1234 1463 in
1267 1409 1581 1480 Parasceve,
1617 1415 1669 1467 in
1700 1428 1913 1481 aurora,
1956 1416 2204 1471 dominus

625 1508 755 1559 papa
804 1493 931 1550 facit
975 1512 1162 1553 omnes
1210 1502 1515 1569 capellanos
1541 1518 1718 1559 coram
1772 1521 1865 1558 sua
1920 1508 2202 1574 iirmsentia

621 1587 858 1649 evocari,
905 1598 957 1642 et
1004 1605 1135 1645 voce
1174 1593 1428 1648 mediocri
1458 1604 1637 1650 cantat
1688 1596 2039 1663 Psalterium;
2096 1612 2203 1666 quo

620 1684 854 1742 cantato,
887 1692 1224 1737 revertuntur
1267 1685 1545 1749 capellani.
1584 1685 1739 1741 Sexti
1789 1700 1915 1741 vero
1945 1686 2077 1742 hora
2105 1687 2203 1741 do-

2306 507 2430 559 mini
2455 508 2634 570 nostri,
2671 515 2776 560 etc.
2814 508 2948 561 Cum
2979 520 3154 564 autem
3187 513 3393 567 venerit
3421 514 3691 571 diaconus
3729 518 3800 569 ad
3829 520 3899 567 lo-

2305 616 2425 655 cum
2469 602 2556 655 ubi
2599 603 2795 658 dicitur
2834 622 2845 656 :
2894 604 3017 660 Post
3048 607 3157 661 lucc
3182 618 3354 662 autem
3405 612 3604 683 ragavit
3653 609 3896 663 Pilatum

2303 692 2521 763 Ioseph,
2562 706 2689 761 etc.,
2733 697 2965 767 acolythi
3011 711 3397 769 reprmsentant
3426 716 3488 754 ex
3525 717 3686 756 more
3721 704 3894 754 tlmri-

2305 786 2484 839 bulum
2541 800 2662 841 cum
2712 788 2953 852 incenso,
3004 799 3059 844 et
3113 802 3329 860 portant
3382 794 3446 846 ad
3503 794 3893 860 Evangelium;

2306 875 2561 945 finitoque
2586 875 2894 943 Evangelio,
2919 878 3275 933 subdiaconus
3299 891 3649 949 repraesentat
3674 881 3901 935 domino

2307 983 2455 1037 papa:
2501 968 2843 1038 EvangelitIm
2917 969 2981 1023 ad
3012 970 3396 1035 osculandum;
3444 987 3550 1039 quo
3600 972 3769 1034 facto,
3805 973 3900 1022 do-

2307 1057 2480 1112 minus
2498 1072 2632 1127 papa
2655 1059 2783 1111 dicit
2803 1057 3101 1114 Orationes.
3126 1059 3259 1113 Cum
3284 1072 3459 1115 autem
3487 1060 3551 1112 ad
3574 1060 3897 1115 Orationem

2305 1149 2607 1204 Judaeorum
2658 1152 2880 1215 venerit,
2935 1166 3039 1205 non
3095 1150 3288 1206 dicitur
3336 1150 3637 1206 Flectamus
3689 1169 3883 1223 genua,

2304 1246 2429 1314 quia
2460 1244 2561 1313 ipsi
2604 1245 2700 1297 hac
2730 1245 2818 1298 d-e
2864 1245 3143 1299 Dominum
3176 1244 3449 1300 irridendo
3493 1261 3668 1314 genua
3704 1245 3887 1300 ﬂeete-

2307 1333 2451 1388 bant.
2479 1333 2711 1387 Ecclesia
2742 1334 2949 1387 illorum
2980 1333 3300 1388 horrescens
3331 1335 3553 1401 facinus,
3585 1336 3766 1404 genua
3790 1352 3885 1404 pro

2304 1425 2432 1494 ipsis
2482 1439 2585 1478 non
2634 1424 2800 1479 flectit
2847 1425 2898 1478 in
2948 1424 3224 1480 Oratione.
3280 1424 3467 1480 Finitis
3515 1426 3884 1487 Orationibus,

2304 1514 2537 1583 pontifex
2578 1515 2813 1583 procedit
2843 1514 2907 1567 ad
2966 1515 3153 1579 altare,
3187 1523 3241 1568 et
3289 1516 3477 1569 adorat
3504 1532 3729 1569 crucem
3772 1532 3885 1571 cum

2302 1602 2440 1668 aliis,
2492 1603 2627 1657 sicut
2666 1604 2717 1657 in
2763 1604 2958 1659 Ordine
3001 1606 3319 1659 continetur.
3367 1605 3660 1659 Sciendum
3714 1616 3883 1660 tamen

2302 1694 2465 1763 quod,
2499 1696 2790 1749 secundum
2822 1696 3093 1764 antiquam
3121 1696 3592 1761 consuetudinem,
3630 1698 3883 1766 quidiuid

625 1768 799 1823 minus
838 1784 966 1839 papa
1011 1788 1130 1826 cum
1175 1773 1423 1829 omnibus
1451 1776 1811 1830 cardinalibus
1840 1777 2003 1830 intrat
2050 1778 2196 1832 basi-
2230 1775 2277 1836 Β
2306 1801 2470 1856 super
2513 1801 2727 1842 crucem
2775 1789 2996 1841 offertur
3050 1789 3245 1843 scholae
3296 1788 3485 1844 Crucis
3531 1790 3701 1845 debet
3747 1806 3880 1846 esse.

620 1857 773 1912 licam
807 1869 830 1897 ι
866 1863 1033 1916 sancti
1083 1864 1381 1928 Laurentii;
1428 1875 1484 1919 et
1514 1866 1644 1921 facta
1673 1866 1951 1933 Oratione,
1999 1869 2070 1922 ibi
2103 1883 2193 1924 ac‘

621 1950 763 2003 cedit
790 1951 853 2003 ad
884 1952 1085 2018 altare;
1114 1963 1378 2017 etaperto
1398 1957 1549 2011 altari
1577 1958 1817 2014 estrahit
1858 1960 1981 2016 inde
2020 1964 2192 2029 capita

623 2042 981 2109 apostolorum
1027 2044 1163 2100 Petri
1208 2056 1263 2102 et
1310 2042 1480 2113 Pauli,
1523 2059 1579 2104 et
1629 2051 1762 2105 duas
1813 2067 2021 2107 cruces.
2063 2053 2195 2120 ρυω

622 2132 799 2187 omnia
834 2145 1108 2205 postquam
1136 2139 1381 2194 dominus
1407 2156 1537 2211 papa
1569 2157 1690 2197 cum
1723 2144 2079 2199 cardiualibus
2108 2161 2194 2199 os-

618 2224 825 2279 culatus
852 2225 1030 2293 fuerit,
1062 2230 1518 2298 reponitibidem;
1558 2244 1609 2288 et
1632 2247 1845 2301 accepta
1878 2250 1978 2289 una
2009 2248 2187 2299 cruce,

616 2325 670 2370 et
694 2315 885 2370 iterum
916 2317 1146 2388 sigillato
1171 2321 1352 2389 altari,
1386 2338 1520 2377 unus
1554 2326 1985 2394 presbyterorum
2015 2326 2193 2380 cardi-

620 2407 819 2461 nalium
848 2420 1058 2464 crucem
1093 2413 1305 2481 accipit,
1335 2423 1389 2467 et
1427 2415 1506 2469 sic
1538 2415 1679 2467 vadit
1718 2426 1885 2481 usiine
1921 2415 1986 2468 ad
2016 2416 2191 2470 eccle-

616 2497 749 2551 siam
782 2498 1218 2566 Lateranensem,
1267 2505 1383 2558 sine
1415 2505 1591 2575 aliquo
1632 2517 1788 2559 cantu
1829 2516 1881 2560 et
1924 2505 2190 2573 Psalmis;

616 2586 861 2659 factaque
888 2592 958 2646 ibi
986 2592 1239 2651 Oratione
1262 2596 1500 2650 ascendit
1520 2597 1824 2652 cathedram
1856 2608 1973 2666 post
1999 2599 2189 2653 altare.

618 2673 767 2733 Tunc
816 2679 1061 2735 dominus
1109 2697 1241 2753 papa
1294 2685 1465 2740 induit
1514 2688 1990 2757 quadragesimalia
2035 2689 2191 2741 induo

614 2779 817 2837 menta,
871 2782 927 2828 et
958 2776 1315 2832 excalceatur.
1358 2778 1603 2848 Episcopi
1645 2788 1773 2835 vero
1822 2780 2048 2834 induunt
2078 2782 2193 2847 plu-

614 2858 788 2925 vialia,
824 2864 1117 2933 presbyteri
1139 2876 1318 2921 autem
1348 2869 1649 2924 cardinales
1686 2880 1737 2924 et
1764 2869 2003 2935 diaconi,
2031 2880 2191 2940 atque

610 2952 946 3014 subdiaconi.
1000 2956 1230 3014 induunt
1283 2960 1576 3028 planetam.
1626 2962 1690 3015 Et
1737 2961 1930 3017 deinde
1980 2962 2186 3032 juniori

570 3109 577 3115 ῃ
610 3044 923 3114 presbytero
949 3047 1203 3103 cardinali
1245 3060 1469 3119 accepto
1499 3067 1724 3121 corpore
1752 3053 1950 3108 Christi
1991 3055 2042 3108 iu
2065 3070 2190 3122 cap-

2297 1881 2540 1935 Osculata
2566 1896 2694 1934 vero
2717 1890 2874 1933 crocu
2902 1896 2931 1933 a
2959 1882 3106 1934 clero
3132 1891 3187 1935 et
3207 1882 3423 1950 pepulo,
3460 1883 3721 1936 dominus
3752 1898 3880 1953 papa

2297 1972 2582 2025 revertitur
2622 1969 2687 2023 ad
2715 1971 2913 2034 altare;
2942 1979 2995 2023 et
3024 1969 3157 2023 facta
3183 1970 3542 2036 confessione,
3580 1973 3705 2026 sine
3742 1986 3879 2040 Capi-

2297 2064 2427 2127 tulo,
2479 2061 2595 2116 sine
2644 2063 2881 2125 incenso,
2929 2072 2981 2116 et
3011 2065 3126 2117 sine
3155 2062 3339 2117 osculo
3368 2060 3684 2132 Evangelii,
3739 2078 3879 2119 com-

2298 2153 2557 2206 municat’
2581 2154 2648 2207 de
2680 2168 2912 2222 corpore
2942 2154 3155 2218 Christi,
3193 2155 3348 2224 183
3391 2158 3531 2223 quod
3581 2156 3879 2211 cardinales

2297 2247 2592 2300 adducunt.
2628 2249 2686 2300 Et
2720 2251 3009 2300 notandum
3044 2249 3183 2316 quod
3215 2249 3373 2301 hodie
3395 2247 3518 2303 Pax
3543 2249 3760 2302 Domini
3779 2267 3880 2305 nun

2302 2337 2521 2403 dicitur,
2554 2339 2730 2406 Agnus
2768 2337 2865 2390 Dei
2890 2352 2993 2391 non
3035 2347 3301 2404 cantatur,
3343 2353 3517 2407 neque
3549 2341 3701 2407 pacis
3732 2356 3876 2394 oscuo

2296 2424 2404 2479 lum
2431 2426 2609 2492 datur,
2663 2440 2833 2492 neque
2873 2428 3299 2495 p0stcommunio
3324 2430 3550 2480 canitur.
3591 2428 3875 2483 Sciendum

2297 2530 2424 2569 vero
2473 2517 2613 2583 quod
2642 2532 2715 2571 ac~
2741 2516 2873 2587 lythi
2922 2528 3311 2583 repraesentant
3341 2519 3626 2572 incensum
3660 2521 3727 2573 ad
3755 2522 3875 2574 cali-

2295 2620 2435 2659 cem.
2467 2607 2710 2662 Pontifex
2737 2608 2896 2662 etiam
2928 2623 3031 2660 non
3062 2608 3419 2661 communicat
3446 2610 3512 2661 ad
3543 2609 3755 2673 sedem,
3781 2611 3870 2663 sed

2295 2708 2419 2751 ante
2450 2698 2616 2752 altare
2662 2697 2731 2752 ob
2761 2697 3115 2752 humilitatem
3168 2698 3489 2752 reverentiae
3522 2698 3619 2752 Dei
3646 2709 3699 2752 et
3752 2699 3874 2751 Pas~

2294 2788 2471 2842 sionis
2500 2786 2701 2841 Christi
2725 2804 2739 2852 ;
2773 2787 3092 2857 expletoqne
3119 2789 3314 2851 officio,
3347 2792 3497 2842 exuit
3522 2803 3585 2842 se
3616 2804 3738 2842 cum
3760 2790 3873 2843 aliis

2295 2879 2596 2945 ordinibus,
2628 2886 2684 2932 et
2723 2887 2907 2932 cantat
2943 2878 3013 2931 ibi
3046 2878 3313 2947 Vesperas
3344 2879 3395 2932 in
3423 2879 3511 2933 die
3541 2878 3694 2934 Jovis
3745 2883 3873 2933 rcci‘

2296 2978 2454 3023 tatas.
2488 2969 2553 3022 Et
2583 2968 2777 3023 deinde
2824 2970 3108 3023 revertitur
3149 2971 3213 3022 ad
3246 2971 3532 3038 palatium;
3583 2981 3641 3025 et
3671 2972 3872 3025 intrans

2295 3060 2568 3114 basilicam
2614 3060 2783 3131 sancti
2815 3059 3107 3126 Laurentii,
3148 3075 3360 3114 crucem
3400 3076 3559 3130 quam
3592 3077 3871 3130 acceperat

610 3131 739 3185 sella
788 3141 912 3186 ante
956 3147 1138 3202 pectus
1187 3152 1341 3192 suum
1374 3139 1620 3195 hesterna
1651 3143 1739 3195 die
1790 3151 2082 3206 reservato,
2130 3150 2184 3197 el
2213 3145 2258 3204 C
2289 3151 2356 3205 ab
2377 3151 2529 3204 altari
2564 3152 2790 3221 reponit,
2816 3160 2871 3206 et
2903 3152 3024 3205 hinc
3051 3153 3115 3206 ad
3159 3167 3424 3208 cameram
3456 3170 3609 3209 suam
3642 3157 3866 3210 accedit.

615 3223 771 3293 182
793 3225 898 3279 alio
913 3226 1214 3292 praedictam
1230 3244 1442 3283 crucem
1455 3233 1770 3302 accipiente,
1785 3241 1839 3287 et
1858 3232 2187 3287 subdiacono

609 3318 913 3387 rcgiouariu
938 3335 1058 3375 cum
1099 3324 1294 3391 populo
1320 3339 1419 3379 suo
1463 3326 1818 3394 praecedente,
1856 3343 2041 3383 omnes
2070 3328 2183 3383 dis-

609 3410 832 3464 calceati
859 3425 980 3464 cum
1022 3412 1245 3469 domino
1278 3431 1410 3484 papa
1444 3426 1497 3470 et
1528 3418 1851 3485 irimicerio,
1884 3420 2000 3473 sine
2026 3431 2183 3475 cantu

611 3501 890 3568 psallendo
928 3505 1234 3572 psalterium
1282 3517 1508 3578 pergunt
1556 3510 1620 3563 ad
1658 3521 1895 3565 sanctam
1932 3511 2181 3567 Ciucem.

610 3592 905 3661 EpiscOpus
948 3610 1079 3650 vero
1119 3596 1559 3654 hebdomadarius
1608 3613 1848 3656 remanet
1875 3603 1939 3656 ad
1989 3603 2038 3656 fa
2061 3603 2186 3657 “ien-

607 3683 733 3737 dum
754 3683 983 3740 officium
1004 3686 1057 3742 in
1090 3686 1309 3744 basilica
1341 3690 1704 3746 Lateranensi.
1735 3692 1975 3749 Pomifex
2001 3706 2181 3749 autem

608 3789 728 3828 cum
761 3775 824 3830 ad
865 3777 1147 3833 ecclesiam
1182 3782 1408 3845 venerit,
1451 3790 1505 3836 et
1543 3782 1825 3838 ecclesiam
1867 3785 2033 3853 ipsam
2067 3786 2184 3839 sine

607 3875 767 3929 cantu
797 3865 1101 3932 intraverit,
1131 3880 1183 3924 et
1213 3869 1408 3925 diutius
1438 3887 1619 3926 coram
1647 3875 1895 3929 crucibus
1924 3875 2181 3939 oraverit,

608 3955 768 4007 intrat
794 3969 914 4010 cum
946 3958 1190 4014 omnibus
1216 3960 1337 4014 aliis
1365 3962 1682 4024 clauSIrum.
1729 3972 1783 4017 et
1808 3963 1950 4017 vadit
1981 3965 2048 4018 ad
2094 3977 2182 4018 se-

605 4044 924 4108 oretarium;
957 4054 1012 4100 et
1041 4057 1195 4100 exuta
1228 4049 1434 4117 plaueta
1478 4066 1599 4105 cum
1633 4052 1811 4119 pallio,
1866 4054 2180 4122 mappularii

609 4135 860 4191 habentes
888 4153 1077 4207 aquam
1106 4141 1332 4194 calidam
1385 4153 1618 4210 paratam
1656 4142 1878 4197 abluunt
1908 4146 2070 4211 pedes
2101 4145 2182 4213 ip~

604 4226 737 4291 sius,
768 4237 823 4281 et
852 4242 915 4281 eo
955 4230 1174 4284 sedente
1199 4230 1251 4285 in
1282 4232 1431 4295 sede,
1465 4235 1691 4288 ministri
1750 4236 1993 4290 ealceant
2034 4253 2175 4303 eum,

604 4331 707 4369 non
755 4319 1014 4385 sandalia,
1072 4320 1164 4376 sed
1196 4324 1503 4391 quotidiana
1552 4326 1934 4391 calceamenta,
1994 4338 2051 4383 et
2100 4330 2181 4382 iu-

603 4408 775 4463 duunt
805 4410 1068 4478 planetam
1098 4424 1153 4468 et
1205 4415 1474 4482 palleum;
1532 4428 1585 4472 et
1617 4418 1694 4472 sic
1747 4420 1811 4472 ad
1863 4420 2030 4477 altare
2055 4437 2174 4476 cum

2292 3242 2358 3294 Et
2386 3240 2677 3294 notandum
2707 3241 2845 3309 quod
2877 3240 3129 3296 dominus
3153 3258 3283 3310 papa
3312 3243 3500 3298 eadem
3532 3245 3624 3299 die
3655 3247 3785 3298 nulli
3808 3247 3872 3301 de

2291 3332 2488 3387 familia
2521 3348 2614 3386 sua
2651 3335 2829 3387 vinum
2859 3336 2947 3388 dat
2986 3336 3052 3387 ad
3086 3335 3395 3401 potandum,
3423 3351 3522 3390 nec
3557 3347 3777 3390 coctum
3806 3340 3868 3391 ad

2288 3427 2715 3492 comedendum;
2760 3427 2851 3481 dat
2896 3441 3023 3480 vero
3052 3427 3129 3481 eis
3176 3428 3547 3480 tantummodo
3590 3443 3783 3494 panem
3822 3441 3871 3484 et

2288 3536 2503 3589 aquam,
2537 3531 2589 3575 et
2622 3520 2816 3575 herbas
2849 3521 2915 3573 de
2944 3521 3352 3575 consuetudine.
3384 3520 3495 3575 Hac
3524 3521 3616 3575 die
3645 3523 3871 3576 ecclesia

2287 3622 2484 3665 sanctae
2510 3612 2697 3664 (trucis
2731 3625 2834 3664 non
2857 3610 2947 3664 dat
2974 3607 3194 3664 faculas.
3737 3622 3745 3629 ‘

2324 3700 2459 3757 XIV.
2496 3703 2631 3769 Quid
2668 3704 2843 3757 dt-beat
2871 3703 3117 3825 dominus!
3145 3720 3278 3773 papa
3308 3706 3479 3775 facere
3517 3705 3571 3755 in
3608 3702 3840 3758 Sabbato

2976 3789 3097 3825 sane
3119 3790 3168 3825 ο.

2976 3789 3168 3828 ιαηοιο.

2361 3865 2450 3920 ‘50.
2486 3863 2540 3917 lit
2569 3863 2801 3917 Sahbato
2826 3870 3033 3929 sancto,
3072 3867 3199 3916 hora
3241 3870 3391 3917 sexta
3418 3860 3655 3917 efficitur
3698 3879 3869 3918 novus

2292 3955 2428 4025 ignis
2472 3956 2522 4008 in
2562 3956 2704 4009 atrio
2729 3964 2852 4008 ante
2883 3966 3065 4021 portas
3113 3953 3489 4008 Lateranensis
3519 3954 3792 4018 ecclesi:--,
3824 3964 3870 4007 et

2290 4044 2620 4100 benedicitur
2653 4062 2678 4096 a
2694 4045 2892 4114 juniori
2915 4044 3342 4114 presbyterorum
3361 4043 3739 4111 cardinalinm,
3754 4060 3871 4099 cum

2287 4136 2505 4190 incenso
2555 4146 2609 4191 et
2637 4151 2772 4206 aqua
2804 4138 3104 4192 benedicta.
3140 4137 3337 4191 Deinde
3368 4146 3596 4205 pergunt
3621 4139 3677 4190 in
3700 4139 3868 4192 eccle-

2282 4230 2414 4280 siam
2460 4242 2580 4279 cum
2630 4243 2770 4281 novo
2799 4228 2921 4297 igne
2962 4229 3135 4295 posito
3178 4228 3228 4280 in
3257 4242 3447 4291 canna,
3501 4239 3556 4282 et
3600 4230 3862 4282 diaconus

2283 4320 2410 4374 dicit
2442 4319 2634 4384 Lumen
2671 4320 2886 4386 Christi,
2932 4321 3098 4374 tribus
3129 4320 3365 4384 vicibus;
3395 4321 3748 4389 posunodum
3778 4336 3865 4375 ce-

2286 4427 2408 4467 reus
2451 4412 2785 4467 benedicitur
2825 4412 2893 4466 ab
2932 4413 3045 4481 ipso
3075 4412 3321 4466 diacono.
3360 4411 3637 4482 chuntur
3669 4412 3864 4465 duode-

605 4499 960 4557 Processione
1005 4504 1232 4570 accedit,
1268 4516 1542 4572 prazeuute
1564 4522 1685 4563 eum
1729 4525 1889 4565 cruce
1916 4521 1971 4565 et
2002 4512 2170 4568 Evan-
2209 4501 2259 4562 1)
2283 4504 2386 4557 cim
2417 4505 2669 4558 lectiones
2698 4504 2922 4568 Latinae,
2953 4513 3007 4558 et
3050 4503 3326 4558 duodecim
3372 4502 3597 4566 (intime.
3650 4512 3707 4557 el
3748 4519 3862 4555 ιέη·

603 4590 763 4659 gelio,
792 4591 905 4645 sine
933 4593 1278 4650 luminaribus
1299 4604 1354 4652 et
1376 4593 1597 4653 inceusu
1619 4613 1738 4653 cum
1771 4600 2005 4659 silentio.

671 4682 761 4737 29.
794 4684 898 4739 Sed
929 4686 1219 4745 notandum
1250 4689 1388 4757 quod
1439 4691 1686 4745 dotninus
1718 4707 1851 4761 papa
1881 4708 2001 4748 cum
2049 4694 2180 4748 Pro-

603 4774 847 4829 ceSsione
877 4792 983 4829 non
1011 4776 1170 4830 debet
1201 4778 1278 4833 ire
1323 4778 1386 4832 ad
1433 4782 1600 4834 altare
1631 4792 1758 4838 aute
1801 4799 1986 4839 cruces
2032 4801 2181 4840 more

601 4861 779 4926 solito,
808 4862 900 4917 sed
934 4878 1028 4931 per
1055 4866 1190 4919 viam
1222 4883 1342 4933 quae
1391 4879 1474 4922 est
1522 4871 1573 4924 in
1605 4873 1779 4940 capite
1818 4874 1986 4939 chori,
2031 4875 2179 4944 juxta

599 4955 795 5021 gradus
844 4955 1052 5011 altaris.
1110 4957 1260 5013 Unus
1303 4968 1479 5014 autem
1538 4963 1604 5015 de
1662 4961 1920 5016 ministris
1962 4967 2181 5032 apponit

603 5059 762 5099 unam
791 5045 1071 5101 sindonem
1101 5057 1304 5102 tantum
1326 5063 1490 5117 super
1517 5052 1685 5106 altare
1709 5052 1983 5119 nudatum,
2016 5064 2070 5109 et
2090 5069 2181 5110 os-

602 5134 780 5189 culato
841 5136 1329 5204 altari,rdomiuus
1384 5155 1516 5210 papa
1568 5143 1810 5197 ascendit
1858 5148 2075 5211 sedem;
2124 5153 2180 5201 et

599 5226 778 5283 statim
841 5228 1148 5286 subdiacoui
1206 5232 1557 5287 ascendentes
1622 5235 1879 5302 pulpitum
1913 5275 1930 5302 ,
1998 5237 2179 5305 legunt

600 5329 750 5372 inore
800 5318 1043 5374 lectionis
1092 5323 1424 5391 prophetiam
1471 5322 1588 5379 sine
1641 5325 1827 5392 tizulo;
1885 5336 1939 5381 et
1983 5303 2176 5384 cie—tera

601 5409 737 5463 sicut
768 5412 819 5465 in
851 5412 1052 5468 Ordine
1102 5415 1407 5470 continetur
1455 5417 1607 5471 fiunt.
1666 5418 2011 5474 l’ostmodum
2061 5423 2175 5473 dia-

602 5514 770 5559 conus
811 5509 1121 5575 cardinalis,
1155 5524 1259 5565 non
1289 5512 1546 5566 osculatis
1578 5512 1822 5580 pedibus,
1858 5512 2175 5568 factaqcve—

599 5598 784 5651 rentia.
822 5600 1063 5653 ascendit
1105 5602 1363 5669 pulpitum
1403 5604 1621 5667 nudum,
1653 5613 1709 5658 et
1746 5603 1812 5656 ibi
1841 5605 1957 5659 sine
1988 5604 2177 5659 faculis

2291 4605 2471 4651 tantur
2504 4597 2600 4651 tria
2647 4594 2895 4650 cantica:
2938 4594 3209 4649 Cantemus
3240 4595 3459 4647 Domino
3504 4595 3769 4662 gtortose;
3816 4603 3861 4646 et

2296 4689 2456 4742 Vinea
2488 4692 2623 4759 facta
2645 4697 2717 4742 est
2743 4705 2763 4753 ;
2793 4688 3026 4751 Attende,
3070 4689 3274 4741 caelum.
3315 4686 3492 4741 Finito
3524 4690 3632 4740 hoc
3668 4686 3860 4747 ofﬁcio,

2285 4782 2533 4835 dominus
2564 4782 2796 4848 pontifex
2821 4780 3185 4835 descenditad
3216 4779 3443 4845 fontem,
3475 4793 3598 4831 cum
3625 4778 3863 4831 diaconi:

2290 4882 2345 4928 et
2375 4872 2716 4928 subdiaconis
2747 4870 3081 4941 legionariis,
3116 4872 3383 4925 cantando
3404 4868 3653 4933 litanias;
3690 4868 3852 4938 primi-

2286 4966 2463 5020 cerius
2495 4980 2618 5020 cum
2649 4966 2833 5019 schola
2872 4966 3136 5018 cantando
3184 4963 3334 5017 Sicut
3372 4978 3569 5025 cervus,
3617 4978 3787 5030 usque
3815 4964 3856 5015 in

2287 5058 2546 5123 porticum
2594 5056 2767 5111 sancti
2801 5055 3061 5110 Venantii.
3094 5054 3166 5108 lbi
3202 5063 3504 5123 praeparato
3554 5052 3853 5107 faldistorii

2286 5148 2517 5216 pontifex
2547 5148 2717 5203 sedet.
2761 5146 3074 5202 Cardinales
3119 5157 3317 5210 autem,
3365 5144 3853 5214 qui'remanserunl

2288 5238 2342 5290 in
2374 5241 2561 5305 choro,
2611 5248 2807 5293 exeunt
2848 5252 2940 5307 per
2981 5239 3306 5305 posterulam
3356 5245 3479 5305 post
3514 5236 3783 5300 absidam,
3810 5244 3852 5288 ct

2286 5331 2486 5383 intrant
2539 5345 2634 5399 per
2668 5331 2929 5398 porticum
2958 5331 3124 5384 sancti
3168 5330 3412 5393 Joannis,
3440 5338 3497 5383 et
3537 5330 3765 5383 veniunt
3800 5331 3850 5378 ad

2284 5422 2620 5489 przesentiam
2649 5421 2850 5475 domini
2896 5438 3062 5490 papze.
3103 5422 3252 5474 l’r.or
3294 5430 3469 5475 autem
3503 5420 3679 5474 induit
3709 5436 3783 5479 se.
3810 5429 3849 5467 ιι

2281 5511 2411 5564 dicit
2462 5500 2612 5574 Iube,
2664 5512 2872 5577 domne,
2925 5512 3233 5565 benedicere.
3296 5496 3546 5564 Pontifex
3600 5510 3847 5565 b"llt'tit‘il

2281 5620 2421 5659 cum.
2459 5605 2809 5673 Piogrcdicus
2840 5621 3019 5674 parum
3054 5604 3180 5659 facit
3212 5602 3481 5668 similiter,
3516 5614 3569 5656 et
3597 5605 3735 5655 bene
3774 5604 3845 5652 itit

671 5732 694 5760 ⁸
729 5730 851 5783 llaec
884 5729 1095 5784 basilica
1128 5735 1293 5788 sancti
1327 5735 1593 5790 Laurentii
1627 5736 1866 5791 adhu‘ret
1899 5736 2095 5805 palatio
2130 5736 2501 5792 Litterancuu.
