4008 6344
148 392 272 446 ΙΟΠ

1357 372 1606 431 R0\l.\Nl
1648 369 1937 425 ORDINES
2002 400 2068 408 -
2108 368 2220 424 Xll.

3260 368 3388 419 tum

144 505 288 559 tertia
315 504 426 553 vlcc
452 515 570 551 cum
603 496 871 548 similiter.
911 493 1183 548 Bcnedicil
1212 508 1329 545 eum
1367 491 1627 558 pontifex,
1659 496 1711 541 et
1742 488 1791 545 A
1818 503 1936 540 cum
1980 488 2240 557 acolytltis
2286 496 2337 539 ct
2373 488 2686 555 capellanis,
2727 496 2780 540 ιιι
2817 488 2935 538 alrs
2972 486 3210 550 palatinzs
3252 490 3393 537 mnti-

144 598 271 648 dit-it
309 592 409 654 Ite,
442 589 693 659 baptizate
721 603 892 640 omnes
916 596 1104 656 gentes.
1132 585 1439 639 Cartlinales
1487 598 1609 635 vero
1643 582 1710 633 ita

150 690 319 743 induti
368 702 487 740 cum
519 685 723 750 equitat
748 683 842 734 bus
881 690 1222 734 revertuntur
1250 679 1313 731 ad
1347 679 1526 731 titulos
1566 691 1711 729 suos.

144 783 294 837 Tunc
340 776 573 846 pontifex
613 768 803 841 surgit,
843 782 896 826 et
928 771 1070 825 vadit
1101 771 1166 824 ad
1198 770 1481 824 ecclesiam
1542 766 1715 820 sancti

145 873 365 927 Joannis
396 866 761 934 evattgelistm,
794 872 849 917 et
889 862 1275 931 aliquantulum
1307 860 1592 926 requiescit
1624 859 1709 912 ibi.

150 963 348 1015 ltcinde
390 956 635 1025 procedit
664 954 729 1009 ad
784 954 978 1009 fontes.
1014 963 1067 1006 et
1121 950 1387 1006 benedicit
1419 965 1532 1002 eos.
1609 948 1720 1001 lioc

148 1057 306 1117 facto,
339 1053 625 1106 revertitur
649 1047 713 1101 ad
744 1046 983 1101 eamdem
1019 1044 1322 1108 ecclesiam,
1362 1040 1520 1111 181..
1543 1041 1721 1108 ibique

154 1146 297 1199 ριιιὶι
329 1158 385 1197 se
417 1142 482 1194 de
508 1138 671 1210 pallio
700 1145 755 1191 et
782 1137 1014 1206 plancta,
1045 1144 1099 1188 et
1127 1133 1297 1187 induit
1329 1131 1555 1184 bracalia
1585 1138 1607 1163 ο
1634 1144 1723 1182 ce-

150 1248 264 1292 rata
296 1254 308 1300 ;
346 1246 397 1291 et
438 1232 722 1287 revertitur
755 1229 819 1283 ad
863 1228 1059 1291 fontes,
1092 1235 1145 1280 et
1185 1224 1421 1289 baptizat
1458 1231 1563 1274 tres
1604 1236 1725 1287 par-

152 1330 345 1392 vulos;
378 1335 431 1381 et
455 1324 635 1393 junior
662 1322 917 1375 diaconus
964 1319 1197 1386 baptizat
1237 1324 1460 1367 «cteros
1486 1328 1604 1366 cum
1637 1324 1723 1363 ca-

162 1418 372 1473 nonicis
422 1410 892 1469 Lateranensibus.
968 1404 1314 1461 Postmodum
1380 1400 1608 1470 pontifex
1660 1399 1726 1450 ad

158 1512 331 1561 locum
372 1500 695 1559 christnandi
748 1498 1051 1563 revertitur,
1096 1505 1148 1549 et
1193 1495 1449 1549 clnismat
1490 1504 1596 1545 tres
1644 1492 1726 1541 itt-

154 1600 350 1650 tantes.
385 1593 471 1646 Sic
501 1594 676 1657 itaque
711 1588 905 1642 abiutis
942 1586 1208 1650 manibus,
1235 1600 1353 1638 cum
1390 1583 1564 1635 litauia
1594 1582 1728 1635 facta

153 1706 183 1739 a
212 1682 552 1739 subdiacouis
595 1679 913 1749 regionariis
946 1676 1248 1745 regreditur
1286 1677 1350 1728 ad
1396 1678 1562 1726 a'tare
1610 1670 1731 1727 ante

152 1774 440 1828 ecclesiam
466 1770 639 1825 sancti
668 1767 969 1832 Pancratii;
1001 1766 1175 1835 ibique
1202 1764 1466 1819 modicam
1490 1764 1731 1833 quiescit,

152 1877 208 1921 et
241 1866 411 1919 induit
438 1864 730 1929 planetam.

226 1957 317 2010 ⁸51.
364 1954 577 2007 Interim
632 1965 762 2006 vero
823 1950 1032 2004 diaconi
1103 1948 1404 2002 cardinales
1464 1952 1737 2013 reportant

159 2061 403 2101 mensam
453 2045 656 2107 altaris,
716 2052 769 2097 et
815 2052 996 2109 aptant
1035 2056 1149 2094 eam
1200 2050 1359 2108 super
1388 2039 1503 2106 ipso
1551 2036 1736 2101 altari,

157 2137 301 2193 sicut
323 2139 468 2203 prius
510 2136 700 2191 fuerat.
744 2132 984 2187 Pontifex
1011 2144 1187 2187 autem
1218 2147 1337 2185 cum
1377 2130 1728 2193 Processiune

161 2240 219 2285 ct
244 2230 426 2286 litania
453 2228 594 2281 vadit
617 2228 681 2301 ad
712 2227 902 2293 altare,
938 2237 987 2279 et
1018 2226 1255 2279 celebrat
1285 2225 1517 2277 Missam.
1549 2222 1738 2277 Scien-

162 2322 293 2374 dum
318 2322 455 2389 qnnd
490 2319 541 2373 in
582 2317 736 2372 Missa
770 2328 975 2385 septem
1013 2315 1200 2368 facula!
1232 2330 1350 2368 cum
1384 2322 1588 2382 septem
1618 2327 1744 2365 can-

162 2412 220 2466 dt
240 2412 402 2465 labris
433 2418 592 2474 sunt;
618 2408 719 2462 ’scd
755 2425 857 2460 non
904 2408 1032 2460 dicit
1064 2405 1225 2459 Credo
1263 2408 1315 2457 in
1355 2420 1512 2455 unum
1558 2403 1740 2468 Deum,

169 2515 273 2555 nec
326 2498 675 2563 offerendam,
727 2511 827 2551 nec
884 2497 1057 2563 Agnus
1108 2495 1222 2557 Dei,
1278 2510 1449 2562 neque
1501 2508 1745 2547 commu-

163 2595 402 2647 niooctn.
436 2590 602 2644 Porro
637 2596 755 2657 post
783 2587 1099 2657 Epistulam,
1130 2588 1241 2655 ipse
1274 2586 1504 2654 pontifex
1538 2583 1746 2638 nuntiat

163 2685 419 2739 Alleluia.
453 2682 791 2737 Primicerius
823 2694 942 2734 cum
968 2679 1150 2733 schola
1184 2686 1362 2732 cantat
1392 2693 1509 2731 eam
1540 2676 1589 2730 in
1627 2677 1746 2745 pul-

168 2774 307 2842 pito.
360 2774 438 2827 Ad
488 2770 829 2839 Evangelium
881 2784 1012 2824 vero
1058 2783 1161 2823 non
1194 2770 1389 2821 vadunt
1432 2766 1622 2820 facula:
1661 2782 1751 2820 ac-

164 2879 373 2919 censae.
422 2862 496 2915 Ad
548 2861 836 2919 Vesueram
879 2864 1056 2912 autem
1088 2856 1283 2913 dicitur
1328 2858 1570 2921 Alleluia,
1608 2854 1749 2913 PSal-

166 2969 296 3009 mns
346 2953 575 3007 Laudale
632 2951 932 3013 Dominum,
976 2966 1145 3003 omnes
1186 2957 1398 3019 gentes;
1446 2948 1751 3017 Antipltona

178 3045 399 3110 Vespere
426 3055 590 3096 autem
622 3041 835 3097 Sabbati
868 3057 886 3103 ,°
920 3040 1131 3104 Oratio;
1162 3039 1260 3106 Ite,
1295 3038 1454 3092 Missa
1485 3049 1577 3093 est.

209 3135 328 3189 XV.
366 3135 502 3201 Quid
525 3134 762 3186 dominus
785 3148 918 3200 papa
937 3133 1102 3200 facere
1129 3130 1267 3184 debet
1289 3130 1339 3183 in
1370 3130 1449 3182 die
1479 3127 1712 3182 Paschw.

243 3229 337 3281 52.
366 3200 421 3281 In
453 3226 538 3280 die
570 3224 784 3279 Pascite
815 3238 969 3277 tuane
996 3230 1113 3291 post
1135 3221 1366 3276 Primam
1400 3221 1611 3274 indutus
1635 3219 1755 3274 albo
1781 3200 1832 3266 ε

165 3320 390 3390 pluviali
418 3318 685 3371 llornanus
708 3315 964 3385 pontifex,
992 3331 1111 3370 cum
1140 3316 1377 3370 diaconis
1395 3315 1756 3370 cardinalibus

167 3412 399 3475 indutis,
431 3424 549 3464 cum
576 3408 915 3463 subdiacunis
951 3407 1262 3476 cit-terisque
1293 3406 1585 3460 minoribus
1609 3404 1756 3459 ordi-

176 3503 364 3564 nibus,
391 3500 712 3561 daltnaticis,
737 3506 787 3551 et
814 3498 1006 3561 mitris,
1037 3506 1090 3550 et
1117 3495 1308 3550 tunicis
1328 3494 1545 3559 intlutis,
1578 3503 1631 3549 et
1659 3509 1747 3547 ca-

174 3594 413 3667 pellauis
463 3590 597 3655 suis,
651 3590 797 3643 vadit
828 3588 894 3642 ad
942 3588 1217 3643 basilicam
1251 3590 1418 3641 sancti
1468 3587 1756 3639 Laurentii.

172 3682 489 3751 Presbyteri
531 3679 830 3733 cardinales
877 3677 1101 3731 induunt
1152 3692 1210 3732 se
1238 3677 1487 3744 planetis,
1520 3675 1759 3744 episcopi

171 3772 507 3842 pluvialibus
559 3770 756 3825 inloco
789 3770 875 3838 qui
926 3769 1121 3823 dicitur
1153 3767 1369 3821 basilica
1416 3769 1585 3820 sancti
1627 3768 1761 3823 Gre-

170 3866 342 3936 gorii,
370 3863 458 3917 ubi
498 3871 615 3931 pust
653 3860 959 3916 Orationem
996 3859 1229 3913 induitur
1267 3873 1432 3926 usque
1460 3859 1523 3910 ad
1557 3858 1761 3911 dalma-

173 3959 376 4019 tit-am;
409 3966 459 4009 et
488 3968 805 4022 exsurgens,
850 3952 1147 4021 ingreditur
1187 3951 1251 4003 ad
1284 3950 1612 4005 adorandum
1639 3949 1762 4005 Sal-

168 4061 446 4101 vatoretu.
478 4044 665 4114 Aperit
710 4044 1016 4112 imaginem,
1064 4043 1333 4097 osculatur
1381 4042 1545 4111 pedes
1584 4042 1764 4092 Salva-

170 4140 535 4205 toris,dicens
563 4138 667 4191 alta
691 4152 820 4190 voce
838 4136 1006 4189 tribus
1032 4135 1236 4188 vicibus
1257 4133 1493 4187 Surrexit
1516 4132 1765 4187 Dominus

178 4232 251 4283 de
277 4229 555 4296 sepulcro;
588 4240 640 4283 et
671 4232 858 4284 unmes
885 4231 932 4284 ei
967 4230 1293 4299 respondent
1320 4247 1331 4281 :
1369 4228 1467 4296 Qui
1499 4246 1590 4297 pro
1623 4229 1765 4281 nobis

173 4323 431 4390 pependit
480 4323 531 4375 in
581 4324 741 4392 ligno.
797 4323 1042 4377 Alleluia.
1088 4323 1236 4377 Tunc
1278 4322 1509 4393 acolytbi
1564 4336 1765 4391 ponunt

172 4429 405 4467 crucem
431 4413 654 4487 capelzze
676 4429 835 4483 super
862 4414 1052 4479 altare,
1077 4424 1129 4468 et
1152 4414 1397 4467 dominus
1423 4429 1552 4482 papa
1583 4414 1766 4467 adorat

175 4520 327 4557 eam.
373 4502 501 4557 Post
545 4505 929 4558 uaculationctn
976 4504 1293 4569 Salvatoris,
1344 4520 1465 4558 cum
1519 4506 1765 4559 omnibus

176 4596 307 4648 aliis
335 4594 528 4649 deinde
554 4596 693 4649 redit
731 4596 795 4649 ad
824 4598 1031 4662 sedem,
1062 4606 1115 4651 et
1153 4595 1244 4650 dat
1272 4611 1457 4665 pacem
1499 4596 1761 4650 archidia-

174 4700 327 4739 cono
360 4685 621 4745 redeunti,
644 4688 798 4758 185
820 4684 889 4739 ab
916 4688 1099 4741 osculo
1123 4688 1315 4756 pedum
1341 4687 1454 4757 ejus
1492 4686 1755 4757 imaginis,

170 4779 369 4832 dicens
419 4776 652 4831 Surrexit
687 4778 936 4832 Dominus
966 4796 1120 4846 vere;
1159 4793 1212 4835 et
1243 4780 1335 4836 ille
1382 4784 1669 4847 respondet
1698 4780 1765 4837 Et

177 4871 433 4937 apparuit
475 4867 699 4923 Simoni.
748 4869 1027 4924 Secundus
1055 4887 1265 4941 quoque
1295 4873 1569 4939 diaconus,
1610 4891 1763 4931 oscu-

178 4959 313 5011 latts
360 4959 581 5025 pedibus
627 4959 945 5024 Salvatoris,
995 4964 1200 5016 accedit
1228 4963 1291 5017 ad
1332 4979 1515 5032 pacem
1567 4969 1763 5022 summi

175 5048 459 5118 pontiﬁcis
486 5059 538 5102 et
570 5050 952 5117 archidiaconi,
989 5066 1041 5106 et
1072 5053 1219 5120 pooit
1247 5068 1304 5109 se
1332 5054 1382 5107 in
1417 5057 1533 5121 lilo;
1579 5061 1763 5114 ca-teri

175 5157 320 5196 vero
347 5145 560 5197 diaconi
595 5147 894 5202 cardinales
917 5148 1162 5204 similiter
1186 5150 1400 5205 faciunt.
1437 5144 1637 5208 Deinde
1665 5158 1767 5223 pri-

174 5234 446 5288 micerius
476 5252 593 5289 cum
642 5239 949 5291 cantoribus
979 5253 1042 5292 eu
1074 5239 1232 5293 modo
1261 5240 1323 5295 ad
1374 5258 1554 5310 pacem
1596 5247 1764 5311 Vadit,

174 5336 235 5380 ct
263 5326 320 5380 in
366 5326 458 5380 lito
486 5343 544 5381 se
590 5328 791 5396 dirigit.
828 5330 977 5383 Prior
1013 5346 1223 5400 quoque
1256 5334 1487 5389 basilica:
1515 5351 1632 5391 cum
1665 5339 1769 5393 dia-

171 5418 348 5472 conis
392 5418 668 5484 similiter;
720 5420 1059 5489 postmodum
1111 5422 1423 5478 subdiaconi
1478 5428 1766 5496 regionarii

264 5570 293 5599 ⁸
328 5561 401 5614 Ita
434 5561 593 5613 etiam
628 5560 752 5631 lcgit
785 5561 1087 5614 Panvinius.
1128 5564 1205 5614 An
1238 5561 1514 5617 femoralia
1540 5576 1716 5620 cerata
1745 5570 1767 5622 ’ἶ

176 5634 337 5698 Lege
376 5632 707 5685 Anastasiunt
743 5631 792 5684 in
827 5631 939 5683 Vita
970 5632 1183 5683 Adriani
1218 5646 1390 5700 papae,
1423 5634 1508 5686 ubi
1542 5636 1762 5692 Carolus

174 5704 413 5770 Magnus
460 5701 678 5752 Romam
713 5701 981 5763 ingressus
1011 5702 1241 5755 Sabban
1272 5743 1287 5766 ,
1321 5703 1373 5754 in
1416 5703 1622 5756 basi'it'a
1656 5707 1768 5758 Sal-

170 5774 381 5826 caloris
401 5774 553 5843 juxta
587 5770 889 5823 Lateranum
929 5770 1117 5824 dicitur
1143 5772 1370 5840 Slt‘lls‘S‘J,
1393 5791 1651 5842 auaui-que
1679 5776 1757 5829 ba-

1796 4559 1846 4620 ο

1819 580 1995 639 nibus,
2030 580 2217 632 eodem
2256 579 2410 633 modo
2468 594 2648 647 pacem
2693 577 2915 630 faciunt.
2961 578 3171 630 Ιηιριίιυ
3205 580 3399 630 schola,

1818 673 1957 725 canit
2016 672 2332 742 Cruci/imum
2384 673 2432 723 in
2500 689 2669 730 carne,
2725 682 2778 724 et
2814 668 2923 740 Ego
2981 687 3092 723 sum
3145 671 3302 739 alpha
3350 680 3397 724 et

1820 781 2013 832 omegu.

1893 857 1979 911 55.
2045 855 2322 924 Completa
2383 870 2549 922 pace,
2603 855 2835 922 pontifex
2886 855 3059 909 induit
3126 856 3433 923 planctum-

1823 949 2017 1007 allzam.
2069 950 2306 1017 pallium,
2336 955 2390 1000 et
2417 948 2623 999 mitram
2667 947 2961 1000 Solemnem
2989 962 3004 1009 ;
3037 946 3390 1000 descendens-

1824 1055 1927 1108 que
1956 1040 2019 1091 dt‘
2046 1040 2240 1107 pa'atio
2271 1053 2438 1107 usque
2465 1036 2529 1090 ad
2559 1038 2758 1091 exitum
2793 1036 3059 1105 porticelli
3085 1077 3100 1102 ,
3130 1040 3217 1091 ubi
3247 1040 3401 1091 albus

1828 1130 2125 1199 paLfredus
2156 1145 2275 1183 cum
2312 1144 2485 1182 nacco.
2505 1130 2747 1182 scarlata:
2778 1131 3116 1196 superposito
3142 1141 3196 1183 cl.
3221 1145 3397 1197 argen-

1828 1233 1912 1274 teo
1939 1220 2086 1273 freno
2113 1219 2420 1271 solemniter
2450 1233 2683 1286 prmpara
2696 1228 2776 1270 tus
2803 1227 2884 1271 est
2904 1234 2932 1271 a
2958 1220 3207 1287 magistro
3227 1234 3401 1272 senos.

1828 1311 1995 1374 calco,
2031 1320 2076 1362 et
2109 1311 2175 1361 ab
2204 1308 2667 1371 adextratoribns,
2692 1308 2979 1375 imponitur
3008 1308 3058 1362 ei
3084 1322 3303 1375 regnum
3337 1311 3402 1358 ab

1830 1403 2205 1456 arcbidiacouo
2232 1418 2245 1464 ;
2274 1414 2321 1454 et
2360 1402 2429 1452 ita
2461 1412 2750 1453 coronatus
2782 1397 3106 1465 palalredutn
3134 1400 3402 1459 ascendit,

1831 1505 1883 1550 et
1906 1493 2194 1563 equitando
2234 1490 2460 1555 incedit,
2516 1489 2939 1559 prmccdentibns
2998 1490 3047 1540 in
3095 1488 3282 1540 ordine
3310 1502 3411 1538 suo

1833 1584 2184 1648 bandulariis,
2215 1581 2667 1651 archiepiscopis,
2718 1580 3004 1649 episcopis,
3048 1579 3409 1632 cardiualibus

1834 1678 2183 1749 presbyteris,
2218 1674 2519 1737 abbatibus,
2542 1674 2883 1729 subdiaconis
2910 1713 2923 1733 ,
2964 1674 3201 1728 tliaconis
3231 1673 3410 1726 cardi-

1837 1770 2064 1833 nalibns,
2097 1779 2147 1822 et
2180 1766 2623 1836 sub~equeutibus
2665 1766 2915 1833 praelecto
2954 1766 3175 1833 aliisque
3230 1765 3414 1817 nobili-

1769 1844 1813 1903 Β
1842 1863 1939 1917 bus
1972 1860 2331 1916 Romanorum
2361 1900 2373 1921 ,
2405 1873 2570 1925 usque
2622 1858 2686 1911 ad
2730 1868 2965 1911 sanctam
3002 1856 3215 1909 Mariam
3249 1855 3413 1921 Majo-

1841 1971 1953 2011 retn
1987 1996 2000 2014 .
2058 1956 2196 2008 sicut
2245 1963 2300 2007 et
2349 1953 2591 2020 superius
2642 1951 2692 2003 in
2748 1950 2887 2003 festo
2935 1948 3105 2002 sancti
3156 1947 3415 2011 διε-νικηθειί
3464 1976 3467 1977 ν

1840 2055 2141 2102 enarratur.
2197 2044 2327 2099 Cum
2369 2054 2545 2097 autent
2594 2057 2686 2110 per
2728 2041 3053 2095 Merulanam
3104 2037 3415 2102 transierit,

1843 2138 2132 2195 scrinarius
2163 2138 2213 2191 in
2248 2137 2365 2191 loco
2387 2136 2678 2204 antiquitus
2707 2131 2999 2188 constituto
3027 2130 3076 2184 ei
3110 2128 3290 2182 obviat
3318 2167 3333 2190 ,
3364 2136 3419 2181 et

1844 2233 1951 2286 alta
1984 2245 2112 2286 voce
2141 2229 2303 2293 dicit,
2352 2227 2485 2282 Jube
2506 2268 2521 2293 ,
2554 2228 2738 2281 domne
2762 2266 2775 2290 ,
2830 2224 3140 2279 benedicere.
3177 2221 3415 2274 l‘ontilev

1846 2324 2115 2382 benedicit
2145 2339 2289 2385 eum,
2313 2330 2367 2376 et
2396 2319 2687 2375 scrinarius
2712 2317 2840 2371 dicit
2866 2334 2879 2369 :
2917 2316 2979 2368 In
3025 2315 3233 2367 ecclesia
3268 2313 3420 2365 beata

1849 2417 2032 2471 Mariae
2056 2420 2107 2469 in
2139 2415 2233 2468 hac
2259 2423 2403 2467 nocte
2428 2412 2669 2477 baptizati
2698 2420 2816 2463 sunt
2845 2417 2915 2462 tot
2941 2407 3084 2476 pueri
3129 2404 3339 2457 masculi
3377 2413 3422 2453 et

1850 2518 1919 2562 tot
1952 2509 2177 2577 feminae.
2230 2503 2473 2559 Pontifex
2534 2500 2820 2569 respondet
2878 2498 2983 2552 Deo
3030 2496 3240 2565 gratias.
3274 2494 3423 2545 Tunc

1849 2608 2027 2654 autem
2046 2595 2336 2652 scrinarius
2349 2594 2571 2661 suscipit
2597 2608 2624 2645 a
2650 2591 2945 2645 camerario
2972 2602 3067 2656 pro
3094 2585 3424 2639 nuntiatione

1850 2703 2012 2744 unum
2043 2684 2451 2740 ntarabotinutn.
2494 2682 2748 2737 Similiter
2777 2681 2834 2734 lit
2871 2679 3008 2748 apud
3036 2678 3286 2733 Sanctum
3322 2676 3420 2728 l'e-

1854 2791 1991 2833 trum
2023 2778 2073 2831 in
2106 2776 2339 2832 secunda
2367 2774 2521 2830 feria.
2548 2773 2900 2828 Perveniente
2950 2782 3127 2824 autem
3176 2768 3424 2837 pontilice

1854 2884 1973 2924 cum
2003 2867 2350 2923 Processione
2373 2865 2436 2919 ad
2472 2863 2732 2934 porticum
2755 2873 2954 2917 sancta:
2977 2860 3177 2925 Mariae,
3206 2860 3427 2912 descen-

1855 2961 1933 3017 dit
1958 2960 2022 3014 ad
2048 2960 2255 3014 Petram
2288 2957 2550 3028 papalent,
2580 2957 2632 3010 in
2657 2956 2775 3008 loco
2796 2954 3086 3023 antiquitus
3108 2952 3427 3011 constituto;

1856 3063 1910 3109 et
1936 3053 2180 3123 deposito
2209 3064 2377 3121 regno
2408 3049 2620 3103 ducitur
2646 3063 2675 3100 a
2703 3045 2970 3114 judicibus
3002 3045 3063 3096 ad
3099 3042 3379 3097 ecclesiam
3412 3056 3428 3102 ;

1858 3154 1911 3200 et
1931 3150 2178 3211 suscepta
2208 3141 2559 3195 Processione
2590 3153 2618 3190 a
2645 3137 2912 3192 canonicis
2956 3135 3123 3202 ipsius
3152 3131 3396 3187 ecclesia:
3416 3172 3431 3193 ,

1860 3247 1915 3291 et
1944 3236 2079 3290 facta
2109 3232 2508 3296 Benedictione,
2539 3230 2681 3284 vadit
2710 3229 2774 3283 ad
2800 3226 3181 3287 secretarium;
3215 3237 3436 3278 exuens-

1860 3346 1962 3402 que
1994 3328 2205 3396 tallinm
2232 3336 2286 3381 et
2322 3326 2610 3396 planetam,
2637 3322 2809 3391 posito
2834 3319 3048 3389 pluviali
3079 3332 3238 3385 super
3259 3316 3435 3369 hume-

1859 3440 1949 3480 ros
1976 3423 2159 3493 incipit
2188 3422 2447 3476 Tertiam.
2484 3418 2658 3473 Finita
2683 3432 2808 3470 vero
2836 3414 3038 3475 Tertia,
3063 3412 3204 3479 prior
3231 3408 3436 3477 episcoo

1862 3535 2047 3589 porum
2076 3558 2091 3582 ,
2123 3517 2210 3587 qui
2237 3516 2284 3570 ei
2315 3511 2516 3567 srrvire
2547 3511 2705 3565 debet
2734 3509 2787 3562 in
2837 3507 2992 3561 Missa
3018 3545 3032 3568 ,
3063 3504 3271 3558 ducitur
3311 3509 3437 3554 ante

1862 3612 2167 3682 pontilicem
2200 3624 2229 3662 a
2282 3607 2487 3662 duobus
2530 3604 2839 3674 episcopis;
2886 3609 2941 3654 et
2984 3598 3140 3652 tertio
3174 3596 3436 3664 postu'ata

1865 3700 2271 3763 Benedictioite,
2297 3696 2505 3752 accedit
2544 3694 2609 3749 ad
2644 3709 2825 3765 pacem
2861 3689 3126 3760 pontiﬁcis
3155 3730 3167 3747 .
3219 3693 3275 3740 et
3322 3698 3442 3738 sur-

1861 3807 1992 3862 gens
2020 3792 2173 3860 ponit
2192 3804 2251 3845 se
2274 3789 2328 3843 in
2352 3788 2539 3843 ordine
2565 3787 2630 3842 ad
2648 3788 2893 3841 dextrum
2921 3787 3055 3837 latus
3077 3781 3213 3851 ejus.
3240 3776 3441 3831 Deinde

1864 3884 2130 3940 secundus
2152 3881 2436 3950 episcopus
2451 3880 2658 3934 accedit
2683 3877 2747 3931 ad
2768 3891 2950 3944 pacem
2977 3874 3261 3943 pontificis,
3284 3870 3447 3942 186

1864 3987 1918 4031 et
1948 3974 2222 4045 porrigens
2251 3972 2491 4027 osculum
2524 3971 2687 4038 priori
2729 3983 2856 4032 suo,
2889 3974 2995 4019 stat
3022 3966 3072 4020 in
3121 3965 3210 4017 lito
3238 3962 3306 4016 ab
3337 3964 3440 4014 alio

1867 4068 2033 4122 latere
2085 4064 2371 4135 pontiﬁcis.
2429 4063 2621 4117 Caneri
2694 4074 2822 4115 vero
2890 4058 3124 4126 episcopi
3197 4055 3442 4109 similiter

1868 4159 2089 4224 iaciunt,
2112 4155 2416 4211 accedendo
2443 4155 2509 4208 ad
2560 4167 2743 4222 pacem
2773 4149 3040 4218 pontificis
3068 4192 3082 4215 ,
3113 4156 3167 4203 et
3196 4144 3442 4213 ponendo

1869 4264 1925 4302 se
1956 4240 2008 4303 in
2044 4248 2152 4301 ﬁlo.
2181 4246 2332 4301 Prior
2355 4257 2566 4314 quoque
2611 4242 3069 4311 presbyterorum.
3092 4234 3447 4290 cardinalium

1868 4339 2059 4394 ductus
2080 4348 2204 4391 ante
2234 4336 2538 4406 pontiﬁcem
2565 4331 2817 4386 aduobns
2844 4327 3186 4399 presbyteris,
3210 4332 3263 4377 et
3286 4323 3446 4376 tertio

1872 4430 2140 4498 postulata
2174 4426 2575 4489 Benedictione,
2606 4422 2816 4478 accedit
2845 4419 2911 4474 ad
2964 4431 3147 4486 pacem
3181 4415 3445 4484 pontiﬁcis

1870 4532 1923 4575 et
1952 4521 2323 4587 episc0porutn
2346 4557 2361 4580 ,
2413 4523 2467 4570 et
2499 4514 2679 4585 dirigit
2705 4527 2765 4567 se
2796 4513 2846 4565 itt
2874 4510 2983 4564 ﬁlo.
3032 4507 3443 4573 Subsequuntur

1871 4612 2051 4666 caueri
2082 4608 2376 4679 presbyteri
2400 4605 2732 4669 cardinales;
2759 4601 3039 4671 perlectus
3060 4612 3292 4667 quoque,
3311 4592 3448 4664 judi-

1872 4718 1980 4767 ces,
2017 4700 2247 4771 przelecti
2280 4698 2570 4763 navalium,
2618 4693 2883 4756 advocati,
2912 4689 3184 4747 scrinarii.
3216 4696 3446 4740 senato-

1874 4816 1981 4863 rcs,
2008 4800 2332 4867 majorentes
2358 4840 2371 4862 ,
2405 4796 2492 4866 qui
2540 4804 2799 4849 vocantur
2826 4791 3009 4847 schola
3041 4785 3308 4844 Stimulati
3332 4827 3344 4850 ,
3383 4798 3446 4835 ac

1873 4892 2053 4945 cmteri
2084 4891 2199 4943 laici
2254 4889 2486 4956 majores
2533 4897 2586 4941 et
2617 4886 2872 4947 minores,
2914 4882 2968 4934 in
3000 4879 3190 4935 ordine
3235 4891 3332 4929 suo
3379 4874 3444 4928 ad

1874 4998 2057 5052 pacem
2104 4982 2515 5046 suscipiendam.
2546 4976 2887 5033 Postmodum
2905 4986 3033 5029 vero
3076 4978 3300 5040 surgunt
3339 4967 3448 5020 duo

1877 5066 2185 5128 subdiaconi
2221 5072 2502 5126 basilicarii
2556 5081 2612 5125 et
2643 5066 2959 5136 accipientes
2982 5064 3210 5128 priorem
3244 5059 3455 5113 subdia—

1876 5179 2065 5219 conum
2094 5163 2483 5231 regionarium,
2535 5176 2629 5229 per
2660 5174 2848 5213 manus
2900 5170 3024 5209 cum
3068 5152 3357 5207 adextrant
3378 5148 3453 5201 ab

1880 5256 2097 5310 introitu
2127 5253 2397 5308 sccretarii
2432 5267 2597 5320 usque
2628 5251 2692 5304 ad
2720 5248 2953 5303 medium
2979 5244 3124 5307 atrii,
3160 5253 3287 5296 ante
3313 5256 3447 5309 pun-

1879 5346 2069 5400 tilicem
2095 5362 2108 5409 ;
2135 5345 2223 5414 qui
2254 5345 2358 5397 alta
2389 5357 2516 5396 voce
2543 5341 2689 5404 diclt,
2714 5338 2867 5403 lube,
2900 5339 3106 5400 domne,
3137 5332 3444 5391 benedicere,

1879 5437 2047 5492 tribus
2078 5438 2278 5492 vicibus
2303 5453 2316 5499 ;
2340 5447 2393 5489 et
2423 5435 2577 5489 tertio
2604 5433 2979 5487 Benedictione
3001 5437 3244 5497 suscepta
3274 5439 3305 5478 a
3327 5438 3455 5493 pon-

1871 5576 2118 5643 ptismatis
2148 5584 2524 5628 sacramentum
2557 5573 2787 5642 pontifex
2825 5571 3108 5640 perﬁceret,
3142 5569 3281 5643 quod
3304 5568 3448 5643 Onu-

1873 5638 2003 5698 l'rius
2036 5648 2256 5698 notavit.
2287 5646 2417 5699 Vide
2455 5638 2651 5698 ibidem
2704 5638 2949 5697 eumdem
2999 5640 3335 5695 Anastasium
3382 5638 3448 5689 de

1874 5716 2216 5785 sequentibus
2246 5715 2451 5769 diebus.

3492 5531 3505 5568 l
