4008 6338
537 320 681 376 “‘79

1214 315 1550 371 APPENDIX
1596 313 1685 367 ΛΠ
1725 316 1782 373 S.
1826 310 2149 371 GREGORH
2192 310 2405 367 MAG.“
2447 308 2815 367 LlTURGlCA
2855 307 3125 367 OPERA.

530 436 669 488 tilice
699 473 715 497 ,
773 432 1046 501 subiungit
1086 430 1232 483 Servi
1266 430 1473 482 Domini
1525 430 1686 483 nostri
1714 430 1842 483 Iesu
1874 430 2101 495 Christi,
2134 435 2177 488 Α
2209 436 2261 479 et
2304 426 2554 481 omnibus
2582 423 3079 492 circumstantibus,
3102 422 3169 477 ab
3191 421 3575 475 arcltidiacono
3597 433 3651 475 et
3676 424 3807 477 aliis

531 523 698 576 tribus
721 522 961 585 vicibus;
991 528 1046 574 et
1070 519 1234 572 dicit:
1269 517 1517 572 Dominus
1547 521 1937 573 archidiaconus
1967 520 2100 589 legat

531 613 883 683 Erangetrum,
916 610 1253 663 subdiaconus
1279 612 1408 680 legat
1445 610 1752 678 Epistulam,
1782 611 2100 679 primicerius

531 712 582 754 et
593 701 763 754 sceleri
790 710 1019 753 cantores
1044 710 1269 753 cantent.

595 791 685 844 54.
728 791 819 844 llis
872 806 1000 846 vero
1038 792 1356 862 completis,
1406 792 1577 861 surgit
1617 793 1852 861 pontifex
1877 831 1895 854 .
1929 802 1983 847 et
2021 809 2101 847 re-

530 889 738 947 sumpta
765 880 1000 949 planeta,
1022 881 1181 949 pallio
1196 891 1249 936 et
1272 882 1448 945 mitra,
1470 881 1935 949 processionaiiter
1956 883 2102 936 vadit

530 968 594 1022 ad
623 970 817 1033 altare,
837 980 890 1024 et
916 971 1104 1040 incipit
1126 972 1339 1027 Missam
1362 973 1433 1028 de
1450 988 1617 1029 more.
1643 974 1765 1029 Post
1791 975 2098 1029 Orationem

530 1075 677 1124 vero,
710 1070 993 1130 antequam
1017 1062 1222 1133 legatur
1239 1065 1494 1131 epistola,
1534 1066 1811 1120 descendit
1847 1064 2101 1120 archidia-

530 1164 695 1205 conus
723 1166 843 1206 cum
875 1154 1105 1209 diacono
1128 1163 1184 1209 et
1212 1155 1565 1221 subdiacono,
1595 1167 1649 1211 et
1672 1158 1916 1213 ordinate
1958 1169 2101 1213 stant

533 1246 678 1304 iuxta
699 1243 869 1299 altare
891 1245 944 1299 in
966 1246 1176 1303 duobus
1204 1247 1327 1313 filis,
1369 1250 1640 1305 scrinariis
1669 1268 1797 1306 vero
1831 1252 2100 1307 stantibus

532 1347 652 1385 rum
677 1333 1028 1401 pluvialibus;
1054 1347 1111 1392 et
1136 1347 1262 1393 tunc
1289 1339 1697 1395 archidiaconus
1722 1357 1843 1396 cum
1872 1342 2101 1397 diacono

532 1430 586 1473 et
607 1422 956 1490 subdiacono,
988 1435 1049 1481 et
1074 1427 1197 1482 aliis
1220 1429 1518 1497 ordinibus,
1545 1432 1736 1500 incipit
1778 1432 1965 1487 laudes
1990 1434 2099 1487 alta

534 1525 684 1577 Voce,
707 1522 761 1568 et
785 1515 876 1570 alii
908 1520 1253 1587 reSpondent,
1285 1521 1422 1577 sicut
1449 1525 1693 1591 superius
1722 1524 1975 1593 scriptum
2017 1535 2100 1579 est

534 1604 756 1658 infesto
778 1605 919 1661 beati
948 1608 1223 1676 Stephani.
1256 1611 1442 1673 Finitis
1469 1628 1597 1667 vero
1619 1614 1883 1680 laudibus,
1912 1616 2103 1684 legitur

541 1694 723 1748 Latina
750 1695 981 1765 Epistula
1007 1697 1175 1767 prius,
1201 1709 1251 1752 et
1274 1703 1607 1767 postmodum
1628 1703 1847 1770 Grtcca;
1870 1713 1923 1759 et
1944 1706 2104 1760 Evan-

2201 532 2499 587 pant‘l'ltls.

2270 606 2361 664 '56.
2397 608 2612 662 Interim
2645 621 2776 661 vero
2796 607 3133 676 primicerius
3159 621 3287 661 cum
3310 605 3629 659 eamoribuz
3673 620 3804 657 sur-

2199 702 2305 769 git.
2346 710 2402 755 et
2430 701 2573 754 canit
2617 715 2826 769 prosam
2865 700 3108 755 Graecam
3149 698 3452 764 huiusmodi
3482 717 3494 750 :
3529 706 3558 734 ⁸
3592 700 3807 766 Πάσχα

2200 792 2333 865 ἓερόν
2358 794 2480 861 ἡμῖν
2509 796 2730 865 σήμερον
2774 790 3142 850 ἀνεδεικνύσθη.
3182 791 3375 859 πάσχα
3400 791 3595 853 καινὸν,
3648 788 3813 860 ἅγιοι

2198 883 2412 951 πάσχα.
2436 905 2685 953 μυστικιν
2712 887 2923 953 πάσχα,
2947 883 3313 951 πανσέϐασμον
3341 884 3538 952 πάσχα
3558 886 3812 953 Χριστοῦ

2199 979 2290 1030 τοῦ
2328 974 2611 1047 λυτρωτοῦ.
2654 976 2850 1044 πάσχα
2890 971 3123 1045 ἄμωμον,
3160 972 3367 1043 πάσχα
3406 974 3559 1044 μέγα,
3603 975 3813 1040 πάσχα

2200 1070 2298 1117 τῶν
2339 1070 2553 1126 πιστῶν,
2602 1064 2792 1132 πάσχα
2831 1064 2926 1122 τὰς
2968 1063 3133 1121 πύλας
3176 1063 3291 1132 ἡμῖν
3331 1069 3420 1116 τοῦ
3461 1060 3806 1134 παραδείσου

2200 1156 2407 1225 ἀνέῳγε,
2456 1154 2655 1223 πάσχα
2704 1156 2899 1214 πάντας·
2941 1155 3272 1209 ἀναπλάττων
3317 1155 3571 1226 βροτοὺς,
3619 1158 3797 1207 ωνέν

2201 1242 2379 1298 Πάπαν
2404 1247 2587 1316 Χριστέ
2635 1246 2859 1317 φύλαξον.
2887 1244 2953 1298 Et
2977 1244 3058 1299 his
3094 1246 3394 1300 decantatis
3421 1286 3437 1311 ,
3494 1261 3692 1298 omnes
3722 1244 3796 1297 ad

2201 1334 2409 1402 propria
2430 1342 2787 1392 revertuntur.

2203 1448 2341 1502 XVI.
2366 1449 2503 1514 Quid
2523 1450 2694 1503 debeat
2715 1452 2879 1519 facere
2925 1450 3159 1519 dominus
3191 1465 3325 1518 papa
3363 1450 3419 1503 iis
3458 1448 3685 1502 scenda
3714 1450 3801 1499 die

2917 1518 3151 1573 Paschw.

2276 1608 2449 1664 57.ln
2496 1608 2727 1667 secunda
2774 1608 2899 1665 feria
2955 1622 3074 1679 post
3127 1610 3333 1665 PaScha
3383 1625 3603 1665 summa
3637 1624 3798 1663 mane

2207 1698 2453 1754 dominus
2475 1700 2712 1769 pontifex
2746 1704 2905 1773 188
2931 1705 3269 1772 congregatis
3288 1702 3543 1756 omnibus
3596 1701 3790 1770 palati-

532 1790 726 1855 gelium
758 1791 1001 1847 Latinum
1028 1806 1079 1848 et
1111 1791 1375 1848 Grmcum.
1426 1794 1479 1849 In
1527 1808 1732 1851 secreta
1783 1813 1909 1852 vero
1932 1839 1950 1864 ,
1980 1813 2101 1854 cum
2138 1815 2181 1873 η
2211 1793 2293 1845 nis
2320 1792 2593 1848 ordinibus
2624 1795 2676 1847 in
2702 1794 2953 1860 palatium
2979 1836 2994 1856 ,
3035 1803 3090 1849 et
3117 1794 3449 1849 descendens
3482 1810 3581 1862 per
3624 1796 3795 1862 porti-

535 1877 773 1944 prttefatio
802 1878 1006 1947 incipit,
1029 1881 1364 1935 descendunt.
1388 1883 1494 1937 duo
1522 1884 1739 1938 diaconi
1756 1900 1878 1939 cum
1896 1886 2106 1941 duobus

535 1967 883 2024 subdiaconus
905 1970 1179 2035 deorsum,
1215 1980 1271 2025 et
1299 1982 1441 2025 Stant
1471 1974 1523 2026 in
1557 1972 1739 2029 fronte
1762 1976 1945 2031 altaris
1969 1978 2107 2031 ordi-

538 2057 701 2112 natim
731 2075 851 2113 tum
879 2060 1118 2126 silentio;
1143 2062 1357 2128 quando
1378 2072 1553 2118 autem
1588 2065 1821 2133 pontifex
1842 2066 1972 2121 dicit
1993 2066 2110 2122 Pax

544 2148 754 2202 Domini
778 2151 842 2204 sit
870 2166 1067 2219 semper
1087 2152 1362 2220 vobiscum,
1393 2155 1567 2209 nullus
1596 2157 1646 2211 ei
1696 2157 1982 2228 respondet
2008 2178 2022 2225 ;
2055 2170 2112 2216 et

541 2250 664 2296 tunc
689 2240 944 2296 diaconus
967 2254 1021 2297 et
1058 2244 1418 2301 subdiaconus
1453 2258 1798 2303 revertuntur
1839 2251 2106 2319 superius.

606 2331 695 2387 55.
720 2332 893 2387 Finita
920 2349 1048 2388 vero
1072 2335 1229 2391 Missa
1248 2347 1557 2401 coronatur,
1582 2340 1823 2407 reditque
1843 2355 1962 2394 cum
1988 2339 2110 2394 Pro»

534 2422 781 2477 sessione
808 2423 881 2477 ad
908 2426 1160 2494 palatium
1184 2467 1199 2487 .
1255 2428 1394 2482 sicut
1441 2443 1598 2497 supra
1634 2430 1836 2484 dictum
1872 2440 1956 2486 est
1979 2473 1995 2497 ,
2055 2433 2108 2485 in

539 2512 848 2580 supradicto
880 2513 1015 2568 festo
1036 2518 1207 2572 sancti
1246 2517 1534 2587 Stephani;
1580 2531 1633 2573 et
1676 2522 1912 2590 acceptis
1944 2522 2113 2576 laudi-

540 2602 635 2655 bus
665 2618 695 2655 a
717 2602 989 2659 cardinale
1007 2606 1177 2661 sancti
1205 2606 1480 2662 Laurentii
1503 2651 1517 2671 ,
1550 2609 1762 2665 ducitur
1788 2625 1818 2664 a
1857 2611 2110 2680 primice-

535 2693 616 2747 rio
643 2700 698 2745 et
724 2696 1093 2752 secundieerio
1116 2696 1387 2766 iudicibus
1436 2716 1557 2755 cum
1599 2703 1754 2755 mitra
1802 2704 1855 2757 in
1887 2703 2106 2759 basilica

538 2798 724 2851 mgna
757 2784 1049 2852 Lenniana,
1072 2804 1193 2858 qua:
1216 2791 1410 2845 dicitur
1450 2790 1583 2846 Casa
1625 2794 1813 2863 Major,
1849 2795 1936 2849 ubi
1982 2804 2111 2850 sunt

540 2886 836 2945 praeparata
867 2879 1109 2935 undecim
1140 2896 1352 2937 scamna
1379 2885 1521 2940 circa
1552 2902 1790 2942 mensam
1820 2889 2109 2958 pontificis,

542 2969 869 3040 presbyteris
895 3011 911 3035 ,
967 2972 1121 3042 187
1153 2973 1417 3040 diaconis,
1468 2978 1802 3045 primicerio;
1853 2988 1907 3034 et
1940 2980 2111 3034 lectus

542 3061 713 3127 ipsius
762 3063 1026 3128 pontiﬁcis
1064 3064 1261 3119 ibidem
1318 3067 1635 3122 solemniter
1682 3080 2013 3137 praeparatus
2054 3072 2109 3125 in

2210 1894 2329 1935 cum
2352 1921 2369 1944 ,
2400 1891 2454 1937 et
2498 1880 2768 1951 inveniens
2796 1899 2989 1950 ctutum
3020 1900 3129 1937 non.
3150 1883 3434 1937 faleratuut
3459 1924 3480 1950 ,
3530 1884 3626 1938 sed
3660 1884 3798 1938 sicut

2211 1970 2379 2026 moris
2407 1981 2491 2026 est
2514 2015 2529 2039 ,
2562 1974 2738 2043 pergit
2764 1974 2829 2027 ad
2856 1982 3100 2029 sanctum
3132 1974 3344 2028 Petrum
3376 1992 3397 2040 ;
3425 1976 3609 2044 ibique
3632 1975 3782 2029 cele—

2210 2063 2356 2116 brata
2385 2062 2539 2117 Missa
2568 2063 2637 2119 de
2665 2079 2814 2118 more
2841 2105 2855 2127 ,
2884 2074 2937 2119 et
2990 2065 3234 2119 laudibus
3260 2075 3423 2135 atque
3474 2066 3797 2120 solemnita-

2215 2154 2356 2207 tibus
2378 2154 2637 2209 universis
2671 2194 2688 2220 ,
2717 2155 2854 2209 sicut
2882 2156 3127 2210 hesterna
3156 2155 3247 2209 die
3270 2198 3285 2222 ,
3320 2156 3553 2221 peractis
3577 2196 3594 2219 ,
3625 2170 3783 2209 coro-

2210 2254 2367 2299 natur
2390 2245 2456 2299 ad
2494 2246 2689 2315 gradus
2719 2246 2948 2301 basilicae
2975 2265 2990 2312 ;
3020 2248 3303 2301 revertitur
3331 2246 3657 2302 latentium
3690 2264 3707 2311 ;
3734 2255 3796 2302 et

2209 2351 2274 2390 eo
2304 2335 2585 2405 incipiente
2613 2338 2853 2406 equitare
2876 2376 2893 2402 ,
2924 2338 3257 2392 senescallus
3287 2346 3405 2405 post
3434 2353 3560 2392 eum
3583 2336 3791 2391 vadens

2213 2423 2339 2478 facit
2366 2426 2432 2480 de
2480 2426 2713 2482 denariis
2761 2427 2965 2497 iactum
3021 2444 3226 2495 unum,
3274 2438 3331 2481 ut
3372 2428 3452 2482 sic
3508 2427 3804 2481 multitudo

2211 2516 2387 2586 pepuli
2410 2558 2425 2583 ,
2454 2532 2572 2587 quae
2609 2518 3041 2586 impedimentum
3077 2527 3291 2586 praestat
3317 2518 3539 2573 domino
3584 2533 3737 2587 papa
3764 2558 3789 2583 ,

2211 2608 2475 2661 removeri
2517 2608 2722 2676 possit,
2774 2607 3011 2662 denariis
3044 2595 3188 2677 ipsis
3241 2608 3561 2677 colligendis
3616 2609 3799 2661 inten-

2211 2697 2361 2752 dens.
2397 2699 2681 2769 Postquam
2714 2715 2840 2754 vero
2868 2700 3115 2754 dominus
3144 2714 3276 2769 papa
3298 2700 3545 2769 pervenit
3572 2699 3642 2752 ad
3676 2708 3790 2753 tur-

2212 2791 2314 2843 rim
2341 2790 2593 2859 Stephani
2616 2792 2847 2859 Serpetri
2876 2833 2894 2859 ,
2949 2807 3069 2861 qua:
3094 2802 3174 2847 est
3198 2793 3248 2846 in
3277 2791 3452 2860 capite
3495 2791 3746 2845 Parionis
3772 2829 3793 2854 ,

2214 2899 2350 2937 unus
2374 2885 2442 2939 de
2470 2884 2760 2941 curialibus
2786 2885 2988 2941 domini
3012 2901 3163 2956 papa:
3183 2888 3417 2941 existens
3440 2885 3495 2940 in
3517 2886 3634 2954 ipsa
3660 2885 3797 2939 turri

2213 2974 2338 3029 facit
2365 2975 2437 3030 ibi
2465 2992 2624 3030 unum
2645 2977 2842 3045 jactum
2871 2977 2939 3032 ob
2960 2992 3173 3032 causam
3197 2978 3640 3047 suprascriptam.
3666 2977 3801 3030 Cum

2215 3075 2395 3119 autem
2442 3065 2691 3121 dominus
2721 3081 2853 3135 papa
2882 3067 2945 3120 ad
3004 3067 3255 3136 palatium
3282 3068 3454 3121 Centii
3512 3066 3714 3120 Musca
3744 3064 3803 3118 in

545 3152 709 3221 ﬁgura
764 3150 1011 3241 undecim
1064 3155 1427 3221 apostolorum
1480 3159 1903 3213 recumbentium
1970 3161 2109 3214 circa
2137 3177 2183 3241 ο
2217 3155 2395 3224 Punga
2428 3156 2562 3228 [_Al.,
2593 3156 2857 3229 Peruaga]
2904 3158 2960 3211 in
2985 3158 3067 3210 via
3089 3157 3157 3211 de
3182 3156 3324 3226 Papa
3364 3156 3575 3211 venerit
3598 3199 3615 3220 ,
3649 3156 3799 3208 simi-

547 3258 787 3299 niensam
812 3239 1040 3298 Christi.
1066 3244 1355 3302 Trausieas
1383 3249 1619 3317 pontifex
1650 3265 1743 3318 per
1762 3250 1930 3318 ipsam
1965 3251 2111 3305 basi-

539 3338 697 3392 licam
750 3338 915 3393 intrat
971 3348 1273 3404 cameratn;
1319 3340 1407 3393 ubi
1456 3350 1672 3409 recepto
1699 3341 2035 3411 presbyterio
2081 3358 2111 3397 a

544 3433 841 3487 camerario
883 3432 936 3488 in
984 3432 1188 3504 scypho
1233 3444 1506 3501 argenteo,
1538 3444 1591 3489 et
1610 3434 1737 3489 dato
1780 3436 1917 3489 sicut
1939 3436 1992 3490 in
2022 3436 2114 3489 Na.

549 3521 754 3577 tivitate
780 3523 1013 3589 Domini,
1044 3523 1214 3593 surgit
1259 3531 1314 3577 et
1339 3522 1551 3578 ducitur
1581 3539 1610 3577 a
1644 3523 1896 3593 magistro
1941 3538 2117 3580 senes-

548 3612 689 3667 callo
708 3622 764 3669 et
795 3614 1045 3683 pinccrna
1075 3614 1141 3669 ad
1179 3614 1354 3669 locum
1386 3615 1473 3683 qui
1504 3614 1701 3668 dicitur
1742 3615 2069 3670 Cubitorium
2094 3632 2110 3680 ;

547 3702 728 3771 ibique
774 3720 805 3757 a
851 3705 1049 3775 iuniori
1092 3705 1407 3776 presbytero
1445 3705 1702 3760 cardinali
1754 3721 1917 3775 agnus
1960 3720 2114 3762 assus

546 3799 914 3867 benedicitur;
946 3811 998 3855 et
1018 3801 1213 3857 exinde
1238 3801 1377 3856 redit
1422 3800 1487 3854 ad
1535 3810 1885 3867 prmparatum
1916 3800 2111 3854 lectum

546 3903 766 3945 interisse.
800 3890 864 3944 Et
885 3888 1155 3961 accipiens
1191 3889 1334 3945 idem
1385 3889 1624 3958 pontifex
1657 3904 1838 3960 parum
1885 3890 1953 3945 de
1998 3893 2115 3959 ipso

545 3995 684 4051 agno
701 4021 720 4048 ,
747 3981 969 4053 porrigit
998 3983 1163 4053 priori
1210 3983 1510 4038 basilicario
1537 3983 1742 4038 sedenti
1777 3983 1830 4036 in
1858 3983 2114 4039 subsellio

542 4084 667 4128 ante
695 4073 888 4129 lectum
935 4075 1126 4144 ipsius,
1170 4074 1397 4131 dicens:
1432 4075 1584 4141 Quod
1622 4074 1775 4145 facis,
1821 4077 1901 4145 [ac
1927 4076 2112 4141 citius;

541 4165 677 4218 sicut
698 4164 786 4218 ius
804 4166 998 4236 accepit
1019 4165 1094 4219 ad
1116 4166 1526 4227 damnationem,
1560 4176 1613 4218 tu
1640 4167 1809 4235 accipe
1836 4166 1906 4219 ad
1936 4166 2114 4235 remis-

543 4257 756 4311 sionem.
781 4255 1059 4325 Reliquum
1083 4271 1211 4312 vero
1231 4258 1349 4327 agni
1368 4256 1635 4312 distribuit
1658 4256 2115 4312 discumbentibus

541 4358 592 4401 et
622 4348 743 4403 aliis
771 4347 1262 4404 circumstantibus.
1296 4348 1349 4402 In
1376 4347 1552 4403 medio
1584 4363 1714 4403 vero
1738 4349 1966 4404 convivii
1994 4363 2115 4403 sur-

541 4441 619 4509 git
639 4455 776 4497 unus
798 4440 866 4497 de
886 4440 1124 4497 diaconis
1172 4440 1532 4496 cardinalibus
1571 4441 1639 4497 de
1669 4441 1919 4496 mandato
1942 4442 2115 4496 archi-

2215 3245 2336 3300 liter
2358 3247 2572 3315 quidam
2592 3249 2657 3301 de
2680 3247 2965 3302 curialibus
2984 3248 3223 3302 ascendit
3252 3248 3508 3316 palatium
3531 3288 3548 3310 ,
3576 3258 3635 3301 et
3663 3250 3795 3300 facit

2214 3352 2374 3391 unum
2399 3338 2597 3407 jactum
2621 3339 2691 3391 ob
2711 3348 3057 3393 memoratam
3086 3353 3324 3394 causam.
3356 3339 3591 3405 Quando
3610 3349 3793 3392 autem

2216 3433 2453 3500 pervenit
2485 3431 2550 3484 ad
2580 3441 2824 3485 sanctum
2860 3432 3091 3485 Marcum
3116 3472 3131 3495 ,
3185 3431 3399 3501 quidam
3432 3432 3598 3485 simili
3634 3431 3801 3485 modo

2213 3522 2281 3576 de
2303 3522 2586 3577 curialibus
2610 3562 2624 3587 ,
2653 3532 2712 3576 et
2737 3521 2806 3575 ob
2834 3522 3079 3576 eamdem
3108 3536 3321 3576 causam
3376 3519 3505 3575 facit
3529 3521 3602 3574 ibi
3628 3537 3792 3586 quar-

2216 3625 2325 3667 tunt
2348 3614 2570 3683 jactum.
2596 3614 2725 3666 Cum
2757 3626 2888 3666 vero
2918 3612 3216 3680 pervenerit
3240 3611 3305 3665 ad
3322 3621 3571 3665 sanctum
3599 3610 3787 3664 Adriao

2216 3719 2342 3759 num
2367 3743 2381 3768 ,
2411 3706 2625 3774 quidam
2656 3706 2791 3758 alius
2813 3704 2880 3758 de
2930 3706 3221 3759 curialibus
3262 3704 3508 3758 ascendit
3537 3703 3805 3771 palatium

2215 3806 2413 3852 saneta:
2443 3795 2679 3851 Martium
2707 3837 2722 3861 ,
2752 3809 2803 3852 et
2829 3798 2954 3852 facit
2993 3798 3067 3853 ibi
3092 3798 3333 3867 quintum
3354 3798 3559 3865 iactum
3590 3796 3662 3850 ob
3684 3810 3801 3850 me-

2214 3898 2470 3943 moratam
2496 3902 2732 3946 causam.

2285 3978 2369 4035 58.
2402 3978 2687 4035 Sciendum
2735 3991 2910 4035 tamen
2936 3980 3081 4049 quod
3107 3979 3325 4035 dommo
3353 3992 3504 4047 papa
3524 3985 3651 4031 ante
3686 3986 3806 4030 tur-

2216 4074 2315 4127 rim
2334 4072 2505 4141 primo
2523 4071 2714 4125 dictam
2735 4069 2903 4125 Judaei
2925 4078 3214 4126 occurrunt
3237 4111 3252 4133 ,
3279 4078 3334 4123 et
3354 4069 3405 4123 ei
3436 4069 3609 4137 legem
3631 4080 3790 4121 suam

2216 4170 2540 4232 praesentant
2561 4201 2576 4226 ,
2603 4161 2904 4230 faciuntque
2933 4162 3115 4217 laudes
3141 4178 3157 4225 ;
3189 4175 3284 4229 pro
3310 4158 3503 4227 quibus
3548 4156 3805 4212 laudibus

2223 4253 2489 4321 recipiunt
2518 4268 2548 4306 a
2574 4252 2870 4307 camerario
2895 4251 2953 4305 in
3002 4251 3387 4321 presbyterium
3418 4247 3604 4315 viginti
3636 4245 3795 4301 solid.

2215 4344 2544 4415 provesinos.
2568 4344 2863 4398 Notandum
2910 4351 3162 4411 praeterea
3191 4340 3335 4411 quod
3361 4355 3391 4393 a
3419 4347 3612 4394 sancto
3635 4337 3801 4392 Petro

2217 4450 2382 4505 usque
2404 4436 2470 4490 ad
2499 4435 2749 4503 palatium
2773 4433 2971 4487 domini
3009 4449 3159 4503 papa:
3196 4433 3331 4486 fiunt
3356 4445 3515 4485 arcus
3535 4444 3566 4483 a
3592 4429 3799 4483 Roma-

545 4532 781 4598 iliaconi,
808 4541 863 4588 et
889 4533 1015 4603 legit
1043 4533 1110 4587 ad
1139 4547 1398 4587 mensam.
1423 4531 1599 4586 Finito
1625 4540 1801 4586 autem
1832 4533 2077 4587 convivio
2096 4574 2110 4597 ,
2151 4544 2197 4604 ο
2223 4530 2304 4583 nis
2335 4528 2671 4583 honorabiles
2700 4527 2753 4581 in
2806 4527 2893 4580 via
2938 4540 3033 4595 per
3053 4541 3213 4596 quam
3245 4524 3433 4578 transit
3458 4539 3474 4588 ;
3523 4530 3581 4577 et
3608 4522 3797 4576 clerici

544 4632 795 4679 cantores
819 4638 1031 4693 prosam
1054 4631 1290 4684 cantant,
1307 4637 1427 4693 quae
1442 4624 1513 4676 sit
1535 4624 1861 4678 conveniens
1877 4622 2119 4690 Pascbte,

2225 4634 2412 4673 omnes
2442 4617 2662 4672 Romani
2701 4625 2987 4672 occurrunt
3026 4617 3198 4670 eidem
3240 4614 3411 4669 induti
3440 4612 3800 4680 undecunque

540 4713 609 4766 tle
629 4711 881 4768 mandato
902 4710 1192 4782 pontificis.
1214 4712 1403 4766 Postea
1428 4726 1557 4767 vero
1580 4712 1854 4767 descendit
1872 4712 1923 4767 in
1948 4713 2122 4768 eccle-
2219 4718 2443 4781 possunt
2487 4725 2605 4764 cum
2658 4708 2921 4763 thuribulo
2946 4723 2963 4772 ;
3023 4710 3074 4762 in
3124 4705 3614 4763 remunerationem
3643 4702 3800 4772 cujus

540 4803 677 4857 siam
705 4803 1117 4860 Lateranensem
1147 4801 1213 4856 ad
1246 4802 1528 4870 Vesperas.
1561 4802 1701 4857 sicut
1729 4803 2040 4856 continetur
2065 4803 2118 4857 in

541 4893 953 4963 Autipbonario.
982 4892 1281 4949 Celebratis
1308 4893 1477 4947 tribus
1500 4892 1752 4961 Vesperis
1793 4891 1846 4947 in
1894 4892 2120 4948 basilica

540 4982 853 5049 Salvatoris,
884 4990 942 5038 et
965 4982 1031 5038 ad
1064 4982 1283 5050 Fontes,
1310 4991 1474 5052 atque
1500 4983 1566 5036 ad
1591 4991 1831 5037 sanctam
1860 4983 2110 5049 Crucem,

542 5073 825 5130 revertitur
854 5073 920 5128 ad
948 5075 1212 5144 porticum
1241 5076 1415 5129 sancti
1449 5074 1727 5140 Venantii;
1756 5074 1934 5144 ibique
1963 5076 2117 5131 sedet

540 5180 668 5219 cum
692 5164 980 5235 episcopis,
1010 5163 1369 5221 cardinalibus
1392 5165 1710 5234 exterisque
1737 5165 2036 5232 ordinibus,
2060 5177 2118 5223 et

540 5256 661 5310 aliis
691 5265 797 5312 tam
829 5257 977 5312 laicis
1001 5272 1160 5325 quam
1187 5256 1423 5324 clericis,
1454 5258 1504 5311 in
1538 5265 1679 5312 terra
1731 5272 1891 5326 super
1939 5266 2115 5329 tapeta

543 5348 925 5405 residentibus.
944 5349 1148 5405 Deinde
1176 5351 1487 5420 propinatur
1506 5349 1608 5404 sibi
1637 5350 1893 5404 claretum
1912 5350 2116 5419 vinum,

613 5510 639 5537 "
679 5501 1049 5571 lnterprctatio
1099 5506 1165 5558 ad
1195 5504 1413 5557 verbum
1443 5521 1457 5558 :
1490 5501 1693 5557 Pascha
1729 5519 1930 5555 sacrum
1973 5506 2114 5555 not-is

543 5571 695 5624 hodie
718 5586 969 5626 ostensum
997 5584 1066 5627 est
1093 5613 1107 5639 ,
1135 5572 1538 5639 Paschaanovum
1569 5615 1583 5630 .
1607 5582 1843 5625 sanctum
1865 5571 2067 5625 Pascha
2090 5616 2105 5637 ,

541 5646 804 5709 myst‘cum
833 5641 1056 5705 Pascha,
1102 5648 1321 5696 maxime
1364 5644 1640 5696 venerabile
1680 5641 1883 5694 Pascha
1919 5641 2107 5695 Christi

544 5714 875 5775 redemptoris
891 5752 915 5779 ,λ
930 5710 1132 5766 Pascha
1182 5714 1591 5778 immaculatum,
1610 5710 1812 5766 Pascha
1834 5727 2098 5784 magnum,

2220 4803 2442 4857 honoris
2498 4802 2751 4855 Romanis
2798 4816 2893 4869 pro
2940 4800 3170 4855 arcubus
3196 4799 3352 4853 datur
3394 4797 3790 4866 presbyterium

2222 4893 2438 4963 triginta
2465 4893 2703 4962 quinque
2732 4890 2988 4944 librarum
3012 4890 3415 4958 provesinarum
3438 4895 3492 4940 et
3511 4884 3787 4945 dimidia;

2220 4981 2431 5037 clericis
2456 4995 2586 5036 vero
2612 4995 2708 5049 pro
2751 4980 3031 5034 tlturibulis
3085 4978 3298 5047 triginta
3338 4976 3495 5029 trium
3540 4976 3799 5028 librarum

2222 5072 2620 5141 provesinarum
2648 5115 2663 5138 ,
2694 5082 2749 5124 ut
2777 5074 2828 5124 in
2868 5071 3211 5140 sequentibus
3244 5065 3451 5135 plenius
3499 5067 3797 5134 apparebit.

2222 5164 2352 5218 Cum
2380 5178 2509 5217 vero
2554 5162 2800 5216 dominus
2853 5176 2983 5230 papa
3029 5162 3093 5213 ad
3154 5161 3402 5227 palatium
3452 5160 3707 5225 venerit,
3747 5166 3798 5213 et

2227 5258 2469 5313 laudibus
2491 5257 2643 5313 factis
2665 5273 2693 5310 a
2725 5256 2981 5312 cardinali
3009 5256 3176 5311 sancti
3209 5255 3476 5309 Laurentii
3503 5262 3563 5307 et
3601 5254 3796 5321 judici-

2227 5351 2330 5406 bus
2357 5391 2372 5414 ,
2400 5347 2731 5405 descendens
2755 5388 2772 5413 ,
2801 5363 2968 5417 regno
2988 5347 3232 5415 deposito
3257 5383 3274 5410 ,
3315 5345 3529 5399 ducitur
3570 5346 3621 5398 in
3654 5344 3799 5412 pala-

2218 5502 2419 5573 Paschu
2444 5503 2670 5569 ﬁdelium
2691 5544 2705 5566 ,
2742 5500 2943 5556 Pascha
2971 5512 3144 5573 portas
3175 5502 3317 5555 nobis
3342 5502 3795 5573 paradisi‘resem-

2211 5574 2278 5623 rit
2296 5613 2312 5635 ,
2346 5571 2546 5625 Pascha
2577 5589 2746 5625 omnes
2764 5570 3048 5642 reformatis
3070 5573 3333 5638 mortales,
3356 5587 3543 5626 novum
3573 5570 3796 5642 Papam,

2208 5643 2402 5698 Christe
2425 5683 2441 5710 .
2467 5658 2709 5696 conserva
2729 5689 2743 5700 .

3666 308 3693 361 1
3706 306 3817 357 ssc

3933 92 3963 495 ί

3952 648 3973 865 l

3956 874 3974 1429 ι
