4008 6376
396 360 409 379 ⁸
473 352 607 407 I087

459 467 788 537 cquitareut;
812 465 1083 522 sciendum
1109 474 1284 517 tamen
1305 462 1447 532 quod
1478 463 1576 527 ipsi
1601 461 1797 515 debent
1821 460 2041 522 habere,
2070 466 2109 518 Α

459 559 503 610 si
536 559 603 612 ab
650 558 756 611 alio
795 570 952 625 quam
994 569 1021 606 a
1066 554 1285 608 domino
1340 568 1472 621 papa
1530 562 1932 605 consecraretur
1984 551 2036 604 in

461 650 614 704 urbe.

966 712 1110 769 XXI.
1153 712 1229 768 De
1272 714 1508 767 Ostiart'is

530 828 619 881 Η.
660 825 870 880 Ostiarii
900 834 1074 879 autem
1103 826 1371 892 accipiunt
1398 840 1427 877 a
1454 824 1673 878 domino
1705 838 1834 889 papa
1865 824 2039 879 sinan-

458 913 524 970 lis
553 914 737 969 diebus
769 929 866 982 pro
893 914 1245 968 custodiendo
1286 914 1479 979 palatio
1518 913 1901 967 conteStionem
1946 928 2041 978 pro

458 1005 666 1058 duobus
694 1004 893 1058 schola:
925 1003 1109 1070 ipsius.
1151 1004 1374 1070 Quando
1431 1018 1559 1057 vero
1610 1002 1857 1057 dominus
1906 1017 2038 1071 papa

456 1101 762 1157 coronatur,
796 1107 982 1148 omnes
1011 1108 1107 1162 pro
1137 1094 1417 1148 voluntate
1463 1093 1741 1147 camerarii
1791 1092 1857 1145 ad
1899 1092 2042 1159 pala-

459 1186 588 1236 tium
629 1183 826 1237 debent
854 1184 1132 1246 accedere,
1163 1192 1216 1237 et
1240 1182 1412 1251 ipsum
1460 1183 1714 1251 palatium
1746 1182 2039 1235 custodire.

457 1270 685 1340 Propter
712 1271 851 1341 quod
875 1272 1061 1325 eadem
1091 1271 1177 1325 die
1198 1270 1579 1325 comestionem
1609 1284 1636 1323 a
1669 1270 1885 1324 domino
1908 1285 2038 1338 papa

455 1362 655 1417 debent
685 1362 903 1417 habere.
928 1362 1277 1416 Ostiariorum
1306 1362 1413 1415 duo
1441 1375 1676 1431 semper,
1707 1360 1919 1427 quando
1948 1361 2040 1414 do-

456 1451 633 1505 minus
664 1465 796 1520 papa
833 1453 986 1522 197
1033 1453 1255 1521 equitat,
1304 1451 1369 1505 ad
1418 1452 1677 1505 stationes
1716 1451 1913 1507 debent
1959 1450 2041 1506 ire

455 1556 578 1597 cum
607 1557 671 1597 eo
702 1543 768 1597 ad
818 1545 1167 1598 secretarium
1212 1544 1656 1610 custodiendum;
1712 1555 1765 1599 et
1810 1559 1874 1598 ea
1927 1543 2035 1612 die,

461 1642 660 1702 praeter
686 1635 1028 1703 supradictus
1056 1636 1392 1706 quotidianos
1420 1636 1573 1704 duos,
1605 1636 1892 1689 comedunt
1916 1650 2036 1689 eum

454 1722 673 1775 domino
699 1737 857 1791 papa.
886 1724 1323 1793 Quotiescunque
1365 1732 1545 1778 autem
1592 1725 1917 1777 camerarius
1944 1739 2036 1777 vo-

1148 346 1490 402 API’ENDIX
1531 348 1624 400 AI)
1666 345 1725 401 S.
1769 343 2097 399 GREGOI‘tII
2136 342 2347 400 MAGNI
2388 343 2754 401 LI'I‘URGICA
2795 343 3039 399 OPERA.

3591 340 3758 398 I033

2217 456 2309 513 46.
2352 457 2649 512 Notandum
2685 457 2824 524 quod
2868 459 3099 523 ip~arum
3130 455 3433 508 scholarum
3463 469 3663 510 omnes
3694 458 3760 509 in

2142 548 2229 601 die
2254 548 2615 602 coronationis
2641 548 2839 601 debent
2866 548 3147 600 comedere
3176 560 3294 599 cum
3326 547 3446 615 ipso
3476 563 3491 611 ;
3522 547 3577 600 in
3620 546 3761 601 die-

2145 637 2239 690 bus
2264 652 2390 690 vero
2412 639 2700 691 stationum
2724 635 2980 705 cujusque
2998 636 3195 690 schola:
3212 636 3451 704 ipsorum
3473 646 3753 705 quatuOr,

2144 741 2315 794 neque
2345 727 2542 796 plures.
2576 728 2798 794 Quando
2842 727 3034 794 aliquis
3065 736 3411 781 consecratur
3439 743 3473 781 a
3502 730 3748 782 domino

2143 832 2300 886 papa,
2349 827 2566 886 propter
2594 818 2869 872 servitium
2900 818 3037 887 quod
3068 818 3244 872 eidem
3273 830 3591 872 consecrato
3636 835 3751 874 ex-

2142 906 2345 969 hibent,
2378 909 2574 961 debent
2599 909 2795 963 habere
2823 924 2977 961 suum
3006 908 3231 976 plutiale
3259 918 3315 963 et
3344 909 3530 963 baciIia
3564 919 3751 980 atque

2142 996 2367 1051 toaleam
2394 1015 2408 1063 ;
2452 999 2543 1051 sed
2575 1000 2642 1053 de
2671 999 2932 1053 bacilihus
2963 1007 3121 1068 atque
3151 1000 3319 1052 toalea
3354 999 3410 1052 tit
3430 1000 3627 1054 divisio
3658 1004 3753 1055 in-

2143 1096 2221 1139 ter
2250 1088 2394 1154 ipsus
2421 1099 2477 1142 et
2502 1090 2797 1160 acolythus.
2843 1090 2905 1142 Et
2931 1091 3050 1157 quia
3082 1091 3363 1145 videbatur
3389 1107 3554 1160 grave
3587 1110 3741 1147 con-

2139 1190 2351 1233 secrato
2378 1170 2506 1235 dare
2548 1180 2678 1249 ipsis
2709 1181 2960 1248 pluviale,
3008 1181 3335 1235 camerarius
3361 1182 3487 1235 facit
3514 1184 3733 1238 eisdem

2140 1270 2405 1339 provideri
2429 1271 2496 1325 de
2535 1272 2755 1340 pecunia
2801 1287 2832 1325 a
2870 1283 3185 1325 consecrato
3214 1272 3370 1340 juxta
3413 1274 3746 1341 qualitatem

2138 1367 2191 1411 et
2218 1356 2517 1413 facultatem
2547 1359 2711 1427 ipsius
2737 1376 2749 1412 :
2783 1368 2838 1412 et
2861 1358 3225 1428 cujuscunque
3246 1360 3447 1414 schola:
3469 1361 3578 1415 duo
3598 1378 3735 1417 cum

2140 1449 2256 1516 ipso
2276 1450 2566 1504 comedunt
2591 1458 2928 1514 consecrato,
2964 1458 3017 1503 et
3047 1464 3167 1503 eum
3194 1451 3414 1506 domino
3443 1467 3578 1520 papa
3610 1456 3742 1507 nel-

2140 1541 2243 1606 lus,
2270 1542 2313 1595 si
2338 1545 2736 1595 consecraverit
2766 1542 2817 1594 in
2848 1540 3085 1607 capella;
3117 1541 3159 1594 si
3189 1556 3319 1595 vero
3348 1552 3501 1595 extra
3532 1557 3735 1597 conse-

2138 1631 2393 1698 Craverit,
2442 1632 2808 1700 cujuscunque
2857 1632 3055 1685 schola:
3108 1632 3215 1685 duo
3268 1635 3559 1687 comedam
3607 1650 3735 1689 cum

2139 1722 2358 1776 domino
2390 1738 2543 1792 papa.
2582 1724 2868 1791 Sciendum
2912 1732 3088 1778 tamen
3134 1724 3276 1791 quod
3308 1741 3427 1792 qua:
3457 1740 3621 1795 supra
3651 1728 3735 1780 di-

454 1820 542 1864 cat
569 1827 662 1867 eos
716 1813 799 1868 vel
833 1824 1035 1882 partem
1080 1830 1173 1883 pro
1200 1816 1397 1882 palatio
1434 1814 1805 1879 custodiendo,
1835 1814 2033 1868 debent
2067 1815 2109 1873 B
2137 1820 2219 1865 cta
2252 1826 2373 1866 sunt
2402 1814 2599 1868 debent
2630 1813 2849 1877 habere,
2896 1814 3105 1867 etiamsi
3151 1814 3219 1868 ab
3245 1815 3356 1869 alio
3385 1831 3546 1883 quam
3572 1832 3603 1869 a
3637 1819 3735 1871 do-

456 1902 639 1956 venire
668 1902 863 1957 vocati.
911 1903 1110 1958 Omnes
1155 1904 1373 1971 insuper
1397 1903 1618 1956 domino
1667 1918 1815 1971 papa:
1844 1903 2043 1957 debent

454 1990 662 2060 iurare,
698 2004 853 2060 prout
882 1993 1102 2048 inferius
1131 1994 1396 2047 scribetur
1431 1993 1663 2062 plenius.
1706 1993 1824 2048 Istis
1863 2004 2039 2048 autem

456 2082 782 2137 eamerarius
814 2082 866 2136 in
916 2082 1051 2137 festo
1094 2082 1310 2137 Pascha:
1361 2098 1520 2137 unam
1579 2084 1832 2152 pecudem
1884 2085 2042 2139 dehet

454 2173 601 2239 dare,
630 2174 756 2227 etin
780 2174 915 2227 festo
941 2172 1240 2228 Nalivitatis
1263 2173 1469 2227 Domini
1494 2184 1825 2242 porcastrum
1849 2191 2034 2229 unum.

455 2264 756 2318 Notandum
784 2280 916 2319 vero
941 2265 1081 2334 quod
1119 2264 1219 2334 ipsi
1262 2265 1458 2320 debent
1500 2265 1676 2321 facere
1704 2280 1891 2320 omnes
1922 2267 2038 2335 pal-

456 2371 570 2409 mas
600 2356 881 2420 olivarum,
911 2370 1041 2423 quas
1073 2356 1122 2410 in
1156 2356 1432 2411 Dominica
1466 2357 1763 2411 Palmarum
1789 2357 2039 2413 dominus

459 2460 592 2513 papa
617 2446 709 2499 dat
739 2448 933 2515 populo
962 2447 1226 2513 Romano,
1253 2461 1305 2502 et
1331 2448 1529 2502 debent
1559 2459 1772 2517 portare
1806 2450 1859 2502 in
1888 2449 2039 2518 pala—

457 2535 535 2588 tio
569 2544 691 2591 ante
718 2552 1005 2602 cameram,
1036 2548 1089 2591 et
1114 2550 1232 2605 post
1263 2538 1538 2592 dominum
1568 2553 1757 2607 papam
1783 2554 1950 2608 ttsque
1970 2539 2039 2593 ad

453 2624 760 2679 ecclesiam.
812 2627 1101 2682 Sciendum
1152 2643 1277 2683 tero
1342 2628 1483 2697 quod
1530 2628 1746 2697 quando
1791 2629 2038 2683 dominus

454 2731 585 2783 papa
619 2733 723 2771 non
751 2728 834 2773 est
863 2718 915 2773 in
938 2718 1089 2783 urbe,
1122 2735 1218 2788 pro
1249 2718 1600 2773 custodiendo
1624 2719 1818 2786 palatio
1842 2718 2041 2773 debent

456 2822 527 2859 sn
552 2806 677 2861 den.
706 2808 953 2876 Papiens.
984 2809 1051 2863 ad
1073 2809 1242 2864 altare
1270 2809 1441 2863 sancti
1464 2806 1611 2863 Petri
1639 2808 1691 2861 in
1720 2822 2036 2877 unaquaque

456 2895 790 2951 hebdomada
820 2898 1035 2953 habere.

646 2985 809 3041 XXII.
854 2987 931 3041 De
971 2987 1314 3058 Mappularm
1352 2998 1398 3040 et
1439 2987 1801 3041 Cubiculariis.

530 3077 616 3132 ιδ.
659 3079 972 3148 Mappularii
1002 3090 1162 3147 atque
1199 3080 1510 3135 eubicularii
1544 3096 1705 3133 unum
1754 3080 1866 3136 fere
1918 3082 2038 3136 offi-

2141 1903 2286 1956 miuo
2310 1917 2440 1971 papa
2468 1911 2914 1957 consecrarentur
2942 1902 2997 1957 in
3027 1903 3178 1957 urbe.
3220 1905 3276 1959 Si
3308 1921 3435 1959 vero
3463 1917 3619 1959 extra
3644 1923 3732 1961 ur.

2141 1994 2285 2057 bem,
2328 1995 2654 2048 camerarius
2694 1995 2785 2048 dat
2809 2003 2865 2048 et
2892 1993 3017 2047 facit
3047 2009 3169 2047 eum
3200 1994 3487 2050 adextrare
3528 2010 3729 2050 secun-

2141 2082 2267 2137 dum
2293 2099 2443 2137 suam
2473 2084 2823 2148 voluntatem,
2867 2092 2921 2137 et
2951 2093 3055 2136 tant
3090 2084 3186 2152 ipsi
3215 2099 3375 2153 quam
3409 2085 3724 2139 adextrato—

2141 2191 2227 2230 res
2254 2175 2473 2242 debent,
2504 2191 2625 2230 eum
2657 2175 2899 2244 requisiti
2922 2175 3143 2240 fuerint,
3169 2174 3356 2242 jurare
3384 2176 3605 2230 domino
3630 2194 3725 2243 pa-

2142 2282 2242 2335 pat.
2270 2266 2373 2320 Sed
2406 2266 2700 2319 notandum
2746 2265 2888 2335 quod
2933 2264 2976 2319 si
3034 2264 3192 2327 forte,
3225 2266 3441 2333 quando
3469 2267 3724 2319 domums

2142 2373 2277 2426 papa
2307 2366 2392 2411 est
2438 2357 2489 2410 in
2521 2357 2837 2421 secretario,
2879 2364 2933 2409 et
2983 2363 3103 2421 post
3158 2355 3368 2409 Missam
3401 2356 3728 2410 celebratam

2139 2449 2338 2517 aliquid
2368 2449 2528 2502 fuerit
2555 2448 2776 2517 pedibus
2821 2461 2969 2515 papa:
2996 2446 3256 2513 oblatum,
3286 2447 3525 2516 ipsorum
3550 2457 3630 2502 est
3660 2448 3732 2502 de

2137 2540 2275 2608 jure,
2308 2554 2440 2591 auro
2461 2548 2688 2605 excepto
2709 2547 2763 2591 et
2785 2545 3005 2605 argento
3033 2532 3293 2603 laborato,
3323 2552 3531 2605 pannos
3562 2540 3731 2592 etiam

2140 2645 2233 2683 seu
2282 2629 2507 2694 toaleas,
2542 2643 2662 2698 quae
2693 2628 2869 2681 omnia
2923 2637 3045 2684 sunt
3100 2628 3168 2682 de
3214 2643 3450 2693 camera,
3504 2640 3732 2695 excepta

2143 2722 2350 2775 ratione
2377 2720 2671 2788 guidonum
2698 2718 2922 2783 schola,
2964 2733 3121 2787 quam
3165 2718 3326 2773 debet
3356 2719 3579 2772 habere.
3620 2720 3735 2773 Iloe

2142 2810 2283 2864 idem
2306 2808 2429 2863 dico
2460 2808 2529 2863 de
2581 2807 3030 2862 adextratoribus.
3064 2807 3215 2874 Quod
3242 2806 3287 2860 si
3337 2806 3477 2860 forte
3504 2808 3733 2875 aliquid,

2053 2920 2056 2924 λ
2139 2900 2351 2970 quando
2373 2899 2655 2953 adextrant
2684 2898 2960 2952 dominum
3007 2913 3217 2967 papam,
3249 2897 3316 2950 ad
3349 2897 3513 2965 pedes
3560 2899 3729 2964 ipsius

2142 3006 2239 3060 per
2268 2989 2404 3045 viam
2447 2992 2684 3044 ohlatum
2734 2988 2913 3057 fuerit,
2950 2988 3161 3042 illorum
3208 2989 3369 3043 debet
3392 3004 3533 3055 esse,
3567 3005 3731 3043 exce-

2142 3085 2245 3152 ptis
2268 3082 2549 3152 praedictis.
2584 3082 2695 3137 IIoc
2720 3081 2920 3145 addito,
2952 3081 3092 3149 quod
3126 3089 3231 3133 tam
3261 3081 3447 3134 schola
3483 3095 3725 3148 mappu-

454 3169 591 3225 cium
614 3180 958 3235 exercentes,
990 3171 1205 3240 quando
1259 3172 1509 3225 dominus
1555 3187 1685 3240 ptpa
1718 3184 2032 3241 coronatur,
2064 3186 2111 3249 α
2142 3175 2398 3229 Iariorum
2460 3185 2513 3229 et
2563 3172 3036 3235 cubiculariorum,
3090 3186 3251 3240 quam
3303 3172 3735 3231 adextratorum.

455 3267 504 3315 et
534 3260 585 3313 in
611 3260 932 3314 stationibus
958 3262 1206 3315 omnibus
1255 3261 1455 3315 debent
1482 3262 1740 3317 accedere
1775 3264 1847 3316 ad
1894 3263 2038 3332 pala-

456 3355 583 3408 tium
614 3354 817 3408 domini
842 3370 990 3424 papm
1012 3371 1027 3418 ;
1052 3365 1105 3408 ct
1126 3356 1451 3424 accipientes
1466 3365 1760 3424 carpetam,
1777 3365 2039 3427 tapetum,

456 3444 805 3510 fatestorium,
838 3445 1080 3515 pulvinar
1110 3457 1159 3500 et
1193 3445 1483 3513 predelam,
1510 3446 1707 3501 debent
1733 3455 1947 3516 portare
1971 3448 2039 3503 ad

457 3535 845 3603 equitaturam;
890 3552 1011 3606 qua:
1051 3536 1229 3590 omnia
1280 3538 1378 3591 ista
1427 3537 1626 3591 debent
1678 3545 1892 3606 portare
1920 3552 2039 3592 cum

458 3625 659 3679 scriniis
689 3626 907 3695 capella:
938 3627 1093 3681 ducta
1124 3640 1155 3680 a
1187 3626 1513 3681 marescallis
1543 3642 1709 3696 usque
1746 3627 1813 3680 ad
1864 3628 2037 3682 locum

457 3713 519 3767 ad
549 3730 707 3784 quem
732 3716 983 3770 dominus
1014 3732 1142 3784 papa
1191 3716 1462 3786 proposuit
1489 3716 1751 3785 equitare.
1784 3716 1914 3771 Cum
1939 3732 2040 3772 au-

456 3814 561 3859 tem
607 3806 677 3861 ibi
707 3806 909 3875 capella
937 3807 1244 3874 deponitur,
1293 3806 1562 3875 praedicta:
1593 3806 1793 3861 schola:
1841 3807 2040 3862 debent

459 3896 737 3965 interesse,
776 3907 829 3952 et
876 3898 1051 3951 omnia
1099 3913 1217 3967 quae
1269 3912 1427 3966 supra
1492 3897 1720 3953 diximus
1774 3898 2038 3966 accipere,

455 3987 595 4041 sicut
625 3988 792 4055 prius,
824 3998 877 4042 et
904 3989 968 4041 ad
1017 3990 1364 4043 secretarium
1411 3988 1715 4057 deportare.
1761 3989 1859 4044 Ubi
1917 4004 2034 4043 cum

455 4077 705 4133 dominus
728 4094 859 4148 papa
888 4080 1034 4134 exuit
1057 4090 1294 4133 mantum
1324 4090 1377 4135 et
1404 4080 1593 4133 stolam
1620 4090 1779 4148 atque
1806 4081 2033 4146 mitram,

454 4168 667 4230 debent,
697 4170 867 4223 donec
909 4168 1148 4223 oIIieium
1176 4170 1500 4235 celebratur,
1534 4171 1828 4224 studiosius
1856 4182 2039 4225 custo-

452 4258 582 4315 dire.
616 4260 743 4318 Item
774 4262 934 4317 etiam
962 4273 1232 4330 carpetam
1261 4271 1316 4316 et
1344 4263 1446 4317 alia
1472 4276 1631 4331 supra
1656 4262 1798 4316 dicta
1840 4262 2040 4316 debent

452 4366 620 4421 usque
644 4350 712 4406 ad
733 4353 903 4408 altare
928 4353 1138 4419 aII'erre,
1169 4354 1427 4408 facientes
1471 4353 1665 4407 cmlum
1711 4353 1777 4407 de
1808 4354 2035 4422 quadam

449 4455 616 4510 cappa
646 4457 808 4509 super
836 4453 995 4512 caput
1022 4443 1221 4498 domini
1260 4443 1447 4511 ipsius.
1496 4443 1716 4497 Portant
1743 4459 1864 4498 eum
1915 4443 2031 4497 sic:

2144 3266 2355 3336 quando
2381 3264 2628 3319 dominus
2656 3278 2790 3333 papa
2820 3262 3025 3332 equitat
3053 3262 3119 3315 ad
3147 3263 3380 3329 aliquam
3411 3263 3727 3327 ecclesiam,

2146 3361 2232 3415 ubi
2256 3358 2442 3414 eadem
2471 3357 2558 3413 die
2584 3371 2689 3411 non
2718 3366 2800 3411 est
2820 3354 3002 3417 statio,
3031 3369 3151 3409 cum
3180 3355 3369 3409 eodem
3393 3354 3616 3408 domino
3638 3369 3734 3408 co-

2145 3453 2362 3508 medere
2392 3468 2493 3512 non
2526 3450 2738 3515 debent,
2772 3463 2872 3504 nec
2913 3446 3148 3502 officium
3178 3449 3392 3518 aliquod
3442 3462 3729 3503 exercere.

2145 3544 2433 3601 Sciendum
2460 3543 2602 3613 quod
2648 3543 2757 3611 ipsi;
2784 3541 3116 3610 ntappularii,
3170 3544 3308 3595 sicut
3355 3541 3604 3609 superius
3648 3549 3735 3593 est

2142 3647 2472 3705 enarratum,
2494 3637 2688 3691 debent
2707 3649 2921 3701 semper
2947 3633 2997 3686 iu
3030 3634 3382 3688 Processione
3403 3647 3596 3701 aquam
3627 3645 3725 3685 ca-

2142 3728 2302 3784 lidam
2331 3728 2550 3782 domino
2578 3740 2730 3796 papae
2761 3738 3081 3792 praeparare,
3112 3733 3168 3777 et
3207 3725 3259 3778 in
3287 3724 3376 3779 die
3397 3733 3587 3777 sancto
3626 3720 3726 3777 Jo—

2143 3819 2225 3874 vis
2282 3833 2535 3874 manuum
2587 3817 2928 3872 medietatem
3002 3816 3313 3871 subdiaconi
3371 3815 3571 3870 habere
3638 3814 3735 3868 de-

2141 3911 2289 3965 bent.

2178 4001 2366 4057 XXIII.
2411 4000 2485 4054 De
2522 3998 2933 4074 Majorentibus,
2972 4003 3058 4072 qui
3096 3999 3366 4056 Stimulatt'
3401 4000 3667 4053 dicuntur.

2213 4093 2304 4147 47.
2346 4091 2666 4163 Majorentes
2690 4106 2869 4151 autem
2896 4094 2963 4149 ad
2987 4094 3189 4149 curiam
3215 4091 3473 4146 accedere
3498 4106 3605 4146 non
3636 4091 3735 4146 de-

2144 4183 2271 4238 bent
2302 4200 2398 4253 pro
2443 4186 2665 4243 servitio
2697 4190 2878 4258 aliquo
2909 4190 3173 4252 faciendo,
3205 4202 3300 4242 seu
3335 4203 3432 4254 pro
3456 4188 3587 4252 alio,
3631 4188 3734 4245 nisi

2143 4277 2195 4332 in
2240 4277 2328 4331 die
2356 4280 2718 4335 coronationis
2771 4282 2973 4337 domini
3019 4296 3189 4351 papae,
3242 4278 3398 4349 199
3444 4280 3558 4349 qui,
3604 4280 3733 4334 dum

2142 4370 2371 4438 equitat,
2425 4371 2644 4427 baculus
2687 4373 2945 4430 habentes
2974 4376 3027 4430 in
3069 4372 3313 4428 manibus
3341 4374 3485 4426 viam
3516 4380 3731 4441 parant,

2143 4462 2533 4518 multitudinem
2557 4465 2740 4534 populi
2781 4464 3140 4531 removendo;
3187 4473 3406 4534 propter
3431 4462 3578 4531 quod
3608 4462 3729 4531 ipsa

449 4530 556 4584 duo
577 4532 644 4627 ab
664 4533 918 4588 anteriori
943 4543 1112 4603 parte,
1145 4534 1359 4599 duoque
1380 4548 1409 4587 a
1436 4534 1713 4602 pOSteriori
1742 4534 1954 4604 ligatam
1982 4533 2034 4588 in
2061 4553 2119 4615 Ι)
2144 4555 2229 4611 die
2256 4556 2541 4627 comedere
2559 4530 2765 4613 ζημίη
2784 4572 2904 4613 cum
2932 4530 3152 4614 domum
3177 4530 3336 4626 ῥηρέ,
3368 4530 3533 4611 {idem
3567 4555 3728 4610 etiam

448 4625 759 4681 summitate
802 4636 1032 4695 quatuor
1082 4627 1415 4691 baculorum,
1464 4636 1518 4681 et
1545 4637 1820 4682 extensam
1863 4640 2032 4697 usque

447 4713 515 4767 ad
545 4714 736 4785 altare,
769 4731 927 4786 quam
960 4717 1188 4773 toaleam
1230 4718 1463 4787 acolythi
1495 4718 1698 4773 eisdem
1723 4718 1789 4772 de
1818 4718 2033 4775 scriniis

448 4805 647 4861 domini
700 4824 849 4877 papae
896 4809 1196 4879 assignant,
1228 4809 1297 4864 ab
1346 4810 1472 4879 ipsis
1502 4811 1837 4880 postmodum
1878 4826 2031 4866 rece-

449 4902 615 4970 pturi.
649 4902 897 4969 Quandiu
948 4903 1108 4957 etiam
1163 4903 1412 4960 dominus
1461 4920 1596 4975 papa
1638 4905 1894 4973 celebrat,
1949 4906 2030 4961 vel

452 4994 726 5062 prtedieat,
770 4993 869 5064 ipsi
902 4994 1030 5050 illud
1074 4994 1310 5051 oIIieium
1341 4997 1483 5066 quod
1511 4997 1741 5066 pertinet
1778 4996 1845 5050 ad
1887 4996 2032 5065 ipsos

447 5097 716 5142 exercent.
740 5086 882 5144 Idem
914 5098 1169 5156 prazterea
1193 5098 1485 5159 carpetam,
1512 5097 1745 5157 tapetum
1770 5096 1825 5142 et
1849 5086 2028 5141 omnia

447 5179 550 5233 alia
596 5189 888 5233 memorata
929 5181 982 5234 in
1029 5194 1242 5235 recessu
1286 5180 1486 5234 domini
1519 5195 1669 5249 papm
1719 5179 1909 5234 iterum
1940 5166 2033 5233 αό-

452 5270 578 5324 bent
607 5280 826 5339 portare
852 5271 917 5326 ad
948 5272 1167 5340 gradus,
1197 5272 1283 5326 ubi
1317 5281 1401 5326 est
1438 5273 1758 5340 equitatum.
1791 5271 1903 5341 Ipsa
1938 5287 2032 5325 us-

452 5375 553 5427 que
592 5362 658 5415 ad
688 5364 938 5432 palatium
971 5364 1339 5433 deportantur,
1383 5365 1543 5434 198
1573 5362 1661 5418 ubi
1692 5362 1889 5418 debent
1913 5377 2034 5418 esse

452 5447 549 5515 ipsi
572 5452 765 5520 parati,
805 5464 858 5510 et
880 5455 1131 5525 prtedicta
1162 5454 1228 5509 ad
1259 5455 1434 5510 locum
1464 5452 1551 5509 ubi
1593 5466 1913 5525 acceperunt
1943 5470 2031 5510 re-

451 5553 682 5609 portare.

2140 4647 2470 4719 ntajorentcs
2498 4649 2769 4704 Stimulati
2791 4649 2976 4704 schola
3000 4660 3280 4703 vocantur.

2603 4739 2792 4795 XXIV.
2823 4741 2896 4796 De
2930 4740 3266 4796 Vas‘arart'is.

2209 4829 2301 4886 48.
2351 4828 2639 4885 Vastararii
2695 4847 2823 4887 vero
2884 4833 2937 4887 in
3000 4831 3250 4885 omnibus
3298 4829 3727 4885 solemnitatibus

2139 4939 2343 4983 sanctae
2365 4928 2564 4994 Mariae,
2590 4931 2965 4999 Assumptione
2990 4935 3232 4995 excepta,
3258 4928 3454 4979 faciunt
3474 4923 3729 4979 candelas

2136 5017 2205 5073 de
2236 5018 2483 5073 “.vinetis
2512 5020 2664 5082 vivis,
2696 5035 2952 5089 papyrum
2982 5034 3077 5085 pro
3106 5017 3342 5073 candelis
3370 5024 3637 5084 aptantes.
3665 5014 3730 5067 Et

2138 5115 2357 5176 propter
2386 5107 2488 5162 hoc
2515 5122 2637 5162 cum
2667 5107 2888 5163 domino
2914 5124 3044 5177 papa
3070 5107 3359 5161 comedunt
3385 5105 3438 5159 itt
3463 5105 3550 5158 die
3577 5118 3728 5157 coro-

2137 5198 2367 5253 nationis
2399 5214 2530 5265 sum,
2563 5209 2618 5253 et
2663 5215 2759 5268 pro
2807 5200 3073 5254 universis
3120 5198 3313 5253 vinetis
3359 5197 3627 5267 recipiunt
3664 5193 3729 5247 de

2137 5289 2306 5346 altare
2334 5291 2504 5348 sancti
2538 5293 2679 5348 Petri
2711 5302 2938 5363 quatuor
2966 5304 3177 5363 proves.
3212 5305 3309 5360 pro
3352 5290 3481 5359 ipsis
3511 5286 3726 5341 vinetis.

2138 5382 2204 5437 Et
2236 5395 2317 5439 est
2347 5387 2623 5441 sciendum
2652 5387 2792 5457 quod
2837 5388 2920 5442 isd
2969 5403 3063 5456 pro
3107 5385 3327 5442 servitio
3379 5383 3481 5437 ista
3532 5380 3727 5434 habent

2140 5476 2478 5533 medietatem
2527 5493 2776 5533 manuum
2824 5494 2983 5535 cana:
3015 5478 3119 5533 ‘At.
3144 5522 3159 5545 ,
3188 5471 3381 5548 cassae]
3410 5470 3630 5547 majoris
3675 5470 3727 5523 in

2142 5570 2228 5625 die
2254 5571 2490 5625 Paschze.

529 5730 551 5755 ⁸
595 5723 726 5777 Iliuc
750 5723 1007 5779 illustrari
1038 5735 1212 5795 potest
1244 5726 1395 5781 locus
1427 5701 1688 5782 obscurus
1711 5743 1893 5798 supra,
1928 5744 2043 5797 pag.
2079 5725 2200 5796 I64,
2234 5726 2322 5781 tibi
2353 5743 2448 5797 pro
2481 5728 2635 5782 vincis
2665 5727 2842 5782 forsan
2873 5727 3176 5799 legendum.
