4008 6302
178 319 334 374 1089
1407 314 1662 371 ROMANI
1704 315 2020 370 ORDINES.
2063 345 2130 356 --
2171 314 2284 370 XII.
3326 322 3462 376 IO‘o

1811 435 1857 487 Α
1887 437 2112 494 quatuor
2142 428 2367 482 melech.
2400 428 2704 493 Scutilcris,
2735 429 3022 498 eape'lanis
3044 475 3057 499 ,
3091 429 3430 486 subdiaconis
3455 477 3468 496 ,

1888 527 1943 570 et
1969 519 2230 588 acolythis
2276 523 2342 572 de
2373 522 2578 588 capella
2620 520 2776 575 debet
2805 523 3062 574 comestio
3090 521 3368 590 duplicari,
3420 533 3475 575 et

1887 609 1938 660 in
1967 608 2246 663 Nativitate
2275 611 2479 664 Domini
2511 611 2776 666 similiter.
2813 612 2979 665 Priori
3009 627 3219 681 quoque
3247 612 3468 665 subdia-

1885 709 2143 751 conorum
2186 715 2344 752 unam
2377 705 2632 770 pecudem
2667 703 2717 754 in
2753 703 2986 764 Pascha.
3015 712 3070 756 et
3100 705 3149 757 in
3189 701 3476 759 Nativitate

1887 800 2238 858 porcastrum.
2288 792 2626 848 Marescalcis
2655 809 2780 848 vero
2826 803 2879 848 et
2908 794 3027 849 aliis
3054 795 3121 850 de
3161 794 3356 850 familia
3383 795 3474 849 dat

708 427 744 480 X
756 426 866 483 XV.
907 425 979 480 De
1011 425 1275 479 Fiolariis.

251 523 352 577 ιε).
409 518 620 572 Fiolarii
671 518 963 571 secundum
1022 519 1292 586 antiquam
1342 517 1782 571 consuetudinem

171 617 325 669 dare
354 613 551 666 debent
579 610 646 662 de
674 609 884 678 proprio
910 610 1178 680 lampadas
1207 621 1260 664 et
1282 611 1531 663 candelas
1563 625 1659 678 pro
1689 625 1783 677 pa-

171 707 322 759 latio
356 701 703 757 illuminando
728 742 742 765 ,
776 701 986 770 quoties
1015 712 1094 754 est
1127 715 1362 755 necesse.
1395 701 1616 768 Propter
1643 699 1783 767 quod

165 810 308 850 cum
342 793 559 848 domino
589 805 720 860 papa
749 791 1040 844 comedunt
1087 793 1136 844 in
1164 790 1248 844 die
1272 790 1628 844 coronationis
1654 803 1782 843 sua}.

309 885 502 939 XXVI.
536 883 610 936 De
642 882 896 934 Ferrariis
926 884 1172 935 columna:
1200 894 1245 935 et
1269 891 1433 934 sancti
1461 883 1660 950 Angeli.

259 977 356 1031 50.
392 961 617 1030 Fcrrarii
649 974 714 1027 de
728 973 972 1025 columna
1002 972 1196 1026 debent
1227 971 1399 1025 facere
1429 973 1655 1025 circulos
1677 973 1786 1026 cal-

185 1066 390 1130 tlarize,
420 1061 1033 1135 quotiesasupercoqnis
1051 1062 1247 1116 domini
1280 1077 1427 1131 papa:
1471 1061 1668 1115 fuerint
1697 1077 1785 1114 re-

176 1158 394 1224 quisiti,
421 1167 473 1210 et
504 1154 738 1224 tripodes
779 1154 1042 1208 similiter.
1091 1155 1152 1208 Et
1196 1163 1415 1222 propter
1462 1155 1562 1207 hoc
1588 1154 1784 1208 debent

177 1249 442 1300 similiter
471 1246 758 1300 comedere
805 1245 856 1297 in
897 1244 982 1298 die
1009 1244 1371 1298 coronationis
1400 1259 1519 1298 cum
1565 1244 1784 1299 domino

183 1354 356 1408 papa.
390 1339 613 1406 Propter
655 1337 890 1391 laborem
922 1337 1080 1390 etiam
1129 1337 1435 1405 praedicmm
1466 1337 1661 1390 dantur
1706 1338 1784 1389 eis

182 1431 300 1481 eihi
326 1429 394 1482 de
417 1429 583 1491 curia,
599 1425 809 1495 quando
826 1425 1062 1479 laborant
1086 1426 1366 1494 unicuique
1388 1436 1614 1496 quatuor
1633 1425 1782 1491 den.,

184 1519 288 1572 sed
321 1517 486 1572 carbo
513 1517 671 1570 etiam
699 1525 752 1570 et
784 1517 979 1569 ferrum
1013 1530 1107 1583 pro
1133 1530 1316 1584 Opere.

474 1606 685 1660 XXVII.
715 1604 792 1658 De
822 1605 1080 1658 Ferrariis
1109 1607 1274 1658 sancti
1303 1606 1509 1677 Angeli.

263 1697 357 1752 5t.
389 1697 621 1753 Ferrarii
661 1697 833 1751 sancti
875 1697 1064 1765 Angeli
1094 1696 1233 1751 idem
1266 1711 1364 1766 per
1400 1698 1578 1751 omnia
1609 1696 1784 1752 facere

182 1797 244 1843 et
275 1788 518 1855 recipere
546 1787 763 1842 debent.

621 1880 712 1933 XX
724 1878 852 1933 VIII.
889 1877 963 1932 De
990 1877 1352 1932 Bandonariis.

268 1970 359 2024 52.
395 1971 713 2026 Bandonaiii
742 1970 950 2025 (τοιοεωί
980 1981 1029 2024 et
1059 1970 1340 2033 cacabarii,
1372 1970 1585 2039 quando
1611 1972 1782 2026 domi-

187 2077 294 2116 nus
325 2079 453 2131 papa
483 2074 788 2128 coronatur,
814 2063 863 2114 in
887 2062 1064 2114 eundo
1093 2071 1147 2114 et
1170 2059 1437 2113 redeundo
1465 2060 1634 2128 ipsum
1658 2075 1780 2115 cum

187 2151 404 2204 vexillis
452 2149 773 2218 praicedunt.
808 2150 969 2220 200
996 2149 1156 2216 Quasi
1199 2149 1396 2201 ctenim
1445 2163 1546 2202 nua
1598 2150 1780 2203 schola

187 2255 312 2309 est;
344 2255 398 2300 et
423 2245 608 2299 eadem
638 2246 724 2299 die
760 2246 953 2299 debent
980 2242 1266 2298 comedere
1293 2256 1414 2296 cum
1455 2242 1644 2298 eodem
1687 2244 1784 2298 do—

190 2338 343 2392 mino
376 2352 531 2406 papa.

658 2428 846 2483 XXlX.
880 2428 954 2482 De
983 2427 1314 2482 Caldarariis.

271 2523 363 2580 55.
391 2521 679 2577 Caldararii
707 2522 904 2576 debent
933 2520 1106 2575 facere
1131 2520 1369 2575 caldaras
1399 2533 1581 2585 novas,
1613 2528 1665 2574 et
1693 2534 1785 2575 ve-

197 2622 348 2668 teres
368 2626 646 2680 reparare;
666 2620 719 2664 et
741 2624 904 2664 novas
925 2609 1180 2674 conchas,
1209 2619 1263 2665 et
1282 2617 1490 2664 veteres
1511 2624 1782 2678 reparare,

195 2703 412 2772 quando
441 2719 470 2757 a
511 2705 861 2773 supercoquis
889 2705 1248 2772 requiruntur.
1285 2703 1348 2757 Et
1379 2703 1591 2772 quando
1637 2704 1788 2756 labo—

192 2806 349 2861 rant,
397 2795 464 2849 de
488 2795 631 2848 curia
661 2796 739 2850 eis
766 2795 921 2848 datur
948 2796 1114 2859 cibus,
1149 2804 1203 2850 ct
1238 2794 1518 2864 unicuique
1558 2803 1786 2861 quatuor

193 2883 322 2939 den.
355 2885 562 2940 scilicet
591 2895 642 2939 et
674 2886 867 2939 l'crrum
892 2888 1047 2940 etiam
1075 2897 1128 2941 et
1155 2887 1313 2940 carbo
1341 2887 1469 2956 ipsis
1498 2887 1673 2940 datur.

679 2975 772 3028 XX
785 2976 846 3030 Χ.
880 2975 956 3029 De
986 2976 1315 3044 ScapaIatiis.

269 3064 360 3119 54.
389 3065 674 3134 Sropalalii
706 3066 757 3120 in
789 3066 874 3121 die
904 3068 1264 3122 corOuationis
1285 3066 1483 3121 domini
1516 3081 1664 3136 papze
1691 3066 1784 3122 de-

199 3156 320 3208 bent
354 3157 544 3225 gradus
574 3156 769 3211 εςῐιοιτε
799 3167 852 3211 et
899 3158 1160 3226 porticum
1190 3172 1357 3229 usque
1393 3158 1459 3212 ad
1493 3157 1668 3213 locum
1696 3158 1782 3212 ubi
1813 3151 1860 3212 Β

198 3245 446 3299 dominus
480 3261 612 3315 papa
646 3245 918 3301 descendit
941 3247 1219 3303 mundare.

660 3334 845 3390 XXXI.
881 3336 956 3390 De
981 3337 1336 3394 Carbonariis.

275 3426 361 3480 55.
409 3429 714 3483 Carbunaii
763 3429 814 3482 in
862 3429 948 3483 die
991 3429 1350 3482 coronationis
1391 3429 1592 3486 domini
1641 3447 1789 3502 papa:

202 3518 332 3572 dant
357 3520 614 3575 carbones
642 3520 914 3589 coquinze,
944 3530 996 3573 et
1027 3535 1122 3589 pro
1165 3520 1411 3577 caldariis
1458 3525 1784 3592 reparandis.

718 3609 928 3664 XXXII.
965 3609 1038 3663 De
1074 3609 1291 3665 Judwis.

280 3698 364 3753 55.
399 3697 563 3752 Judmi
596 3715 723 3754 vero
755 3711 1138 3768 repra-sentant
1187 3701 1403 3757 domino
1432 3718 1580 3772 papa:
1623 3705 1674 3756 in
1704 3704 1792 3759 die

206 3791 564 3845 coronationis
593 3807 702 3846 suae
731 3793 899 3862 lvgem
933 3793 985 3846 in
1020 3795 1122 3860 via,
1169 3802 1224 3848 et
1269 3795 1316 3848 ei
1356 3792 1554 3848 faciunt
1583 3795 1789 3863 laudes,

206 3891 261 3935 et
293 3890 400 3935 tres
430 3881 612 3948 libras,
648 3897 804 3935 unam
833 3883 1049 3951 piperis,
1077 3895 1132 3939 et
1159 3884 1288 3938 duas
1315 3884 1478 3938 libras
1507 3884 1574 3938 de
1601 3884 1788 3940 cinna-

210 3989 407 4041 momo,
439 3974 666 4030 alierum
713 3975 778 4029 ad
823 3991 1110 4029 cameram.

210 4065 445 4119 XXXIII.
486 4066 557 4118 De
585 4068 896 4137 presbyterio
931 4066 1234 4135 0/]icialium
1261 4081 1474 4120 camera:
1502 4068 1789 4120 camerarii.

283 4155 370 4208 57.
403 4152 514 4210 Hoc
544 4165 623 4208 cst
659 4156 1047 4225 presbyterium
1089 4157 1230 4224 quod
1275 4156 1430 4210 datur
1476 4156 1793 4211 ollicialbus

212 4261 436 4300 cameras
466 4248 745 4301 camerarii
790 4257 842 4301 et
885 4247 1198 4302 ol‘licialibus
1233 4249 1350 4302 aliis
1379 4259 1433 4302 et
1479 4248 1790 4304 curialibus.

216 4335 506 4405 Unicuique
530 4337 828 4404 curialium,
859 4341 944 4407 qui
976 4339 1270 4392 Cortesiani
1300 4353 1572 4403 vocantur,
1602 4341 1795 4394 dantur

214 4425 319 4480 duo
368 4427 723 4494 marabotini;
772 4430 1017 4497 scriptori
1067 4445 1293 4484 camerae
1339 4432 1446 4485 duo
1489 4431 1789 4499 melechini,

215 4519 522 4574 cambiatori
553 4520 660 4576 duo
699 4522 1004 4588 melechini,
1041 4524 1234 4578 sartori
1266 4538 1492 4578 camera:
1520 4527 1624 4577 duo
1650 4539 1792 4578 sara-
1827 4525 1877 4585 D

218 4613 352 4676 ccni,
378 4614 597 4668 custodi.
626 4629 851 4669 camera:
882 4619 984 4669 duo
1026 4617 1298 4681 saraceni,
1342 4619 1646 4671 seuescalco
1691 4617 1791 4671 do-

221 4704 344 4757 mini
373 4719 518 4773 papae
545 4720 636 4760 sex
662 4708 942 4761 melecliini
969 4724 982 4760 :
1011 4708 1183 4763 eidem
1211 4709 1368 4763 etiam
1394 4709 1549 4762 datur
1577 4709 1628 4762 in
1655 4709 1794 4763 Nati-

219 4794 378 4849 Vitate
426 4797 629 4852 Domini
678 4809 1008 4868 porcastrutn
1055 4817 1236 4866 unutn,
1291 4802 1341 4854 in
1392 4802 1589 4857 Pascha
1635 4818 1797 4872 pecus

221 4903 400 4942 unum.
432 4890 723 4960 Unicuique
753 4908 1040 4962 coquorum
1069 4910 1227 4947 unum
1254 4896 1480 4950 meicch.
1513 4897 1797 4964 unicuique

223 4980 582 5035 brodariornm
613 4983 839 5050 aliquam
864 4983 1314 5038 Benedictionem.
1338 4985 1632 5038 Norandum
1655 4985 1795 5054 quod

221 5075 373 5141 coqui
401 5074 710 5127 et-brodarii
738 5074 934 5127 debent
957 5074 1152 5128 habere
1179 5075 1406 5129 sticchas
1437 5075 1486 5127 in
1515 5074 1716 5128 Pascha
1743 5085 1798 5128 et

224 5165 274 5219 in
301 5164 583 5221 Natiritate
616 5166 845 5220 Domini.
880 5168 1035 5237 201
1071 5167 1360 5235 Unicuique
1403 5169 1796 5234 panetariorutn

223 5258 325 5310 duo
355 5256 668 5322 nielccliini,
703 5266 754 5310 ct
786 5265 1018 5326 pannum
1047 5274 1202 5326 quem
1230 5267 1472 5312 emerunt
1512 5272 1609 5326 pro
1640 5259 1798 5312 l'esto.

225 5348 515 5418 Unicuique
548 5349 980 5403 buticulariorum
1008 5350 1110 5405 duo
1143 5352 1446 5414 melechini,
1478 5351 1800 5405 marescalco

225 5454 478 5505 equorum
505 5440 744 5492 alborum
779 5448 886 5493 tres
910 5441 1187 5494 melecliini
1212 5451 1264 5493 ct
1287 5455 1502 5494 naccum
1527 5459 1539 5505 ;
1569 5440 1656 5492 alii
1689 5455 1801 5493 ma-

227 5533 458 5588 rescalco
488 5535 592 5589 duo
622 5535 935 5601 melechini;
977 5535 1194 5606 singulis
1225 5536 1558 5589 ostiariorum
1601 5534 1800 5589 domini

1886 881 2212 934 Camerarius
2263 896 2358 947 pro
2400 885 2669 937 voluntate
2717 899 2832 938 sua.
2881 885 3254 939 Verumtamen
3297 901 3474 939 mare-

1886 970 2051 1022 scalci
2080 971 2276 1024 debent
2301 971 2498 1027 habere
2525 989 2687 1027 unum
2722 989 2958 1041 porcum,
2990 986 3042 1030 et
3073 977 3122 1029 in
3157 975 3358 1029 Pascha
3385 991 3476 1042 pe-

1886 1057 2077 1112 cudenr
2099 1075 2275 1112 unam.
2292 1060 2587 1115 Notandum
2613 1074 2745 1116 vero
2760 1065 2899 1130 quod
2920 1065 3228 1119 marescalci
3248 1065 3466 1131 debent,

1895 1147 2112 1214 quando
2133 1153 2331 1202 vadunt
2358 1153 2422 1202 ad
2469 1152 2681 1216 herbas,
2715 1153 2797 1205 vel
2826 1153 3022 1220 paleas,
3067 1155 3148 1208 vel
3175 1155 3240 1208 ad
3272 1155 3476 1223 fenum,

1888 1235 2084 1290 habere
2101 1238 2316 1291 mistum
2338 1249 2391 1291 et
2416 1237 2608 1293 furcas.
2638 1240 2922 1294 Sciendum
2950 1257 3161 1311 quoque
3183 1246 3320 1310 quod
3349 1262 3476 1298 can-

1886 1325 2116 1379 cellaria:
2147 1327 2308 1380 debet
2337 1327 2593 1395 duplicari
2620 1332 2875 1383 comestio
2903 1331 2953 1382 in
2983 1333 3096 1385 istis
3120 1333 3325 1387 duobus
3353 1336 3472 1388 die-

1886 1415 2006 1480 bus,
2037 1425 2093 1470 et
2123 1416 2176 1469 in
2203 1416 2484 1471 Nativitate
2513 1416 2722 1471 Domini
2752 1419 3027 1475 similiter.

1887 1527 2129 1582 XXXIV.
2175 1528 2312 1595 Quid
2356 1528 2531 1581 debeat
2573 1529 2758 1651 habere
2803 1540 2850 1583 et
2891 1533 3061 1600 facere
3101 1533 3338 1603 magister
3381 1535 3479 1589 Se-

2541 1616 2690 1651 nesca
2716 1616 2823 1651 eus.

2541 1616 2823 1654 ηεδεαιειω.

1963 1708 2051 1763 58.
2082 1709 2432 1764 Senescalcus
2459 1710 2647 1778 major,
2684 1710 2772 1778 qui
2801 1710 2965 1763 servit
2993 1711 3212 1765 domino
3240 1728 3390 1782 papa:
3423 1716 3475 1770 in

1815 1784 1862 1844 Β
1889 1800 2236 1854 coronatione
2264 1800 2445 1854 ultima
2473 1801 2524 1852 in
2555 1800 2757 1854 Pascha
2782 1809 2836 1855 et
2857 1801 2909 1854 in
2936 1801 3220 1858 Nativitate
3249 1805 3476 1871 Domini,

1887 1900 1940 1946 et
1966 1891 2017 1944 iu
2051 1892 2451 1946 consecratione
2475 1893 2673 1946 domini
2702 1907 2871 1962 papae,
2905 1894 3064 1949 debet
3093 1896 3287 1951 habere
3315 1915 3474 1954 unam

1890 1983 2168 2036 scutellam
2199 1992 2503 2051 argenteam
2535 1984 2691 2037 trium
2738 2000 3037 2040 marcarum
3080 1999 3132 2042 et
3162 1987 3394 2043 dimidiae
3423 1992 3476 2045 in

1887 2075 2116 2143 singulis
2161 2076 2429 2142 praedictis
2459 2067 2851 2145 festivitatibus,
2885 2079 2928 2132 si
2957 2093 3274 2148 coronatur;
3306 2095 3357 2137 et
3380 2085 3479 2136 dv-

1891 2166 1978 2220 bet
2009 2168 2246 2235 recipere
2288 2167 2336 2221 vi
2372 2168 2529 2220 tualia
2565 2182 2660 2234 pro
2684 2169 2983 2237 quindecim
3018 2173 3319 2226 hominibus
3346 2190 3478 2227 um-

1887 2273 2099 2327 qnoque
2126 2259 2214 2312 die
2238 2259 2602 2312 coronationis
2625 2275 2638 2323 ;
2663 2269 2717 2312 ct
2745 2259 2902 2314 debet
2929 2262 3209 2316 comedere
3235 2261 3289 2315 in
3312 2279 3477 2332 pane-

1891 2351 2020 2404 taria
2053 2366 2170 2403 cum
2199 2352 2358 2404 sociis
2385 2350 2518 2415 suis,
2551 2359 2835 2418 antequam
2859 2350 3105 2405 dominus
3133 2368 3267 2422 papa
3290 2354 3474 2410 redeat

1890 2455 1920 2494 a
1954 2443 2142 2508 Missa;
2174 2454 2225 2496 et
2255 2445 2410 2496 debet
2443 2443 2678 2510 recipere
2707 2458 2734 2494 a
2769 2444 3018 2510 pincerna
3061 2460 3217 2497 unam
3263 2448 3474 2516 aquari-

1889 2533 2024 2585 ciam
2056 2533 2272 2598 clareti,
2303 2543 2357 2586 et
2385 2548 2542 2586 unam
2574 2532 2674 2584 vini
2702 2549 2717 2597 ;
2751 2543 2804 2586 et
2838 2533 2997 2587 debet
3027 2534 3224 2589 habere
3261 2537 3327 2589 ad
3373 2537 3475 2591 do-

1889 2639 2034 2678 mum
2061 2639 2208 2678 suam
2238 2640 2329 2680 sex
2359 2628 2528 2693 capita
2575 2641 2855 2693 porcorum
2886 2637 3084 2695 parata,
3115 2638 3168 2682 et
3193 2645 3288 2683 sex
3311 2645 3475 2699 aqua-

1892 2719 2104 2772 riciolas
2134 2720 2316 2773 clareti
2349 2733 2664 2787 unoquoque
2689 2718 2775 2773 die
2803 2720 3161 2773 coronationis
3185 2763 3199 2786 ,
3232 2731 3284 2776 et
3314 2722 3475 2777 debet

1893 2811 2088 2866 habere
2118 2813 2166 2864 in
2211 2826 2522 2879 unaquaque
2550 2812 2897 2864 coronatione
2948 2812 3286 2866 medietatem
3332 2816 3476 2881 cepi,

1891 2912 1946 2957 et
1973 2903 2312 2957 medietatem
2344 2903 2410 2957 de
2437 2903 2681 2956 erunibus
2710 2904 2868 2956 coriis
2899 2905 3186 2958 bestiarum
3236 2921 3355 2973 qua:
3383 2922 3478 2960 ve-

1891 2996 2042 3050 niunt
2071 2997 2122 3050 in
2166 3010 2347 3049 mensa
2376 2996 2573 3048 domini
2606 3010 2753 3064 papae
2806 2997 2930 3050 dum
2964 2996 3154 3050 festum
3184 2998 3477 3052 duraverit.

1892 3104 2106 3159 XXXV.
2135 3106 2271 3169 Quid
2291 3106 2396 3159 deb.
2417 3115 2435 3158 t
2457 3106 2637 3159 habere
2661 3108 2900 3178 magister
2924 3106 3199 3173 Pincerna,
3225 3121 3269 3162 et
3292 3110 3481 3178 facere.

1969 3215 2055 3270 5'9.
2089 3215 2338 3284 Magister
2365 3217 2636 3285 pincerna,
2661 3217 2750 3286 qui
2775 3216 2994 3271 domino
3025 3233 3170 3287 papa:
3197 3219 3248 3272 in
3276 3219 3363 3274 die
3386 3237 3479 3273 ('0-

1894 3307 2187 3362 ronationis
2218 3321 2327 3360 sua:
2355 3307 2418 3360 ad
2451 3321 2692 3361 mensam
2720 3309 2904 3372 servit,
2936 3307 3094 3363 debet
3126 3310 3323 3364 habere
3351 3325 3483 3377 eup-

1894 3413 2017 3467 pam
2048 3415 2202 3452 unam
2236 3401 2393 3452 trium
2426 3415 2723 3453 marcarum
2754 3409 2807 3454 et
2845 3400 3077 3454 dimidia:
3106 3402 3329 3469 argenti.
3361 3402 3482 3470 Ipse

1895 3506 2026 3545 vero
2047 3493 2299 3562 pincerna
2329 3491 2489 3546 debet
2511 3493 2696 3545 eadem
2726 3492 2814 3547 die
2839 3491 2967 3547 dare
2995 3492 3327 3546 buticulariis
3349 3509 3482 3561 quo-

1897 3584 2195 3638 tidianariis
2217 3583 2416 3637 domini
2446 3598 2592 3652 papa:
2620 3599 2810 3638 zonam
2833 3599 2993 3637 unam
3015 3585 3080 3638 de
3102 3586 3300 3645 serico;
3326 3584 3486 3638 debet

1895 3677 2054 3729 etiam
2087 3676 2391 3737 comedere,
2424 3685 2706 3744 antequam
2749 3675 2996 3728 dominus
3024 3690 3155 3744 papa
3187 3675 3344 3753 202
3385 3689 3488 3728 ve-

1897 3767 2005 3817 niat
2035 3764 2101 3817 de
2131 3763 2310 3826 MiSSa,
2344 3779 2438 3830 pro
2466 3762 2766 3831 quindecim
2796 3763 2956 3818 sociis
2981 3765 3363 3819 comeslionem
3390 3778 3485 3816 ac-

1897 3853 2133 3922 cipiens;
2159 3861 2212 3906 et
2234 3853 2393 3906 debrt
2423 3854 2622 3906 habere
2651 3867 2742 3906 sex
2770 3855 2940 3920 capita
2969 3854 3182 3923 porcina
3211 3863 3408 3921 aptata,
3432 3863 3487 3908 et

1897 3957 1989 3996 sex
2009 3942 2306 4011 aquaricias
2327 3942 2534 4005 clareti,
2559 3957 2676 4009 qua:
2699 3941 2762 3994 ad
2795 3943 3010 3994 domum
3033 3959 3184 3996 suam
3214 3948 3485 3996 transmit-

1897 4032 1980 4098 tit,
2011 4043 2063 4086 et
2093 4034 2146 4085 in
2175 4032 2502 4085 comestione
2523 4044 2617 4084 sua
2645 4046 2804 4084 unam
2835 4033 3158 4099 aquariciam
3190 4033 3395 4098 clareti,
3425 4041 3482 4085 et

1896 4124 2056 4177 aliain
2082 4121 2224 4186 vini;
2255 4131 2309 4174 et
2330 4122 2381 4174 in
2405 4122 2488 4175 die
2514 4119 2755 4184 Pascha),
2780 4131 2832 4174 et
2853 4121 2938 4175 die
2960 4121 3098 4175 lunae
3121 4132 3238 4189 post
3255 4121 3482 4186 Pascha,

1899 4223 2019 4283 post
2049 4213 2304 4282 Vesperas
2323 4212 2388 4264 ad
2443 4220 2682 4265 sanctum
2723 4211 2980 4266 Joannem
3032 4212 3084 4264 in
3136 4209 3302 4264 Fonte
3325 4226 3487 4265 unum

1898 4306 2066 4360 bariie
2099 4306 2308 4373 plemnn
2341 4303 2482 4362 vino,
2515 4313 2566 4356 et
2599 4316 2756 4356 unam
2791 4301 2982 4354 bonam
3011 4301 3332 4370 aquariciam
3363 4301 3482 4369 ple-

1901 4413 2021 4450 nam
2054 4395 2258 4460 clareti,
2292 4403 2346 4448 ut
2374 4393 2463 4448 det
2490 4393 2708 4448 domino
2736 4406 2884 4462 papae
2912 4401 2967 4447 et
3019 4393 3263 4449 omnibus
3308 4402 3491 4448 astan-

1903 4488 2062 4542 tibus.

2112 4576 2353 4633 XXXVI.
2394 4578 2530 4644 Quid
2556 4576 2734 4630 debent
2765 4574 3042 4632 Senatores
3069 4579 3271 4631 habere.

1975 4687 2066 4743 60.
2098 4689 2406 4755 Senatores,
2452 4688 2664 4757 quando
2708 4689 3018 4752 comedunt,
3054 4687 3250 4743 habere
3295 4687 3490 4744 debent

1905 4795 1932 4823 η
1961 4785 2185 4840 lavinam
2209 4784 2437 4839 mediam
2471 4784 2602 4850 vini,
2627 4795 2680 4838 et
2709 4783 2935 4838 mediam
2959 4783 3140 4837 clareti
3172 4783 3224 4836 in
3256 4797 3488 4851 unaqua-

1906 4891 2012 4946 que
2036 4877 2120 4930 die
2143 4877 2525 4930 coronationis.
2561 4875 2775 4929 Eisdem
2806 4876 2965 4928 etiam
2996 4875 3151 4928 datur
3179 4874 3370 4939 toalea,
3400 4873 3486 4925 ubi

1906 4970 2212 5033 comedunt,
2236 4983 2263 5022 a
2287 4969 2574 5038 panetariis
2596 4987 2608 5032 ;
2632 4979 2686 5023 et
2708 4967 3044 5038 postmodum
3071 4967 3310 5022 redditur
3332 4966 3484 5035 ipsis.

1909 5062 2008 5114 Pro
2053 5061 2398 5130 quadraginta
2429 5061 2810 5115 eomestionem
2863 5059 3127 5128 recipiunt
3173 5070 3488 5126 unaquaque

1906 5155 1996 5211 die
2025 5156 2410 5211 coronationis.

2038 5253 2299 5309 XXXVII.
2333 5255 2470 5321 Quid
2503 5252 2645 5307 debet
2675 5253 2856 5307 habere
2883 5251 3168 5321 Prwfectut
3200 5251 3355 5304 tubis.

1977 5349 2063 5404 6|.
2100 5349 2388 5404 Praefectus
2435 5348 2580 5403 urbis
2606 5347 2767 5401 debet
2812 5347 3008 5400 habere
3058 5347 3110 5399 in
3159 5344 3492 5399 comestione

1907 5454 2003 5509 pro
2047 5441 2349 5510 quindecim
2383 5441 2570 5505 Sociis,
2605 5449 2658 5494 et
2689 5439 2852 5493 barile
2897 5453 3060 5492 unum
3100 5436 3349 5492 ferratum
3383 5435 3493 5486 cla-

1905 5535 2041 5600 reti,
2071 5545 2124 5589 et
2155 5535 2294 5588 aliud
2328 5535 2431 5588 vini

296 5678 321 5706 ι
351 5668 604 5742 Οηιιΐτίὶιιε
633 5672 859 5727 reddidit
889 5675 1138 5742 psalmam
1169 5689 1260 5728 seu
1294 5675 1526 5737 salmam,
1563 5687 1666 5741 quo
1713 5669 1928 5726 nomine
1951 5687 2130 5741 sagina
2162 5687 2254 5728 seu
2283 5686 2416 5727 onus
2440 5685 2499 5724 ac
2538 5671 2746 5724 sarcina
2810 5669 2929 5738 equi
2992 5665 3192 5721 aliusve
3247 5661 3490 5716 animalis

235 5741 480 5797 oueril'eri
513 5741 841 5812 intelligitur.
