4008 6362
502 402 628 456 IO‘tI
1182 385 1525 443 APPENDIX
1566 383 1655 437 AD
1697 382 1751 436 S.
1797 377 2123 432 GRI'ZGORII
2166 372 2374 429 MAGNI
2418 368 2778 425 LITURGICA
2820 367 3075 423 OPERA.

505 513 781 571 XXXVIII.
817 510 953 574 Quid
981 506 1120 558 debet
1148 502 1542 574 dominusnpape
1574 500 1738 566 facere
1766 495 1817 546 in
1850 493 2074 547 Sabbuto
2106 498 2149 551 Α
2180 503 2295 556 que
2322 487 2388 539 de
2427 481 2810 537 consuetudine
2838 482 2949 550 ipsa
2975 480 3059 533 die
3086 476 3222 547 apud
3254 487 3498 531 sanctum
3524 476 3800 531 Marcum

988 574 1210 639 “quem
1237 583 1347 640 P0“
1380 569 1595 620 P‘m’w'
2181 580 2340 632 debet
2369 577 2565 640 aﬂerri,
2616 585 2730 642 post
2761 588 2972 627 crucem
3000 572 3167 625 sancti
3200 570 3495 633 Laurentii,
3526 566 3713 640 205
3738 577 3805 621 et

573 673 661 726 62.
692 668 924 725 Sabbato
949 666 999 717 in
1030 662 1175 716 Albis
1197 663 1354 714 statio
1382 669 1463 712 est
1492 657 1627 723 apud
1652 664 1890 709 sanctum
1919 650 2079 706 Juau-
2182 681 2304 724 ante
2333 683 2543 722 crucem
2576 676 2775 720 sanam
2807 664 2982 717 Maria:
3016 662 3228 731 Maioris
3260 662 3311 714 in
3340 661 3533 713 ordine
3562 672 3805 727 μηνοε,

506 777 624 815 "0m
658 759 1103 817 Ῑιθιθτθηθυδεων
1135 751 1221 804 ubi
1253 764 1373 803 cum
1420 746 1667 801 ἀ⁰¹¹¹ί¹¹¹¹δ
1716 759 1849 812 Papa
1890 744 2078 797 mam“
2182 762 2358 816 dente.
2390 760 2460 812 lbi
2489 769 2661 811 autem
2692 754 2936 807 dominus
2967 767 3098 819 papa
3126 750 3381 820 praedicto
3411 749 3571 801 modo
3590 748 3807 814 quies.

506 853 590 905 die
618 846 853 902 celebrat
881 844 1155 898 Missarum
1184 839 1460 900 solemnia,
1491 847 1545 892 et
1572 837 1747 904 Agnus
1775 833 1872 886 Dei
1898 840 2083 886 canta-
2183 855 2277 917 cit,
2306 860 2360 904 et
2390 857 2508 918 p03,
2537 848 2766 915 quiem",
2803 842 2996 896 incedit
3022 882 3036 905 ’
3072 842 3212 893 siem
3260 837 3409 905 prius
3439 835 3807 901 pmn,i,sum

507 951 592 993 tnr
615 954 644 990 a
688 933 990 1004 primicerio
1022 939 1075 985 ct
1119 930 1300 984 schola
1331 941 1637 987 cantorum,
1686 924 1798 991 ipse
1841 922 2086 975 dominus
2186 953 2287 1006 est,
2317 954 2485 1008 usque
2514 940 2576 991 ad
2608 946 2818 1004 ροηιειη
2848 935 3013 986 sancti
3040 931 3219 993 Petri;
3250 926 3427 996 ibique
3452 926 3612 979 modo
3646 939 3809 993 prae-

507 1044 641 1101 Papa
673 1026 941 1081 ἀίδίτίυυίι
986 1036 1150 1092 35"“3
1190 1020 1465 1075 θοηίεθίθδ
1512 1017 1798 1071 (mmmam
1843 1022 1898 1067 εί
1941 1025 2085 1070 θθηο
2187 1034 2353 1087 libato
2374 1032 2620 1101 quiescit,
2642 1038 2696 1083 et
2720 1028 2785 1080 ab
2807 1027 3033 1081 illoloco
3058 1038 3279 1093 surgens
3299 1028 3594 1088 prmtaxato
3617 1019 3807 1072 modo

3630 368 3797 417 iter:

510 1135 604 1187 per
630 1116 931 1185 episcopos,
961 1110 1259 1166 cardinales
1282 1118 1335 1163 et
1357 1107 1509 1173 alios,
1532 1116 1637 1161 tam
1664 1104 1908 1168 clericos,
1929 1118 1997 1169 qu
2036 1115 2086 1152 ιιι

510 1210 699 1273 laicos,
734 1211 832 1259 hac
861 1206 1103 1267 ratione,
1132 1211 1190 1254 ut
1234 1201 1372 1253 sicut
1416 1198 1506 1252 filii
1558 1195 1716 1250 Israel
1765 1196 1815 1248 in
1861 1193 2091 1263 Aigypto

514 1298 671 1367 positi
706 1302 973 1364 pva'cepto
1008 1290 1212 1344 Domini
1242 1289 1310 1343 de
1340 1288 1594 1357 sanguine
1620 1284 1940 1339 immaculati
1968 1278 2089 1349 agni

513 1389 566 1441 in
598 1385 865 1438 liminibus
893 1384 1172 1436 dumorum
1202 1380 1527 1446 scripserunt
1568 1377 1667 1430 hoc
1695 1375 1902 1442 signum
1933 1372 1995 1435 Τ,
2028 1385 2094 1425 ne

515 1478 582 1531 ab
611 1476 799 1543 angelo
833 1479 1255 1543 percuterentur,
1286 1469 1356 1521 ita
1386 1476 1438 1521 et
1467 1480 1563 1519 nos
1588 1465 1657 1519 de
1684 1463 1939 1532 sanguine
1968 1474 2093 1527 pas-

516 1566 685 1622 sionis
731 1563 1050 1618 immaculati
1082 1560 1214 1628 Agni
1244 1557 1441 1611 Christi
1469 1556 1725 1610 debemus
1759 1553 1858 1606 hoc
1887 1551 2095 1619 signum

518 1656 756 1710 scribere
785 1654 836 1707 in
861 1652 1043 1706 limine
1068 1651 1345 1703 domorum
1378 1658 1675 1700 nostrarum
1705 1658 1799 1711 per
1829 1640 2008 1701 Iidem,
2034 1653 2099 1692 ne

520 1763 551 1801 a
581 1745 791 1799 diabolo
821 1753 874 1796 et
914 1757 942 1794 a
988 1742 1129 1795 vitiis
1157 1740 1536 1808 percutiamur,
1562 1746 1613 1790 et
1638 1750 1667 1786 a
1695 1738 1957 1801 potestate
1985 1730 2100 1782 dia-

2191 1125 2388 1178 incedit
2421 1139 2585 1191 usque
2612 1124 2676 1175 ad
2703 1122 2873 1174 locum
2906 1120 2991 1185 qui
3023 1118 3217 1171 dicitur
3246 1113 3494 1175 Cortina;
3520 1120 3578 1166 et
3602 1112 3806 1180 quies-

2191 1215 2266 1270 cit
2289 1216 2426 1269 lecto
2450 1214 2515 1265 ibi
2550 1228 2577 1263 a
2619 1210 2797 1265 st-ltnla
2825 1210 3086 1276 virgarum
3108 1206 3360 1275 przedicto
3382 1203 3545 1259 modo
3567 1196 3801 1269 aptato;

2193 1318 2517 1373 surgensque
2546 1302 2750 1356 accedit
2786 1301 2851 1354 ad
2892 1298 3085 1369 gradus
3116 1296 3356 1350 ecclesia:
3387 1290 3566 1347 sancti
3600 1290 3802 1352 Petri;

2194 1408 2249 1454 et
2276 1414 2435 1465 super
2477 1395 2724 1465 gradibus
2752 1408 2976 1463 vergens
3014 1390 3200 1443 faciem
3230 1386 3293 1440 ad
3342 1386 3641 1446 orientem,
3680 1384 3803 1448 pr".-

2195 1489 2357 1543 tnitus
2388 1487 2547 1540 intrat
2579 1484 2884 1549 ecclesiam,
2915 1479 3218 1551 primicerio
3246 1492 3365 1531 cum
3389 1475 3577 1530 schola
3601 1484 3801 1526 canto-

2197 1593 2313 1633 rum
2347 1578 2416 1630 Te
2447 1576 2609 1628 Deum
2654 1575 2921 1628 laudamus
2950 1581 3232 1635 cantante;
3262 1570 3505 1636 iactaque
3532 1564 3797 1618 Oratione

2202 1676 2321 1734 post
2358 1665 2427 1718 Te
2471 1664 2630 1716 Deum
2661 1663 2930 1716 laudamus
2970 1675 3129 1729 Super
3160 1669 3271 1711 rnta
3310 1655 3365 1711 in
3394 1654 3615 1710 introitu
3638 1652 3795 1720 quasi

2206 1755 2468 1819 ecclesia),
2493 1752 2657 1820 pergit
2678 1751 2743 1804 ad
2770 1751 3143 1812 sccretarinm;
3169 1757 3223 1801 et
3244 1747 3436 1801 ablutis
3464 1744 3693 1813 pedibus
3723 1740 3796 1796 ibi

520 1837 627 1891 b0"
658 1836 972 1897 “berem”;
1004 1831 1088 1884 vel
1120 1840 1338 1898 prop‘er
1376 1827 1605 1881 imames
1636 1824 1841 1876 "(Mter
1869 1822 2100 1885 bal’ma'
2132 1847 2178 1904 Β
2208 1843 2446 1905 indutus,
2478 1843 2615 1895 sicut
2643 1841 2806 1893 moris
2834 1848 2915 1892 est
2940 1846 2994 1892 et
3031 1837 3159 1891 alibi
3204 1837 3485 1904 scripturn,
3532 1832 3600 1885 ad
3625 1831 3797 1884 altare

521 1936 605 1982 tos
649 1927 699 1980 in
730 1923 991 1986 ecclesia,
1024 1921 1350 1987 deponentes
1384 1928 1613 1969 veterem
1645 1913 1905 1976 tunicam,
1945 1910 2101 1979 203

522 2018 609 2086 qui
648 2013 962 2069 attnuntiant
989 2010 1243 2074 Alleluia,
1274 2008 1327 2060 id
1370 2016 1450 2060 est
1491 2004 1715 2074 gloriam
1760 1999 2103 2056 beatitudinis

524 2106 759 2160 (mleslis
783 2103 997 2171 patriae;
1034 2100 1115 2152 vel
1147 2096 1284 2165 quod
1308 2097 1428 2165 quia
1460 2096 1759 2165 quiCunque
1793 2091 2005 2146 habebit
2035 2090 2103 2145 de

526 2211 648 2250 cera
680 2194 1048 2261 przcdictorum
1078 2202 1355 2257 agnorum,
1379 2196 1432 2240 et
1453 2202 1516 2239 ex
1546 2199 1607 2239 ea
1629 2199 1841 2238 crucem
1868 2184 1919 2236 in
1946 2182 2103 2235 dumo

524 2300 618 2339 sua
648 2283 919 2347 habuerit,
952 2278 1035 2332 vel
1065 2293 1242 2332 secum
1276 2276 1593 2343 portaverit,
1626 2290 1727 2328 non
1774 2273 1994 2326 latdetur
2038 2270 2106 2324 ab

523 2375 703 2441 aliquo
733 2369 1064 2440 pltantastico
1094 2366 1305 2434 Spiritu,
1340 2364 1423 2419 vel
1466 2379 1495 2417 a
1536 2362 1783 2418 tonitrno.
1819 2361 1885 2414 Et
1916 2370 2108 2412 notan-

525 2464 649 2517 dum
677 2460 817 2530 quod
850 2458 1078 2527 acolythi
1106 2454 1308 2509 domini
1335 2470 1484 2523 papa:
1511 2452 1790 2523 przcdictos
1820 2463 1985 2519 agnos
2017 2448 2107 2501 Dei

527 2555 723 2609 debent
754 2552 926 2605 facere
950 2548 1013 2603 ad
1041 2548 1207 2602 altare
1231 2548 1399 2601 sancti
1430 2548 1590 2613 Petri,
1624 2561 1654 2598 ι
1685 2544 1777 2597 lib.
1808 2557 1945 2597 cerae
1974 2540 2109 2594 reci-

528 2647 765 2716 pientes;
799 2653 851 2697 et
880 2649 1206 2710 praesentare
1235 2638 1452 2693 domino
1484 2652 1630 2706 papa:
1663 2636 1792 2690 hora
1836 2632 2107 2702 praediola.

532 2736 730 2789 Debent
759 2732 919 2787 etiam
947 2729 1014 2784 de
1039 2727 1298 2798 prtedictis
1319 2725 1467 2798 agnis
1493 2726 1584 2779 Dei
1608 2724 1813 2794 plenam
1834 2721 2109 2779 scutellam

532 2835 836 2895 argenteam
868 2820 1083 2875 domino
1114 2833 1294 2887 papzc,
1325 2818 1450 2871 dum
1481 2814 1741 2879 comedit,
1772 2822 2110 2884 praesentare,

533 2926 588 2971 et
616 2916 775 2969 aliam
810 2911 1103 2966 camerario
1130 2909 1349 2963 familiae
1378 2906 1818 2963 distribuendam.

535 3026 777 3085 XXXIX.
810 3023 1044 3088 Qualiter
1077 3020 1314 3074 dominus
1355 3035 1486 3088 papa
1522 3018 1681 3088 pergit
1718 3017 1773 3073 in
1800 3014 1978 3071 litania
2008 3031 2113 3068 ma-

942 3092 1049 3161 jori
1074 3092 1125 3143 in
1157 3095 1282 3159 festo
1311 3090 1470 3141 sancti
1506 3089 1689 3141 Marci.

2206 1952 2301 2004 pro
2323 1936 2480 1989 Missa
2507 1932 2766 1987 cantanda
2797 1931 3020 1985 accedit.

2275 2023 2363 2078 65.
2394 2019 2686 2076 Notandum
2727 2019 2985 2087 siquidem
3018 2017 3158 2088 quod
3186 2031 3321 2071 unus
3350 2016 3417 2072 de
3450 2012 3797 2069 subdiacnnis

2204 2124 2255 2168 et
2281 2116 2415 2167 alter
2442 2113 2510 2166 de
2540 2110 2829 2180 acolythis,
2859 2111 3003 2179 juxta
3034 2109 3259 2177 disposit
3280 2123 3436 2161 onem
3470 2106 3663 2174 ptiuris
3696 2107 3789 2156 ba.

2205 2204 2388 2271 silicac,
2414 2207 2606 2256 debent
2628 2203 2703 2254 ire
2725 2213 2931 2253 summo
2956 2212 3109 2252 mane
3128 2214 3175 2263 a,
3198 2198 3265 2251 ud
3285 2206 3526 2251 sanctum
3556 2195 3792 2253 Petrum,

2206 2305 2261 2350 ct
2289 2296 2359 2349 ibi
2382 2309 2501 2347 cum
2528 2308 2633 2347 uno
2651 2293 2717 2345 de
2738 2291 3008 2345 scrinariis
3029 2290 3261 2343 existens
3284 2287 3521 2341 scribere
3548 2283 3794 2336 universa

2208 2387 2423 2441 nomina
2454 2384 2801 2439 ecclesiarum
2848 2396 2964 2451 quae
2992 2396 3113 2436 cum
3167 2379 3415 2434 crucibus
3443 2376 3512 2429 ad
3551 2375 3793 2429 eamdem

2212 2480 2486 2536 ecclesiam
2512 2485 2768 2532 venerunt
2790 2478 2840 2528 in
2866 2474 3231 2528 Processione.
3260 2469 3547 2525 Sciendum
3572 2478 3794 2533 prmer-

2211 2589 2270 2629 ea
2317 2572 2455 2641 quod
2498 2582 2824 2639 unaqnatque
2854 2565 3102 2632 ecclesia,
3133 2578 3251 2632 quae
3280 2560 3467 2615 cadent
3498 2557 3587 2610 die
3626 2554 3795 2623 pergit

2216 2660 2681 2731 processionaliter
2708 2657 2845 2728 apud
2875 2664 3112 2711 sanctum
3142 2652 3379 2715 Petrum,
3404 2645 3794 2718 presbyterium

2215 2751 2375 2807 habet
2401 2751 2468 2805 de
2489 2765 2589 2803 xxv
2618 2747 2712 2802 lib.
2735 2747 2860 2805 den.
2889 2759 3004 2814 quae
3035 2745 3101 2799 de
3127 2743 3277 2796 altari
3304 2739 3475 2795 sancti
3510 2736 3650 2791 Petri
3676 2751 3795 2803 pro-

2216 2859 2332 2915 pter
2357 2843 2455 2896 hoc
2482 2839 2825 2906 accipiuntur.
2863 2833 3103 2891 Universi
3132 2847 3257 2886 vero
3284 2828 3485 2883 mitrati
3519 2843 3586 2882 xc
3612 2825 3713 2879 sol.
3744 2824 3796 2878 in

2219 2907 2570 3009 presbyterio,
2592 2927 2681 2997 qui
2702 2926 2944 2982 similiter
2969 2924 3035 2978 de
3060 2921 3306 2991 prazdicto
3334 2907 3490 2971 altari
3516 2916 3795 2977 habentur,

2219 3035 2273 3080 et
2304 3006 2439 3077 inter
2466 3033 2653 3075 omnes
2698 3017 2918 3085 aequalis
2946 3013 3304 3085 proportionis
3334 3009 3623 3065 libramine
3663 3006 3799 3060 divi-

2219 3114 2433 3169 duntur.
2469 3112 2594 3164 ltent
2627 3107 2923 3162 cardinales
2954 3105 3148 3159 mitrati
3179 3100 3521 3157 solummodo
3549 3112 3666 3152 cum
3694 3096 3796 3165 pri.

605 3208 697 3262 63.
725 3208 778 3261 ln
809 3208 943 3261 festo
974 3207 1142 3260 sancti
1174 3204 1365 3265 Marci,
1397 3202 1577 3257 litania
1604 3202 1814 3272 majori,
1845 3203 2118 3257 sanctissiv
2144 3213 2189 3276 η
2223 3203 2441 3259 nticerio
2481 3210 2535 3255 et
2575 3199 2755 3254 schola
2785 3214 2876 3252 sna
2907 3206 3183 3251 cantorum
3207 3235 3221 3259 ,
3253 3203 3307 3247 et
3332 3192 3801 3253 subdiacOnorutn,

540 3313 660 3355 mus
686 3294 931 3351 dominus
960 3288 1092 3364 papa
1118 3294 1395 3348 descendit
1417 3308 1535 3346 cum
1563 3294 1848 3362 episcopis,
1877 3292 2119 3346 cardina-

541 3391 682 3445 libns
710 3386 971 3442 universis
990 3425 1006 3452 ,
1034 3393 1087 3439 et
1115 3383 1233 3437 aliis
1261 3381 1535 3436 ordinibus
1563 3380 1629 3436 ad
1656 3381 1935 3436 ecclesiam
1966 3381 2124 3436 Late-

539 3490 859 3541 ranensem;
894 3474 978 3528 ubi
1006 3473 1222 3527 veniens
1247 3479 1369 3541 post
1395 3472 1583 3539 altare,
1612 3479 1666 3525 et
1689 3482 1899 3525 cantata
1922 3471 2121 3537 Tertia,

539 3568 768 3622 induunt
795 3580 854 3620 se
882 3577 1072 3618 omnes
1109 3562 1372 3630 planetis;
1414 3570 1468 3616 et
1494 3560 1782 3615 excalceati
1810 3562 2126 3614 ordinantur

539 3661 593 3715 in
624 3654 971 3712 Processione
1009 3654 1075 3707 ab
1104 3651 1483 3707 archidiacono
1531 3662 1587 3707 et
1629 3653 1956 3707 snbdiacono
1986 3651 2128 3707 basi-

545 3749 660 3802 lica:
690 3754 743 3799 et
788 3746 964 3813 priore
1011 3742 1489 3808 snbdiaconorum,
1523 3742 1839 3799 habentibus
1869 3743 1924 3796 in
1959 3744 2127 3797 mani—

548 3838 647 3890 lius
678 3834 905 3901 ferulas,
932 3840 988 3887 ut
1015 3834 1260 3901 superius
1307 3833 1357 3885 in
1408 3832 1526 3885 aliis
1566 3832 2000 3888 Processionibus
2046 3841 2129 3887 est

542 3934 840 3989 narratum,
888 3921 1190 3990 primicerio
1239 3929 1501 3989 praesente
1547 3935 1667 3974 cum
1716 3937 1810 3976 sua
1850 3922 2030 3976 schola
2075 3930 2129 3976 et

546 4029 704 4069 suum
733 4012 967 4067 ot‘tlcinm
998 4020 1281 4066 exercente
1300 4049 1315 4075 ,
1343 4009 1475 4064 sicut
1509 4012 1757 4066 convenit
1786 4013 1836 4065 in
1863 4012 2084 4066 collecta
2108 4027 2124 4075 ;

542 4107 727 4171 sicque
750 4102 1216 4170 processionaltter
1236 4099 1513 4154 ecclesiam
1538 4110 1757 4166 exeunt,
1778 4114 1937 4155 cruce
1958 4101 2128 4156 sancti

546 4194 815 4252 Laurentii
849 4191 978 4246 foris
1009 4206 1218 4245 murum
1262 4191 1615 4260 pracedente,
1651 4200 1706 4247 et
1733 4192 1927 4247 deinde
1971 4207 2129 4247 cruce

544 4295 745 4341 sancta:
768 4286 946 4339 Mariae
975 4284 1209 4351 Majoris,
1232 4299 1352 4352 quae
1379 4284 1445 4338 de
1473 4284 1859 4339 consuetudine
1879 4283 1983 4338 diei
2012 4285 2130 4338 talis

542 4379 611 4434 ad
634 4379 912 4433 ecclesiam
936 4376 1342 4431 Lateranensem
1366 4377 1523 4431 debet
1543 4376 1753 4441 afferri;
1786 4380 1936 4433 tertia
1964 4377 2130 4435 fertur

540 4485 670 4531 crux
714 4469 952 4538 ejusdem
999 4468 1239 4523 ecclesia:
1288 4468 1682 4524 Lateranensis.
1717 4470 1844 4525 Post
1873 4472 1965 4526 has
2006 4485 2130 4526 vero

2225 3303 2279 3349 et
2304 3293 2483 3347 schola
2512 3290 2684 3345 crucis
2713 3297 2767 3344 et
2793 3287 3053 3357 acolythis
3082 3302 3113 3339 x
3143 3285 3244 3339 sol.
3277 3284 3473 3339 habent
3504 3280 3687 3335 eadem
3717 3279 3801 3333 die

2224 3385 2292 3440 de
2322 3384 2575 3453 praedicto
2608 3380 2782 3445 altari,
2811 3378 2900 3447 qui
2924 3376 3095 3431 taliter
3110 3374 3416 3429 dividuntur
3448 3388 3478 3424 a
3509 3371 3672 3440 priori
3692 3370 3795 3424 dia-

2224 3488 2362 3531 cono
2391 3470 2649 3528 cardinali
2671 3513 2687 3540 ,
2721 3471 2773 3524 in
2804 3468 2956 3540 cujus
2986 3481 3143 3520 manu
3174 3464 3476 3518 traduntur.
3506 3461 3605 3513 Dat
3630 3462 3799 3527 itaque

2226 3566 2278 3620 in
2313 3563 2497 3633 primis
2526 3560 2849 3631 presbyteris
2893 3556 3251 3612 cardinalibtts
3292 3568 3402 3606 χιιι
3436 3551 3564 3606 den.
3610 3549 3799 3604 Deinde

2199 3656 2464 3721 ,diaconis
2510 3650 2867 3709 cardittalibus
2898 3664 3013 3703 λιιι
3042 3647 3201 3711 den.,
3235 3656 3416 3714 postea
3467 3642 3798 3697 subdiaconis

2227 3764 2337 3803 xxu
2377 3748 2526 3812 den.,
2577 3743 2881 3813 primicerio
2928 3740 3261 3811 postmodum
3307 3753 3428 3793 cum
3469 3736 3652 3791 schola
3696 3750 3801 3789 xxn

2227 3839 2381 3904 den.,
2412 3836 2609 3891 schola:
2640 3849 2765 3888 vero
2802 3834 3035 3887 crucium
3069 3846 3175 3885 xxu
3204 3830 3352 3894 den,
3400 3829 3592 3882 ultimo
3632 3826 3796 3895 acoly.

2230 3929 2338 3985 this
2364 3946 2393 3983 x
2421 3929 2548 3983 den.
2569 3925 2647 3981 Ad
2672 3926 2772 3980 hoc
2794 3925 3040 3979 dominus
3067 3938 3196 3992 papa
3224 3922 3383 3974 habet
3404 3936 3468 3973 ιι.
3497 3921 3599 3973 sol.
3624 3918 3802 3971 eadem

2228 4021 2349 4088 die,
2392 4031 2446 4076 et
2474 4023 2540 4075 de
2585 4019 2773 4074 eodem
2822 4019 2959 4072 loco.
2996 4017 3059 4069 Et
3089 4014 3377 4069 notandum
3411 4014 3555 4082 quod
3587 4012 3636 4064 in
3667 4025 3803 4064 0mm

2231 4113 2458 4166 statione
2501 4110 2639 4179 apud
2670 4117 2912 4162 sanctum
2955 4107 3165 4160 Petrum
3215 4104 3371 4158 habet
3398 4102 3651 4157 dominus
3680 4113 3802 4168 papa

2232 4215 2298 4256 xl.
2322 4201 2421 4253 sol.
2446 4199 2512 4252 de
2537 4199 2711 4265 altari,
2746 4199 2955 4264 quando
2980 4197 3212 4250 celebzat
3244 4195 3487 4258 Missam;
3515 4193 3673 4245 etiam
3696 4205 3797 4243 car-

2232 4292 2466 4355 dinales,
2498 4290 2827 4353 subdiaconi,
2876 4287 3207 4356 primicerius
3234 4301 3353 4339 cum
3396 4284 3584 4337 schola
3634 4292 3799 4335 canto-

2233 4399 2349 4438 rum
2369 4425 2384 4447 ,
2412 4383 2595 4437 schola
2619 4381 2791 4433 crucis
2815 4389 2868 4431 et
2896 4376 3126 4448 acolytlii
3163 4376 3407 4444 pr.rfatos
3440 4389 3479 4443 x7
3498 4374 3602 4426 sol.
3633 4371 3705 4425 sic
3730 4373 3798 4423 di-

2233 4476 2375 4530 visos
2406 4475 2457 4527 in
2482 4474 2625 4528 omni
2671 4471 2929 4531 statione,
2962 4468 3166 4522 etiamsi
3196 4466 3440 4519 dominus
3492 4478 3624 4532 papa
3656 4464 3797 4515 inter-

547 4581 677 4619 crnx
729 4561 1034 4633 quotidiana
1083 4562 1282 4616 domini
1329 4576 1512 4630 papae;
1540 4564 1617 4618 sic
1666 4574 1844 4619 autem
1890 4566 2131 4620 feruntur
2156 4570 2208 4633 ι)
2234 4564 2411 4630 fuerit,
2443 4574 2498 4619 et
2521 4563 2711 4632 aliquis
2736 4559 3019 4615 cardinalis
3044 4555 3412 4620 celebrnterit,
3447 4554 3517 4608 ibi
3540 4554 3608 4607 de
3628 4553 3798 4607 eodem

546 4656 794 4711 ordinate
824 4669 989 4723 usque
1015 4652 1081 4706 ad
1109 4660 1349 4706 sanctum
1380 4653 1634 4707 Marcum.

613 4746 710 4803 δι.
742 4747 871 4800 Cum
898 4756 1075 4799 autem
1104 4744 1351 4799 dominus
1379 4759 1512 4815 papa
1540 4747 1744 4801 venerit
1765 4761 1884 4801 cum
1911 4747 2132 4802 Proces-

543 4838 701 4891 sione
731 4837 797 4889 ad
825 4836 1105 4890 ecclesiam
1151 4835 1319 4887 sancti
1350 4833 1671 4901 Clementis,
1706 4836 1778 4891 ibi
1809 4836 2033 4906 quiescit
2078 4840 2129 4891 in

558 4930 716 4990 tectu,
746 4926 1083 4994 superposito
1117 4934 1291 4993 tapete
1321 4935 1374 4980 et
1400 4926 1576 4982 herbis
1601 4927 2015 4998 circumquaque
2041 4942 2135 4997 po-

552 5016 692 5079 sitis,
739 5029 860 5082 qua:
914 5024 1086 5067 tamen
1117 5013 1308 5068 liunta
1356 5012 1564 5070 clericis
1609 5015 1845 5084 ejusdem
1893 5018 2133 5073 ecclesiae

550 5106 722 5159 sancti
767 5104 1075 5160 Clementis.
1107 5104 1391 5175 Postquam
1424 5121 1551 5161 vero
1581 5108 1868 5175 quieverit,
1912 5125 2136 5179 surgens

552 5196 697 5250 vadit
728 5197 982 5263 pru~dicto
1014 5197 1173 5252 modo
1204 5212 1370 5266 usque
1400 5199 1464 5251 ad
1496 5201 1774 5254 ecclesiam
1805 5210 2002 5256 sanctae
2031 5203 2138 5257 Ma-

554 5290 649 5341 ria:
677 5287 837 5342 Novae
865 5306 879 5354 ;
914 5288 1003 5343 ttbi
1033 5289 1157 5344 dum
1190 5289 1446 5359 prtedicto
1494 5290 1653 5345 modo
1701 5293 1953 5362 quiescit,
2005 5310 2138 5348 ιιιιιις

557 5378 625 5432 de
646 5379 827 5432 schola
856 5378 1039 5434 Crucis
1062 5389 1241 5435 cantat
1266 5381 1524 5435 litaniam.
1550 5381 1786 5453 Surgens
1814 5388 1982 5455 pergit
2003 5401 2140 5455 pra:-

559 5466 701 5519 dicto
731 5468 888 5521 modo
914 5484 1080 5538 usque
1105 5469 1171 5524 ad
1199 5470 1478 5524 ecclesiam
1497 5474 1664 5527 sancti
1693 5473 1875 5540 Marci,
1902 5476 2009 5543 ubi,
2031 5478 2138 5531 sic-

559 5565 616 5607 ut
647 5561 890 5625 superius
940 5560 1196 5627 scriptum
1240 5570 1352 5624 est,
1394 5564 1697 5630 requiescit.
1749 5564 1813 5621 Et
1861 5574 2138 5636 postquam

562 5653 858 5715 pansaverit
878 5692 894 5719 ,
927 5655 1095 5722 surgit
1125 5660 1180 5705 et
1206 5664 1502 5708 memorato
1531 5656 1689 5711 modo
1735 5658 1929 5713 incedit
1976 5674 2141 5730 usque

563 5738 629 5790 ad
664 5738 838 5794 locum
866 5740 955 5809 qui
985 5740 1178 5796 Parion
1209 5753 1541 5814 nuncupatur
1563 5788 1577 5815 ,
1612 5760 1768 5804 cruce
1798 5751 1963 5804 sancti
1998 5749 2141 5807 I’etri

2233 4658 2387 4711 altari
2418 4656 2614 4712 debt-nt
2653 4653 2868 4708 habere.
2910 4652 2968 4707 Si
3016 4665 3143 4705 vero
3186 4650 3436 4702 dominus
3486 4662 3622 4716 papa
3668 4655 3797 4700 extra

2237 4747 2431 4803 Urbem
2467 4746 2639 4808 ftterit,
2674 4754 2729 4798 et
2756 4744 2982 4797 vicarius
3012 4742 3094 4794 vel
3126 4739 3315 4808 aliquis
3343 4736 3634 4791 cardinalis
3660 4732 3802 4807 205

2234 4854 2330 4894 seu
2372 4839 2563 4906 aliquis
2591 4846 2877 4891 extraneos
2920 4835 3201 4902 ερίεουρυε
3241 4832 3308 4886 de
3338 4831 3589 4883 mandato
3618 4829 3799 4883 domini

2237 4944 2383 4999 papae
2410 4927 2732 4992 interfuerit,
2766 4927 2942 4994 ibique
2969 4925 3145 4978 divina
3171 4923 3539 4985 celebraverit,
3572 4920 3796 4975 similiter

2236 5019 2433 5075 debent
2459 5020 2523 5072 de
2559 5018 2747 5072 eodem
2794 5017 2910 5071 loco
2954 5032 2981 5069 x
3025 5015 3127 5069 sul.
3166 5015 3314 5081 dari,
3340 5024 3393 5067 et
3430 5013 3518 5067 ille
3548 5014 3635 5082 qui
3666 5021 3799 5074 tunc,

2240 5112 2377 5166 sicut
2402 5110 2512 5164 dixi
2539 5150 2552 5171 ,
2592 5109 2658 5163 de
2686 5108 2934 5163 mandato
2978 5107 3177 5163 domini
3211 5120 3358 5173 papa:
3383 5103 3745 5165 celebraverit,
3773 5118 3797 5155 ι

2241 5202 2341 5256 sul.
2374 5202 2551 5269 recipit
2585 5200 2651 5252 de
2681 5202 2794 5267 ipso
2822 5197 2995 5261 altari,
3028 5212 3159 5267 quos
3187 5198 3431 5250 dUlllllIUS
3460 5210 3591 5265 papa
3621 5195 3795 5261 recipe-

2242 5304 2347 5355 ret,
2385 5294 2426 5347 ti
2475 5304 2599 5347 tunc
2642 5292 2938 5345 celebraret
2973 5290 3170 5343 dixina.
3204 5288 3450 5344 Prtcdicti
3485 5305 3611 5343 vero
3641 5306 3667 5341 λ
3710 5289 3798 5343 sol.

2242 5386 2330 5454 qui
2364 5386 2589 5439 tnitratis
2618 5384 2835 5449 dantur,
2864 5382 3069 5438 etiamsi
3101 5382 3346 5436 dominus
3377 5397 3511 5451 papa
3542 5380 3696 5436 fuerit
3721 5398 3795 5435 et-

2244 5489 2322 5532 tra
2350 5477 2555 5538 urbem,
2582 5476 2647 5529 de
2674 5475 2860 5529 eodem
2893 5478 3009 5529 loco
3040 5475 3186 5542 ipsis,
3214 5476 3257 5529 si
3281 5472 3640 5539 interfuerint,
3670 5476 3794 5526 exin.

2246 5570 2453 5623 bentur.
2486 5566 2539 5620 Si
2570 5577 2749 5619 autent
2777 5565 2827 5619 itt
2852 5565 2982 5620 urbe
3012 5564 3187 5631 fuerit,
3217 5574 3270 5620 et
3301 5578 3406 5619 non
3448 5577 3730 5633 perrexertt
3756 5566 3796 5617 in

2246 5656 2592 5712 Proces~ione
2626 5668 2719 5708 seu
2763 5654 3160 5721 celebratione,
3210 5653 3560 5709 nihilominus
3603 5655 3791 5709 habent.

2245 5748 2435 5807 Clerici
2480 5756 2655 5802 tamen
2686 5746 2843 5803 Urbis
2873 5759 3083 5813 semper
3121 5744 3318 5803 habent
3359 5747 3684 5816 supradictas
3714 5761 3789 5801 xxi
