4008 6306
182 308 327 364 λιιιθῦ

1374 313 1632 368 ROMANI
1672 312 1985 373 0RDINES.
2028 350 2101 361 -
2142 321 2254 377 XII.

3316 343 3447 394 ιτιίιι

181 421 278 475 lib.
321 422 437 476 sive
466 420 718 476 dominus
748 438 878 493 papa
918 426 986 478 sit
1019 423 1069 477 in
1103 424 1261 489 Urbe,
1296 429 1409 481 sive
1453 440 1640 494 extra;
1683 444 1776 483 seu
1808 432 1856 488 Α
1886 428 2450 496 I.atiu:c,monasterto
2480 436 2741 503 Maximze,
2761 446 3089 499 monasterio
3112 446 3422 507 Bib‘rattc;u

181 516 511 593 eantavcrit,
558 523 647 567 aut
695 530 837 581 non,
884 532 1003 585 quae
1047 519 1431 574 distribuuntur
1466 532 1523 575 ut
1554 522 1773 577 inferius

184 606 581 659 descrilieutur.

258 694 347 749 66.
382 696 494 750 lloc
520 697 783 765 siquidem
805 703 1210 779 estnullatenus
1234 706 1770 772 prmtermittendum,

190 790 338 851 quod
373 790 417 841 si
452 789 587 841 forte
618 804 683 842 ex
732 806 837 858 quo
884 794 1050 845 toalca
1107 796 1437 864 exponitura
1487 800 1773 865 capellanis

183 894 351 947 super
379 881 570 941 altare,
602 880 799 947 aliquid
844 882 1078 935 oblatum
1114 884 1269 938 fuerit
1323 899 1501 952 papa).
1536 889 1768 954 ipsorum

182 968 583 1036 capellanorum
616 977 714 1031 est,
746 969 891 1021 nullo
922 970 1027 1022 alio
1068 987 1187 1025 cum
1218 975 1350 1042 ipsis
1382 975 1769 1042 participante;

182 1070 242 1113 et
265 1062 337 1114 ita
368 1062 543 1123 durat,
576 1060 749 1115 donec
778 1062 843 1114 ad
866 1061 1031 1114 altare
1064 1078 1159 1130 pro
1187 1064 1341 1118 Missa
1374 1068 1635 1119 cantanda
1674 1069 1772 1121 do-

189 1152 368 1205 minus
399 1166 533 1220 papa
563 1152 804 1205 accedat.
855 1151 1122 1221 Quidquid
1168 1169 1295 1207 vero
1319 1154 1569 1207 dominus
1602 1171 1767 1224 papa,

184 1255 470 1312 postquam
492 1245 777 1298 accesserit
805 1245 873 1297 ad
898 1244 1065 1299 altare
1084 1286 1099 1309 ,
1124 1244 1296 1299 donec
1326 1246 1466 1299 idem
1518 1262 1764 1315 pronun—

186 1336 406 1390 tiaverit
439 1335 539 1401 Ite,
567 1334 733 1388 Missa
765 1345 861 1401 est,
882 1350 1045 1403 super
1092 1337 1257 1389 altare
1294 1336 1529 1390 oblatum
1575 1338 1766 1402 fuerit,

156 1425 264 1487 ,sic
290 1424 581 1479 dividetur.
614 1425 667 1479 In
701 1424 885 1493 primis
912 1424 1109 1479 dantur
1145 1426 1474 1479 marescallis
1521 1443 1592 1480 xu
1639 1429 1762 1484 den.

186 1517 252 1569 Et
286 1517 577 1571 notandum
610 1517 753 1586 quod
777 1517 829 1569 iu
856 1519 1001 1571 omni
1031 1517 1260 1572 statione
1302 1521 1353 1572 in
1385 1534 1487 1587 qua
1516 1520 1765 1574 dominus

186 1620 322 1675 papa
370 1607 603 1661 celebrat
651 1606 824 1660 divina
872 1606 939 1661 de
982 1606 1349 1662 oblationibus
1392 1609 1578 1663 altaris
1623 1611 1764 1678 apud

160 1706 433 1751 .sanctum
469 1697 693 1751 Petrum
713 1697 1041 1751 tantumdem
1064 1697 1259 1753 debent
1301 1699 1516 1754 habere.
1553 1700 1607 1755 In
1638 1715 1760 1754 om-

1881 526 2206 578 monastcrio
2230 528 2399 580 sancti
2431 528 2653 585 Thema:
2671 531 2737 586 de
2762 533 3331 599 Formis,monasterio
3359 544 3452 596 Mi-

1879 613 2077 677 randar,
2094 617 2416 670 monasterio
2428 632 2625 672 sancta:
2638 621 2928 687 Trinitatis,
2947 629 3270 683 monasterio
3285 637 3451 687 sancti

1876 698 2096 757 Joannis
2114 704 2181 757 de
2211 706 2405 770 Insula,
2425 712 2746 765 monaSterio
2766 714 2931 767 sancti
2955 716 3168 782 Leonis,
3186 732 3447 774 monaste-

1877 792 1961 845 rio
1979 796 2144 847 sancti
2171 794 2386 850 Cmsarii
2410 799 2810 867 Monachorum,
2826 806 3150 859 monasterio
3166 809 3335 862 sancti
3354 810 3447 869 (Iv-

1878 878 2024 935 iiaci.
2083 882 2199 936 Istis
2249 886 2491 939 ecclesiis
2538 905 2667 943 xvut
2712 890 2835 943 den.
2886 909 2898 945 :
2944 905 3143 948 sancta;
3172 897 3350 950 Maria:
3381 869 3451 952 de

1872 968 2198 1036 Monticello,
2232 976 2401 1028 sancti
2451 976 2672 1032 'I‘bomaa
2717 980 2784 1034 de
2835 980 3221 1049 Fraternitate,
3253 998 3449 1042 sancta:

1874 1061 2072 1125 Marim,
2105 1064 2272 1117 sam-ti
2314 1065 2614 1133 Trypbouis
2637 1108 2651 1131 ,
2684 1081 2884 1124 sanctm
2920 1073 3095 1128 Mariae
3148 1076 3443 1145 Rotundag,

1873 1151 2043 1203 sancti
2064 1153 2401 1219 Apollinarii,
2426 1158 2594 1209 sancti
2613 1156 2772 1211 Celsi.
2802 1157 2920 1211 Istis
2942 1163 3156 1230 capellis
3182 1180 3250 1216 xu
3281 1165 3402 1219 den.
3428 1185 3442 1221 :

1872 1249 2059 1291 sancto
2093 1239 2392 1307 Vincentio,
2428 1254 2613 1298 sancto
2641 1245 2880 1301 Michaeli
2939 1262 3137 1303 sancta:
3184 1250 3361 1305 Mari-.u
3395 1257 3445 1307 in

1871 1326 2051 1393 Saxia,
2082 1329 2242 1384 Lecto
2286 1331 2567 1399 graduum,
2618 1344 2818 1387 sancta:
2862 1337 3039 1390 Maria;
3088 1338 3448 1407 Synodochia,

1870 1430 2069 1476 sancta:
2098 1422 2276 1475 Mariae
2306 1422 2357 1475 in
2408 1422 2687 1488 Catenara,
2711 1425 2970 1481 Salvatori
3019 1426 3231 1496 Campi,
3262 1443 3450 1482 sancto

1874 1514 2037 1567 l’aulo
2062 1515 2328 1580 Aureolm,
2354 1523 2543 1569 sancto
2564 1518 2844 1569 Anastasio
2869 1518 3296 1583 Areolzr,sancto
3319 1521 3447 1585 Qui-

1869 1608 2001 1669 rico,
2027 1617 2210 1661 sancto
2238 1608 2510 1677 Abacyro,
2543 1616 2742 1661 sanctae
2767 1608 2946 1661 Maria:
2968 1624 2996 1661 a
3033 1609 3299 1673 Flumine,
3322 1627 3447 1663 san-

1866 1708 1952 1751 cto
1978 1699 2254 1766 Stephano
2283 1699 2349 1752 de
2381 1697 2543 1752 Piuea
2562 1740 2576 1764 ,
2600 1708 2788 1752 sancto
2833 1698 3063 1765 Macmo,
3088 1712 3289 1753 sancta:
3325 1700 3447 1753 νη-
3486 1720 3490 1724 ι

186 1787 355 1840 nibus
403 1786 564 1847 etiam
601 1786 720 1840 aliis
767 1786 1087 1842 stationibus
1143 1789 1368 1843 aliarum
1417 1791 1764 1846 ecclesiarum
1797 1779 2182 1860 BgiuiMarite
2212 1791 2279 1844 de
2302 1789 2753 1854 Czitiella,sancto
2804 1790 3094 1845 Laurentio
3139 1790 3440 1855 Piscinultn,

186 1874 279 1930 ubi
302 1876 550 1930 dominus
580 1892 711 1945 papa
736 1877 973 1931 celebrat
1002 1877 1178 1931 divina
1207 1878 1276 1933 de
1303 1880 1659 1935 oblationibus
1688 1885 1768 1937 al-

192 1969 343 2035 taris,
378 1969 566 2037 siqua:
605 1969 756 2033 fiunt,
786 1978 907 2037 post
942 1970 1283 2041 Evangelium
1335 1972 1535 2027 domini
1583 1990 1762 2043 papae,

187 2061 462 2130 prazdictis
488 2061 813 2116 marescallis
840 2059 1035 2115 dantur
1079 2077 1124 2115 Vl
1168 2062 1292 2116 den.
1342 2064 1491 2128 Quod
1539 2066 1581 2117 si
1628 2065 1765 2119 forte

185 2154 473 2223 contigerit
498 2186 503 2189 -
525 2152 849 2207 oblationem
881 2152 1109 2220 aliquam
1161 2168 1265 2207 non
1307 2169 1453 2218 esse,
1489 2154 1587 2208 nisi
1620 2156 1764 2208 illam

187 2256 306 2310 quae
334 2243 493 2296 debet
521 2255 641 2295 esse
673 2242 1122 2309 tuappulariorum
1144 2283 1159 2307 ,
1195 2245 1494 2298 marescalli
1542 2246 1646 2313 ipsi
1699 2246 1767 2301 de

184 2334 374 2388 eadem
403 2332 673 2392 oblatione
698 2349 743 2385 νι
775 2332 901 2387 den.
930 2333 1149 2389 habent.
1186 2334 1242 2389 Si
1276 2350 1400 2388 vero
1427 2335 1627 2389 oblatio
1658 2350 1764 2390 non

187 2426 425 2489 affuerit,
456 2426 1031 2495 eleemosynariusdat
1076 2424 1154 2480 eis
1209 2425 1277 2480 de
1324 2425 1663 2497 eleemosyna
1710 2443 1761 2482 vi

188 2520 311 2574 den.
337 2518 766 2588 Quotiescunque
793 2516 1043 2573 dominus
1075 2530 1208 2585 papa
1231 2526 1428 2582 cantat,
1445 2526 1500 2571 et
1521 2531 1764 2585 quocun-

187 2626 294 2682 que
324 2613 441 2667 h.co
465 2620 665 2677 cantet,
688 2610 902 2680 quando
929 2624 1032 2665 non
1062 2618 1146 2665 est
1174 2611 1355 2675 statio,
1383 2609 1539 2664 debet
1562 2610 1760 2665 eisdem

187 2701 534 2757 marescalcis
554 2700 1008 2771 eleemosynarius
1040 2701 1109 2755 de
1140 2700 1482 2770 eleemosyna
1509 2700 1637 2755 dare
1664 2717 1758 2755 xu.

190 2792 316 2846 den.
350 2792 711 2856 marescalcis,
740 2791 876 2845 sicut
922 2790 1122 2846 dictum
1172 2798 1256 2844 est
1297 2791 1561 2858 superius.
1592 2790 1759 2844 Datur

189 2883 382 2937 melior
410 2892 621 2936 moneta
656 2882 984 2952 primicerio,
1018 2880 1211 2936 deinde
1236 2881 1303 2935 de
1348 2881 1563 2935 residuo
1604 2881 1761 2935 datur

191 2986 347 3027 sexta
378 2990 497 3044 pars
529 2974 832 3044 primicerio
860 2987 911 3027 et
944 2974 1143 3027 schola:
1182 2984 1495 3037 cantorum;
1547 2972 1764 3039 reliquae

190 3080 321 3120 vero
354 3067 516 3134 partis
543 3066 801 3119 medietas
829 3065 984 3119 datur
1020 3064 1380 3119 cardinalibus
1430 3064 1671 3117 diaconis
1706 3072 1760 3117 et

189 3159 554 3225 subdiaconis,
580 3158 681 3217 alia
730 3172 857 3212 vero
908 3156 1170 3211 medietas
1218 3155 1508 3224 capellanis
1556 3156 1760 3208 solum-

190 3249 375 3303 modo.
408 3250 452 3304 Μ
478 3264 563 3303 ssa
594 3262 719 3303 vero
760 3247 829 3302 de
877 3262 1026 3301 more
1073 3255 1309 3309 cantata,
1332 3246 1580 3300 dominus
1631 3257 1764 3313 pa,-a

192 3341 478 3397 reuertitur
504 3341 567 3393 ad
605 3340 885 3408 palatium;
918 3338 961 3393 si
995 3353 1119 3391 vero
1162 3337 1490 3392 camerarius
1514 3336 1761 3402 voluerit,

190 3431 477 3484 distribuat
506 3447 607 3483 xxv
639 3432 799 3484 libras
845 3428 896 3481 iu
945 3427 1331 3497 presbyterium
1375 3426 1761 3489 supradictum.

190 3522 289 3577 Sin
322 3533 521 3585 autem,
549 3522 712 3589 priori
743 3520 975 3573 basilicae
999 3528 1052 3573 et
1078 3518 1373 3573 rectoribus
1415 3518 1559 3572 urbis
1588 3518 1765 3571 distri-

191 3610 462 3664 buendum
491 3610 821 3673 committet,
865 3608 1026 3680 206
1064 3606 1170 3662 illis
1197 3607 1284 3675 qui
1315 3607 1669 3662 interfuerant
1700 3607 1765 3661 ad

190 3699 531 3754 scribendum
563 3699 627 3753 ad
631 3698 851 3767 junctis.

261 3790 353 3846 67.
399 3792 472 3846 De
522 3792 624 3846 isto
653 3789 992 3861 presbyterio
1036 3788 1233 3843 dantur
1273 3788 1323 3842 in
1365 3788 1551 3857 primis
1581 3798 1768 3843 sancto

191 3881 355 3935 Petro
384 3897 445 3934 xx
479 3882 579 3934 sol.
605 3881 801 3935 Sancto
830 3879 1021 3936 Joanni
1049 3879 1394 3934 Laterauensi
1430 3895 1479 3931 vi
1511 3879 1608 3932 sul.
1639 3878 1769 3934 San-

190 3984 291 4026 cta:
316 3971 519 4040 Virgini
549 3972 725 4025 Maria:
765 3971 947 4043 Majori
996 3987 1027 4025 v
1078 3970 1179 4025 sol.
1232 3970 1430 4025 Sancto
1479 3970 1770 4025 Laurentio

192 4061 327 4115 roris
352 4077 559 4114 murum
591 4076 622 4114 ν
652 4060 791 4125 sol.;
836 4061 1121 4127 unicuique
1164 4058 1507 4113 cardinalium
1555 4074 1610 4112 ut
1642 4059 1764 4124 s0|.,

192 4154 298 4207 illis
327 4154 563 4222 exceptis
590 4157 678 4223 qui
708 4152 875 4208 lectos
905 4156 1298 4222 suprascriptos
1333 4155 1384 4208 in
1420 4154 1770 4209 Processione

191 4252 407 4311 parant,
441 4242 530 4311 qui
582 4251 798 4311 prepter
845 4241 946 4297 hoc
994 4258 1081 4296 xvr
1131 4242 1256 4296 den.
1290 4243 1519 4311 amplius
1545 4242 1766 4297 habent.

191 4334 494 4402 Unicuique
524 4334 867 4389 diaconorum
893 4350 926 4389 ιι
957 4335 1085 4399 sol.,
1110 4345 1333 4404 excepta
1372 4346 1553 4390 sancta
1600 4336 1759 4391 Maria

191 4421 367 4490 Nova,
406 4439 521 4491 qua:
553 4438 647 4491 pro
668 4423 806 4477 lecto
836 4424 973 4477 ultra
1004 4441 1072 4478 xu
1100 4426 1222 4478 den.
1253 4426 1437 4490 habet,
1468 4436 1523 4481 et
1544 4440 1765 4495 excepta

192 4513 426 4567 ecclesia
450 4517 616 4568 sancti
648 4515 943 4581 Theodori,
977 4533 1092 4584 quae
1123 4532 1221 4587 pro
1256 4519 1436 4573 lancea
1466 4520 1627 4575 debet
1670 4521 1765 4575 ha-

194 4603 328 4657 bere
372 4620 441 4657 xu
483 4620 693 4671 proves.
727 4604 871 4660 Ultra
919 4608 1204 4676 uniruique
1242 4611 1567 4665 monasterio
1614 4621 1765 4665 extra

196 4689 401 4748 Urbem
435 4708 487 4747 ιιι
520 4696 620 4746 sol.
650 4694 769 4752 Istis
813 4704 988 4750 autem
1019 4700 1355 4753 monasteriis
1386 4698 1436 4751 in
1466 4700 1605 4755 Urbe
1634 4700 1767 4754 dan-

190 4793 287 4838 ιιιι·
315 4798 373 4837 ιιι
405 4785 505 4838 sol.
542 4802 554 4838 :
588 4788 911 4839 monasterio
956 4788 1122 4840 sancti
1151 4787 1402 4853 Caesarii,
1438 4792 1767 4845 monasterio

190 4885 398 4929 sancta:
421 4874 662 4942 Agathae,
688 4876 1013 4929 monasterio
1044 4875 1407 4946 Panispcrnae,
1442 4880 1768 4934 monasterio

187 4966 263 5018 de
294 4964 543 5029 Pallaria,
570 4966 895 5019 monasterio
917 4967 1083 5018 sancti
1106 4966 1313 5019 Cosma:
1349 4968 1764 5038 Transtiberim,

189 5057 525 5110 urouasrerio
553 5060 720 5109 sancti
764 5053 1007 5110 Silvesui
1040 5058 1089 5109 iu
1116 5056 1328 5125 Capite,
1361 5060 1685 5115 monasterio
1716 5062 1767 5115 in

188 5150 480 5216 Capitolio,
510 5149 836 5203 monasterio
866 5147 1033 5200 sancti
1063 5148 1235 5202 Alexii
1255 5189 1268 5211 ,
1302 5152 1626 5203 monasterio
1647 5165 1769 5205 san-

188 5243 266 5297 cti
301 5242 477 5305 Sabze,
505 5243 829 5295 monaSIeriu
855 5240 990 5293 Cliti
1014 5242 1220 5305 Scauri,
1246 5243 1570 5296 monasterio
1597 5245 1767 5298 sai-eti

189 5333 404 5398 Basilii,
434 5336 761 5389 monasterio
788 5350 985 5389 sanctae
1011 5336 1215 5397 Crucis,
1244 5347 1445 5388 sancta:
1495 5336 1673 5390 Maria:
1716 5339 1766 5391 in

191 5426 551 5482 Monasterio.
579 5429 695 5482 istis
713 5442 839 5482 vero
865 5428 1204 5481 monasteriis
1224 5436 1277 5480 et
1300 5428 1542 5482 ecclesiis
1564 5445 1600 5481 ιι
1623 5429 1726 5485 soi.
1754 5445 1768 5483 :

191 5518 528 5569 lumnaaletitt
554 5517 725 5580 Julia,
761 5516 1087 5571 monasreiio
1118 5525 1317 5569 sancta:
1364 5515 1617 5583 Bihianze,
1652 5533 1769 5571 mo-

190 5606 437 5660 nasterio
461 5604 645 5676 Campi
677 5607 883 5671 Martis,
933 5608 1260 5662 monasterio
1305 5606 1537 5661 domina:
1594 5610 1766 5671 ltosm,

188 5697 530 5753 monasterio
550 5698 810 5766 Tempoli,
830 5699 1157 5756 monasterio
1178 5698 1346 5754 sancti
1365 5697 1579 5753 Joannis
1604 5709 1771 5768 porta:

1871 1892 2053 1935 sancto
2082 1881 2367 1935 Laurentio
2417 1881 2483 1935 de
2525 1882 3117 1946 Mundesariis,sancta
3166 1883 3342 1936 Mariae
3396 1885 3446 1938 iu

1872 1972 2171 2031 Petrochia.
2203 1979 2401 2024 sancta:
2437 1970 2633 2039 Virgini
2687 1971 2868 2024 Marias
2924 1972 2990 2025 de
3038 1970 3445 2040 Secundicerii,

1870 2075 2054 2114 sancto
2088 2061 2367 2115 Valentino
2397 2070 2545 2114 extra
2570 2061 2776 2127 urbem,
2810 2062 3082 2126 hospitali,
3115 2069 3302 2115 Sancto
3328 2062 3445 2115 Bla-

1868 2155 1948 2208 sio
1973 2154 2040 2207 de
2067 2155 2323 2219 Mercato,
2347 2163 2543 2207 sancta:
2560 2153 2736 2207 Maria:
2764 2155 2815 2207 in
2839 2153 3223 2221 Transpadina.
3248 2154 3446 2208 Omnes

1870 2259 2046 2300 autem
2076 2246 2195 2299 aliae
2225 2245 2467 2300 ecclesia:
2496 2246 2643 2301 urbis
2665 2245 3007 2315 singulariter
3025 2244 3224 2299 debent
3248 2246 3447 2302 habere

1870 2353 1964 2393 vui
1991 2338 2260 2393 denarios.

2292 2451 2449 2521 207
2488 2448 2599 2504 XL.
2644 2449 2720 2504 De
2745 2449 3019 2520 Virgariis.

1941 2561 2030 2616 68.
2064 2562 2289 2632 Virgarii
2314 2563 2510 2619 debent
2537 2563 2731 2618 habere
2762 2579 2857 2630 pro
2884 2564 3022 2618 lecto
3049 2579 3077 2616 x
3098 2564 3201 2617 sol.
3229 2577 3440 2633 proves.

1868 2655 2078 2711 Scholae
2108 2656 2395 2725 gnidonum
2426 2670 2457 2708 x
2491 2655 2593 2710 sol.
2643 2653 2897 2710 Scriuarii
2945 2669 2996 2707 ix
3027 2654 3128 2707 sel.
3163 2653 3444 2723 Scriptorii

1867 2762 1939 2800 xu
1964 2747 2087 2800 den.

1940 2834 2197 2890 Rectores
2248 2834 2591 2890 fraternitatis
2643 2835 2711 2889 de
2760 2835 3059 2888 rectoribus
3105 2851 3175 2887 xu
3205 2835 3444 2903 sol.,qui

1869 2935 2047 2980 tamen
2075 2926 2175 2979 sibi
2195 2941 2222 2977 a
2247 2926 2429 2994 paucis
2455 2933 2598 2978 retro
2621 2926 2949 2992 temporibus
2972 2928 3072 2978 hoc
3097 2939 3443 2993 usurpavere.

1866 3018 1971 3090 Ipsi
2001 3020 2195 3074 etenim
2231 3019 2351 3072 licet
2384 3016 2723 3087 quandoque,
2755 3018 2891 3071 sicut
2914 3017 3118 3069 dictum
3148 3025 3249 3085 est,
3284 3030 3434 3084 pres-
3510 3084 3515 3091 .

1790 3116 1837 3177 ε
1870 3112 2135 3183 byterium
2180 3112 2318 3165 istud
2348 3110 2717 3172 distribuatur,
2751 3126 2854 3161 non
2879 3109 3075 3161 deb~-ut
3096 3107 3292 3175 aliquid
3316 3108 3443 3162 inde

1868 3204 2126 3269 recipere,
2145 3218 2239 3255 nec
2263 3203 2421 3255 etiam
2444 3211 2719 3255 cantorum
2747 3200 2949 3265 schola,
2969 3196 3437 3268 mappularinrnm,

1867 3291 2336 3350 cubiculariorum,
2392 3290 2819 3352 adextratornm,
2853 3289 3225 3365 ostiariorum;
3270 3304 3445 3363 neque

1870 3384 1975 3439 ulla
2007 3385 2106 3437 alia
2137 3383 2321 3437 schola
2355 3383 2435 3437 vel
2478 3397 2725 3452 persona,
2768 3396 2991 3448 excepto
3024 3381 3198 3449 priore
3227 3380 3445 3435 subdia-

1869 3489 2125 3529 conorum
2158 3488 2277 3526 cum
2309 3471 2589 3542 acolythis,
2616 3471 2707 3540 qui
2729 3471 2795 3525 de
2838 3472 3169 3541 presbyterio
3191 3471 3445 3524 ecclesia-

1871 3581 2008 3629 rum,
2040 3566 2255 3635 quando
2280 3565 2456 3629 datur,
2481 3573 2539 3617 ut
2567 3578 2723 3632 supra
2746 3563 2943 3617 dictum
2975 3572 3075 3627 est,
3110 3561 3299 3630 recipit
3332 3577 3443 3613 ma-

1869 3671 1991 3720 nus,
2017 3663 2173 3723 prout
2201 3656 2251 3709 in
2282 3655 2512 3726 antiquis
2539 3653 2830 3708 rationibus
2854 3654 3173 3715 Innocentii,
3201 3652 3447 3719 Eugcnii,

1870 3748 2088 3802 Adriani
2119 3757 2172 3803 et
2206 3748 2431 3803 aliorum
2480 3748 2708 3816 plurium
2747 3747 3103 3800 Romanorum
3135 3745 3443 3814 pontificum

1872 3839 2128 3909 scriptum
2158 3840 2398 3911 plenarie
2429 3840 2717 3895 invenitur.

1870 3948 2002 4003 XLI.
2047 3949 2184 4015 Quid
2214 3949 2449 4003 dominus
2478 3964 2614 4019 pupa
2644 3948 2809 4019 facere
2835 3947 3009 4001 debeat
3050 3962 3106 3999 in
3142 3948 3446 4002 Ascensione

2543 4017 2769 4069 Domini.

1944 4130 2033 4185 69.
2066 4130 2119 4183 lu
2150 4129 2477 4184 Ascensione
2505 4128 2751 4183 dominus
2781 4143 2913 4207 papa
2938 4128 3107 4197 pergit
3136 4128 3202 4181 ad
3239 4128 3440 4194 Vespe-

1871 4235 1961 4276 ras
1982 4219 2119 4286 apud
2142 4228 2379 4273 sanctum
2407 4220 2640 4286 Petrum,
2662 4227 2715 4272 et
2746 4220 2813 4273 ibi
2838 4220 2991 4273 debet
3009 4218 3210 4287 jacere,
3236 4221 3442 4273 omnia-

1873 4330 1973 4382 que
2004 4313 2130 4367 facit
2152 4323 2206 4367 et
2223 4314 2407 4381 recipit
2432 4328 2552 4366 cum
2577 4314 2867 4367 camerario
2889 4322 2943 4367 et
2970 4312 3310 4377 cancellario,
3336 4313 3444 4367 δῖοι

1876 4414 1933 4458 ιιι
1980 4404 2227 4459 scribitur
2271 4403 2324 4458 in
2376 4404 2657 4457 festivitate
2712 4412 2764 4459 et
2810 4403 3163 4459 dedicatione.
3213 4403 3267 4457 In
3306 4403 3442 4458 festo

1795 4483 1847 4544 Ι)
1876 4497 2217 4550 Pentecostes
2264 4495 2512 4549 dominus
2545 4508 2677 4563 papa
2734 4494 2901 4563 pergit
2948 4493 3013 4547 ad
3062 4493 3325 4562 VeSper-as
3378 4494 3445 4548 ad

1874 4594 2117 4639 sanctum
2160 4584 2398 4649 Petrum,
2427 4594 2480 4638 et
2523 4585 2589 4637 ibi
2622 4584 2779 4638 debet
2802 4583 3002 4652 jacere,
3033 4593 3087 4637 et
3111 4584 3287 4637 omnia
3322 4583 3446 4637 facit

1874 4685 1930 4731 et
1956 4675 2145 4745 recipit
2173 4692 2292 4731 cum
2320 4676 2617 4730 camerario
2644 4682 2698 4728 et
2732 4674 3068 4739 cancellario,
3091 4675 3227 4729 sicut
3253 4675 3447 4729 dicitur

1876 4768 1928 4822 in
1960 4768 2250 4823 festivitate
2279 4774 2334 4821 et
2365 4766 2698 4820 dedicatione
2727 4765 2894 4819 sancti
2928 4765 3087 4820 Petri.

1876 4872 2039 4935 XLII.
2081 4880 2218 4945 Quid
2246 4880 2483 4932 dominus
2510 4895 2649 4949 papa
2696 4878 2839 4949 deget
2877 4880 3043 4939 facere
3092 4879 3145 4931 in
3188 4880 3448 4934 nativitdle

2291 4953 2453 5003 sancti
2492 4947 2711 5003 Jodmtis
2756 4947 3002 5014 Baptista:

1946 5063 2032 5116 70.
2068 5062 2120 5116 In
2144 5060 2429 5116 Nativitate
2459 5062 2623 5114 sancti
2658 5060 2880 5114 Joannis
2902 5058 3171 5113 descendit
3193 5057 3444 5112 dominus

1874 5166 2010 5221 papa
2040 5152 2104 5205 ad
2131 5152 2411 5207 ecclesiam
2456 5151 2868 5206 Lateranensem
2899 5165 2996 5219 pro
3027 5149 3271 5217 Vesperis
3300 5149 3443 5204 cele-

1876 5242 2094 5297 brandis
2142 5259 2261 5297 cum
2312 5244 2692 5308 cardinaiibns,
2727 5250 2781 5297 et
2820 5241 3000 5296 schola
3061 5251 3358 5305 cantorum,
3392 5248 3447 5293 et

1875 5334 2014 5401 aliis,
2039 5337 2450 5404 sicutscriptmn
2484 5346 2565 5388 est
2587 5349 2747 5400 supra
2788 5336 2839 5387 in
2870 5333 3245 5397 Assumptione
3280 5332 3448 5384 beatae

1876 5425 2086 5491 Mariae;
2114 5434 2167 5479 et
2212 5426 2368 5479 talem
2408 5424 2479 5478 ibi
2528 5435 2781 5479 exercent
2810 5422 3225 5486 solemnitatem,
3260 5432 3363 5473 ιειιιι
3399 5420 3450 5473 in

1875 5514 2147 5582 Vesperis,
2168 5531 2326 5582 quam
2354 5515 2639 5580 de-nocte,
2672 5514 2739 5569 de
2782 5512 3166 5568 consuetudine
3212 5512 3446 5580 antiqua,

1874 5606 2083 5676 qualem
2132 5606 2183 5660 in
2226 5607 2475 5673 pradicta
2522 5607 2688 5661 beata:
2727 5606 2905 5660 Mariae
2938 5604 3324 5672 aSsumptionc,
3354 5602 3448 5654 hoc

1875 5707 2122 5768 excepto,
2146 5699 2283 5770 quod
2315 5700 2556 5757 canonici
2588 5698 2823 5770 ejusdem
2856 5696 3099 5755 ecclesize
3122 5693 3327 5766 Vigiliis
3356 5690 3442 5747 do-
