4008 6304
588 319 726 376 109⁸5

1271 308 1611 367 API’ENDIX
1653 306 1742 361 AD
1780 303 1837 359 S.
1877 300 2206 360 GREGOBII
2246 299 2460 355 MAGNI
2503 296 2873 354 LITURGICA
2911 296 3161 354 OPERA.

3727 295 3863 358 £098

585 442 713 496 tnini
748 450 895 505 papae
923 421 1328 487 noninte'rsunt.
1380 427 1588 480 Czetera
1628 438 1755 478 vero
1806 424 1934 474 ﬁunt
1980 422 2155 473 omnia
2190 423 2229 475 Α
2263 416 2533 471 basilicam
2590 416 2760 471 sancti
2809 416 3080 471 Laurentii
3136 416 3189 470 in
3239 430 3430 481 mane;
3484 418 3575 472 ubi
3639 420 3866 476 trabem

586 534 729 588 sicut
758 530 808 583 in
842 525 1095 595 prtedicto
1126 521 1260 573 festo
1288 520 1457 572 beata:
1484 513 1713 583 Virginis
1742 512 1944 566 Marize.

586 639 750 709 208
787 631 965 686 XLIII.
1011 629 1147 695 Quid
1170 627 1415 709 dominus
1437 640 1571 691 popa
1597 624 1765 709 {cicere
1789 622 1931 674 debet
1958 622 2009 672 in
2033 622 2162 689 [esto

1058 700 1223 750 sancti
1272 694 1416 747 Petti
1466 694 1703 756 apostoli.

659 821 746 873 7t.
782 818 837 871 In
870 814 1154 870 festivitate
1175 811 1311 866 beati
1345 808 1485 863 Petri
1506 808 1753 861 dominus
1778 820 1911 875 papa
1936 801 2162 857 vaditad

587 913 866 967 ecclesiam
888 923 1008 962 cum
1030 904 1408 965 cardinalibus,
1434 911 1487 955 et
1520 908 1544 935 ⁸
1577 899 1781 963 schola,
1814 906 1869 951 et
1896 897 2037 958 aliis,
2071 909 2164 961 pro

586 998 925 1055 celebrandis
954 997 1147 1051 ibidem
1181 992 1446 1061 VeSperis,
1466 992 1604 1045 sicut
1624 989 1869 1057 superius
1893 996 1974 1042 est
2001 999 2163 1040 enar-

588 1103 797 1154 ratum;
827 1100 881 1145 et
908 1096 1151 1143 remanet
1172 1087 1241 1139 ibi
1265 1096 1317 1139 et
1341 1085 1496 1138 talem
1513 1089 1728 1137 exercet
1750 1080 2160 1142 solemnitatem,

590 1194 697 1237 tam
727 1183 781 1237 in
823 1180 1070 1249 Vesperis
1110 1193 1268 1246 quam
1303 1178 1353 1230 in
1386 1184 1561 1237 nocte,
1589 1174 1803 1242 qualem
1831 1172 1881 1223 in
1914 1167 2165 1237 praedicta

590 1274 968 1340 As~umptione
998 1270 1167 1323 beata:
1198 1266 1411 1330 Mariaz;
1443 1273 1499 1318 et
1523 1264 1589 1317 de
1631 1261 1816 1314 faculis
1840 1260 1892 1313 in
1915 1258 2165 1325 Vc-speris

591 1374 646 1417 et
673 1375 850 1426 noete,
882 1370 935 1414 et
964 1360 1029 1413 de
1055 1356 1399 1425 mappulariis
1421 1363 1474 1407 et
1501 1353 1705 1415 schola,
1738 1360 1794 1404 et
1822 1350 1888 1403 de
1917 1348 2165 1402 omnibus

589 1454 711 1507 aliis
743 1452 866 1504 facit
904 1449 1173 1504 similiter.
1221 1444 1518 1500 Notandum
1564 1458 1689 1495 vero
1735 1440 1877 1509 quod
1920 1437 2166 1493 dominus

590 1559 727 1616 papa
758 1542 916 1596 debet
939 1540 1136 1592 habere
1161 1538 1292 1591 duas
1315 1535 1615 1602 aquaricias
1654 1532 1839 1585 clareti
1862 1570 1878 1594 ,
1932 1538 1988 1583 et
2032 1529 2166 1580 duas

593 1634 699 1688 vini
730 1631 909 1686 statim
944 1638 1062 1697 post
1092 1627 1375 1695 Vesperas,
1406 1634 1461 1678 ut
1482 1624 1627 1677 bibat
1655 1637 1775 1675 cum
1806 1618 2166 1674 cardinalibus

591 1739 644 1782 et
670 1728 808 1787 aliis,
841 1734 897 1779 et
917 1724 1049 1777 duas
1070 1719 1098 1756 ι’
1129 1721 1356 1775 sacimas
1387 1720 1661 1780 mortulze,
1693 1726 1748 1771 et
1774 1732 1870 1784 pro
1896 1713 2164 1782 implendo

2264 508 2515 575 reliquias
2563 506 2931 575 apostolorum
2990 507 3131 561 Petri
3173 515 3229 560 et
3280 507 3426 562 Pauli
3456 548 3471 573 ,
3535 516 3594 563 et
3654 509 3863 577 lignum

2268 608 2289 634 ο
2315 608 2511 652 sancta!
2544 599 2749 662 Crucis,
2784 608 2838 652 et
2875 598 3126 654 osculans
3174 600 3401 670 porrigit
3443 615 3539 654 eas
3594 602 3864 657 cardinali

2265 685 2581 740 deferendas
2609 686 2675 739 ad
2706 688 2989 741 ecclesiam
3014 689 3183 742 sancti
3208 689 3489 755 Silvestri;
3518 700 3578 746 et
3607 690 3867 747 dominus

2266 792 2399 845 papa
2427 786 2603 830 cantat
2638 777 2710 831 Te
2753 777 2920 831 Deam
2958 780 3233 833 laudamus
3256 794 3380 834 cum
3405 781 3787 836 cardinalibus
3814 786 3866 837 in

2265 870 2504 935 basilica,
2536 882 2590 925 et
2614 872 2929 939 capellanis.
2962 870 3307 928 Pritnicerius
3333 888 3458 928 cum
3488 876 3679 929 schola
3713 884 3868 929 extra

2266 961 2539 1016 basilicam
2564 962 2735 1017 sancti
2756 962 2997 1018 Silvestri
3027 972 3169 1019 stant
3200 973 3484 1019 cantantes
3518 958 3869 1031 Antiphontis

2268 1059 2336 1114 de
2360 1059 2627 1114 Laudibus
2652 1076 2771 1113 cum
2805 1060 3030 1116 Psalmis
3056 1070 3111 1115 et
3142 1059 3477 1126 Benedictus;
3514 1072 3572 1117 et
3607 1060 3868 1116 dominus

2267 1163 2401 1216 papa
2432 1149 2559 1203 dicit
2587 1149 2918 1205 Orationem.
2944 1152 3081 1205 Ante
3104 1162 3308 1219 portam
3341 1152 3393 1204 in
3422 1151 3610 1205 tabula
3630 1151 3862 1220 quadam

2268 1244 2336 1297 ab
2364 1244 2598 1298 cstiariis
2626 1245 2816 1312 posita,
2846 1252 2901 1297 et
2926 1243 3133 1312 mappis
3161 1244 3279 1299 sive
3317 1243 3511 1299 toaIeis
3564 1244 3862 1297 honorabi-

2270 1333 2414 1397 liter,
2446 1333 2583 1387 sicut
2629 1333 2895 1398 convenit,
2942 1343 3195 1402 cooperta
3222 1373 3237 1397 ,
3286 1333 3571 1403 deponunt
3609 1334 3864 1403 reliquias

2270 1424 2450 1492 ipsas;
2492 1434 2545 1477 et
2572 1423 2807 1477 adoratis
2830 1423 2961 1492 ipsis
2994 1424 3238 1492 primitus
3271 1438 3301 1477 a
3334 1438 3471 1493 papa
3490 1434 3549 1478 et
3579 1424 3865 1476 cardinali-

2269 1513 2390 1577 bus,
2416 1513 2709 1568 adorantur
2739 1514 3077 1582 postmodum
3106 1515 3174 1567 ab
3202 1514 3345 1568 omni
3368 1515 3573 1583 populo
3594 1514 3648 1566 in
3672 1515 3859 1568 eodem

2274 1603 2412 1658 loco.
2444 1604 2511 1659 Et
2533 1603 2741 1660 interim
2776 1603 2951 1658 Prima
2980 1621 3011 1659 a
3046 1620 3177 1674 papa
3197 1615 3248 1659 et
3269 1605 3638 1659 cardinalibus
3669 1604 3858 1659 ibidem

2269 1704 2541 1761 cantatur;
2575 1704 2629 1749 et
2673 1704 2949 1765 pnstquam
2974 1697 3331 1750 adoraverunt
3356 1695 3618 1750 dominus
3649 1711 3780 1765 papa
3809 1706 3860 1751 et

592 1817 792 1870 domini
825 1829 975 1882 papa:
1017 1826 1242 1865 saccnne
1271 1811 1428 1864 debet
1460 1809 1660 1862 habere
1689 1822 1817 1859 XVIII
1850 1819 2090 1874 proves.,
2115 1812 2165 1857 et

2272 1788 2578 1841 cardinales
2614 1787 2810 1841 ibidem
2836 1797 3027 1855 parati,
3062 1795 3220 1854 prout
3256 1801 3416 1855 supra
3446 1786 3658 1840 dictum
3690 1796 3771 1839 est
3806 1787 3856 1840 in

590 1906 923 1961 camerarius
951 1903 1110 1959 debet
1141 1902 1337 1956 habere
1377 1915 1536 1954 unam
1583 1899 1908 1967 aquarieiam
1941 1897 2122 1949 t-Iateti
2149 1912 2165 1960 ;

593 2012 670 2062 et,
700 2000 743 2051 si
774 1994 1123 2051 cancellarius
1142 1993 1363 2057 residet,
1396 1992 1553 2045 debet
1582 1991 1777 2043 habere
1808 1990 1964 2041 aliam
1997 2002 2164 2056 aqua-

596 2093 802 2145 riciam.
825 2090 918 2144 Sin
949 2096 1148 2149 autem,
1178 2085 1425 2139 dominus
1456 2099 1589 2152 papa
1619 2083 1784 2151 ipsam
1833 2081 2011 2136 habet.
2046 2081 2169 2133 Ilaec

593 2179 771 2233 omnia
802 2178 870 2231 de
891 2176 1045 2229 altari
1069 2176 1237 2230 sancti
1265 2175 1405 2229 Petri
1432 2174 1782 2241 accipiuntur.
1803 2173 1873 2224 De
1895 2172 2165 2225 oblatione

594 2286 723 2324 vero
750 2267 935 2320 altaris
974 2276 1024 2318 et
1055 2266 1277 2335 pedibus
1323 2264 1521 2318 domini
1556 2278 1704 2332 papa:
1757 2264 1827 2314 ita
1878 2261 1989 2327 liet,
2033 2261 2171 2316 sicut

593 2362 849 2428 scriptum
879 2367 964 2413 est
988 2358 1040 2411 in
1071 2357 1206 2412 festo
1237 2356 1404 2409 sancti
1437 2355 1592 2409 Marci
1622 2355 1673 2407 in
1729 2352 1908 2406 litania
1954 2350 2165 2420 majori.

594 2452 706 2507 IIoc
753 2458 929 2504 autem
980 2448 1282 2501 nullatenus
1331 2455 1414 2501 est
1464 2443 1975 2513 prattermittendum
2025 2442 2168 2511 quod

594 2543 842 2597 dominus
871 2555 1003 2610 papa
1032 2547 1150 2608 post
1164 2548 1400 2607 quartam
1425 2537 1705 2590 lectionem
1730 2535 1925 2604 vigilite
1943 2535 2170 2589 descen-

593 2634 673 2689 dit
700 2636 763 2687 ad
794 2648 971 2687 aream
1002 2632 1205 2696 altaris,
1228 2640 1281 2683 et
1307 2628 1429 2682 inde
1452 2626 1683 2682 extrahit
1705 2626 2029 2679 thuribulum
2046 2639 2168 2679 cunt

594 2726 837 2790 candela,
868 2739 987 2794 qua:
1012 2724 1117 2776 alia
1150 2722 1435 2776 festivitate
1466 2721 1537 2774 ibi
1575 2735 1604 2772 a
1644 2717 1863 2772 domino
1904 2734 2037 2787 papa
2071 2716 2169 2771 fuit

594 2816 831 2883 reposita
862 2829 982 2866 cum
1012 2812 1330 2865 carbonibus
1358 2821 1406 2865 et
1438 2810 1687 2875 incenso;
1730 2822 1782 2861 et
1828 2808 2167 2878 posunoduntt

594 2903 922 2959 thuribulutn
946 2916 1066 2957 cum
1090 2900 1308 2955 candela
1329 2899 1487 2953 simili
1519 2899 1711 2952 ibidem
1745 2898 1989 2952 remittit.

596 3012 780 3068 XLIV.
819 3013 955 3079 Quid
986 3011 1128 3064 debet
1155 3013 1321 3130 {accire
1342 3010 1574 3089 domi-nus
1604 3026 1737 3078 papa
1773 3010 1825 3061 in
1879 3019 1985 3061 esto
2006 3008 2169 3060 sancti

1286 3091 1524 3130 aureum.

1286 3091 1524 3132 aureum.

2268 1878 2388 1931 aliis
2416 1878 2879 1940 Processionibus,
2907 1877 3211 1947 junioribus
3244 1878 3580 1949 presbyteris
3619 1879 3857 1931 cardina-

2270 1970 2406 2023 liluts
2439 1969 2691 2038 reliquias
2724 1969 2869 2035 ipsas
2902 1969 3257 2036 portantibus,
3289 1969 3599 2025 ascendunt
3621 1984 3718 2037 per
3744 1983 3858 2038 gra-

2267 2061 2367 2113 t‘lus
2390 2059 2552 2113 scalae
2572 2098 2586 2121 ,
2620 2066 2675 2111 et
2714 2058 2795 2111 sic
2825 2073 2919 2126 per
2945 2059 3083 2113 viam
3114 2074 3454 2113 communem
3487 2069 3721 2129 pergunt
3746 2074 3856 2128 pro-

2268 2149 2639 2205 cessionaliter
2664 2162 2830 2219 usque
2857 2148 2924 2203 ad
2954 2148 3236 2203 ecclesiam
3268 2148 3435 2204 sancti
3458 2146 3687 2204 Joannis
3709 2148 3854 2204 Late-

2267 2240 2508 2296 ranensis
2525 2280 2541 2293 .

2340 2332 2431 2387 75.
2464 2329 2762 2384 Notandum
2788 2329 2928 2399 quod
2944 2328 3183 2384 canonici
3209 2329 3609 2385 [.ateranenses
3634 2330 3850 2385 veniunt

2269 2424 2482 2478 obviam
2518 2423 2735 2477 domino
2776 2430 2927 2492 papa:
2976 2437 3145 2489 usque
3174 2423 3240 2476 ad
3286 2423 3483 2490 gradus
3523 2422 3691 2475 scala:
3731 2437 3849 2475 cum

2268 2530 2470 2579 erute,
2519 2514 2823 2583 primicerio
2873 2529 2994 2567 cum
3032 2513 3213 2567 schola
3262 2522 3540 2568 cantorum
3584 2521 3849 2568 cantante.

2277 2607 2536 2675 Reliquiis
2566 2621 2593 2658 a
2628 2603 2993 2674 portatoribus
3026 2619 3186 2672 super
3229 2604 3395 2658 altare
3438 2605 3665 2673 positis,
3689 2604 3854 2658 domi-

2270 2713 2370 2751 nus
2395 2710 2526 2765 papa
2547 2696 2719 2764 pergit
2744 2696 2811 2750 ad
2840 2695 3207 2761 secretarium,
3233 2704 3285 2749 et
3314 2695 3479 2764 210
3504 2704 3693 2749 cantat
3716 2694 3851 2749 Ter-

2270 2792 2396 2844 tiam
2426 2806 2441 2855 ;
2474 2800 2528 2843 et
2555 2788 2768 2842 indutus
2798 2787 2969 2857 pergit
2995 2787 3061 2840 ad
3088 2787 3279 2853 altare,
3309 2798 3361 2839 et
3385 2787 3630 2842 celebrat
3655 2785 3851 2840 divina.

2274 2883 2339 2938 Et
2368 2892 2483 2950 post
2531 2880 2947 2936 celebrationem
2993 2895 3117 2935 cum
3164 2877 3403 2950 reliquiis
3458 2880 3751 2934 revertitur
3787 2880 3850 2933 ad

2271 2975 2543 3031 basilicam
2598 2989 2693 3043 per
2742 2975 3018 3043 palatium.
3051 2976 3115 3029 Et
3142 2978 3434 3029 notandum
3486 2975 3633 3044 quod
3681 2976 3849 3029 domi-

2274 3083 2377 3121 nus
2404 3082 2532 3136 papa
2559 3076 2614 3120 et
2647 3066 2945 3121 cardinales
2974 3067 3026 3120 in
3066 3067 3315 3121 omnibus
3336 3066 3455 3121 aliis
3485 3066 3852 3121 Processioui-

664 3170 755 3225 72.
788 3171 844 3225 In
888 3169 1177 3225 festivitate
1222 3169 1392 3223 sancti
1440 3168 1711 3223 Laurentii
1750 3167 1993 3221 dominus
2035 3182 2167 3236 papa
2195 3125 2240 3188 Ο
2273 3159 2391 3220 [ωε.
2446 3165 2640 3227 ρτωιθι·
2694 3157 2884 3221 iﬁlam.
2930 3157 3152 3227 pedibus
3200 3157 3523 3211 excalceatis
3576 3155 3850 3211 incedunt.

592 3262 744 3317 vadit
772 3261 838 3315 ad
870 3261 1134 3329 Vesperas
1162 3274 1281 3313 cum
1310 3259 1558 3313 omnibus
1588 3259 1898 3327 ordinibus,
1923 3259 2059 3312 sicut
2079 3274 2168 3312 su-

597 3370 689 3424 pra
713 3355 910 3409 dictum
938 3362 1021 3406 est
1050 3352 1101 3407 in
1124 3351 1503 3419 Assumptione
1525 3350 1693 3404 beatte
1711 3349 1908 3413 Marim,
1927 3357 1983 3404 et
2008 3350 2164 3403 talem

596 3445 667 3499 ibi
695 3452 910 3498 exercet
937 3442 1327 3497 solemnitatem
1358 3451 1462 3494 tam
1513 3442 1565 3495 in
1614 3442 1863 3508 Vesperis
1912 3456 2068 3510 quam
2113 3456 2167 3494 tn

597 3542 772 3597 nocte,
802 3533 871 3586 de
899 3530 1282 3585 consuetudine
1312 3532 1548 3599 antiqua,
1578 3532 1789 3599 qualem
1821 3534 1872 3585 in
1907 3533 2167 3599 praedicta

599 3623 977 3691 Assumptione
1006 3623 1176 3676 beata:
1206 3622 1645 3692 Mariaz,excepto
1669 3622 1807 3690 quod
1835 3621 2168 3690 primicerius

595 3713 902 3768 scholarum
928 3728 1031 3765 non
1058 3713 1284 3767 intersit.
1320 3713 1523 3767 Cattera
1545 3727 1673 3767 vero
1699 3712 1832 3768 ﬁunt
1855 3712 2033 3768 omnia
2059 3713 2166 3767 sic-

601 3813 663 3860 ut
692 3805 745 3859 in
774 3804 1023 3873 prccdicto
1052 3802 1185 3857 festo
1212 3805 1384 3859 beatae
1412 3804 1608 3859 Mariae.

596 3917 758 3988 209
780 3914 937 3970 XLV.
972 3914 1107 3980 Quid
1132 3917 1303 3988 facere
1320 3916 1465 3988 debet
1507 3918 1746 3971 dominus
1774 3935 1909 3986 papa
1947 3920 2001 3973 in
2032 3918 2162 3987 [esto

1056 3983 1216 4039 sancti
1266 3983 1423 4039 Pauli
1470 3989 1708 4056 apostoli.

666 4095 755 4150 75.
800 4096 854 4150 In
895 4095 1183 4150 festivitate
1228 4096 1367 4150 beati
1406 4095 1553 4149 Pauli
1581 4097 1826 4152 dominus
1856 4113 1986 4167 papa
2022 4100 2167 4154 vadit

597 4202 718 4241 cum
750 4187 1111 4240 cardinalibus
1146 4201 1239 4255 pro
1287 4186 1481 4240 ibidem
1524 4188 1856 4242 celebrandis
1882 4190 2164 4258 Vesperis;

591 4284 648 4331 et
672 4277 914 4345 cantatis,
945 4274 1173 4331 comedit
1198 4276 1267 4330 ibi
1289 4292 1407 4330 cum
1435 4278 1682 4333 omnibus
1711 4280 2088 4349 cardinalibus,
2113 4291 2168 4337 et

593 4369 905 4437 capellanis,
937 4381 990 4423 et
1016 4367 1133 4422 aliis
1162 4368 1469 4433 ordinibus;
1513 4379 1566 4422 et
1605 4381 1854 4425 exercent
1885 4372 1956 4426 ibi
2006 4374 2163 4429 talem

2271 3249 2555 3303 Sciendum
2600 3248 2761 3302 etiam
2811 3248 2952 3317 quod
2992 3247 3271 3302 Processio
3302 3258 3511 3302 tantum
3557 3247 3616 3302 lit
3658 3249 3713 3301 in
3759 3247 3853 3301 hac

2269 3342 2380 3405 die,
2404 3350 2582 3395 etnon
2607 3339 2660 3393 in
2693 3338 2999 3393 inventione
3020 3338 3260 3407 ejusdem
3282 3346 3484 3393 sancta:
3504 3339 3715 3406 Crucis,
3739 3354 3853 3407 qua:

2272 3443 2354 3486 est
2386 3433 2437 3484 in
2471 3444 2657 3485 mense
2689 3430 2847 3484 Maio.
2943 3441 2949 3447 '

2272 3543 2473 3598 XLVII.
2509 3543 2644 3610 Quid
2679 3542 2917 3595 dominus
2954 3558 3087 3611 papa
3130 3544 3297 3611 facere
3325 3541 3502 3594 debeat
3542 3543 3595 3592 in
3630 3540 3850 3593 Dedica-

2411 3615 2545 3666 tione
2585 3614 2907 3666 ecclesiarum
2935 3621 3226 3664 sanctorum
3261 3610 3405 3663 Petri
3448 3622 3497 3665 et
3528 3611 3707 3664 Pauli.

2341 3726 2430 3780 76.
2459 3726 2511 3778 ln
2539 3723 2878 3778 Dedicatione
2916 3722 3265 3779 ecclesiarum
3308 3723 3450 3777 Petri
3478 3734 3532 3778 et
3561 3723 3714 3777 Pauli
3746 3724 3849 3777 do-

2276 3820 2449 3872 minus
2491 3830 2627 3885 papa
2671 3814 2815 3869 vadit
2843 3830 2962 3869 cum
2992 3813 3350 3868 cardinalibus
3399 3814 3465 3867 ad
3499 3814 3767 3882 \‘esperas
3791 3815 3853 3867 ad

2275 3910 2554 3964 ecclesiam
2586 3909 2755 3962 sancti
2808 3907 2971 3961 Petri.
3026 3907 3231 3972 Quibus
3286 3908 3560 3971 cantatis,
3605 3906 3855 3960 dominus

2269 4017 2401 4071 papa
2429 4000 2497 4055 ibi
2525 4009 2761 4055 remanet
2795 4008 2954 4067 atque
2980 3998 3153 4067 jacet,
3188 4008 3241 4052 et
3286 3997 3338 4051 in
3372 4000 3588 4067 propria
3615 4013 3851 4067 persona

2269 4094 2429 4148 debet
2453 4093 2503 4147 in
2537 4101 2696 4147 nocte
2726 4092 3006 4145 cantandis
3036 4091 3242 4161 Vigiliis
3280 4092 3575 4155 interesse;
3606 4102 3660 4147 et
3691 4094 3851 4146 talem

2269 4183 2338 4237 ibi
2379 4192 2596 4237 exercet
2626 4182 3050 4248 solemnitatem,
3084 4189 3190 4235 tant
3221 4182 3273 4235 in
3324 4181 3573 4250 Vesperis
3601 4199 3764 4252 quam
3804 4184 3851 4236 ia

2268 4286 2444 4335 nocte.
2500 4273 2710 4343 qualem
2755 4274 2807 4326 in
2860 4272 3112 4340 pra‘dicta
3166 4274 3546 4340 Assumptione
3600 4273 3848 4343 glori0sa'.

2272 4365 2500 4433 Virginis
2525 4363 2734 4427 Mariae;
2769 4362 2868 4415 huc
2906 4362 3115 4425 addito,
3138 4361 3277 4429 quod
3309 4363 3556 4416 dominus
3591 4379 3729 4431 papa
3758 4363 3847 4416 de-

593 4459 1007 4523 solemnitatem,
1042 4470 1147 4511 tam
1187 4457 1239 4511 itt
1273 4458 1518 4527 Vesperis
1542 4474 1699 4527 quam
1734 4461 1786 4514 in
1818 4472 1997 4529 nocte,
2037 4480 2167 4534 qua-
2196 4488 2251 4550 Β
2274 4457 2362 4510 bet
2386 4458 2580 4509 habere
2612 4454 2679 4507 de
2713 4452 2867 4508 altari
2895 4453 3027 4506 duas
3057 4454 3351 4521 aquaricias
3389 4454 3602 4512 clareti.
3636 4466 3690 4508 et
3723 4458 3849 4507 duas

601 4550 703 4602 lem
745 4551 797 4602 in
840 4548 1217 4616 Assumptione
1263 4547 1429 4603 beatae.
1480 4549 1660 4604 Mariae
1705 4559 1788 4605 est
1841 4565 2165 4610 enarratum.

594 4641 797 4696 Caetera
830 4642 963 4695 liunt
1007 4641 1148 4694 sicut
1191 4640 1242 4693 in
1276 4641 1528 4708 praedicto
1568 4640 1726 4695 festo.
1772 4644 2059 4699 Sciendum
2088 4656 2172 4701 est

594 4732 733 4802 quod
761 4731 813 4785 in
843 4742 1027 4785 octava
1058 4732 1225 4784 sancti
1255 4731 1393 4785 Petri
1424 4732 1603 4785 omnia
1636 4730 1769 4786 ﬁunt
1792 4734 1930 4788 sicut
1952 4736 2004 4790 in
2035 4738 2169 4793 festo

591 4824 832 4893 ejusdem
861 4824 1031 4878 sancti
1064 4823 1231 4888 Petri,
1284 4824 1384 4879 hoc
1426 4836 1658 4895 excepto
1685 4828 1824 4896 qttod
1857 4830 2054 4885 dictum
2085 4843 2169 4888 est

592 4917 664 4972 de
692 4915 978 4971 thuribulo.

594 5027 775 5083 XLVI.
793 5026 928 5091 Quid
945 5025 1182 5078 dominus
1201 5042 1335 5094 papa
1370 5030 1540 5089 facere
1568 5025 1740 5081 debeat
1763 5029 1815 5081 in
1844 5028 2165 5087 Exoltatione

1153 5107 1340 5149 sancta:
1371 5098 1571 5149 Crucis.

664 5191 750 5245 74.
782 5189 837 5244 In
870 5187 1197 5243 exaltatione
1218 5196 1415 5242 sanctae
1444 5187 1629 5243 Crucis
1652 5204 1835 5245 mense
1864 5192 2162 5261 Septembri

592 5284 962 5339 sanctissimus
990 5281 1237 5335 dominus
1281 5294 1413 5348 papa
1445 5296 1565 5334 cum
1606 5282 1963 5338 cardinalibus
2000 5286 2162 5343 intrat

665 5427 691 5455 ι
731 5418 839 5470 Leo
867 5416 927 5468 ιν
964 5415 1255 5477 constituit,
1289 5421 1513 5466 testante
1549 5414 1859 5477 Anastasio,
1887 5426 1941 5467 ut
1974 5416 2024 5468 in
2071 5417 2162 5470 lia-

592 5487 738 5540 silica
759 5488 923 5538 sancti
949 5484 1090 5537 Petri
1126 5482 1371 5549 Vespera:
1392 5499 1420 5534 a
1442 5492 1633 5537 cuncto
1663 5484 1805 5538 clero
1847 5497 1898 5538 et
1927 5500 1955 5537 a
1979 5486 2157 5541 schola

595 5558 646 5609 in
672 5558 757 5607 die
780 5554 969 5607 natalis
996 5555 1110 5620 ejus
1139 5552 1511 5619 psallerentur.

665 5630 688 5662 ιι
718 5622 940 5680 ()nul‘rio
966 5624 1092 5674 duas
1115 5624 1305 5673 salutas
1333 5622 1597 5676 mortellw.
1632 5623 1705 5678 De
1721 5622 1888 5678 salma
1910 5624 2154 5690 superius

595 5693 825 5755 dittam;
856 5690 982 5759 quid
1008 5700 1185 5744 autem
1210 5690 1280 5745 sit
1328 5692 1569 5748 mortella
1616 5706 1712 5749 seu
1754 5694 2007 5761 ntortnla,
2035 5696 2155 5747 aliis

2273 4545 2415 4610 vini;
2460 4556 2511 4601 et
2535 4561 2694 4600 unam
2726 4542 3074 4607 camerarius,
3116 4553 3168 4596 et
3196 4555 3440 4611 quartam
3472 4545 3848 4599 cancellarins.

2270 4639 2347 4693 De
2375 4641 2645 4693 oblatione
2680 4653 2808 4691 vero
2836 4636 3019 4688 altaris
3060 4637 3124 4689 ad
3166 4636 3327 4703 pedes
3356 4636 3558 4688 domini
3594 4652 3747 4705 papae
3786 4637 3852 4690 ita

2269 4730 2381 4795 lict,
2412 4729 2550 4783 sicut
2576 4730 2833 4794 scriptum
2862 4737 2942 4781 est
2972 4729 3022 4780 in
3064 4727 3350 4780 feStivitate
3404 4728 3542 4780 beati
3574 4728 3775 4791 Marci;
3803 4738 3854 4780 et

2265 4821 2425 4876 debet
2458 4821 2655 4874 habere
2713 4834 2844 4889 papa
2896 4833 2948 4870 tv
2999 4819 3192 4871 fascios
3220 4818 3464 4870 tnortulae
3512 4834 3611 4887 pro
3640 4833 3851 4872 camera

2268 4928 2383 4979 sua,
2412 4923 2464 4966 et
2504 4927 2555 4964 tv
2586 4927 2681 4979 pro
2711 4914 2923 4964 camera
2975 4925 3068 4963 sua
3111 4909 3441 4963 camerarius
3464 4952 3477 4971 ,
3535 4918 3591 4963 et
3623 4926 3695 4964 att
3726 4912 3850 4964 den.

2268 5021 2364 5075 pro
2392 5006 2661 5074 implendo
2686 5018 2913 5058 530(‘0Ile
2951 5002 3151 5057 domini
3200 5018 3378 5072 papae,
3429 5012 3486 5057 et
3514 5018 3568 5056 ιιι
3619 5004 3728 5058 sol.
3764 5020 3851 5070 pro

2268 5098 2423 5167 lignis
2448 5097 2501 5149 in
2533 5111 2741 5148 camera
2774 5094 2973 5148 domini
3007 5109 3185 5162 papae;
3215 5102 3291 5155 et,
3323 5095 3459 5148 sicut
3512 5094 3848 5163 prannissnm

2266 5203 2346 5246 est
2376 5194 2426 5244 in
2470 5191 2601 5243 festo
2644 5186 2881 5257 ejusdem
2917 5186 3083 5240 sancti
3118 5186 3281 5252 Petri,
3314 5186 3651 5253 accipiuntur
3672 5185 3845 5237 omnia

2270 5288 2382 5340 Iure
2410 5284 2477 5339 de
2500 5283 2675 5335 altari.

2267 5418 2607 5473 divinandum
2641 5413 2905 5477 relinquo.
2955 5409 3115 5474 Infra,
3168 5424 3314 5462 nmn.
3362 5408 3463 5471 75,
3522 5410 3718 5475 legitur
3763 5429 3844 5467 te:

2264 5489 2449 5557 fascias
2477 5486 2707 5557 "tortu/at
2723 5499 2814 5551 pro
2839 5497 3041 5533 camera
3058 5497 3147 5557 sua
3171 5498 3187 5541 ;
3212 5479 3436 5557 Qnufrio
3459 5480 3729 5557 mortelltt.

2337 5571 2358 5597 ε
2392 5554 2668 5623 Quomodo
2703 5550 2835 5604 lianc
2866 5566 3079 5623 crucem
3110 5550 3325 5618 Sergius
3356 5562 3492 5617 papa
3522 5552 3727 5618 primus
3760 5553 3829 5607 ita

2264 5621 2489 5692 venerit,
2520 5624 2829 5680 Anastasius
2861 5621 3043 5677 tradit.
