4006 6346
556 315 691 367 αυάἴ)

1233 303 1574 357 Al'l‘ENDlX
1620 300 1708 353 ΑΙ)
1749 303 1805 354 8.
1852 296 2150 352 (illi-.UOill

2257 296 2437 348 mox:
2489 290 2852 346 l.l'l’l‘llGl<2A
2895 285 3141 347 erant.

3713 280 3771 341 tl
3801 295 3822 332 ἐ

631 423 714 475 ΒΞ.
761 419 916 474 Missa
948 425 1121 466 autem
1155 413 1445 474 celebrata,
1477 413 1759 464 revertitur
1789 409 1854 462 ad
1880 410 2131 474 palatium
2164 410 2210 465 Α
2245 405 2400 456 Deum
2434 406 2724 468 Iattdantus,
2757 403 2884 454 dicit
2916 403 3242 472 Adjntorium
3275 410 3509 462 nostrum
3544 401 3602 451 in
3638 401 3838 450 ηηηιὲιέε

554 523 840 567 Coronatus
891 521 1008 559 cum
1043 504 1384 572 proces~ione
1436 512 1490 556 ct
1525 502 1727 554 honore
1770 516 2013 564 arcuum,
2049 517 2133 551 re-

557 600 962 672 prtcsentatione
992 596 1120 663 legis
1149 611 1176 646 a
1205 593 1420 654 Judaeis,
1456 603 1510 647 et
1541 592 1930 646 thuribulorum
1962 606 1991 643 a
2020 592 2132 644 cle-

555 696 680 749 ricis
723 689 995 751 Romanis,
1033 697 1087 744 et
1111 687 1339 755 jactibus
1386 685 1627 750 totidem,
1661 693 1715 737 et
1744 695 1894 737 tanta
1923 684 2135 752 quanti—

555 793 662 836 tate
693 779 866 844 faelis,
892 779 1029 832 sictt
1061 778 1110 829 in
1150 776 1402 846 prmdicta
1449 775 1679 829 secunda
1713 775 1840 828 feria
1884 782 2004 840 post
2035 774 2136 826 Pa-

553 878 704 932 scha.
747 873 1142 939 Sciendumque
1181 869 1318 937 quod
1361 869 1658 922 cardinales
1709 882 1895 921 omnes
1941 866 2134 928 Graeci,

555 967 889 1036 primicerius
926 978 1047 1017 cum
1079 963 1260 1015 schola
1293 971 1594 1023 cantorum,
1637 961 1941 1026 prmlectus,
1977 973 2137 1010 sena-

555 1071 717 1124 tores,
745 1059 950 1126 judices
978 1064 1032 1109 et
1078 1055 1342 1116 advocati,
1387 1053 1650 1116 scrinarii,
1691 1051 1924 1119 prtcfecti
1967 1064 2135 1103 nava-

555 1155 653 1216 les,
682 1152 862 1205 schola
905 1151 1166 1213 crncium,
1215 1156 1270 1202 et
1313 1146 1572 1215 capellaui
1606 1147 1708 1198 tale
1752 1143 2137 1212 presbyterium

555 1254 606 1294 et
643 1242 817 1294 taliter
842 1241 1024 1292 datum
1074 1238 1364 1305 accipiunt,
1401 1236 1560 1303 quale
1601 1234 1652 1286 in
1685 1234 1770 1285 die
1805 1233 2021 1285 Pascha:
2051 1246 2140 1282 su-

561 1335 738 1400 perius
769 1333 1096 1384 nominatum
1131 1330 1427 1394 recipiunt;
1461 1325 1772 1380 subdiacoui
1811 1334 1987 1377 autem
2021 1324 2143 1376 sin-

555 1427 662 1489 guli
695 1423 930 1492 singulos
963 1423 1293 1488 me'equinos
1321 1419 1538 1482 habent,
1573 1419 1711 1487 quod
1737 1428 1913 1469 tamen
1955 1431 2058 1467 non
2087 1414 2142 1466 lit

560 1521 611 1568 in
660 1515 833 1582 aliqua
889 1513 1260 1578 pra-dictarum
1321 1510 1744 1563 soletnnitatum.
1795 1507 1908 1560 Non
1951 1507 2142 1558 dantur

555 1606 696 1659 enim
741 1605 838 1663 eis,
884 1605 1018 1655 sicut
1055 1603 1247 1655 ibidem
1296 1602 1550 1667 scriptum
1599 1597 1804 1662 tvlcnius
1856 1596 2139 1660 invenitur,

557 1696 717 1748 etiam
747 1694 790 1747 si
824 1709 924 1745 xxx
960 1692 1039 1744 vel
1073 1690 1304 1758 amplius
1325 1697 1529 1749 essent,
1564 1703 1633 1738 xu
1675 1685 1982 1740 melechini.
2011 1684 2142 1739 Uni-

2236 497 2468 560 Domini,
2493 505 2598 548 etc.
2624 494 2918 546 Benedictio
2945 493 3039 544 Dei
3073 491 3242 544 Putris
3268 504 3312 544 et
3345 490 3498 552 Filii,
3530 504 3645 544 etc.
3681 488 3846 541 Bene-

2236 586 2394 638 dictio
2427 584 2521 636 Dei
2549 584 2908 654 omnipotentis
2942 583 3116 634 Putris
3139 593 3186 635 et
3213 579 3342 634 Filii
3379 591 3424 634 et
3453 581 3702 650 Spiritus
3733 597 3846 633 saa-

2238 681 2304 732 cti
2333 678 2605 731 descendat
2637 693 2792 742 super
2821 691 2927 738 vos,
2962 686 3008 726 et
3046 683 3248 726 maneat
3279 689 3499 742 semper.
3534 672 3656 726 Hoc
3684 671 3840 736 facto,

2239 769 2454 823 ducitur
2484 770 2548 820 al
2584 767 2776 828 altare,
2812 775 2866 818 et
2906 773 3205 830 prostratus
3245 772 3396 827 orat;
3427 763 3522 831 qui
3552 771 3852 831 postquam

2246 860 2506 921 oraverit,
2538 859 2722 911 sedem
2768 856 3024 923 majorem
3054 855 3317 917 ascendit,
3349 862 3405 906 et
3443 854 3518 907 ibi
3548 854 3850 906 canonicis

2241 949 2479 1016 ejusdem
2521 947 2767 1002 ecclesia:
2814 947 2877 997 ad
2925 946 3087 1012 pedes
3119 945 3346 1011 recipiet
3394 954 3448 997 ct
3495 944 3562 996 ad
3597 943 3848 996 osculum

2242 1041 2406 1106 pacis.
2442 1039 2498 1093 Si
2533 1055 2660 1092 vero
2687 1038 3030 1093 descenderit
3058 1038 3124 1091 ad
3163 1036 3448 1092 ecclesiam
3484 1038 3667 1089 sancti
3704 1035 3848 1088 Petri

2209 1145 2608 1195 consecratus,
2665 1133 2846 1186 omnia
2881 1131 3012 1184 ﬁunt
3055 1131 3194 1184 sicut
3238 1131 3291 1182 in
3333 1129 3574 1183 ecclesia
3628 1126 3846 1180 Latera-

2247 1223 2422 1286 ncnsi,
2460 1222 2560 1274 hoc
2589 1233 2840 1288 excepto,
2893 1223 3032 1290 quod
3065 1221 3134 1274 ibi
3173 1236 3281 1274 non
3315 1231 3398 1275 cst
3439 1220 3611 1274 sedes
3651 1228 3850 1272 ειεηοο

2249 1324 2383 1366 rata.
2413 1314 2476 1367 Et
2508 1313 2748 1381 proxima
2781 1314 2870 1366 die
2907 1312 3168 1378 semiruti,
3204 1311 3479 1364 celebrata
3517 1308 3715 1366 Missa.
3749 1324 3847 1360 non

2246 1411 2531 1456 coronatus
2575 1402 2865 1456 revertitur
2907 1402 2970 1453 ad
3015 1401 3291 1468 palatium.
3325 1401 3649 1466 Antequam
3694 1398 3846 1451 intret

2249 1493 2554 1555 ecclesiam,
2589 1492 2871 1545 descendit
2906 1491 2970 1543 ad
3003 1491 3185 1544 sedem
3229 1499 3640 1552 stercoratam;
3673 1489 3846 1556 ibique

2246 1585 2474 1646 sedens,
2525 1593 2682 1651 prout
2722 1593 2804 1636 est
2851 1583 3037 1646 moris,
3084 1593 3135 1636 et
3181 1581 3382 1635 faciens
3425 1580 3670 1647 jactum,
3720 1580 3848 1631 sicut

2246 1680 2494 1746 superius
2531 1687 2614 1730 est
2667 1685 2962 1738 narratum,
3008 1675 3267 1743 accipitur
3301 1688 3330 1726 a
3389 1675 3579 1743 priore
3634 1670 3845 1724 Latera-

559 1799 734 1839 versas
771 1783 930 1836 etiam
973 1782 1170 1834 scindre
1222 1779 1426 1847 palatii,
1477 1777 1686 1831 clericis
1738 1777 1990 1829 Romanis
2047 1791 2142 1842 pro
2176 1763 2220 1822 Β
2249 1768 2398 1821 nensi
2431 1776 2486 1820 et
2512 1781 2632 1818 cum
2662 1780 2768 1818 uno
2797 1763 3090 1828 cardinale,
3125 1771 3180 1816 et
3206 1763 3425 1816 ducitur
3451 1777 3555 1831 per
3582 1762 3843 1830 porticum

559 1876 868 1938 thuribulis,
916 1872 1116 1926 Judtcis
1166 1885 1261 1937 pro
1305 1867 1781 1934 rcprzcsentatioue
1812 1866 1960 1933 legis,
1997 1865 2143 1917 laieis

563 1968 815 2021 Romanis
849 1979 943 2032 pro
981 1978 1130 2025 arcu,
1178 1963 1281 2014 tale
1313 1956 1698 2026 presbyterium
1725 1957 1902 2020 datur,
1933 1966 1984 2008 et
2022 1966 2071 2008 ta
2097 1957 2141 2007 i-

563 2066 664 2118 ter,
689 2055 844 2122 quale
867 2051 1095 2104 daturin
1127 2047 1565 2102 coronatinnibus
1587 2046 1708 2098 aliis
1739 2045 1940 2098 domini
1973 2060 2141 2112 papre.

560 2145 819 2198 Piucerua
852 2141 1070 2208 insuper
1101 2146 1154 2191 et
1181 2137 1526 2192 marCSCallus
1559 2147 1663 2188 tam
1695 2136 1761 2189 dc
1789 2135 2141 2196 comestione,

559 2249 714 2300 quam
749 2233 817 2285 de
867 2232 988 2283 aliis
1017 2231 1252 2283 donariis
1302 2237 1716 2281 remunerantur
1743 2228 2016 2290 similiter,
2050 2241 2144 2280 ex—

560 2331 718 2390 cepto
744 2321 882 2389 quod
912 2322 1084 2386 capita
1114 2334 1396 2386 porcorum
1437 2327 1614 2386 aptata
1646 2335 1751 2371 non
1799 2319 2016 2380 habent,
2052 2331 2144 2371 ne-

564 2429 668 2481 que
693 2413 975 2466 clarctum.
1013 2409 1237 2462 Familia
1269 2422 1484 2476 quoque
1527 2416 1579 2460 et
1605 2408 1834 2460 curiales
1869 2407 2145 2475 presbyte-

561 2504 699 2557 rium
736 2502 928 2554 habent
948 2499 1095 2569 juxta
1125 2497 1406 2551 camerarii
1434 2497 1790 2550 voluntatem.

635 2591 723 2646 85.
766 2592 819 2646 Si
847 2605 976 2645 vero
1003 2590 1194 2644 electio
1226 2590 1361 2640 facta
1389 2596 1470 2640 est
1495 2588 1543 2639 in
1573 2587 1797 2640 ecclesia
1857 2587 2028 2640 sancti
2059 2587 2148 2641 Pe-

567 2687 660 2750 tri,
685 2695 799 2754 post
832 2682 1248 2737 nominationem
1276 2680 1490 2734 ducitur
1512 2680 1714 2733 electus
1739 2695 1766 2731 a
1795 2680 2001 2732 dnohns
2023 2694 2146 2731 car-

565 2777 830 2831 tliualibus
856 2774 1121 2826 cantando
1147 2772 1216 2826 Te
1240 2771 1402 2825 Deum
1432 2772 1704 2824 laudamus
1727 2772 1788 2822 ad
1819 2772 2022 2836 altare;
2056 2769 2146 2823 ubi

566 2876 862 2936 prostratus
887 2879 1164 2934 posutuam
1190 2863 1518 2927 admoverit,
1546 2865 1761 2929 ponitur
1791 2865 1840 2917 in
1875 2863 2001 2916 sede
2027 2871 2147 2930 post

565 2962 755 3026 altare,
793 2969 845 3012 et
877 2959 950 3012 ibi
992 2959 1274 3024 episcopos
1319 2967 1370 3010 ct
1417 2955 1741 3018 cardinales,
1781 2967 1836 3009 et
1876 2971 2010 3022 quos
2048 2956 2146 3008 sibi

567 3052 847 3115 p'acuerit,
875 3048 1065 3114 recipit
1101 3047 1164 3097 ad
1201 3044 1383 3113 pedes,
1420 3053 1472 3096 ct
1502 3044 1844 3111 postmodum
1877 3042 1941 3095 ad
1969 3045 2147 3096 oscula

2248 1859 2311 1910 ad
2350 1857 2658 1921 ecclesiam,
2687 1865 2741 1909 et
2767 1855 2964 1927 omnia
2993 1854 3124 1907 liuut
3179 1853 3320 1908 sicut
3363 1852 3628 1921 superius
3656 1861 3741 1905 est
3767 1866 3844 1904 uo-

2249 1959 2438 2000 latum.

2324 2037 2414 2091 85.
2460 2038 2749 2094 Sciendum
2775 2051 2905 2091 vero
2928 2036 3065 2103 quod
3103 2035 3498 2105 presbyterium
3537 2034 3846 2089 scholam

2249 2146 2353 2182 non
2389 2132 2457 2183 ita
2491 2130 2669 2190 datur,
2699 2129 2838 2182 sicut
2861 2129 2904 2181 si
2927 2127 3084 2179 fuerit
3111 2135 3465 2180 cmsecratus
3490 2126 3547 2178 in
3577 2126 3747 2179 Urbe.
3780 2126 3846 2178 De

2249 2221 2583 2291 presbyterio
2629 2221 2772 2273 enim
2819 2234 3003 2272 eorum
3063 2229 3187 2272 tunc
3233 2216 3499 2271 medietas
3547 2225 3839 2278 resecatur,

2247 2314 2487 2378 exceptis
2514 2311 2713 2363 .ludzcis
2743 2320 2797 2362 et
2831 2310 3044 2363 clericis
3076 2307 3254 2370 Urbis,
3288 2317 3342 2362 et
3373 2308 3843 2361 adcxtratoribus.

2251 2401 2514 2454 Pratterea
2570 2407 2846 2452 senatores
2897 2399 3054 2453 Urbis
3095 2399 3372 2451 dominum
3420 2413 3623 2466 papam
3654 2398 3848 2451 debent

2245 2493 2560 2554 adcxtrare,
2590 2491 2703 2544 sive
2728 2492 2934 2544 venerit
2959 2499 3327 2555 consecratus,
3361 2489 3477 2543 sive
3515 2505 3629 2542 non
3659 2503 3848 2541 conse-

2248 2594 2448 2648 cratus,
2475 2598 2504 2635 a
2539 2594 2689 2650 porta
2741 2584 2973 2636 civitatis
3028 2599 3194 2651 usque
3224 2582 3290 2636 ad
3332 2584 3510 2636 locum
3569 2584 3656 2634 ubi
3693 2583 3846 2634 fuerit

2249 2674 2560 2734 desectisus,
2589 2671 2704 2724 sive
2728 2671 3073 2726 descenderit
3098 2672 3160 2724 ad
3205 2672 3494 2726 ecclesiam
3528 2672 3851 2725 Lateraneu-

2249 2778 2387 2826 sem,
2421 2764 2534 2816 sive
2554 2763 2618 2816 ad
2640 2763 2922 2817 ecclesiam
2949 2762 3086 2816 beati
3114 2761 3294 2827 Petri;
3319 2763 3374 2817 in
3405 2763 3846 2817 remuneratione

2250 2854 2401 2922 cujus
2427 2854 2631 2907 servitii
2653 2870 2681 2906 x
2710 2855 2810 2907 sol.
2840 2869 2938 2923 pro
2963 2868 3104 2921 equo
3126 2855 3321 2908 debent
3353 2854 3583 2908 habere.
3622 2854 3841 2907 Verum-

2255 2954 2433 2997 lannn
2463 2943 2645 2998 schola
2677 2942 3074 2997 adextratorutn
3106 2944 3265 2999 debet
3311 2945 3513 2998 habere
3541 2962 3613 2999 xx
3643 2945 3750 2999 sol.

2496 3035 2659 3106 215
2696 3034 3055 3088 Juramenlwn
3082 3046 3378 3089 senatorum
3415 3035 3597 3089 Urbis.

570 3139 736 3205 pacis.
766 3138 828 3188 Et
855 3139 1094 3202 proxima
1125 3135 1154 3186 d
1179 3150 1209 3188 e
1237 3133 1506 3186 ltominica
1536 3134 1779 3203 sequenti
1807 3147 2150 3188 consecratur
2177 3142 2223 3202 ο
2325 3127 2413 3182 86.
2453 3146 2473 3180 t
2508 3127 2622 3198 Ego
2659 3128 2722 3182 N.
2758 3128 2904 3182 urbis
2941 3127 3126 3182 Roma:
3153 3139 3370 3182 senator
3395 3131 3465 3181 ab
3499 3129 3601 3181 hac
3633 3128 3768 3182 liora
3800 3131 3846 3181 in

568 3228 786 3289 ῖιιξιιυηι,
821 3237 1031 3279 cantata
1073 3225 1234 3278 Missa
1279 3240 1397 3278 cum
1441 3226 1870 3278 solemnitatibus
1901 3227 2150 3293 superius

571 3315 895 3380 nominatis;
932 3324 983 3366 et
1027 3323 1315 3366 coronatus
1349 3315 1635 3367 revertitur
1670 3315 1733 3366 ad
1772 3314 2043 3382 palatium,
2078 3314 2152 3366 fa-

570 3409 670 3460 ctis
700 3408 947 3460 omnibus
979 3404 1117 3471 aliis,
1148 3405 1282 3458 sicut
1320 3417 1395 3456 est
1425 3405 1669 3470 superius
1703 3417 2029 3469 enarratum,
2061 3420 2153 3472 per

569 3495 833 3546 ordinem.
885 3496 1184 3560 Antequam
1229 3492 1390 3544 intrat
1436 3493 1718 3561 palatium,
1766 3493 2046 3546 tlcscmdtl.
2085 3494 2151 3546 ad

572 3585 750 3640 sedem
792 3593 1180 3648 stercoratam;
1213 3584 1391 3652 ib:que
1423 3583 1635 3648 sedens,
1672 3594 1826 3653 prout
1857 3584 2018 3638 moris
2046 3595 2151 3649 est,

571 3675 1064 3743 etl'aciensjztctum
1114 3684 1192 3729 ter
1223 3676 1554 3744 replicatam,
1608 3676 1744 3728 sicut
1794 3677 2041 3745 superius
2069 3676 2151 3730 di-

573 3779 712 3819 ttutn
758 3774 859 3830 est,
911 3765 1174 3834 accipitur
1222 3781 1250 3818 a
1306 3765 1689 3831 cardinaltbus,
1743 3766 2026 3819 etducitur
2062 3781 2155 3834 per

575 3874 658 3926 νος
677 3859 832 3910 ticum
867 3858 1029 3920 ipsam
1056 3857 1119 3909 ad
1147 3857 1436 3909 ecclesiam
1474 3857 1703 3910 basilice
1741 3857 2144 3922 Laterancnsis;

576 3960 631 4005 et
661 3951 960 4004 ascendens
1003 3950 1185 4003 sedem
1231 3960 1347 4014 post
1394 3950 1583 4012 altare,
1631 3950 1822 4017 recipit
1865 3951 2155 4003 canonicos

574 4040 815 4108 cju-detn
846 4039 1089 4094 ecclesite
1114 4039 1177 4089 ad
1213 4040 1392 4107 pedes,
1425 4051 1478 4092 et
1505 4038 1666 4110 214
1696 4040 1892 4094 deinde
1920 4042 1984 4092 ad
2011 4058 2156 4095 oscu-

576 4133 683 4187 lum
721 4132 887 4199 pacis.
916 4133 1030 4196 Quo
1065 4129 1227 4195 facto,
1275 4133 1441 4199 pergil
1473 4132 1539 4185 ad
1587 4132 1843 4200 palatium
1885 4147 2053 4202 uSque
2091 4136 2155 4186 ad

580 4223 763 4278 sedem
802 4223 971 4275 suuti
1001 4222 1274 4286 Silvestri;
1311 4223 1492 4292 ibique
1533 4227 1704 4287 sedet,
1747 4237 1801 4279 et
1833 4225 1955 4279 ficit
1984 4227 2158 4279 omnia

582 4313 636 4365 in
666 4311 856 4365 eodem
881 4312 995 4364 loco
1024 4321 1077 4365 et
1108 4313 1156 4363 in
1183 4323 1359 4378 antea,
1388 4313 1526 4366 sicut
1556 4315 1752 4366 dietuut
1784 4325 1865 4368 est
1893 4317 2160 4381 suucrius,

577 4400 842 4455 ordinate.

2256 3229 2412 3273 antea
2443 3219 2618 3272 ﬁdelis
2647 3233 2742 3272 ero
2772 3216 2861 3271 tibi
2893 3218 3112 3272 domino
3137 3234 3256 3272 meo
3284 3234 3434 3288 papa!
3468 3221 3709 3273 Urbano.
3737 3220 3846 3273 Non

2255 3327 2351 3366 ero
2382 3311 2434 3364 in
2465 3309 2628 3376 facto,
2662 3327 2833 3380 neque
2866 3313 2916 3364 in
2962 3313 3208 3376 consilio,
3245 3327 3416 3381 neque
3460 3313 3512 3366 in
3554 3329 3846 3376 censensu,

2257 3413 2312 3457 ut
2340 3404 2532 3473 perdas
2563 3405 2742 3460 vitam.
2799 3412 2889 3456 aut
2935 3405 3254 3470 membrum,
3301 3415 3390 3458 aut
3433 3406 3670 3472 capiaris
3713 3407 3847 3459 mala

2256 3495 2520 3558 captione.
2547 3493 2841 3546 Consilium
2867 3494 3006 3562 quod
3038 3494 3167 3548 mihi
3193 3495 3383 3548 credes
3411 3510 3509 3562 per
3539 3505 3616 3558 te,
3649 3496 3732 3550 vel
3761 3511 3852 3563 per

2259 3583 2463 3636 litteras
2489 3592 2579 3636 aut
2612 3583 2877 3647 nmriutn,
2930 3598 3016 3638 me
3044 3584 3249 3637 st-iente
3291 3585 3354 3636 ad
3407 3585 3670 3638 damnum
3705 3594 3851 3638 tuum

2259 3675 2386 3726 nulli
2423 3675 2667 3742 pandam.
2702 3676 2871 3727 'l'uum
2902 3687 3106 3729 certum
3131 3675 3385 3729 damnum
3416 3676 3460 3730 si
3489 3676 3727 3738 scircro,
3762 3694 3855 3744 pro

2261 3780 2414 3834 posse
2442 3781 2561 3820 meo
2587 3766 2711 3818 illud
2738 3767 3044 3834 impediam.
3077 3767 3228 3833 Quod
3259 3767 3301 3821 si
3339 3782 3433 3835 per
3468 3783 3554 3820 me
3586 3767 3853 3836 impedire

2260 3876 2363 3912 non
2409 3869 2618 3928 potero,
2662 3859 2787 3912 illud
2838 3860 2930 3914 tibi
2971 3860 3285 3929 significabo
3317 3876 3414 3928 per
3441 3861 3737 3928 meipsum,
3774 3863 3854 3913 vel

2261 3966 2354 4019 per
2377 3952 2582 4004 litteras
2605 3959 2696 4002 aut
2728 3954 2992 4015 nuntium,
3024 3968 3116 4005 seu
3146 3953 3304 4006 talem
3339 3967 3627 4020 pchonatn
3658 3955 3730 4007 de
3753 3971 3853 4023 qua

2261 4055 2357 4108 pro
2387 4050 2534 4094 certo
2563 4041 2779 4094 credam
2809 4043 2946 4110 quol
2983 4043 3110 4096 illud
3147 4044 3237 4096 tibi
3268 4043 3459 4097 debeat
3507 4044 3742 4098 lide'iter
3774 4046 3852 4097 in.

2256 4132 2497 4183 sinuare.
2551 4131 2804 4198 Papatum
2851 4131 3150 4186 Romanum
3195 4143 3248 4187 et
3294 4133 3491 4201 regalia
3536 4133 3683 4187 beati
3717 4135 3853 4188 Petri

2262 4235 2379 4286 qua:
2413 4219 2575 4273 babes
2599 4222 2660 4271 ad
2696 4221 3032 4276 retinendum
3057 4234 3110 4276 et
3132 4222 3554 4285 defendendum,
3581 4240 3706 4293 quae
3732 4241 3852 4278 vero

2265 4323 2367 4360 non
2398 4308 2583 4373 babes,
2617 4309 2680 4361 ad
2716 4312 3161 4378 recuperandum,
3196 4323 3250 4366 et
3282 4326 3599 4382 recuperata
3629 4316 3698 4368 ad
3733 4317 3854 4369 reti-

2268 4399 2496 4451 nendum
2529 4411 2583 4452 et
2609 4402 3024 4469 defendendum,
3053 4416 3238 4457 contra
3279 4420 3465 4459 omnes
3492 4406 3743 4459 homines
3767 4407 3846 4460 ad-

647 4487 737 4544 84.
781 4490 834 4542 Si
868 4499 1042 4542 autem
1088 4499 1237 4543 extra
1276 4489 1471 4544 Urbem
1505 4490 1910 4559 l'ucritelet-tnc,
1958 4505 2011 4549 ρι
2051 4511 2154 4550 non
2193 4502 2236 4558 ι)
2261 4490 2407 4558 jntor
2437 4507 2530 4544 cro
2572 4493 2864 4546 secundum
2901 4509 3057 4560 posse
3089 4510 3151 4548 ac
3179 4497 3319 4548 scire
3359 4512 3571 4553 meum;
3609 4498 3846 4550 nomiu-

578 4591 950 4638 c0ttsecratus,
989 4578 1163 4632 otunia
1199 4579 1329 4632 liuut
1355 4582 1544 4635 ordine
1575 4585 1902 4649 supradicm,
1935 4587 2049 4639 sive
2072 4590 2162 4642 liat

581 4673 875 4724 descensus
905 4680 958 4725 et
989 4673 1325 4725 consecratio
1371 4673 1608 4741 ejusdem
1641 4677 1795 4729 electi
1839 4677 1890 4729 in
1932 4679 2158 4734 ecclesia
2196 4678 2201 4682 ’

579 4762 748 4814 sancti
773 4761 934 4824 Petri,
961 4776 1053 4816 seu
1081 4763 1130 4814 in
1163 4763 1386 4816 ecclesia
1422 4764 1761 4819 Lateraneusi
1794 4767 1932 4821 idem
1960 4770 2161 4825 electus

581 4853 892 4906 descendat.
919 4854 1069 4917 Quod
1095 4855 1137 4906 si
1162 4855 1364 4909 electus
1382 4868 1434 4909 et
1461 4869 1806 4912 consecratus
1831 4860 1992 4914 fuerit
2012 4871 2162 4916 extra

584 4945 818 5009 Urbem;
851 4957 902 4998 et
953 4961 979 4994 a
1016 4957 1163 5014 porta
1209 4947 1550 5000 Lateranensi
1594 4951 1801 5002 venerit
1848 4953 1910 5002 ad
1943 4953 2162 5019 lfrbem,

581 5050 770 5090 omnes
798 5035 1022 5090 Romani
1053 5038 1233 5090 clerici
1265 5050 1551 5092 occurrunt
1576 5043 1622 5093 ci
1665 5051 1814 5095 extra
1859 5044 2054 5097 Urbem
2086 5048 2168 5099 in-

583 5125 718 5191 duti,
751 5142 869 5179 cum
898 5129 1147 5182 crucibus
1180 5137 1233 5180 cl
1265 5129 1568 5194 tiuribulis,
1615 5133 1664 5184 in
1709 5133 2084 5200 l’roevssioue;
2115 5152 2169 5192 et

581 5217 662 5271 sic
689 5217 852 5270 intrat
881 5220 1159 5272 ecclesiam
1196 5218 1636 5286 LateranenSetn,
1679 5233 1731 5275 et
1763 5223 1892 5277 fiunt
1923 5228 2023 5279 alia
2055 5243 2170 5280 ont-

584 5305 695 5371 nia,
753 5311 895 5360 sicut
952 5310 1200 5376 superius
1248 5317 1333 5362 est
1384 5322 1713 5379 enarratum,
1778 5313 1877 5367 hoc
1920 5328 2165 5383 excepto,

585 5399 724 5466 quod
755 5415 873 5451 cum
901 5399 1243 5454 descenderit
1271 5402 1336 5453 ad
1368 5402 1550 5455 sedem
1583 5413 1954 5468 stercoratam,
1991 5419 2041 5460 et
2079 5425 2170 5473 per

585 5490 846 5558 punicum
873 5491 1068 5545 vadens
1098 5493 1383 5546 ecclesiam
1417 5495 1836 5549 Laterauensem
1872 5499 2168 5564 intraverit,

587 5594 688 5630 non
727 5581 902 5634 statim
929 5582 1171 5635 ascendit
1203 5583 1267 5636 ad
1297 5584 1464 5637 altare
1486 5597 1579 5635 seu
1605 5585 1669 5638 ad
1698 5589 1910 5652 sedem;
1954 5589 2048 5642 sed
2082 5606 2171 5643 vc-

589 5668 746 5721 nicns
772 5669 993 5721 interius
1017 5685 1080 5722 ex
1112 5670 1279 5724 choro
1309 5674 1495 5738 majori
1526 5685 1646 5728 ante
1677 5690 1888 5745 cruces,
1929 5677 2079 5729 linito
2105 5678 2173 5732 Te

2268 4583 2358 4636 tim
2387 4593 2562 4637 autem
2604 4593 2844 4639 satirlum
2878 4587 3112 4650 Petrum,
3146 4587 3329 4640 urbem
3363 4586 3693 4652 Romanam,
3725 4590 3851 4642 civi-

2269 4683 2429 4726 tatem
2465 4675 2775 4739 Leouinam,
2817 4676 3238 4746 Tran-tybeﬂm,
3285 4677 3540 4744 insulam,
3573 4679 3850 4731 Castellum

2269 4764 2592 4829 Crescentii,
2643 4776 2880 4820 sanctam
2930 4768 3150 4822 Mariam
3206 4768 3544 4833 Ilotnndam,
3587 4781 3852 4828 senatum,

2272 4867 2560 4918 tuottetam,
2609 4858 2837 4912 homres
2878 4870 2931 4912 et
2970 4861 3252 4928 dignitates
3287 4860 3464 4924 Urbis,
3497 4870 3717 4926 portum
3764 4861 3855 4913 Os.

2275 4936 2518 5014 tiensezn,
2573 4958 2626 5001 et
2676 4949 3023 5001 tenimeutum
3071 4949 3376 5010 Tnsmdani,
3428 4961 3485 5004 et
3531 4952 3850 5020 generaliter

2269 5039 2446 5092 omnia
2484 5039 2682 5106 regalia
2727 5041 2860 5092 intra
2913 5041 3105 5094 Urbem
3146 5052 3202 5094 et
3245 5053 3416 5093 extra.
3455 5041 3850 5105 (lat-dinal.bus,

2273 5128 2485 5182 familiis
2514 5131 2640 5192 tuis,
2677 5141 2731 5184 et
2759 5146 2944 5184 eorum
2980 5133 3320 5186 venientibus
3346 5133 3409 5184 ad
3441 5133 3744 5184 lli-inanem
3776 5148 3852 5183 ec-

2271 5222 2512 5286 clesiam,
2566 5223 2896 5276 morantibus
2937 5224 3072 5292 apud
3121 5241 3260 5287 eam,
3288 5234 3342 5278 et
3372 5225 3756 5277 recedentibus
3796 5226 3851 5276 alt

2271 5326 2356 5374 ca,
2409 5312 2615 5377 plenam
2668 5324 2720 5366 et
2771 5329 2949 5367 veram
2999 5314 3340 5368 securitatem
3397 5317 3694 5382 praestabo.
3744 5315 3852 5366 Ιιειτς

2273 5406 2451 5455 omnia
2471 5403 2596 5472 juro
2629 5420 2713 5458 me
2743 5406 3148 5460 obsi-rvaturum
3181 5408 3314 5460 bona
3343 5407 3472 5471 lide,
3511 5409 3590 5461 sic
3617 5423 3704 5462 me
3729 5408 3849 5460 Deus

2271 5494 2486 5563 adjuvet
2513 5503 2568 5549 et
2601 5497 2710 5550 bmc
2741 5508 2924 5550 sancta
2961 5500 3049 5552 Dei
3073 5501 3370 5566 evangelia.
3406 5519 3424 5550 ι

2347 5587 2433 5639 87.
2467 5587 2597 5640 Cum
2643 5590 2800 5642 datur
2849 5591 3175 5657 procuratio,
3207 5594 3248 5646 si
3299 5593 3462 5645 fuerit
3507 5591 3848 5646 cancellariui

2274 5680 2338 5732 de
2372 5693 2518 5748 parte
2558 5682 2927 5749 cardinalium,
2974 5683 3193 5751 recipiat
3236 5683 3302 5738 de
3334 5684 3547 5738 duobus
3576 5679 3844 5738 cardinali-
