4006 6298
61 401 205 464 11οἰ

1282 405 1536 467 nouam
1578 398 1892 468 oscines.
1933 443 2000 453 —
2041 409 2156 467 xu.

3201 415 3337 469 ﬁt)?

58 525 190 586 ltus,
225 523 338 576 sive
380 521 430 575 in
463 521 714 585 denariis,
762 525 871 576 sive
916 523 966 576 in
1014 525 1328 578 victualibns
1368 528 1555 587 detur;
1603 525 1647 578 si
1680 530 1723 586 Α
1756 542 1982 593 proceres
2009 526 2090 578 sui
2119 525 2335 578 habeant
2363 541 2557 592 pacem,
2581 526 2800 597 diligant
2831 529 3150 592 charitatim,
3177 529 3335 582 absti-

56 626 204 664 νει-υ
254 628 358 664 non
401 611 560 665 fuerit
602 614 980 677 cancellarins,
1026 617 1094 669 de
1135 625 1239 668 tota
1283 616 1654 682 procuratione

52 704 430 756 communiter
475 703 542 756 de
583 713 732 770 parte
779 705 978 756 domini
1019 722 1164 774 papae
1207 717 1262 760 et
1303 708 1654 760 cardinalinm

55 807 173 858 pro
205 793 411 846 duobus
433 793 796 846 cardinalibns
816 796 1136 847 cancellaria
1169 797 1406 861 recipiat,
1435 800 1475 848 si
1501 797 1657 849 detur

54 882 114 933 in
157 883 504 937 victualilms.
538 884 639 936 Sed
672 887 715 936 si
743 876 896 937 detur
919 885 970 937 in
1000 886 1252 949 denariis,
1289 895 1411 940 tunc
1450 887 1658 941 cancel-

52 973 205 1027 l:rria
242 989 337 1042 pro
366 989 470 1026 uno
505 983 707 1026 tantum
738 974 996 1028 cardinali
1031 976 1270 1043 recipiat,
1302 977 1393 1029 sed
1419 977 1486 1030 de
1505 987 1658 1044 parte

52 1065 454 1119 tantummodo
484 1066 788 1119 cardinalis.

53 1174 262 1232 XLIX.
297 1177 437 1230 Ordo
468 1185 491 1211 ο
523 1178 592 1229 ad
623 1177 1014 1231 benedicendum
1045 1178 1420 1243 imperatorem,
1453 1180 1655 1244 quando

636 1264 872 1300 coronam
902 1248 1082 1316 accipit
1094 1288 1106 1300 .

137 1337 240 1391 88.
295 1357 312 1390 ι
344 1337 648 1392 lnnomine
675 1338 875 1392 Christi
913 1338 1186 1405 promitto,
1215 1338 1454 1406 spondeo
1497 1351 1658 1406 atque

50 1429 334 1494 polliceor
381 1429 544 1499 216
591 1443 690 1498 ego
736 1429 802 1481 Ν.
859 1429 1171 1496 imperator,
1219 1443 1400 1482 coram
1451 1429 1559 1482 Deo
1605 1438 1659 1481 et

39 1523 231 1571 beata
277 1518 456 1583 Petro,
498 1531 586 1572 me
625 1528 979 1586 protectorem
1028 1517 1053 1556 δ
1104 1527 1156 1571 et
1206 1518 1538 1578 defensorem
1574 1533 1658 1572 es-

49 1625 142 1675 se,
187 1626 206 1659 ι
237 1619 344 1663 etc.

131 1700 238 1755 89.
275 1700 478 1753 Dehinc
502 1701 808 1756 Orationem
851 1702 1074 1770 primum
1102 1701 1260 1754 debet
1287 1701 1464 1754 dicere
1499 1701 1658 1754 Allia-

53 1791 259 1844 nensis
313 1790 595 1858 episcopus
645 1798 770 1845 ante
825 1800 1030 1859 portam
1076 1801 1383 1860 argenteam
1427 1790 1656 1845 basiticae

52 1879 243 1931 sancti
274 1878 437 1932 Petri.

136 1966 350 2022 Oratio.
381 1997 451 2006 —
477 1967 634 2032 Deus,
667 1969 718 2020 in
745 1970 894 2039 cujus
930 1986 1084 2023 manu
1126 1973 1284 2024 corda
1317 1983 1430 2024 sunt
1457 1989 1654 2040 regum,

51 2057 268 2110 inclina
296 2059 363 2110 ad
388 2074 558 2128 preces
584 2059 889 2114 humilitatis
918 2071 1106 2115 nostra:
1129 2078 1278 2116 aures
1299 2065 1660 2117 misericordiae

51 2158 197 2211 mw,
228 2160 277 2200 ct
305 2150 599 2219 imperatori
629 2160 802 2204 nostro
842 2151 913 2205 Ν.
958 2154 1151 2222 famulo
1196 2165 1284 2207 tuo
1323 2171 1533 2226 regnum
1560 2165 1661 2208 tua:

44 2255 278 2308 appone
307 2242 589 2308 sapientiae,
619 2252 698 2303 ut,
725 2242 918 2296 haustis
947 2245 1009 2297 de
1038 2253 1131 2297 tuo
1159 2247 1300 2314 fonte
1337 2247 1582 2309 consiliis,
1613 2257 1659 2299 et

51 2333 153 2383 tibi
193 2333 414 2399 placeat,
440 2343 493 2386 et
517 2349 667 2402 super
690 2335 864 2386 omnia
896 2351 1054 2404 regna
1083 2336 1364 2404 prwcellat,
1393 2347 1501 2391 etc.

130 2424 456 2476 Orationem
503 2439 630 2477 vero
667 2426 954 2479 secundam
999 2427 1160 2482 debet
1207 2429 1490 2496 epicopns
1534 2429 1659 2482 Por-

47 2517 284 2567 tuensis
311 2514 537 2568 recitare
569 2515 712 2569 inter
737 2517 1018 2571 ecclesiam
1053 2519 1195 2573 beati
1231 2519 1372 2573 Petri
1399 2523 1447 2572 in
1484 2521 1658 2574 medio

51 2617 225 2660 τοίω.

134 2697 352 2749 Oratio.
375 2727 443 2737 —
470 2696 623 2762 Deus,
655 2699 1018 2753 inenarrabilis
1047 2709 1226 2752 auctor
1252 2701 1448 2764 mundi,
1480 2702 1657 2753 condio

45 2793 134 2836 tor
195 2786 396 2853 generis
436 2787 664 2851 humani,
707 2789 1015 2857 gubernator
1058 2791 1276 2857 imperii,
1331 2790 1659 2857 conﬁrmator

46 2877 234 2944 regni,
268 2877 357 2942 qui
396 2893 460 2929 ea:
487 2888 628 2930 utero
653 2879 822 2944 ﬁdelis
862 2881 1011 2932 amici
1057 2882 1132 2931 tui
1164 2879 1469 2946 patriarcha:
1503 2883 1658 2934 nostri

47 2967 294 3019 Abrahw
315 2969 615 3038 pra’eleg’sti
639 2985 804 3038 regem
825 2971 1030 3023 swculis
1052 2971 1260 3038 futuris,
1285 2980 1338 3022 tu
1364 2983 1657 3041 prwsentem

42 3071 234 3124 regem
269 3057 404 3108 hunc
429 3073 545 3109 cum
582 3059 807 3110 exercitu
845 3075 938 3114 suo
982 3075 1071 3124 per
1097 3060 1510 3114 intervemimem
1543 3078 1654 3113 om-

40 3151 205 3200 nium
249 3159 543 3202 sanctorum
575 3160 779 3202 tuorum
817 3151 959 3203 uberi
989 3149 1347 3204 Benedictione
1375 3152 1651 3221 locupleta,
1683 3199 1685 3201 ,

1759 623 1910 666 neant
1950 631 2002 666 se
2029 631 2059 665 a
2090 615 2385 684 cupiditate,
2431 617 2703 684 loquantur
2733 619 3010 687 justitiam,
3045 621 3335 674 custodiam

1759 705 2052 765 veritatem;
2075 713 2121 756 et
2146 706 2216 756 ita
2246 705 2466 772 populus
2493 706 2698 759 ille.....
2731 711 2949 761 coalitus
2980 707 3338 764 Benedictione

1757 796 2053 847 wternitatis
2083 805 2126 846 rt
2151 812 2348 862 semper
2377 807 2610 850 maneant
2640 799 2978 864 tripudiantes
3002 803 3053 853 in
3078 817 3201 867 pace
3221 805 3336 856 vic-

1761 894 1912 948 tores,
1941 886 2078 953 quod
2104 887 2213 952 ipse
2244 895 2488 951 pra’starc
2509 887 2760 957 dignetur.

1830 973 1919 1026 9t).
1973 973 2168 1026 Deinde
2212 975 2351 1028 vadit
2393 984 2515 1027 ante
2559 977 2954 1031 confessionem
2999 981 3138 1034 beati
3188 984 3333 1041 Petri

1759 1060 2006 1123 apostoli,
2039 1072 2092 1115 et
2123 1071 2422 1128 prosternat
2462 1076 2519 1115 se
2560 1078 2784 1131 pronum
2825 1066 2878 1117 in
2914 1073 3145 1138 terram;
3170 1080 3224 1125 et
3249 1088 3337 1126 ar-

1759 1152 2107 1204 chidiaconus
2158 1151 2315 1205 faciat
2360 1154 2612 1207 litaniam.
2680 1155 2792 1220 Qua
2845 1158 3012 1220 llnita,
3053 1162 3336 1232 cpiscopus

1758 1239 2019 1292 Ostiensis
2051 1250 2214 1309 ungat
2241 1241 2288 1294 ei
2320 1242 2385 1294 de
2410 1244 2531 1296 oleo
2570 1245 2870 1298 exorcizato
2907 1246 3179 1303 brachium
3208 1254 3336 1306 dex-

1759 1341 1896 1384 trum
1922 1343 1976 1385 et.
2006 1333 2144 1386 inter
2170 1336 2431 1400 scapu’as,
2463 1344 2516 1388 et
2544 1334 2687 1389 dicat
2718 1338 2854 1390 hanc
2879 1338 3208 1395 Orationem.

1832 1422 2048 1477 Domine
2093 1426 2228 1478 Deus
2265 1427 2604 1494 omnipotens,
2640 1431 2787 1496 cujus
2821 1439 2892 1481 est
2928 1434 3090 1487 omnis
3122 1444 3341 1500 potestas

1758 1527 1804 1571 et
1831 1518 2073 1588 dignitas,
2102 1527 2149 1570 te
2176 1519 2396 1588 supplici
2427 1519 2692 1572 devotione
2714 1527 2864 1586 atque
2889 1520 3172 1578 humillima
3197 1544 3340 1595 prece

1758 1609 2081 1675 deposcimus
2102 1617 2162 1660 ut
2186 1609 2301 1660 huic
2328 1607 2524 1676 [antulo
2555 1617 2643 1660 tuo
2669 1627 2966 1679 prosperum
2997 1613 3340 1682 imperatorias

1760 1699 2027 1766 dignitatis
2074 1697 2318 1751 concedas
2369 1695 2624 1762 e/fectum,
2675 1709 2729 1751 ut
2773 1701 2823 1751 in
2869 1715 2962 1754 sua
3005 1702 3340 1770 dispositione

1760 1789 2028 1841 con-tituto
2061 1789 2222 1859 21⁷
2251 1787 2320 1840 ad
2348 1789 2618 1854 regendam
2640 1787 2925 1842 Ecchsirim
2953 1801 3087 1845 tuam
3111 1808 3339 1847 sanctam

1693 1881 1733 1938 Β
1762 1877 1890 1929 nhil
1929 1878 1974 1930 ei
2014 1878 2286 1947 prementia
2316 1878 2567 1945 ofﬁciant,
2611 1878 2882 1948 {utrunque
2923 1897 3024 1934 non
3060 1884 3339 1951 obsistunt;

1763 1967 1874 2032 sed,
1906 1969 2183 2036 inspirante
2211 1968 2375 2021 sancti
2401 1965 2632 2035 Spiritus
2655 1970 2808 2033 dono,
2839 1971 3081 2038 populum
3105 1975 3204 2027 sibi
3221 1982 3338 2028 sub-

1762 2057 1920 2108 ditum
1943 2072 2088 2125 ecquo
2107 2058 2329 2128 justitia:
2355 2058 2619 2110 libramine
2647 2074 2820 2126 regere
2857 2061 3042 2126 velati,
3068 2074 3113 2116 ct
3148 2065 3199 2117 in
3227 2084 3338 2118 omo

1763 2149 1911 2201 nibus
1935 2150 2167 2218 operibus
2189 2150 2295 2202 suis
2315 2157 2365 2201 te
2389 2166 2580 2218 semper
2604 2152 2796 2215 timeat,
2822 2152 2911 2204 tibi
2930 2155 3125 2223 jugiter
3147 2159 3245 2221 plav
3258 2173 3340 2210 ere

1761 2241 2048 2296 contendat.
2098 2238 2204 2292 Per
2243 2238 2540 2303 Dominum,
2583 2249 2689 2295 etc.
2725 2241 2976 2309 Sequitur
3007 2245 3102 2298 ali.
3135 2248 3338 2302 Oratio.

1763 2329 1902 2382 Deus
1933 2329 2022 2382 Dei
2056 2328 2225 2382 Filius
2255 2328 2406 2383 Jesus
2435 2329 2665 2384 Christus
2700 2330 2948 2385 Dominus
2977 2346 3164 2401 noster,
3195 2339 3284 2406 qui
3309 2353 3340 2392 α

1763 2419 1921 2473 P..tre
1946 2423 2059 2474 oleo
2093 2421 2447 2474 exsultationis
2473 2423 2730 2475 accinctus
2757 2434 2828 2475 est
2865 2440 2972 2493 prce
3008 2428 3341 2495 participibus

1761 2514 1887 2578 suis,
1939 2514 2044 2581 ipse
2085 2528 2176 2581 per
2215 2521 2508 2578 prwsentem
2548 2513 2683 2565 sacri
2720 2513 2997 2583 ungiminis
3030 2519 3337 2584 effusionem

1762 2605 1988 2671 Spiritus
2019 2602 2273 2656 Paracleti
2307 2619 2463 2673 super
2489 2612 2640 2672 caput
2669 2611 2810 2656 tuum
2834 2605 3072 2671 infundat
3098 2605 3340 2662 Benedic-

1759 2695 1965 2759 tionem,
1991 2693 2218 2746 eamdem
2242 2709 2396 2762 u..que
2417 2693 2482 2745 ad
2509 2693 2755 2745 interiora
2778 2694 2948 2746 cordis
2977 2695 3053 2747 tui
3073 2708 3340 2766 penetrare

1763 2785 1952 2855 faciat;
1982 2796 2230 2853 quatenus
2253 2785 2346 2837 hoc
2367 2784 2553 2837 visibili
2577 2794 2622 2837 et
2644 2785 2901 2838 tractabli
2921 2787 3055 2838 dono
3092 2787 3339 2842 invisibile

1759 2875 2038 2940 percipere,
2069 2890 2112 2927 et
2143 2875 2411 2944 temporali
2440 2891 2592 2945 regno
2613 2876 2773 2940 jnstis
2816 2877 3220 2932 miserationibus
3249 2897 3338 2931 as-

1758 2974 1928 3019 secuta
1962 2965 2270 3019 a'terualiter
2299 2981 2410 3017 cum
2457 2981 2516 3017 co
2555 2981 2769 3034 regnare
2797 2969 3034 3019 merearis
3070 2969 3157 3034 qui
3196 2971 3340 3022 solus

1758 3061 1863 3110 sine
1894 3067 2099 3126 peccato
2135 3056 2252 3108 rivit
2292 3067 2336 3108 et
2373 3065 2549 3124 regnat
2582 3070 2694 3106 cum
2727 3054 2832 3108 Deo
2866 3054 3021 3108 Patre
3053 3058 3106 3109 in
3141 3060 3341 3112 raritate

1760 3148 2008 3218 Spiritus,
2041 3158 2148 3202 etc.

40 3248 90 3292 et
144 3239 210 3290 in
256 3237 444 3290 solium
499 3239 639 3308 regni
686 3241 836 3304 [irma
875 3240 1153 3293 stabilitate
1196 3251 1451 3294 connecte.
1496 3240 1652 3294 Visita
1676 3244 1726 3305 C
1826 3239 1916 3294 9i.
1949 3239 2170 3292 Demum
2203 3251 2330 3292 vero
2359 3237 2593 3305 pontifex
2625 3237 2895 3292 Romanus
2932 3253 3142 3293 Sursum
3171 3240 3338 3294 al:are

38 3346 196 3393 curti,
225 3331 362 3382 sicut
392 3329 604 3400 Moysen
633 3332 684 3383 in
712 3332 863 3394 rubo,
893 3329 1018 3385 .lesu
1045 3331 1190 3385 Nave
1227 3333 1280 3385 in
1314 3333 1514 3402 pra'lio,
1552 3333 1651 3386 Ge-

38 3421 189 3473 deon
237 3422 294 3473 in
338 3437 478 3491 agro,
515 3421 808 3476 Samuelem
844 3424 896 3475 in
922 3424 1127 3490 templo,
1163 3431 1210 3475 et
1239 3423 1314 3474 illi
1344 3439 1460 3475 eunt
1487 3421 1651 3476 Bene-

38 3512 406 3564 dictione.....
453 3527 514 3563 ac
555 3513 816 3581 sapientia:
855 3523 955 3565 tum
992 3512 1262 3581 perfunde,
1294 3528 1444 3579 quam
1476 3512 1650 3565 beatus

38 3601 231 3654 David
259 3602 316 3654 in
345 3601 618 3659 Psalterio.
646 3601 894 3657 Salomon
916 3603 1055 3670 ﬁlius
1074 3606 1206 3674 ejus,
1230 3611 1278 3655 te
1300 3606 1648 3668 renuntiante,

1762 3330 1984 3398 imp-mit
2030 3327 2080 3382 ei
2126 3329 2395 3392 diadema,
2450 3329 2500 3382 in
2548 3343 2614 3383 co
2657 3329 2889 3383 dicens:
2924 3331 3108 3397 Accipe
3134 3331 3337 3401 signans

1760 3424 1956 3491 glariw,
1999 3422 2053 3474 in
2090 3421 2292 3474 nomine
2333 3420 2527 3484 Patris,
2563 3430 2610 3473 et
2647 3418 2790 3482 Filii,
2817 3431 2865 3474 et
2894 3422 3122 3488 Spiritus
3153 3425 3336 3488 sancti,

1761 3527 1836 3578 ut,
1873 3524 2042 3584 spreto
2075 3517 2286 3584 antiquo
2318 3521 2480 3579 (iuste,
2503 3516 2784 3582 spretisque
2813 3515 3063 3585 contagi's
3099 3517 3338 3569 vitiorum

1761 3610 2012 3669 omnium,
2061 3608 2134 3660 sic
2164 3608 2419 3676 judicium
2447 3617 2494 3659 et
2513 3606 2768 3678 justitiam
2806 3605 3090 3674 dii‘igas,'et
3122 3610 3194 3660 ita
3241 3609 3337 3659 nti-

1758 3698 2076 3749 ser.corditer
2095 3698 2248 3759 vivas,
2272 3706 2327 3747 ut
2347 3698 2407 3748 ab
2431 3697 2539 3764 ipso
2565 3693 2780 3748 Domino
2799 3705 2926 3747 nosti
2941 3712 2970 3747 ο
2988 3694 3111 3750 Jesu
3133 3695 3336 3750 Christo

1754 3788 1807 3839 in
1831 3787 2088 3840 consortio
2117 3797 2405 3840 sanctorum
2431 3787 2607 3839 wterni
2636 3790 2778 3857 regni
2810 3803 3052 3840 coronam
3084 3791 3340 3857 percipere

1758 3881 2025 3930 merearis.
2058 3875 2163 3940 Qui
2191 3891 2305 3928 cum
2335 3875 2492 3929 Patre
2516 3885 2562 3928 et
2589 3886 2765 3929 sancto
2796 3877 2996 3943 Spiriu
3026 3879 3162 3943 vivit,
3193 3889 3301 3934 etc.

34 3693 282 3760 percepit
315 3705 343 3744 e
370 3693 511 3745 coelo.
549 3693 634 3744 Sis
665 3694 707 3744 ei
739 3705 913 3745 contra
949 3694 1080 3747 acies
1116 3695 1438 3746 inimicorum
1464 3693 1644 3759 lorica,

34 3782 90 3831 in
122 3781 376 3832 adversis
416 3785 582 3850 ga'ea,
615 3782 667 3834 in
700 3783 1078 3852 prosperis.....
1117 3784 1172 3835 in
1205 3784 1517 3851 protectione
1543 3786 1653 3853 cly-

29 3888 170 3940 peus
208 3873 578 3937 sempiternus.
610 3873 810 3928 Prwsta
845 3884 900 3927 ut
935 3875 1014 3929 illi
1057 3884 1230 3946 gentes
1251 3884 1450 3929 teneant
1471 3875 1647 3942 fidem,

113 4018 140 4043 ⁸
181 4006 388 4081 [ζυβίοτ
435 4015 490 4060 et
537 4008 841 4064 distinctior
884 4019 971 4066 est
1008 4011 1156 4066 υιιιο
1202 4011 1338 4081 apud
1374 4011 1650 4066 Onufrinm

31 4078 412 4149 l’aiwininm',
436 4086 514 4149 at
558 4082 725 4134 satius
754 4082 922 4136 Vlslllll
979 4093 1060 4136 est
1100 4078 1349 4136 Codicetn
1381 4095 1649 4149 nostrum,

25 4150 114 4201 uti
145 4148 331 4217 jacet,
362 4147 632 4204 exhibere.

1831 4012 1860 4084 it
1894 4014 2089 4067 Eadem
2124 4013 2233 4068 fere
2265 4014 2423 4084 verba
2457 4013 2523 4067 ab
2553 4013 2819 4068 llenricnl
2851 4017 3169 4084 imperatore
3193 4019 3336 4072 dicta

1759 4083 1926 4137 refert
1957 4085 2223 4136 Ditmarus
2256 4083 2406 4137 initio
2437 4085 2529 4138 lib.
2558 4099 2651 4136 vn.

41 4265 1927 4288 “HW

1152 4372 1230 4432 IN
1278 4371 1592 4434 CHRISTI
1642 4369 1950 4431 NOMINE
1998 4367 2239 4427 AMEN.

27 4512 259 4572 Breve
283 4520 310 4547 ⁸
346 4506 829 4594 recordationis,
860 4507 932 4594 de
967 4509 1417 4594 consuetudine
1444 4504 1667 4570 altaris
1695 4510 1900 4594 sancti
1931 4507 2314 4594 Saluatoris,
2342 4509 2494 4584 quid
2522 4509 2758 4594 scilicet
2787 4511 3032 4574 clericis
3062 4513 3330 4594 ejusdem

478 4584 762 4656 ecclesiae,
792 4587 886 4646 vel
912 4589 1034 4664 ipsi
1067 4589 1331 4649 ecclesia:
1361 4596 1692 4664 competat,
1727 4589 1797 4648 de
1829 4587 2144 4646 medietate
2176 4587 2410 4648 scilicet
2442 4589 2896 4666 episcoporum.

1753 4737 1892 4790 aliud
1919 4735 1981 4789 ad
2011 4736 2236 4788 Missam.

1825 4828 1879 4881 In
1922 4826 2194 4882 Dominica
2241 4825 2408 4894 prima
2441 4826 2871 4894 Quadragesima:
2911 4816 3131 4882 ecclesia
3172 4829 3330 4887 debet

1750 4923 1987 4986 condiri;
2026 4932 2080 4976 et
2110 4931 2337 4992 quatuor
2366 4921 2572 4975 denarii
2606 4920 3001 4986 mansionariis,
3035 4932 3087 4976 et
3117 4937 3214 4990 par
3245 4924 3321 4978 fa-

1749 5016 1986 5070 cnlarnm
2023 5013 2087 5067 ad
2128 5013 2375 5078 Missam;
2409 5021 2463 5066 et
2506 5013 2715 5067 residua
2749 5021 2873 5065 sunt
2901 5011 2970 5066 de
3008 5011 3190 5083 [Forte
3212 5014 3329 5086 pro]

1751 5105 1980 5169 clericis,
2013 5106 2055 5159 si
2079 5105 2230 5159 dee-t
2259 5105 2554 5174 acolythus.

1826 5198 1864 5248 Α
1899 5191 2166 5248 Dominica
2212 5194 2376 5262 prima
2410 5206 2577 5259 usque
2612 5192 2664 5245 in
2706 5200 2947 5246 octavam
2986 5191 3326 5249 Pentecostes

1752 5285 1989 5354 quotidie
2020 5285 2212 5338 debent
2239 5283 2437 5337 habere
2468 5282 2811 5336 mansionarii
2848 5298 3007 5336 unum
3033 5292 3056 5322 ο
3078 5294 3235 5351 caput
3261 5285 3330 5339 de

1753 5377 2055 5439 eonnmtni;
2091 5375 2142 5428 in
2170 5374 2393 5428 Sabbato
2425 5387 2552 5428 vero
2574 5387 2670 5442 pro
2691 5372 3067 5429 emnndatione
3085 5377 3330 5432 ecclesias

1755 5467 1850 5521 tria
1882 5467 2072 5537 capita.
3309 5530 3312 5532 γ

1824 5559 1974 5612 Feria
2006 5568 2192 5626 quarta
2224 5558 2274 5613 in
2306 5554 2636 5613 bebdomarla
2661 5564 2871 5624 quarta,
2897 5556 3108 5626 quando
3129 5557 3309 5612 clerici

104 4740 170 4793 In
208 4735 404 4806 primis
435 4737 486 4788 in
516 4735 796 4791 Nattvnate
825 4737 1031 4791 Domini
1062 4738 1289 4792 ecclesia
1327 4739 1485 4792 debet
1518 4754 1645 4792 eon-

16 4833 137 4884 diri
171 4833 234 4893 δ,
264 4835 321 4881 ct
349 4826 453 4880 duo
487 4827 627 4895 paria
657 4827 974 4893 facularnm,
1009 4845 1168 4884 unum
1213 4841 1336 4883 ante
1367 4829 1558 4895 altare,
1589 4837 1645 4883 et

13 4921 185 4975 alsud
249 4919 305 4972 in
354 4919 608 4984 lectorio;
653 4929 708 4973 et
749 4929 977 4989 quatuor
1017 4920 1222 4976 denarii
1269 4921 1645 4974 mansionariis

11 5011 151 5066 dari
199 5009 426 5063 debent.

97 5105 165 5157 In
198 5100 349 5154 festo
371 5102 538 5155 sancti
561 5101 782 5158 Joatmis
803 5104 1145 5172 evangelista:
1169 5106 1397 5160 ecclesia
1425 5107 1644 5159 condia-

10 5205 154 5258 tur;
199 5200 261 5246 et
292 5207 396 5244 una
429 5193 696 5260 aquaricia
737 5194 840 5248 olei
869 5193 934 5247 ad
959 5193 1163 5261 fontes;
1207 5204 1259 5248 et
1280 5196 1420 5264 quod
1445 5212 1638 5266 super-

9 5287 135 5342 erit
172 5285 254 5339 sit
285 5283 564 5348 ecclesias;
589 5293 642 5339 et
679 5284 961 5339 duodecim
989 5285 1196 5339 denarii
1228 5287 1512 5354 Papienses
1532 5289 1640 5341 cle-

9 5377 188 5440 ricis,
229 5383 284 5428 et
326 5375 504 5426 vinum
547 5375 612 5427 ad
658 5375 946 5444 potandam
979 5385 1104 5430 ante
1149 5377 1420 5444 vigiliam;
1455 5388 1509 5431 et
1543 5379 1639 5431 tria

9 5470 189 5538 paria
230 5465 548 5533 facularum,
576 5482 740 5519 unum
771 5466 1004 5529 clericis,
1034 5477 1084 5521 et
1107 5467 1248 5521 aliud
1271 5467 1560 5536 acnlytliis;
1587 5476 1641 5521 et

9 5563 53 5615 si
105 5561 334 5613 desunt
371 5558 628 5625 acolytlii,
667 5565 794 5612 sunt
821 5558 1143 5612 clericormu
1179 5558 1452 5620 ecclesiae;
1479 5559 1643 5629 218
1671 5553 1723 5612 D

1749 5744 1760 5753 ο
1822 5676 1843 5703 ε
1889 5673 2074 5726 Petrus
2120 5672 2328 5729 Mallius
2367 5687 2550 5742 supra,
2593 5673 2693 5728 tria
2736 5672 2924 5744 capita,
2957 5684 3058 5729 tres
3103 5685 3326 5730 rnonclas

1750 5751 2148 5810 interpretatur.

86 5682 115 5708 ³
163 5671 294 5724 Hoc
324 5685 384 5720 ex
417 5669 612 5726 Codice
637 5671 820 5726 Cencii
851 5674 989 5726 eruit
1019 5670 1294 5732 Unul‘rius,
1343 5685 1544 5738 nosque
1574 5687 1639 5724 ex

9 5746 151 5816 ipse)
185 5739 446 5816 anfrio.

99 5814 131 5851 ι)
178 5812 398 5876 Nempe
428 5811 608 5866 suffita
640 5820 694 5867 et
725 5810 996 5880 odoribus,
1031 5821 1086 5866 ut
1114 5811 1324 5882 quidem
1357 5811 1583 5865 videtur.
