4006 6298
670 414 807 469 “05

1365 394 1701 453 APPENDI‘X
1743 392 1833 447 AD
1873 391 1929 445 S.
1976 383 2268 442 Gl'tILGOlil

2374 379 2547 433 IAGNI
2587 366 2954 431 LlTUItGlCA
2996 373 3242 429 UPERt.

3788 348 3926 417 'iuin

666 526 864 579 vadunt
901 532 1019 573 cum
1066 527 1224 570 cruce
1264 527 1359 581 per
1385 520 1688 564 cmmeteria
1718 506 1784 559 ad
1816 510 2057 557 sanctum
2100 500 2237 552 Pau-
2269 496 2319 551 Δ
2347 502 2498 546 nocte
2525 506 2570 545 e|
2599 492 2666 545 de
2693 492 2847 545 Missa
2873 498 2997 542 sunt
3017 489 3356 550 clericorum,
3380 499 3423 537 si
3449 480 3701 553 acolythi
3729 480 3928 534 desunt.

666 619 773 671 lum
823 620 878 666 et
922 607 990 662 ad
1035 615 1273 661 sanctam
1324 600 1689 660 Auastasiam,
1741 607 1909 651 totum
1956 594 2122 646 altare
2162 599 2244 643 cst

664 706 1003 767 clericorum,
1037 700 1209 753 donec
1238 713 1364 750 crux
1395 694 1664 765 egreditur
1696 700 1750 743 et
1781 692 2243 756 deportatur;aut,

662 799 707 851 si
737 794 947 849 clericis
978 789 1257 860 placuerit,
1286 802 1498 855 panem,
1529 795 1579 838 et
1613 782 1812 847 vinum,
1839 789 1891 833 et
1922 778 2094 846 pisces
2124 772 2247 827 inde

666 889 895 942 habeant
924 884 989 937 ad
1022 893 1044 916 ει
1079 896 1309 935 coenam.

737 979 791 1031 In
850 975 1120 1028 Dumiuica
1184 971 1481 1024 Palniarum
1540 965 1817 1019 condiatur
1867 959 2141 1019 Ecclesia;
2191 963 2247 1009 et

667 1079 895 1140 quatuor
924 1063 1129 1120 denarii
1182 1056 1577 1122 mansionariis,
1627 1065 1680 1109 et
1710 1068 1807 1123 par
1836 1051 2129 1105 facularum
2178 1045 2244 1098 ad

670 1161 907 1219 Missam.

739 1252 797 1304 In
827 1249 988 1303 Ctena
1041 1244 1248 1299 Domini
1280 1241 1524 1295 similiter
1555 1238 1713 1291 etiam
1763 1243 1988 1302 quatuor
2034 1227 2239 1285 denarii

671 1338 1064 1400 mansionariis,
1111 1343 1165 1387 et
1193 1348 1354 1385 unum
1390 1345 1484 1399 pro
1508 1328 1781 1381 ablutione
1807 1322 2154 1390 ampullarum
2189 1328 2247 1371 et

670 1430 771 1485 alia
805 1444 981 1499 prmpa
991 1427 1214 1480 ratione.

741 1520 796 1574 ιιι
828 1519 1060 1573 Sahhato
1103 1522 1288 1568 sancto
1334 1528 1426 1579 par
1476 1509 1764 1562 [acutarum
1810 1506 1873 1557 ad
1918 1505 2155 1566 Missam,
2188 1512 2240 1555 et

675 1611 898 1680 pretium
928 1605 1288 1662 mundationis
1319 1602 1547 1671 paradisi
1584 1608 1632 1651 et
1683 1596 2007 1656 chrismatis,
2041 1603 2095 1647 et
2122 1608 2248 1659 por-

674 1700 809 1754 ticus
836 1698 1065 1759 clausae;
1096 1704 1149 1748 et
1177 1693 1402 1747 ecclesia
1434 1688 1732 1743 eondiatur.

748 1790 802 1844 ln
832 1789 918 1842 die
946 1796 1130 1840 sancto
1164 1782 1379 1836 Pascha:
1411 1794 1503 1847 par
1534 1778 1819 1831 lacularum
1858 1775 1921 1827 ad
1955 1774 2245 1839 Vesperas.

2422 585 2519 638 l’er
2551 595 2717 637 letum
2747 598 2942 637 annum
2965 583 3122 634 debet
3152 581 3182 631 ll
3204 580 3347 633 .bere
3369 576 3610 631 ecclesia
3639 574 3716 628 de
3749 574 3932 627 mrth-

2351 683 2460 728 tate
2492 674 2699 737 altaris,
2733 672 2984 726 videlicet
3029 672 3425 738 cpisc0porum,
3470 667 3658 720 olenm
3712 667 3933 733 quotidie

2347 767 2411 820 ad
2446 783 2506 819 xv
2548 764 2838 833 lampades,
2890 779 2993 816 una
3034 762 3099 815 ad
3140 760 3410 818 absidam,
3446 774 3519 811 vu
3561 766 3696 811 ante
3753 758 3933 819 altare,

2351 873 2453 909 una
2482 867 2604 910 aute
2636 855 2890 925 grandem
2925 854 3206 923 imaginem
3235 866 3397 918 super
3423 851 3722 903 columnas
3758 862 3933 906 zemas,

2350 950 2583 1017 quinque
2618 950 2667 999 in
2699 959 2868 1009 crate,
2901 962 3000 997 una
3032 958 3155 996 ante
3189 944 3473 1009 imaginem
3499 948 3715 993 sancte
3752 940 3934 999 Marini,

2351 1054 2467 1106 qua:
2496 1048 2575 1089 est
2608 1051 2767 1104 super
2799 1035 3077 1103 horologiu
3107 1052 3157 1086 εκ.
3216 1034 3275 1085 L‘t
3322 1032 3477 1084 funes
3523 1031 3595 1083 ad
3636 1030 3935 1097 appendetr

2352 1131 2475 1184 dum
2531 1131 2804 1191 candelas,
2855 1136 2910 1182 et
2952 1129 3302 1181 tintinnabula
3355 1139 3525 1186 ιιξειθδ.
3576 1133 3634 1177 et
3677 1124 3935 1176 oldxauum

2352 1223 2585 1290 quotidie
2612 1222 2676 1274 ad
2706 1222 2909 1283 Missas,
2946 1227 3000 1271 et
3030 1220 3079 1271 in
3114 1227 3269 1271 nocte
3296 1218 3551 1271 candelas
3585 1215 3656 1269 ad
3692 1214 3935 1267 lectiones

2353 1323 2408 1369 et
2444 1316 2682 1368 Psalmos
2711 1324 2762 1367 et
2791 1311 3157 1367 accendendus
3187 1310 3479 1377 lampades,
3510 1317 3569 1363 et
3593 1309 3932 1377 quaerendum

2353 1407 2470 1475 (sic)
2502 1406 2782 1459 ecclesiam
2830 1403 3175 1456 sufﬁcienter.
3213 1402 3275 1455 Et
3321 1402 3371 1451 in
3405 1401 3671 1453 omnibus
3705 1403 3931 1452 statimn-

2357 1498 2478 1560 bus,
2508 1497 2721 1566 quando
2749 1496 2995 1550 dominus
3024 1507 3156 1561 [iapa
3194 1494 3470 1546 descendit
3518 1492 3811 1545 celebrare
3835 1492 3932 1543 llis-

2353 1606 2490 1653 sam.
2532 1588 2966 1643 subministratur
3009 1586 3074 1639 de
3105 1585 3255 1637 altari
3291 1584 3470 1636 vinum
3519 1584 3590 1633 ad
3626 1584 3929 1634 sacriﬁcium

2354 1696 2408 1741 et
2437 1682 2972 1745 communicandum;
3008 1689 3061 1733 et
3092 1690 3215 1733 tunc
3256 1678 3454 1731 oblatio
3485 1676 3686 1730 altaris
3720 1676 3933 1741 desuper

2356 1792 2387 1830 e
2420 1786 2438 1828 t
2476 1775 2804 1832 scholarum,
2832 1781 2886 1825 et
2918 1770 3136 1823 inferius
3161 1768 3477 1822 clericorum
3510 1764 3792 1818 ρςςιεείιυ.
3821 1764 3932 1817 0m-

676 1880 834 1934 Feria
864 1874 1094 1931 secunda
1127 1872 1389 1926 similiter.
1424 1867 1658 1922 Sahbato
1691 1866 1739 1917 ltt
1774 1864 1920 1917 Albis
1949 1863 2107 1915 debet
2129 1876 2251 1913 (‘OH-
2287 1855 2329 1914 Β
2359 1883 2454 1922 "es
2491 1876 2511 1902 c
2543 1864 2788 1928 cinlurm’
2836 1871 2942 1914 tam
2983 1858 3183 1923 altaris,
3229 1872 3387 1925 quam
3430 1855 3761 1923 imaginum,
3794 1855 3932 1906 (ιετί.

674 1972 777 2027 diri
800 1968 1061 2029 ecclesia;
1084 1972 1136 2018 et
1155 1978 1249 2029 par
1273 1960 1561 2014 iacularum
1588 1958 1650 2011 ad
1676 1956 1924 2019 Missam;
1950 1966 2002 2029 et
2024 1962 2254 2022 quatuor

675 2060 883 2116 denarii
915 2053 1306 2110 mansronariis.

751 2149 806 2204 In
833 2148 1010 2203 litania
1044 2143 1252 2213 majori,
1283 2143 1454 2197 donec
1483 2155 1611 2195 crux
1649 2139 1791 2193 vadit
1820 2148 1871 2191 et
1900 2136 2055 2198 redit,
2084 2145 2251 2189 totum

677 2243 844 2296 altare
888 2238 958 2291 sit
1002 2236 1343 2299 clericorum,
1394 2232 1532 2285 unde
1588 2231 1781 2285 debent
1832 2229 2029 2283 habere
2080 2227 2255 2297 pisces

679 2330 809 2387 leria
841 2328 1013 2390 tertia,
1047 2341 1236 2394 panem
1266 2333 1321 2378 et
1347 2324 1549 2388 vinum,
1581 2335 1682 2375 ova
1714 2331 2036 2375 etcaseum.

752 2419 810 2473 ln
859 2417 1092 2474 Sabhato
1122 2423 1309 2469 sancto
1353 2414 1696 2466 l’eutecostes
1727 2425 1819 2477 par
1852 2409 2138 2462 facularnm
2189 2405 2255 2457 ad

679 2510 933 2572 Missam;
984 2518 1036 2561 et
1087 2522 1245 2560 unum
1288 2504 1566 2559 denarium
1609 2502 1714 2555 illis
1756 2500 1848 2569 qui
1892 2500 2050 2553 tiores
2097 2512 2258 2563 super

682 2601 956 2657 dominum
977 2612 1163 2668 papam
1190 2594 1431 2665 iactant;
1464 2601 1519 2647 et
1548 2590 1775 2647 ecclesia
1804 2590 2082 2644 condiatur
2108 2602 2261 2641 more

680 2696 859 2749 solito.

758 2788 813 2841 in
841 2784 1126 2839 Nativifaze
1152 2780 1322 2835 sancti
1344 2778 1563 2834 Joannis
1591 2775 1839 2843 Baptistae
1860 2772 2083 2829 ecclesia
2112 2772 2260 2837 prim

683 2878 928 2949 cipaliter
953 2875 1268 2938 condiatur;
1293 2882 1343 2928 et
1368 2871 1647 2927 duodecim
1673 2869 1898 2933 denarii,
1925 2877 1979 2922 et
2003 2881 2102 2919 una
2127 2865 2261 2918 libra

684 2967 909 3032 olibani,
939 2975 991 3018 et
1023 2980 1181 3017 unum
1216 2962 1447 3016 rotulunt
1494 2961 1560 3014 de
1588 2960 1756 3013 cereis
1787 2957 2006 3018 Graecis,
2050 2965 2105 3010 et
2135 2969 2261 3010 xvltt

680 3057 898 3113 ‘denarii
931 3055 1261 3118 cantoribus,
1307 3061 1361 3106 et
1389 3066 1490 3104 una
1518 3048 1786 3119 aquaricia
1815 3049 1917 3102 olei
1960 3046 2027 3100 ad
2068 3046 2260 3110 fontes,

693 3157 748 3202 et
775 3157 976 3215 septem
1012 3144 1155 3213 paria
1186 3144 1497 3205 iaculorum,
1528 3149 1579 3193 et
1612 3153 1767 3193 unam
1800 3138 1982 3190 libram
2010 3152 2103 3204 pro
2127 3135 2260 3204 pari,

2357 1973 2540 2013 COI‘UﬂI
2569 1962 2710 2010 sunt.

2431 2045 2592 2116 220
2617 2041 2963 2097 Coasnetudo
2989 2040 3146 2094 etiam
3178 2047 3260 2093 est
3282 2038 3634 2101 clericorum,
3662 2048 3715 2089 ιιι
3747 2036 3933 2104 quando

2361 2152 2543 2189 curam
2574 2135 2771 2188 faciunt
2797 2132 2973 2194 altari,
2998 2131 3288 2185 secundum
3321 2138 3531 2197 tempus
3563 2136 3931 2197 procurentur,

2360 2236 2416 2281 et
2456 2227 2578 2280 inde
2624 2225 2885 2292 accipiant
2923 2222 3199 2275 denarium
3251 2237 3413 2274 unum
3468 2218 3823 2285 Papiensem.
3854 2218 3934 2270 Ριπι

2361 2317 2638 2371 abluendis
2667 2330 2877 2383 quoque
2906 2313 2989 2367 vel
3018 2313 3371 2367 resarcieudis
3397 2311 3590 2377 pannis
3626 2310 3712 2362 vel
3735 2309 3933 2362 cortinis

2366 2408 2632 2471 ecclesia;
2661 2406 2900 2460 clavibus
2941 2414 2995 2456 et
3038 2403 3211 2468 ostiis,
3242 2404 3471 2471 pretium
3504 2404 3674 2454 datur
3706 2402 3775 2455 de
3805 2402 3935 2452 altari

2364 2498 2430 2552 de
2463 2491 2745 2550 tltedietute
2775 2497 3168 2564 episeopnruui.
3220 2494 3419 2547 Omnes
3471 2490 3758 2557 lampades
3786 2501 3834 2542 et
3857 2490 3931 2543 bi-

2365 2590 2497 2644 ciles
2524 2589 2904 2642 canonicorum
2936 2596 3081 2641 sunt.
3129 2587 3278 2639 0min
3300 2601 3326 2639 s
3365 2584 3683 2638 oblationes
3727 2599 3839 2650 quae
3867 2598 3934 2635 te-

2366 2680 2515 2733 niunt
2584 2678 2649 2731 ad
2721 2692 2909 2732 manus
2989 2677 3224 2745 episc0pi
3302 2675 3716 2728 hebdomadarii
3780 2674 3931 2725 altaris

2366 2770 2585 2839 majoris
2631 2771 2887 2825 medietas
2936 2778 3018 2822 eSt
3068 2768 3237 2834 ipsius
3285 2767 3543 2833 episcopi,
3592 2776 3651 2819 et
3706 2766 3932 2817 medicin

2364 2861 2771 2926 eauonicomm,
2799 2868 3149 2929 praeterquam
3180 2858 3247 2913 de
3277 2874 3410 2925 pane
3437 2865 3491 2909 et
3526 2858 3684 2919 vino,
3720 2859 3851 2923 quod
3871 2865 3934 2906 cst

2367 2955 2772 3007 cauonicorum.

2445 3066 2499 3119 In
2529 3064 2712 3119 Natale
2745 3062 2952 3115 Domini
2987 3063 3054 3115 de
3085 3060 3368 3113 medietate
3414 3058 3803 3128 episc0pnrum
3833 3058 3933 3108 ducs

2373 3156 2575 3209 launias
2605 3152 2808 3225 [Forte,
2842 3149 3078 3220 sauuias]
3123 3154 3189 3203 de
3231 3149 3411 3201 merlis
3457 3163 3554 3215 pro
3600 3148 3870 3208 cerlesia;
3897 3160 3931 3196 ei

685 3259 857 3297 unum
889 3238 1169 3308 acolythis,
1200 3235 1340 3289 aliud
1383 3232 1616 3297 Grascis;
1664 3232 1804 3285 aliud
1835 3240 1958 3284 ante
2001 3231 2168 3283 altare
2196 3229 2261 3281 ad

2374 3244 2616 3299 similiter
2666 3246 2715 3295 in
2774 3242 3199 3303 ltesurrectione,
3263 3237 3431 3290 Natali
3506 3237 3690 3289 sancti
3747 3236 3931 3290 Joanne

688 3333 885 3394 fontes,
917 3329 1016 3382 alia
1058 3342 1187 3382 vero
1219 3326 1282 3378 ad
1316 3325 1563 3388 Missam;
1596 3339 1711 3393 qua:
1737 3323 1914 3376 omnia
1946 3332 2070 3376 sunt
2096 3320 2266 3374 cleri-

690 3436 899 3485 corum,
930 3419 975 3473 si
1004 3418 1149 3471 curia
1177 3416 1360 3478 deest;
1388 3425 1442 3468 et
1470 3424 1696 3483 quatuor
1729 3413 1933 3468 denarii
1968 3411 2267 3465 mansionu-

691 3512 810 3576 riis,
843 3509 1007 3581 219
1035 3516 1087 3561 et
1113 3506 1293 3560 vinum
1325 3505 1389 3558 ad
1424 3516 1605 3571 potum
1634 3501 1662 3542 δ
1689 3512 1813 3558 ante
1839 3501 2069 3571 vigiliam
2096 3503 2272 3555 omni-

698 3602 795 3654 bus
824 3599 1056 3662 clericis,
1091 3593 1294 3649 Graecis
1322 3602 1375 3648 et
1404 3594 1626 3648 Latinis.

770 3689 826 3742 In
872 3686 1050 3755 vigilia
1098 3682 1271 3738 sancti
1321 3682 1461 3737 Petri
1499 3683 1679 3736 viuum
1721 3683 1785 3735 ad
1833 3690 2013 3750 potum
2060 3682 2271 3736 clericis

702 3792 828 3835 ante
857 3781 1109 3851 vigiliam.
1142 3777 1196 3831 in
1233 3777 1409 3848 vigilia
1438 3781 1605 3831 sancti
1636 3777 1784 3832 Pauli
1812 3778 2076 3832 similiter.
2110 3778 2163 3831 In
2198 3780 2272 3828 vi-

699 3874 822 3945 gilia
872 3884 1179 3928 sanctorum
1234 3871 1498 3930 Pancratii
1540 3878 1600 3924 et
1650 3869 1891 3924 V'cuantii
1957 3879 2271 3940 martyrum,

700 3976 1005 4021 sanctarum
1036 3965 1238 4021 Rutinae
1268 3976 1322 4020 et
1349 3965 1611 4020 Secunda:
1641 3963 1904 4017 similiter.

772 4056 830 4109 ιιι
866 4057 1238 4124 Assumptione
1282 4066 1479 4109 sancta:
1520 4054 1695 4109 Mariae
1737 4054 1961 4107 ecclesia
1996 4054 2272 4117 conditur;

701 4154 756 4198 et
784 4145 963 4198 vinum
986 4155 1111 4199 ante
1141 4144 1372 4213 vigiliam
1406 4143 1637 4206 clericis,
1670 4154 1722 4196 et
1753 4158 1842 4196 sex
1889 4145 2030 4209 paria
2075 4143 2273 4195 facula-

701 4250 843 4299 rum,
873 4242 928 4289 et
960 4241 1185 4304 quatuor
1213 4234 1417 4287 denarii
1451 4233 1840 4285 mansiunariis.

777 4328 834 4381 In
866 4327 1048 4397 vigilia
1079 4328 1251 4381 sancti
1282 4324 1551 4379 Laurentii
1586 4325 1762 4377 vinum
1796 4336 1917 4376 ante
1953 4322 2203 4390 vigiliam.

775 4417 832 4472 in
867 4418 1225 4473 Decnliatione
1254 4417 1423 4470 sancti
1462 4416 1682 4470 Joannis
1713 4416 1938 4469 ecclesia
1971 4415 2273 4479 condiatur,

708 4517 769 4562 ct
796 4507 976 4561 vinum
1007 4515 1129 4560 ante
1159 4506 1410 4576 vigiliam.

783 4601 837 4653 ln
866 4598 1200 4653 Exaltatione
1225 4610 1421 4651 sancta!
1444 4596 1629 4651 Crueis
1657 4596 1878 4652 ecclesia
1909 4598 2204 4659 eundiatur;
2230 4607 2282 4651 et
2312 4579 2356 4637 Π

708 4703 805 4757 par
847 4689 1137 4743 lacularum
1167 4688 1232 4741 ad
1278 4688 1510 4753 Missam,
1539 4701 1589 4742 et
1621 4698 1846 4757 quatuor
1892 4690 2025 4741 dena
2061 4690 2093 4742 ii
2130 4704 2277 4741 man-

702 4780 971 4843 sionariis,
1002 4788 1053 4832 et
1082 4778 1257 4831 vinum
1288 4778 1528 4841 clericis;
1565 4790 1617 4832 et
1646 4779 1714 4832 ah
1747 4779 1843 4832 ista
1876 4778 2157 4832 festivitate
2190 4794 2284 4831 us-

708 4884 817 4939 que
848 4870 898 4922 in
928 4877 1166 4921 octavam
1208 4867 1379 4922 sancti
1405 4868 1613 4921 Martini
1656 4869 1891 4937 quotidie
1939 4870 2284 4923 inausiouarii

713 4958 909 5012 habent
933 4956 1040 5010 duo
1066 4958 1257 5026 capita.

784 5052 841 5104 lu
894 5051 1233 5104 solemnitate
1285 5048 1454 5104 sancti
1502 5047 1793 5102 Salvatoris
1850 5050 2071 5103 ecclesia
2130 5050 2293 5105 debet

712 5142 916 5199 condiri
945 5159 960 5208 ;
991 5151 1047 5196 et
1074 5157 1164 5197 sex
1199 5142 1341 5210 paria
1377 5142 1689 5205 factitatum,
1720 5154 1882 5194 unum
1912 5144 2279 5208 cubiculariis,

714 5236 857 5290 aliud
884 5233 1177 5304 acolytliis;
1211 5233 1355 5286 aliud
1386 5245 1508 5287 ante
1550 5235 1739 5297 altare,
1767 5233 1908 5287 aliud
1943 5236 1992 5286 in
2028 5235 2285 5295 lectoiio;

712 5327 859 5383 aliud
890 5328 954 5381 ad
990 5327 1224 5395 Missam,
1256 5327 1395 5380 aliud
1423 5327 1653 5391 clericis;
1685 5335 1739 5379 et.
1769 5327 2047 5381 duodecim
2082 5328 2287 5380 denarii

712 5417 946 5482 clericis,
980 5427 1033 5470 et
1078 5426 1303 5486 quatuor
1345 5417 1748 5480 mansionariis;
1782 5428 1835 5471 et
1874 5431 1974 5470 una
2025 5419 2290 5486 aquaricia

715 5511 819 5565 vini
867 5522 990 5563 ante
1021 5510 1282 5579 vigiliam;
1313 5518 1368 5563 et
1399 5509 1574 5561 omnia
1620 5508 1828 5562 residua
1883 5506 2176 5562 facularum
2223 5510 2290 5563 de

787 5649 811 5675 ³
847 5641 941 5691 llic
971 5655 1122 5692 creua
1154 5648 1373 5691 vocatur
1403 5654 1507 5692 una
1547 5638 1634 5709 illa
1667 5639 1884 5693 refectio
1912 5655 2030 5709 qua:
2058 5640 2107 5693 in
2141 5640 2284 5706 Qua-

716 5708 1017 5775 dragesuna
1048 5710 1303 5760 sun‘tenda
1333 5708 1535 5760 eratad
1572 5705 1876 5775 VeSperam.

793 5773 817 5810 ι’
848 5773 940 5828 Sic
970 5776 1019 5825 in
1054 5776 1246 5841 vigiliis
1278 5777 1469 5843 passim
1492 5779 1648 5831 datur
1670 5773 1843 5833 vinum
1874 5789 1999 5833 ante
2027 5780 2282 5849 vigiliam,

2361 3338 2645 3407 Baptistae,
2676 3344 2733 3391 ett
2760 3336 2895 3388 l'esto
2926 3333 3094 3387 sancti
3128 3330 3440 3385 Salvatoris.

2798 3447 2953 3500 Aliud
2982 3447 3225 3511 scriptum
3254 3444 3525 3497 recentius.

2448 3570 2504 3622 in
2537 3567 2751 3622 nomine
2802 3566 3012 3618 Domini
3060 3578 3236 3618 atuen.
3281 3565 3436 3615 Anno
3474 3559 3635 3623 1252,
3696 3560 3933 3625 ἰιιάίςι.5,

2374 3662 2655 3717 conventio
2688 3661 2807 3713 talis
2834 3656 2975 3713 facta
3020 3666 3101 3711 est
3146 3657 3285 3710 inter
3313 3656 3744 3709 Lateraneasem
3792 3655 3935 3707 eccle—

2375 3762 2529 3821 siam,
2580 3766 2635 3811 et
2676 3753 3035 3823 primicerium
3085 3761 3139 3805 et
3188 3750 3421 3803 scholam
3471 3756 3791 3810 cantorum,
3828 3749 3936 3815 quoii

2378 3849 2491 3917 ipse
2533 3847 2583 3900 in
2637 3847 2770 3899 festo
2816 3843 2982 3896 saneti
3032 3840 3250 3895 Joannis
3295 3840 3546 3905 Baptiszzc
3598 3852 3733 3891 cum
3784 3836 3937 3889 decem

2377 3936 2685 3992 cantoribus
2719 3933 2891 3988 veniat
2934 3932 3109 3985 dictus
3159 3931 3512 3998 primicerius,
3560 3927 3638 3981 ita
3691 3931 3828 3995 quod
3859 3929 3939 3991 ipse

2378 4031 2449 4083 sit
2478 4028 2811 4088 undecimus,
2860 4032 2916 4079 et
2964 4021 3273 4075 olliciabnnt
3317 4020 3445 4073 ccci.
3466 4021 3607 4072 siam
3669 4021 3725 4071 in
3775 4017 3935 4085 vigilia,

2381 4121 2648 4176 Matutinis
2685 4126 2736 4171 et
2784 4116 2979 4180 Missa;
3023 4126 3076 4168 et
3122 4110 3551 4181 procurahuutur
3601 4110 3717 4175 ipsi
3773 4119 3823 4161 et
3863 4109 3936 4158 duo

2381 4226 2563 4266 eorum
2593 4206 2888 4260 servientes
2916 4205 3169 4257 decenter
3196 4210 3250 4254 et
3282 4201 3504 4252 honeste
3534 4198 3587 4250 in
3626 4197 3741 4251 illis
3764 4196 3935 4249 cibariis

2383 4302 2572 4369 quibus
2599 4309 2881 4353 conventut
2932 4294 3195 4348 servietur
3247 4292 3298 4345 iu
3346 4292 3456 4358 ipsa
3507 4291 3637 4353 die;
3670 4301 3726 4343 et
3759 4305 3848 4357 pro
3872 4302 3935 4339 se:

2384 4392 2633 4447 mercede
2673 4388 2934 4457 recipient
2978 4397 3182 4439 sextam
3228 4393 3429 4450 partem
3474 4382 3817 4437 oblationum
3856 4394 3937 4431 mn-

2380 4484 2515 4552 juris
2537 4481 2739 4546 altaris,
2770 4480 3023 4532 duntaxat
3052 4475 3106 4529 in
3137 4475 3312 4543 spa‘io
3335 4489 3439 4540 quo
3464 4472 3627 4526 Missa
3652 4474 3933 4527 celebratur.

2390 4588 2548 4636 super
2579 4572 2704 4624 illud
2733 4569 3057 4623 cadentium.

2452 4688 2672 4753 insuper
2717 4682 2831 4749 ipse
2876 4678 3208 4748 primicerius
3236 4679 3425 4743 recipit
3452 4672 3518 4729 ab
3562 4673 3799 4729 ecclesia
3827 4688 3855 4725 ιι
3880 4687 3935 4722 5+

2393 4781 2527 4835 iidos
2573 4776 2967 4831 Provisiuorum
3013 4781 3230 4825 senatus
3278 4785 3373 4837 pro
3415 4767 3707 4831 mercede;
3742 4778 3792 4820 et
3820 4777 3936 4815 unus-
3972 4832 3973 4839 γ

2392 4877 2614 4942 qusque.
2662 4868 3037 4922 canonicorum
3091 4881 3162 4918 XII
3209 4863 3456 4916 denarios
3485 4901 3501 4925 ,
3556 4860 3873 4927 computatis
3907 4846 3973 4935 in;

2397 4973 2657 5032 praesente
2684 4975 2888 5013 summa
2922 4957 3154 5010 denariis
3187 4955 3291 5008 illis
3321 4955 3411 5023 qui
3440 4954 3643 5007 dantur
3672 4950 3935 5005 maturitas

2400 5070 2494 5123 pro
2525 5051 2898 5119 re~ponsoriis.
2935 5049 3044 5101 lloc
3075 5056 3253 5099 autem
3288 5062 3316 5096 u
3348 5059 3512 5112 raque
3551 5060 3678 5111 pars
3704 5044 3937 5096 observare
3972 5056 3973 5115 ξ

2400 5154 2607 5199 tenetur
2636 5144 2688 5196 in
2737 5140 2985 5194 omnibus
3018 5137 3123 5192 illis
3156 5139 3305 5191 testis
3334 5152 3451 5204 qum
3486 5134 3857 5190 Lateranensis
3879 5144 3933 5181 ε(-

2397 5236 2560 5288 clesia
2590 5232 2819 5285 voluerit
2852 5233 3105 5299 praedicto
3155 5224 3341 5281 ordine
3377 5228 3683 5290 celebrare,
3730 5237 3784 5280 et
3815 5225 3867 5276 ad
3893 5234 3933 5272 ελ
3972 5268 3973 5299 ἦ

2398 5324 2754 5393 primicerium
2783 5336 2903 5375 cum
2948 5318 3130 5372 schola
3160 5314 3373 5371 duxerit
3416 5316 3749 5370 invitandos.
3793 5310 3932 5367 Sedit

2397 5420 2645 5476 omnibus
2675 5412 2994 5470 stationibus
3038 5408 3410 5464 Lateraueusis
3442 5405 3697 5460 ecclesia:
3743 5402 3934 5473 mimice

2400 5513 2513 5565 rius
2535 5518 2589 5561 et
2616 5505 2822 5571 schola,
2855 5502 3014 5557 etiam
3050 5515 3149 5553 non
3195 5498 3425 5555 invitati,
3456 5499 3642 5552 veniza
3690 5492 3932 5551 delicata:

2397 5640 2551 5711 quod
2567 5637 2791 5711 coenula:
2824 5645 3020 5711 nostrai
3046 5631 3310 5711 quoddam
3340 5630 3660 5696 praeludinm
3697 5640 3797 5683 est.

2476 5718 2496 5743 ε
2530 5709 2609 5763 An
2639 5706 2929 5760 cinctura?
2978 5717 3071 5772 pro
3122 5702 3227 5757 illis
3273 5713 3606 5755 ornamentis
3634 5703 3831 5770 quibus
3861 5700 3931 5747 cia-

2396 5790 2523 5848 gttnt
2554 5780 2829 5847 imagines.
3971 5780 3973 5848 λ
