4006 6292
102 289 255 344 HUS

1324 287 1586 345 ROMANI
1631 285 1947 342 ORDlNES.
1989 316 2061 329 ——-
2089 286 2245 343 Xlll.

3242 291 3380 347 1106

95 378 451 431 serviendum
486 378 537 431 in
567 378 744 433 ol'licio
791 378 960 433 Missa:
1004 386 1226 442 tantum,
1281 395 1376 447 pro
1423 397 1517 434 sua
1550 396 1691 434 mcr-
1726 389 1774 441 Λ
1801 382 2127 433 οὺιειινοηυω
2154 378 2371 446 majoris
2393 377 2578 435 altaris
2602 389 2826 447 tantum,
2858 383 3183 449 sicut-supra
3207 381 3378 449 scrip.

97 468 234 519 eede
293 466 423 522 nihil
472 468 615 521 alutd
681 472 1025 538 percepturi,
1081 471 1179 523 nisi
1232 480 1434 523 sextam
1483 484 1686 536 partem

470 611 747 621 ———-—-—

756 613 961 623 ——

1798 480 1907 527 tum
1939 484 2046 529 est.

1036 722 1371 827 ORDO
1449 724 2078 829 ROMANUS
2157 727 2427 861 XIII,

1698 908 1814 949 νει,

929 1017 1818 1108 C/EREMONIALE
1899 1023 2525 1106 ROMANUM.

1259 1178 1509 1239 Editum
1548 1177 1735 1255 jussu
1782 1180 2096 1237 Gnnconu
2142 1179 2228 1239 Χ.

186 1327 349 1397 221
380 1322 431 1377 l.
464 1322 594 1389 Quia
625 1321 769 1374 omni
800 1322 1091 1389 potentatui
1117 1322 1221 1374 vita
1251 1320 1429 1375 brevis
1454 1362 1468 1385 ,
1501 1320 1700 1374 idcirco

110 1430 262 1482 sepe
286 1413 541 1481 contingit
560 1412 698 1479 quod
726 1413 951 1466 Romani
980 1412 1379 1480 pontiﬁces,qui
1408 1412 1459 1466 in
1489 1412 1697 1466 subros-

113 1505 239 1558 lesti
262 1502 560 1557 bicrarchia
583 1504 864 1570 primatum
885 1503 1148 1565 obtinent,
1171 1502 1303 1557 infra
1322 1504 1481 1557 breve
1498 1513 1701 1569 tempo-

1810 1321 1984 1385 timos,
2018 1319 2315 1376 mediocres
2346 1332 2399 1377 et
2429 1323 2680 1392 majores.
2700 1329 2899 1393 Quibus
2919 1331 3202 1399 expeditis,
3224 1348 3389 1389 cruce

1810 1423 2081 1477 pra-eunte
2111 1414 2305 1480 papali,
2341 1417 2810 1482 processioualiter
2852 1422 3111 1476 ducitura
3140 1425 3389 1478 cardina-

1810 1500 1952 1555 libus
1979 1512 2032 1555 et
2055 1518 2079 1552 a
2112 1511 2218 1555 tota
2240 1503 2388 1557 curia
2413 1504 2478 1558 ad
2502 1506 2885 1574 cathedraletn,
2914 1512 2998 1564 vel
3026 1511 3187 1565 aliam
3221 1512 3391 1581 majoo

116 1596 195 1649 ris
217 1594 446 1660 spatium
480 1596 639 1646 vitam
673 1592 854 1645 liniant
878 1635 891 1655 ,
924 1603 975 1647 et
1007 1595 1183 1646 carnis
1212 1594 1479 1662 ergastulo
1507 1596 1573 1646 de
1602 1595 1702 1647 isto
1735 1632 1779 1691 Β
1813 1605 1925 1642 rem
1959 1592 2240 1646 ecclesiam
2274 1593 2398 1660 loci,
2433 1594 2486 1648 in
2518 1610 2623 1662 quo
2646 1606 2728 1650 est
2754 1599 2923 1663 curia,
2956 1599 2999 1651 si
3033 1601 3178 1653 locus
3203 1600 3256 1653 in
3288 1616 3394 1668 quo

114 1684 182 1738 ad
210 1684 510 1737 libertatem
554 1693 824 1736 transeant
850 1698 1227 1753 supernorum.
1258 1684 1463 1740 Etcum
1491 1685 1608 1739 talis
1641 1701 1703 1741 ac

116 1787 265 1831 tanta
296 1777 586 1831 bierareltia
612 1792 713 1831 non
738 1778 927 1831 debeat
956 1794 1072 1831 esse
1099 1778 1347 1845 acephala
1374 1779 1523 1849 quasi
1548 1795 1701 1833 mon-

117 1877 329 1931 strum,
362 1875 651 1921 sanxerunt
678 1868 903 1935 proinde
938 1879 1113 1936 patres
1145 1868 1317 1922 sancti
1349 1881 1404 1923 ut
1425 1910 1439 1936 ,
1468 1868 1702 1924 deluncti

119 1961 368 2028 prmsidis
392 1974 619 2029 corpore
645 1960 1025 2013 ecclesiastica:
1057 1963 1251 2014 tradito
1278 1963 1583 2030 sepulturae,
1611 1978 1705 2029 per

118 2052 260 2103 viam
276 2052 591 2104 canonicam
616 2051 864 2104 defuncto
891 2052 1103 2118 prtesidi
1120 2052 1698 2115 substituereturalius,

120 2155 214 2209 qm
252 2147 399 2192 tanto
447 2149 623 2207 [-l‘tBSll
671 2141 817 2192 oneri
850 2150 903 2193 (ιι
943 2140 1149 2194 honori.
1190 2141 1380 2194 Verum
1412 2142 1533 2210 quia
1563 2144 1703 2195 circa

123 2230 313 2283 modos
341 2238 395 2282 et
424 2229 622 2284 formas
661 2232 891 2299 qualiter
935 2246 992 2284 se
1037 2232 1234 2285 habere
1261 2233 1450 2286 debeat
1482 2234 1703 2287 ecclesia

122 2334 249 2386 erga
280 2318 578 2385 huiusmodi
609 2319 1010 2373 substituendos
1036 2360 1050 2384 ,
1083 2335 1201 2372 eum
1232 2321 1515 2389 aliquando
1545 2322 1703 2389 aliqui

125 2411 177 2463 in
212 2412 440 2463 diversis
468 2411 758 2478 majoribus
792 2410 1067 2464 ordinibus
1098 2412 1478 2466 ecclesiasticis
1503 2414 1707 2466 consti-

126 2501 225 2553 tuti
275 2501 342 2554 ad
391 2517 523 2554 onus
556 2500 711 2569 hujus
743 2511 1082 2555 assumantur
1106 2544 1120 2567 ,
1174 2503 1480 2571 lrcqucnter
1506 2505 1707 2559 exstitit

129 2590 428 2644 dubitatum
458 2608 471 2654 ;
504 2597 719 2659 propter
750 2591 850 2644 hoc
880 2592 1248 2646 sanctissimus
1277 2606 1448 2661 pater,
1477 2605 1529 2647 et
1561 2609 1706 2647 com-

132 2681 310 2731 munis
351 2680 594 2734 dominus
618 2724 631 2748 ,
667 2681 915 2735 dominus
942 2692 1124 2737 n0ster
1152 2698 1283 2751 papa
1316 2684 1608 2754 Gregorius
1636 2686 1703 2747 X.

128 2769 218 2837 qui
247 2769 372 2821 olim
405 2770 456 2822 in
502 2770 815 2824 diaconatus
844 2773 1033 2826 ordine
1061 2773 1380 2827 constitutus
1410 2774 1612 2828 exStilit
1639 2775 1705 2828 ad

129 2858 373 2927 ejusdem
400 2858 739 2925 pontificatus
764 2860 968 2928 apicem
992 2860 1286 2927 dignitatis,
1313 2861 1499 2915 volens
1526 2876 1622 2931 per
1640 2877 1705 2917 ea

128 2966 249 3018 qu:e
293 2950 433 3003 circa
476 2949 645 3017 ipsum
681 2961 795 3003 acta
844 2960 961 3004 sant
1015 2951 1376 3006 dubitationes
1404 2951 1703 3020 lmjusmodi

134 3048 454 3106 amputare;
507 3040 573 3093 ad
618 3042 879 3095 cautelam
912 3045 1252 3111 praesentium
1285 3050 1341 3096 et
1390 3045 1704 3098 memoriam

134 3129 432 3184 futurorum
457 3131 570 3185 lucc
586 3148 703 3201 quze
730 3143 1025 3201 sequuntur
1051 3134 1103 3189 in
1132 3135 1343 3203 scriptis
1372 3134 1494 3190 fecit
1516 3138 1706 3206 redigi,

130 3230 183 3275 et
216 3221 388 3275 brevis
412 3223 535 3291 styli
569 3222 745 3277 ollieio
772 3224 1000 3278 exarari.
1236 3254 1239 3259 ν
1680 3234 1687 3239 ‘

202 3313 257 3365 2.
289 3313 562 3382 Siquidem
617 3315 669 3368 in
722 3316 908 3384 primis
955 3317 1193 3371 Romana
1226 3320 1465 3374 Ecclesia
1499 3330 1708 3385 pastore

137 3413 364 3457 vacante
390 3444 405 3467 ,
440 3404 529 3458 ille
558 3405 648 3473 qui
679 3405 835 3459 luerit
861 3409 1198 3461 concorditer
1221 3409 1287 3462 ab
1315 3411 1561 3464 omnibus
1591 3426 1709 3466 ear-

135 3492 435 3558 dinalibus,
493 3494 571 3546 vel
606 3510 633 3546 a
664 3495 869 3548 duabus
902 3498 1136 3564 partibus
1161 3499 1362 3552 electus
1394 3501 1444 3551 in
1477 3515 1663 3569 papam
1692 3541 1707 3567 ,

133 3585 202 3637 ab
230 3584 511 3637 universali
544 3585 779 3639 Ecclesia
818 3588 1086 3641 Romanus
1128 3590 1359 3656 pontifex
1403 3590 1664 3645 habeatur
1693 3610 1706 3657 ;

130 3677 221 3742 qui
248 3676 289 3728 si
318 3675 479 3730 fuerit
506 3677 721 3742 absens,
756 3677 834 3731 vel
868 3679 933 3730 de
959 3679 1187 3747 collegio
1219 3680 1571 3735 cardinalium
1602 3698 1706 3735 non

133 3764 314 3829 fuerit,
346 3766 410 3818 ad
440 3766 611 3820 locum
645 3767 695 3819 in
727 3781 830 3836 quo
853 3768 1151 3823 cardinales
1174 3770 1369 3824 suntin
1394 3772 1710 3826 consistorio

134 3857 321 3909 venire
351 3855 507 3909 debet
539 3864 784 3921 vocatus;
814 3866 867 3911 et
890 3859 1003 3926 ipse
1034 3859 1381 3914 coelectionis
1403 3862 1468 3916 de
1497 3878 1556 3916 se
1584 3860 1712 3917 facit

135 3961 456 3999 consensum
491 3956 772 4016 praesente.
824 3948 973 4001 Prior
1017 3950 1363 4004 diaconorotn
1412 3953 1557 4006 eruit
1588 3968 1708 4006 emn

132 4052 360 4106 Cappam
379 4052 472 4091 seu
494 4038 832 4105 chlamydem
858 4055 959 4108 qua
984 4039 1167 4106 utitur,
1192 4050 1247 4095 et
1269 4059 1280 4108 ι
1301 4043 1409 4095 onit
1439 4034 1511 4107 ὁὶ,
1539 4042 1581 4096 si
1608 4058 1709 4097 non

138 4128 329 4195 habet,
359 4132 529 4182 albam
560 4131 855 4185 liornanam
883 4172 896 4197 ,
929 4133 1203 4186 camisiam
1236 4174 1249 4199 ,
1298 4144 1352 4187 et
1380 4136 1614 4187 orarium
1646 4134 1710 4187 ad

136 4218 353 4271 modum
389 4219 679 4289 presbyteri
709 4223 867 4291 222
893 4236 1053 4289 super
1084 4221 1335 4276 humeros
1359 4264 1373 4287 ,
1406 4224 1449 4276 si
1482 4233 1564 4279 est
1594 4240 1713 4293 pre-

137 4311 348 4374 sbytcr:
386 4312 467 4366 vel
491 4326 648 4381 super
679 4312 863 4366 laevam
889 4322 1116 4382 partem,
1149 4315 1191 4367 si
1224 4325 1303 4368 est
1332 4315 1587 4369 diaconus
1612 4355 1626 4381 ,
1660 4326 1712 4369 et

140 4418 246 4455 non
272 4418 320 4453 ιιι
347 4402 658 4471 presbyterii
687 4404 873 4457 ordine
898 4403 1249 4469 constitutus;
1281 4415 1335 4459 et
1362 4417 1540 4473 postea
1568 4409 1715 4474 ponit

138 4493 189 4547 ei
225 4500 550 4552 mauttnn,et
577 4492 739 4546 dicit:
775 4493 1000 4547 lnvestio
1028 4504 1077 4547 te
1091 4497 1154 4547 de
1170 4505 1358 4564 pnpatu
1389 4496 1716 4560 Ilomano,ut

138 4587 319 4654 pra'sis
354 4583 480 4639 Urbi
504 4594 549 4639 et
580 4586 731 4649 orbi;
781 4598 830 4639 ct
866 4587 1031 4639 tradit
1062 4588 1109 4640 ci
1141 4589 1299 4641 etiam
1330 4588 1583 4641 annulum
1613 4605 1717 4658 quo

140 4678 217 4731 uti
248 4687 646 4730 consueverunt
676 4678 1102 4744 prmdccessores
1131 4678 1313 4747 ipsius,
1349 4688 1403 4733 et
1431 4680 1479 4733 ci
1504 4680 1714 4735 mitram

140 4776 531 4835 eompetcntcm
565 4766 668 4835 ipsi
693 4783 852 4833 super
882 4776 1041 4834 caput
1069 4768 1325 4835 imponit;
1354 4778 1405 4822 et
1433 4777 1620 4837 petens
1649 4771 1717 4822 ab

143 4874 233 4921 eo,
265 4873 370 4927 quo
398 4872 611 4911 nomine
634 4860 810 4911 vocari
841 4859 990 4926 velit,
1017 4867 1072 4911 et
1097 4861 1268 4928 ipsum
1296 4874 1362 4913 eo
1379 4861 1593 4914 nomine
1616 4876 1719 4929 quo

143 4949 194 5002 ei
228 4950 484 5017 placuerit
512 4949 795 5001 vocabunt.
829 4948 946 5014 Quo
978 4950 1115 5001 facto
1139 4988 1153 5013 ,
1207 4950 1329 5004 facit
1358 4965 1478 5005 eum
1527 4953 1717 5005 sedere

143 5038 198 5091 iu
229 5037 355 5092 sede
378 5052 472 5091 seu
498 5037 550 5091 in
579 5035 872 5092 fatdistorio
908 5079 923 5102 ,
980 5046 1035 5093 et
1062 5038 1319 5107 depositis
1350 5042 1721 5095 communibus

145 5127 363 5193 calceis,
394 5129 435 5181 si
469 5128 731 5181 habentur
763 5128 922 5181 rubea
954 5130 1313 5181 calceamcnta
1340 5130 1544 5197 papalia
1568 5170 1582 5193 ,
1614 5131 1722 5183 cal-

144 5221 357 5275 ciantur
384 5221 587 5284 cidem;
614 5228 666 5274 et
692 5220 769 5274 sic
794 5220 1091 5273 cardinales
1114 5234 1301 5274 omnes
1320 5236 1414 5289 per
1449 5222 1717 5286 ordinem,

146 5311 320 5379 primo
343 5310 576 5378 episcopi
603 5349 618 5374 ,
649 5309 884 5364 secundo
925 5310 1218 5378 presbyteri
1251 5350 1265 5373 ,
1321 5310 1482 5363 tertio
1510 5310 1717 5363 diaconi

146 5400 365 5454 veniunt
395 5413 575 5453 coram
606 5413 671 5451 eo
696 5399 845 5452 [lexis
871 5398 1132 5467 genibus;
1167 5408 1220 5452 et
1247 5399 1385 5451 idem
1416 5399 1617 5453 electus
1646 5401 1723 5466 ip-

145 5508 237 5550 sos
260 5493 501 5547 ordinate
531 5492 597 5546 ad
629 5502 817 5561 pedem
866 5494 1055 5560 recipit
1084 5502 1138 5545 et
1179 5491 1242 5544 ad
1278 5492 1419 5558 pacis
1449 5493 1685 5544 osculum
1706 5533 1719 5555 ,

152 5599 362 5640 necnon
396 5592 451 5638 et
481 5599 668 5639 omnes
700 5582 835 5636 alios
870 5583 1172 5651 capellanos
1202 5599 1325 5635 suos
1354 5623 1367 5645 ,
1416 5592 1468 5637 et
1497 5593 1722 5636 caeteros

147 5677 378 5741 clericos
411 5685 463 5731 et
491 5676 651 5731 laicos
683 5676 959 5729 venientes
986 5673 1049 5725 ad
1083 5674 1196 5743 ejus
1227 5675 1576 5729 reverentiam
1598 5712 1611 5739 ,
1642 5674 1719 5729 in-

1809 1682 2025 1751 eligitur
2054 1686 2241 1739 civitas
2266 1700 2371 1741 non
2407 1687 2589 1742 existit
2616 1706 2629 1754 ;
2664 1689 2714 1742 iu
2741 1705 2843 1753 qua
2872 1691 3101 1745 ecclesia
3127 1694 3191 1746 ad
3224 1694 3395 1749 altare

1808 1776 2040 1842 ducitur,
2065 1786 2117 1829 et
2138 1782 2263 1831 ante
2288 1778 2461 1845 ipsum
2490 1778 2659 1833 altare
2689 1790 2806 1833 orat
2826 1780 3027 1835 diutius
3051 1793 3391 1849 prostratus;

1808 1878 1860 1922 et
1884 1867 2009 1920 dum
2041 1875 2178 1933 orat,
2211 1866 2280 1919 Te
2312 1867 2477 1920 Deum
2515 1869 2787 1923 laudamus
2809 1871 2874 1923 ab
2902 1873 3152 1926 omnibus
3182 1873 3394 1927 clericis

1809 1958 2151 2021 deeantatur;
2197 1972 2303 2025 quo
2328 1957 2610 2011 decantato
2630 2000 2645 2024 ,
2697 1961 2842 2027 prior
2862 1963 3234 2031 episcoporum
3262 1964 3397 2021 dicit

1818 2044 1973 2099 Pater
1998 2056 2188 2105 noster,
2233 2058 2283 2100 et
2336 2048 2585 2117 sullragia
2629 2060 2884 2104 censueta
2908 2094 2921 2117 ,
2955 2062 3008 2105 et
3039 2054 3348 2109 Orationem
3376 2096 3395 2122 ,

1814 2135 2149 2202 Omnipotens
2181 2138 2484 2205 sempiterna
2514 2138 2649 2192 Deus
2682 2156 2843 2205 nuper
2872 2140 3029 2195 electo
3060 2154 3255 2197 nostra.
3280 2143 3393 2209 Qua

1813 2226 1958 2279 [inita
1982 2265 1998 2290 ,
2054 2226 2195 2280 idem
2224 2228 2424 2281 electus
2455 2242 2579 2297 surg
2605 2238 2623 2281 t
2651 2229 2718 2283 ab
2747 2230 2998 2283 Oratione
3017 2273 3030 2295 ,
3078 2240 3131 2285 et
3157 2232 3283 2286 dicit
3307 2231 3390 2288 Sit

1810 2332 1992 2369 nomen
2023 2316 2230 2369 Domini
2260 2318 2599 2383 benedictum,
2635 2327 2688 2373 et
2717 2319 2841 2374 facit
2873 2321 3323 2378 Benedictionem.

1881 2406 1935 2458 5.
1970 2409 2082 2469 Qua
2105 2406 2312 2474 expleta
2337 2445 2351 2469 ,
2387 2409 2694 2472 revertitur,
2721 2409 2991 2464 osculatur
3019 2411 3187 2464 a'tare
3206 2452 3220 2476 ,
3258 2420 3313 2465 et
3343 2419 3398 2465 ut

1810 2495 2052 2550 Ordinate
2092 2498 2235 2549 venit
2272 2496 2336 2549 ad
2378 2497 2685 2565 ecclesiam,
2729 2499 2806 2552 sic
2834 2500 2969 2553 redit
3012 2501 3076 2552 ad
3118 2515 3388 2556 cameram

1810 2601 1982 2650 suam,
2014 2596 2069 2641 et
2098 2587 2357 2655 signando
2380 2602 2595 2657 semper
2625 2589 2675 2641 in
2706 2590 2883 2643 eundo
2904 2600 2957 2644 et
2995 2591 3265 2645 redeundo
3294 2608 3309 2657 ;
3339 2601 3397 2646 et

1812 2688 2093 2747 postquam
2121 2679 2337 2733 redierit
2364 2680 2433 2733 ad
2462 2695 2752 2747 cameram,
2786 2681 3007 2750 deponit
3039 2683 3323 2752 pluvialem
3345 2694 3399 2739 et

1812 2768 2059 2831 mitram,
2101 2776 2153 2821 et
2177 2769 2399 2821 assumit
2448 2769 2669 2823 rubeum
2711 2772 3022 2825 mantellum
3052 2812 3065 2834 ,
3110 2781 3163 2825 et
3200 2772 3397 2828 habere

1810 2860 1971 2915 debet
2016 2861 2210 2928 caligas
2239 2862 2306 2915 de
2332 2860 2499 2917 rubeo
2526 2877 2700 2931 panno
2727 2865 2845 2917 sine
2879 2864 3162 2933 pedulibus
3188 2875 3241 2919 et
3270 2881 3390 2919 cum

1811 2950 2073 3002 stalilibus
2094 2990 2109 3014 ,
2141 2960 2195 3002 et
2226 2951 2441 3003 inlulam
2478 2952 2695 3006 rubeant
2745 2952 2814 3007 de
2839 2955 3096 3017 scarleto;
3129 2965 3181 3008 et
3212 2964 3395 3022 postea

1812 3055 2004 3109 parvos
2027 3040 2236 3095 calceos
2266 3041 2333 3094 de
2370 3057 2544 3110 panno
2561 3045 2774 3109 eodem,
2805 3059 2855 3098 et
2879 3046 3090 3099 calceos
3116 3047 3396 3115 religiosos

1810 3146 1981 3199 usque
2010 3132 2073 3185 ad
2109 3134 2339 3185 medium
2371 3132 2436 3186 de
2461 3134 2605 3187 corio
2631 3135 2818 3200 rubeo,
2851 3147 2905 3190 et
2927 3136 3133 3190 tunit-as
3151 3148 3203 3191 et
3223 3148 3399 3193 vestes

1809 3220 1877 3273 de
1906 3221 2136 3272 scarleto
2164 3260 2177 3282 ,
2232 3231 2285 3274 et
2310 3221 2539 3290 desuper
2570 3238 2774 3291 pannos
2806 3224 2979 3278 albam
3004 3226 3278 3280 camisiam
3298 3270 3312 3291 ,
3345 3238 3401 3282 et

1810 3309 1916 3363 erit
1943 3310 2250 3363 subcinctus
2282 3312 2494 3380 cingulo
2536 3312 2605 3367 de
2635 3314 2809 3367 serico
2844 3315 3009 3369 rubeo
3039 3331 3200 3384 super
3230 3317 3397 3370 cami-

1809 3400 1982 3465 siam;
2034 3413 2086 3455 et
2136 3402 2251 3469 ipsa
2299 3402 2517 3456 camisia
2549 3404 2654 3457 erit
2682 3405 2749 3457 ita
2786 3405 2936 3474 longa
2959 3447 2973 3469 ,
3010 3406 3149 3474 quod
3193 3407 3397 3461 elevata

1810 3501 2178 3559 competenter
2210 3507 2371 3560 super
2401 3494 2572 3561 ipsum
2596 3494 2862 3565 cingulum
2895 3495 3222 3550 reﬂectatur.

1838 3628 1841 3633 .
1882 3580 1934 3633 4.
1974 3582 2115 3635 Idem
2140 3597 2269 3635 vero
2300 3584 2525 3650 electus,
2559 3584 2611 3636 in
2639 3599 2955 3652 quocunque
2984 3584 3172 3639 ordine
3197 3585 3354 3639 fuerit
3377 3625 3395 3651 ,

1812 3671 1855 3723 si
1887 3672 2084 3724 scribat
2116 3673 2318 3740 aliquas
2355 3673 2558 3726 litteras
2585 3673 2742 3727 alicui
2771 3684 2896 3727 ante
2924 3689 3072 3727 suam
3100 3688 3390 3729 consecra-

1821 3762 2041 3825 tionem,
2084 3761 2291 3816 bullare
2336 3762 2496 3815 faciet
2535 3763 2738 3818 litteras
2778 3764 2919 3831 ipsas
2958 3779 3077 3817 cum
3119 3764 3207 3818 illa
3250 3773 3400 3833 parte

1812 3851 1969 3906 bulla:
2000 3854 2050 3905 in
2076 3867 2179 3919 qua
2223 3862 2348 3905 sunt
2375 3853 2549 3921 capita
2590 3854 2951 3921 apostolorum
2975 3869 3041 3908 ex
3078 3869 3181 3907 una
3206 3863 3397 3923 parte;

1814 3958 1880 3994 ex
1903 3943 2066 3996 altera
2090 3956 2216 3996 vero
2232 3943 2333 3995 erit
2348 3943 2523 4010 plana,
2543 3958 2664 3997 eum
2681 3944 2841 4015 223
2860 3946 3095 3999 nondum
3118 3946 3187 3999 sit
3206 3961 3399 4002 conse-

1814 4034 2055 4087 Cratusin
2085 4048 2294 4102 papam;
2318 4042 2372 4086 et
2396 4036 2449 4086 in
2481 4028 2800 4089 salutatione
2822 4037 3009 4089 scribit
3031 4052 3224 4091 nomen
3244 4053 3398 4091 suum

1815 4127 1912 4191 sic,
1927 4124 1991 4180 G.
2012 4126 2193 4179 electus
2211 4141 2381 4177 seruus
2402 4141 2664 4178 servarunt
2688 4126 2806 4191 Dei,
2825 4127 3021 4192 dilect.,
3037 4136 3168 4189 etc.,
3188 4131 3404 4183 salutem

1816 4226 1861 4270 et
1875 4217 2208 4283 apostolicam
2224 4213 2653 4267 Benedictionem.
2684 4216 2841 4269 Addit
2861 4218 2913 4270 in
2937 4216 3042 4271 line
3068 4226 3193 4271 ante
3223 4219 3403 4273 datam

1820 4309 2155 4363 litterarum:
2188 4305 2299 4359 Nec
2321 4307 2456 4371 quod
2478 4305 2618 4360 bulla
2639 4308 2929 4376 exprimens
2957 4324 3139 4362 nomen
3173 4317 3404 4362 nostrum

1821 4417 1923 4453 non
1945 4407 2017 4452 est
2052 4412 2275 4468 appensa
2304 4397 2664 4466 prwsentibns,
2707 4399 2845 4467 quia.
2864 4410 2981 4452 ante
3009 4397 3406 4452 consecrationis

1823 4505 1869 4547 et
1899 4491 2273 4545 Bcnedictionis
2302 4499 2489 4543 nostra:
2516 4491 2763 4544 solemnia
2794 4508 2897 4544 non
2920 4492 3283 4544 transmittitur
3320 4491 3399 4543 liis
3452 4548 3455 4553 λ

1822 4600 1934 4653 qua:
1962 4585 2092 4652 ﬁunt
2114 4623 2129 4648 ,
2162 4581 2406 4635 hactenus
2434 4583 2486 4634 in
2520 4582 2780 4636 Romanos
2808 4583 2954 4636 electi
2988 4581 3251 4649 pontiﬁces
3281 4598 3402 4634 con-

1822 4684 2083 4728 sueverunt
2106 4674 2165 4725 bn
2177 4672 2298 4725 llam
2320 4672 2507 4725 habere
2533 4682 2649 4725 ante
2670 4688 2776 4725 sua'
2790 4672 3180 4727 consecrationis
3196 4687 3403 4734 munus,

1824 4765 2045 4818 medium
2067 4763 2665 4834 hujusmodiobservare.
2693 4764 2757 4816 Et
2786 4773 2906 4831 post
2926 4764 3037 4816 dat.
3061 4763 3112 4816 in
3145 4762 3234 4816 tali
3261 4764 3400 4828 loco,

1824 4864 1928 4908 etc.
1957 4894 1972 4917 ,
2017 4852 2177 4920 hujus
2208 4867 2366 4905 manu
2385 4892 2399 4915 ,
2431 4854 2649 4920 suscepti
2677 4870 2708 4905 a
2730 4853 2873 4907 nobis
2901 4859 3212 4921 apostolatus
3244 4854 3405 4923 ofﬁcii

1824 4960 1959 4997 anno
1980 4946 2167 5012 primo.
2201 4944 2264 4997 Et
2294 4942 2673 5010 pmnitentiarii
2704 4944 2887 4998 dicunt
2918 4945 2968 4997 in
3018 4946 3139 4998 data
3181 4961 3398 5000 suarum

1824 5034 2116 5088 litterarum
2148 5050 2160 5084 :
2208 5032 2399 5086 Datum
2427 5035 2578 5086 etiam
2607 5036 2931 5103 annotprimo
2960 5037 3266 5101 praesulatus
3311 5037 3407 5089 do-

1825 5124 1950 5175 mini
1979 5124 2203 5190 episcopi
2234 5138 2381 5190 papze
2411 5122 2555 5176 electi
2576 5124 2631 5177 in
2665 5123 2897 5177 Romano
2927 5127 3253 5192 pontificatu.

1898 5213 1950 5268 5.
1984 5214 2125 5267 Idem
2148 5224 2324 5267 autem
2356 5215 2581 5281 electus,
2613 5216 2664 5268 in
2692 5230 3008 5286 quocunque
3036 5218 3224 5271 ordine
3268 5232 3400 5271 con-

1826 5309 2063 5371 stitutus,
2095 5308 2490 5375 promovebitur
2514 5307 2579 5360 ad
2610 5309 2843 5373 majores
2867 5309 3083 5362 ordines
3109 5312 3399 5381 secundum

1826 5398 2073 5464 fortnam,
2105 5414 2205 5465 qua
2227 5398 2318 5451 alii
2348 5398 2697 5461 ordinantur;
2729 5399 2827 5452 hoc
2853 5409 3029 5455 tamen
3058 5404 3227 5465 salvo,
3259 5403 3401 5471 quod

1829 5492 1944 5559 ipse
1975 5491 2178 5545 electus
2208 5490 2405 5543 amictu
2434 5500 2485 5543 et
2527 5490 2646 5543 alba
2672 5491 2919 5559 indutus,
2967 5505 3017 5547 et
3038 5496 3253 5563 cingulo
3279 5495 3403 5548 sub-

1826 5580 2051 5646 cinctus,
2080 5594 2199 5634 cutn
2229 5582 2496 5649 manipqu
2521 5589 2746 5648 tantum,
2782 5586 2824 5635 si
2850 5584 3328 5644 estsubdiaconus;
3356 5586 3400 5639 si

1830 5686 1954 5726 vero
1982 5681 2061 5727 cst
2092 5672 2346 5727 diaconus
2368 5714 2381 5739 ,
2434 5687 2553 5727 cum
2584 5673 2717 5726 stola
2743 5688 2902 5743 super
2941 5673 3125 5730 hevaru
3154 5686 3353 5745 partem
3384 5711 3397 5737 ,
