4006 6294
656 280 792 336 1107

1364 275 1702 329 APl’ENDlX
1745 277 1832 329 AD
1874 276 1930 331 S.
1975 274 2300 331 GREGORH
2343 276 2556 331 M‘AGNI
2602 277 2969 334 LITURGICA
3015 279 3268 335 OPERA.

3808 284 3935 339 11015

656 396 859 451 sedebit
891 396 938 447 in
970 394 1033 445 lal
1062 393 1261 445 'istoriu
1282 408 1399 456 suo,
1427 403 1613 445 tenens
1638 400 1874 445 mantum
1898 405 2073 454 suum,
2106 392 2223 458 plu-
2256 394 2307 452 Λ
2332 397 2387 444 et
2414 391 2691 444 ordinatus
2717 434 2729 453 ,
2789 401 2844 444 et
2894 406 3031 443 unus
3079 392 3357 459 presbyter
3404 394 3717 446 cardinalis
3766 395 3935 449 eidem

665 488 797 542 viale
820 502 922 539 non
944 485 1203 541 indutum.
1232 482 1325 536 sed
1358 472 1477 546 p'ost
1501 482 1716 544 collum,
1748 491 1801 535 et
1830 482 2037 535 mitram
2068 484 2118 533 in
2144 496 2229 535 ca-

662 584 769 649 pite
799 582 915 648 ipso
939 592 1224 644 congruam
1252 596 1265 639 ;
1303 586 1352 628 ct
1377 576 1453 630 sic
1474 575 1635 631 debet
1666 577 1921 629 ordinari.
1947 576 2234 630 Ordinatur

653 674 795 727 venit
822 686 999 725 eoram
1030 671 1176 739 ipso,
1208 682 1263 725 et
1290 672 1572 728 Orationes
1594 672 1800 727 debitas
1832 674 1997 735 dicet,
2046 683 2099 727 et
2128 674 2231 726 alia

659 763 811 815 faciet
833 759 949 827 ιιιιιι·
978 761 1229 815 inordiue
1252 778 1407 828 quem
1422 761 1631 815 confert
1661 762 1773 815 ﬁeri
1806 773 2228 816 consueverunt.

656 852 716 906 Et
750 852 967 906 attende
987 851 1125 919 quod
1170 852 1293 903 dum
1321 852 1459 904 idem
1492 851 1694 903 electus
1725 851 2020 913 ordinatur,
2053 851 2235 903 iliaci»-

660 960 763 996 uns
788 943 1075 997 cardinalis
1104 953 1157 996 et
1203 942 1555 997 subdiaconus
1581 944 1885 1009 capellanus
1914 944 2164 995 assistent
2186 943 2232 994 ei

654 1033 879 1086 lavando
912 1048 1099 1086 manus
1130 1042 1183 1086 et
1212 1031 1480 1086 it.dtl(‘lld0
1500 1073 1516 1098 ,
1545 1033 1679 1086 sicut
1709 1031 1842 1085 alias
1875 1031 1985 1084 ﬁeri
2011 1048 2051 1084 cx
2079 1047 2235 1084 nsnc-

654 1127 769 1188 vit,
816 1125 940 1177 dum
974 1140 1105 1191 papa
1138 1124 1405 1186 celebrat;
1438 1133 1491 1177 et
1524 1133 1681 1176 erunt
1712 1123 1880 1176 induti
1904 1124 2235 1175 vestimentis

647 1215 813 1279 sacris
836 1225 889 1268 et
917 1213 1131 1276 debitis,
1156 1222 1211 1267 et
1239 1212 1411 1265 eidem
1435 1214 1611 1265 electo
1645 1212 1983 1280 postmodum
2008 1213 2113 1263 duo
2140 1211 2235 1264 de-

648 1306 769 1358 bent
801 1306 1055 1357 assiStere
1084 1303 1290 1356 diaconi
1323 1301 1625 1356 cardinales
1652 1302 1741 1370 qui
1774 1300 1824 1355 ei
1856 1302 2127 1365 serviant,
2176 1310 2231 1354 ut

646 1404 730 1448 est
752 1398 951 1459 moris;
980 1406 1031 1447 et
1052 1396 1134 1447 ἱειὶ
1163 1394 1321 1446 etiam
1351 1394 1588 1447 vestibus
1608 1392 1777 1446 sacris
1800 1392 2054 1463 congruis
2076 1403 2233 1446 erunt

646 1488 821 1541 vestiti
848 1528 862 1552 ,
918 1489 1015 1541 etsi
1047 1488 1134 1539 a'ii
1162 1484 1462 1540 cardinales
1491 1485 1859 1555 cujuscunque
1886 1485 2090 1538 ordinis
2117 1499 2221 1537 non

644 1585 825 1631 essent
857 1576 1046 1628 induti.
1074 1573 1358 1628 Ordinatur
1382 1588 1508 1627 vero
1540 1573 1754 1625 habebit
1778 1588 1902 1626 suos
1927 1572 2224 1639 ministros,

642 1667 728 1732 qui
759 1665 806 1718 ei
839 1665 889 1718 iu
913 1665 1101 1718 subdia
1122 1663 1223 1718 toni
1252 1674 1305 1719 et
1335 1662 1545 1718 diae-mi
1572 1661 1753 1716 habitu
1782 1662 2111 1715 ministrent.
2152 1662 2220 1715 Et

646 1754 762 1807 haec
792 1752 859 1807 de
889 1754 1094 1806 ordine.

723 1844 775 1894 6.
799 1841 915 1906 Quo
941 1841 1112 1895 electo
1133 1841 1198 1893 ad
1223 1839 1461 1895 ordinem
1487 1840 1753 1906 ordinato,
1780 1852 1895 1909 post
1920 1851 2226 1909 susceptum

651 1929 890 1983 ordinem
916 1970 931 1996 ,
962 1940 1015 1982 et
1061 1931 1396 1984 vestimentis
1434 1930 1714 1984 ordinibus
1736 1931 1933 1985 debitis
1960 1933 2227 2001 recep'is,

650 2036 885 2077 mantum
913 2024 1030 2078 sive
1060 2023 1311 2093 pluviale,
1342 2023 1481 2079 sicut
1509 2023 1713 2077 dictum
1746 2033 1859 2089 e-t,
1894 2035 2011 2092 post
2033 2026 2225 2078 collum

650 2124 913 2178 resutnet;
945 2123 998 2167 et
1021 2129 1141 2168 ctua
1172 2114 1381 2167 venerit
1402 2113 1468 2167 ad
1501 2114 1691 2168 horam
1714 2115 2005 2168 coronandi
2034 2155 2051 2181 ,
2081 2117 2227 2168 ordi-

650 2212 805 2257 natus
833 2203 899 2257 ad
933 2204 1101 2271 ipsum
1135 2203 1500 2258 or-tinatorem
1531 2204 1597 2257 ad
1629 2205 1795 2259 altare
1824 2206 2006 2270 venit,
2049 2216 2101 2259 et
2132 2221 2223 2260 or-

650 2297 864 2350 dinator
894 2310 1014 2350 eum
1064 2306 1372 2351 reverenter
1419 2296 1733 2363 coronabit;
1785 2306 1839 2351 et
1873 2299 1949 2351 sic
1980 2298 2227 2352 omnibus

653 2388 881 2455 peractis
906 2427 922 2450 ,
968 2395 1021 2440 et
1051 2397 1360 2441 reverenter
1390 2387 1549 2442 MLssa
1580 2390 1785 2456 esp'eta
1812 2430 1827 2453 ,
1881 2388 1994 2456 ipse
2024 2390 2227 2443 electus

649 2476 777 2531 dicit
803 2476 884 2533 Sit
914 2494 1092 2530 nomen
1123 2477 1329 2531 Domini
1350 2518 1365 2542 ,
1397 2488 1451 2531 et
1479 2478 1605 2531 facit
1635 2477 2093 2543 Benedictionem;
2124 2495 2231 2548 qua

654 2567 814 2629 dicta,
845 2567 1118 2620 ordinatur
1146 2577 1225 2621 ter
1254 2568 1381 2622 dicit
1416 2569 1587 2622 eidem
1618 2570 1788 2625 electo
1814 2568 2009 2623 Multos
2038 2587 2223 2637 annos,

649 2657 912 2712 ﬂectendo
947 2668 1026 2712 ter
1049 2674 1218 2727 genus
1244 2675 1424 2713 coram
1452 2676 1539 2725 eo,
1569 2669 1625 2713 ut
1651 2669 1733 2714 est
1760 2661 1947 2727 nimis;
1970 2670 2025 2714 et
2047 2661 2221 2715 abiori

649 2762 778 2800 vere
824 2763 1037 2816 semper
1083 2747 1335 2803 dicendo.
1386 2748 1549 2820 224,
1594 2750 1739 2802 Idem
1788 2752 1989 2803 electus
2022 2751 2222 2803 nullmn

644 2841 919 2897 servitium
952 2842 1005 2895 in
1038 2842 1191 2894 altari
1225 2841 1381 2895 faciet
1403 2842 1701 2895 ordinatori
1726 2884 1739 2905 ,
1774 2856 1869 2895 nec
1906 2842 2220 2911 l’pistolam,

640 2948 740 2986 nec
771 2933 1114 3003 Evangelium
1144 2932 1417 2995 cantabit,
1444 2947 1557 2985 .nec
1584 2942 1711 2987 ante
1743 2933 2100 3000 receptionem
2131 2949 2216 2986 or-

639 3024 780 3076 dinis
798 3023 1111 3076 diaconatus
1131 3022 1339 3076 dicetur
1362 3022 1446 3074 illi
1475 3022 1783 3088 postulatio,
1804 3021 2041 3076 Postulat
2065 3034 2225 3077 mater

2336 480 2509 533 electo
2539 479 2785 531 ordinato
2812 479 2976 531 servit
3003 480 3070 532 de
3096 479 3230 532 libro
3263 482 3313 531 in
3344 481 3503 533 altari
3534 482 3593 535 in
3628 482 3824 543 Missa.
3853 486 3939 538 do-

2335 573 2505 624 cendo
2535 580 2588 624 et
2620 570 2938 625 instruendo
2964 571 3157 637 ipsum.
3191 571 3395 625 Eodem
3425 583 3688 643 tempore
3719 574 3937 642 debito,

2338 671 2614 727 postquam
2639 660 2917 713 ordinatur
2946 663 3306 724 coronaverit,
3340 664 3602 730 prmlatus
3632 664 3857 718 electus
3880 670 3936 721 de

2339 766 2497 804 manu
2532 751 2857 803 ordinatoris
2888 766 3049 817 super
3079 752 3244 805 altare
3274 753 3652 818 curouabitur,
3675 765 3739 807 et
3769 759 3936 807 omnia

2340 847 2439 896 rite
2470 852 2697 911 agentur
2728 858 2898 911 usque
2919 843 2984 894 ad
3016 844 3173 896 linem
3210 843 3401 895 Misso.
3434 842 3551 909 Qua
3589 843 3776 907 ﬁnita,
3805 846 3939 897 ordi-

2338 942 2490 983 natur
2516 931 2645 983 dicit
2678 930 2875 983 Multos
2921 946 3083 983 annos
3110 972 3125 992 .
3176 940 3232 984 ut
3261 931 3465 985 dictum
3494 944 3603 986 εει.
3641 932 3734 987 Sit
3766 950 3937 987 narunt

2336 1022 2549 1076 Domini
2595 1024 2913 1076 benedictum
2960 1024 3283 1091 prmciuetur
3312 1038 3407 1091 per
3451 1024 3631 1092 ipsum
3666 1025 3931 1089 electum,

2339 1126 2493 1181 prout
2522 1116 2773 1182 superius
2800 1124 2881 1167 est
2912 1128 3263 1179 expressum;
3296 1129 3401 1183 quo
3432 1115 3613 1178 facto,
3651 1116 3806 1168 idem
3834 1118 3930 1169 ete-

2336 1217 2454 1260 ctus
2480 1218 2709 1261 exuetur
2736 1216 3065 1271 reverenter,
3099 1218 3154 1260 ιιι
3188 1210 3350 1261 morLs
3381 1217 3484 1274 est,
3518 1208 3768 1262 dicendo
3797 1208 3936 1262 Psal-

2339 1314 2452 1352 mos
2468 1298 2699 1365 debitos,
2718 1299 2945 1365 scilicet,
2969 1298 3279 1366 Benedicite,
3308 1311 3359 1354 et
3375 1299 3614 1354 Laudato
3628 1302 3932 1365 Dominum,

2337 1387 2642 1452 Antiphona
2694 1390 2853 1441 trium
2900 1403 3210 1456 puerorum.
3246 1389 3310 1442 Et
3354 1390 3578 1444 ordines
3630 1390 3927 1458 huiusmodi

2339 1477 2562 1543 recipiet
2594 1476 2921 1547 presbyteris
2950 1476 3196 1530 omnibus
3218 1478 3580 1545 praesentibus
3601 1520 3617 1540 ,
3660 1489 3722 1534 et
3749 1495 3777 1530 a
3809 1495 3929 1549 quo-

2338 1578 2545 1633 cunque
2576 1569 2827 1634 episcopo
2854 1564 2953 1619 sibi
2985 1565 3259 1633 placoerit,
3287 1566 3446 1637 225
3477 1568 3788 1631 cardius-le,
3821 1572 3927 1624 sive

2337 1654 2459 1706 alio.
2490 1655 2680 1707 Totum
2715 1654 2815 1708 hoc
2845 1664 3034 1723 agetur
3072 1654 3157 1708 die
3186 1656 3436 1719 Sabbati;
3470 1656 3561 1711 die
3598 1673 3733 1711 vero
3762 1657 3930 1710 Domi-

2265 1762 2310 1819 Β
2340 1743 2460 1797 nico
2490 1745 2729 1813 sequenti
2759 1743 3179 1806 cousecrabitur,
3212 1746 3255 1798 si
3280 1747 3379 1799 sibi
3408 1748 3697 1815 plaeuerit.
3724 1748 3782 1803 Si
3804 1766 3927 1802 vero

2337 1834 2642 1888 consecrari
2669 1834 2918 1898 noluerit,
2940 1837 2984 1888 si
3011 1850 3074 1890 ex
3102 1835 3273 1905 aliqua
3296 1851 3453 1890 causa
3479 1838 3695 1893 differet
3730 1854 3920 1893 conse-

2335 1926 2626 1981 crationem
2648 1969 2661 1989 ,
2695 1943 2969 1996 quousque
3004 1939 3353 1983 consecretur
3378 1972 3392 1995 ,
3433 1930 3654 1984 Missam
3701 1947 3803 1986 nec
3835 1948 3926 2001 pro

2336 2022 2470 2076 bltce
2498 2036 2597 2075 nec
2627 2022 2833 2089 private
2861 2022 3118 2074 cantabit.

2404 2110 2457 2163 6.
2501 2111 2631 2164 Dum
2673 2111 2875 2164 electus
2917 2109 2969 2163 in
3002 2125 3195 2179 papam
3222 2112 3499 2182 presbyter
3529 2112 3689 2167 fuerit
3728 2128 3921 2169 conse-

2332 2201 2581 2265 craudus,
2613 2200 2731 2255 t.-lis
2751 2201 2884 2254 ordo
2905 2202 3062 2255 debet
3092 2204 3315 2256 servari.
3353 2203 3530 2255 Primo
3555 2204 3697 2258 idem
3726 2204 3924 2258 electas

2331 2294 2456 2344 dum
2484 2292 2611 2345 dit-it
2646 2292 2912 2346 l‘salmum
2946 2292 3106 2359 Quum
3136 2295 3408 2359 amabilia,
3432 2303 3537 2347 ele.
3560 2334 3577 2358 ,
3602 2295 3918 2350 calciabitu:

2329 2381 2580 2436 sandaliis
2612 2391 2666 2435 et
2696 2382 2885 2452 caligis
2906 2422 2921 2446 ,
2956 2394 3007 2436 et
3054 2383 3177 2438 lotis
3208 2385 3453 2438 manibus
3486 2385 3742 2439 induetur
3778 2391 3919 2441 omni

2331 2484 2648 2528 ornamento
2694 2491 2823 2543 suo,
2865 2476 3073 2531 scilicet
3118 2477 3289 2546 primo
3319 2479 3472 2543 alba,
3507 2479 3755 2548 cingulo,
3801 2497 3917 2535 cum

2329 2567 2709 2627 subcinctorio,
2735 2578 2917 2636 postea
2944 2569 3230 2634 pectorale,
3257 2569 3470 2623 demum
3493 2570 3711 2635 ratione,
3742 2583 3919 2635 postea

2327 2657 2489 2720 stola,
2521 2656 2713 2711 deinde
2741 2658 3031 2719 tunicclla.
3071 2669 3127 2713 et
3156 2668 3334 2727 postea
3368 2661 3679 2714 dalmatira.
3726 2663 3916 2716 Subse-

2326 2756 2553 2816 queuter
2597 2749 2784 2813 recipit
2825 2747 3190 2813 cbirmbeeas,
3234 2759 3289 2803 et
3317 2750 3533 2804 demum
3576 2755 3822 2806 casulam
3866 2766 3916 2807 et

2328 2836 2541 2890 mitram
2570 2839 2619 2891 En
2650 2840 2824 2905 capite
2853 2840 2970 2892 sine
2994 2840 3151 2906 pallio
3181 2853 3233 2894 ct
3261 2841 3461 2894 annulo
3489 2844 3777 2909 pastorali,
3804 2861 3913 2913 qua

2328 2938 2507 2999 postea
2534 2932 2756 2998 recipiet
2799 2934 2851 2986 in
2886 2933 3004 2985 loco
3034 2948 3162 2997 suo;
3196 2943 3248 2986 et
3283 2935 3607 2987 vestimenta
3636 2948 3801 2989 erunt
3830 2951 3911 2989 co-

2327 3022 2455 3074 loris
2496 3024 2722 3090 tempori
2753 3023 3141 3078 convenientis.
3193 3025 3508 3079 Cardinalcs
3544 3042 3740 3082 omuee
3766 3068 3783 3089 ,
3814 3038 3913 3080 tam

642 3115 850 3167 ecclesia
881 3123 1074 3177 nostra,
1107 3125 1212 3168 etc.
1271 3114 1360 3166 Illa
1391 3113 1574 3181 peutio
1605 3130 1708 3167 non
1734 3125 1815 3168 cst
1837 3117 2138 3169 neceSsaria
2162 3117 2212 3168 in
2241 3116 2286 3176 C
2321 3117 2556 3184 episcopi
2587 3132 2744 3184 quam
2770 3119 3089 3184 presbyteri,
3114 3118 3347 3182 diaconi,
3383 3120 3727 3184 subdiaconi,
3763 3120 3911 3173 etalii

638 3218 795 3271 papa,
822 3205 943 3273 quia
969 3204 1169 3258 scimus
1201 3221 1293 3271 per
1315 3208 1490 3257 onm‘a
1520 3220 1641 3258 esse
1662 3206 1901 3273 dignum;
1927 3223 2024 3260 nec
2054 3209 2212 3261 etiam

636 3310 759 3349 eum
793 3304 1141 3362 promovetur
1171 3296 1236 3348 ad
1268 3294 1511 3348 ordinem
1548 3294 1864 3365 presbyterii
1893 3297 2080 3350 eadem
2118 3313 2214 3366 po-

631 3387 850 3439 stulatiu
888 3385 1130 3449 dicetur;
1180 3384 1275 3440 sed
1302 3400 1419 3438 cum
1450 3386 1515 3438 ad
1546 3386 1787 3440 ordinem
1820 3390 2215 3459 presbyteratus

634 3476 871 3529 ordinari
901 3476 1155 3540 debebit,
1192 3475 1441 3529 induetur
1482 3492 1601 3530 cum
1632 3492 1694 3531 ea
1737 3478 2077 3532 Solemnitate
2112 3498 2213 3549 qua

634 3568 832 3621 dictum
864 3577 962 3633 est,
998 3568 1245 3622 habendo
1275 3571 1467 3622 stolam
1495 3584 1658 3638 super
1692 3570 1992 3631 humerum.
2025 3586 2075 3626 ct
2104 3590 2209 3628 uta-

637 3658 877 3726 nipulum
912 3660 962 3712 in
997 3659 1247 3725 brachio;
1284 3674 1384 3715 nec
1424 3669 1599 3715 tamen
1627 3663 1835 3716 habebit
1870 3665 2207 3727 tunicellam,

638 3764 735 3801 nec
762 3750 1122 3814 dalmaticam;
1152 3766 1250 3804 nec
1280 3751 1594 3805 Calciabitur
1616 3752 1960 3819 samlalibus,
1989 3770 2085 3808 nec
2120 3756 2211 3807 ha-

630 3840 777 3895 hebit
808 3842 1102 3910 pectorale,
1127 3857 1227 3895 nec
1256 3842 1528 3906 lationem,
1557 3844 1651 3897 sed
1675 3844 1847 3897 solum
1874 3847 2127 3899 amictum
2160 3857 2215 3900 et

633 3936 843 4000 albam;
874 3942 928 3987 ct
958 3935 1045 3989 [iet
1080 3935 1257 3989 litauit
1289 3942 1347 3988 ut
1375 3936 1673 3991 consuevit.
1711 3936 1776 3989 Et
1825 3937 2035 3991 denmm
2065 3940 2210 3991 ordi-

635 4036 790 4080 uator
817 4040 996 4079 coram
1021 4027 1137 4093 ipso
1166 4035 1314 4079 stans
1344 4026 1557 4080 ordinat
1602 4043 1723 4081 eum
1776 4043 1924 4081 more
1959 4038 2217 4083 consueto

627 4117 844 4180 maliis,
872 4129 927 4172 et
960 4132 1147 4170 manus
1169 4117 1292 4171 oleo
1322 4129 1510 4172 sancto
1542 4120 1770 4187 inttngit,
1808 4120 2134 4187 imponendo
2165 4125 2211 4176 ei

628 4212 799 4276 primo
819 4225 1065 4275 manum;
1112 4220 1165 4263 ct
1197 4225 1385 4263 «mnes
1416 4211 1715 4280 presbyteri
1749 4212 2052 4265 cardinales
2078 4255 2091 4275 ,
2127 4223 2214 4279 qui

628 4302 918 4367 assistunt,
947 4301 1236 4365 similiter;
1268 4312 1321 4355 et
1349 4303 1501 4370 ponit
1525 4303 1574 4356 ei
1604 4302 1843 4355 casulam
1870 4345 1883 4363 ,
1933 4306 2136 4359 reﬂexo
2166 4304 2213 4358 ei

636 4393 811 4458 primo
839 4394 1036 4454 orat-io,
1073 4402 1133 4446 ut
1161 4400 1245 4446 est
1273 4394 1437 4445 moris
1462 4432 1476 4457 ,
1507 4406 1666 4459 super
1701 4403 1984 4459 utrumque
2029 4395 2213 4447 humo-

2319 3207 2519 3274 prmlati
2548 3248 2561 3269 ,
2588 3222 2774 3261 omnes
2808 3217 2970 3261 erunt
3017 3210 3066 3260 in
3098 3209 3333 3262 vestibus
3362 3211 3618 3275 congruis
3652 3214 3907 3276 tempori;

2318 3310 2371 3353 ct
2410 3313 2569 3352 cruce
2608 3298 2785 3367 papali
2816 3309 3084 3366 pneeunte
3113 3315 3232 3352 cum
3268 3298 3449 3353 taeniis
3474 3316 3545 3353 vn
3583 3311 3639 3353 et
3665 3302 3904 3365 incenso,

2318 3405 2505 3442 omnes
2526 3390 2592 3443 de
2618 3391 2733 3442 loco
2766 3392 2816 3442 itt
2845 3404 2951 3457 quo
2983 3400 3063 3443 est
3094 3390 3226 3443 vesti
3256 3406 3316 3443 us
3348 3390 3573 3446 'tetsiunt
3607 3392 3900 3458 procesio‘

2320 3481 2508 3533 naliter
2531 3481 2595 3532 ad
2635 3481 2819 3534 altare.
2871 3479 3024 3533 Nulla
3058 3492 3231 3535 tamen
3262 3481 3319 3534 fit
3355 3483 3689 3537 examinatio
3738 3486 3905 3550 primo

2320 3589 2419 3629 nec
2448 3574 2681 3627 secundo
2714 3574 2799 3626 illa
2843 3584 3092 3627 cunsueta
3138 3573 3193 3627 in
3222 3577 3630 3628 consecratione
3675 3578 3902 3629 aliorum

2317 3662 2687 3731 episcoporum
2719 3680 2836 3731 quae
2863 3664 3048 3731 incipit
3076 3664 3331 3733 Antiqua;
3357 3676 3410 3719 et
3439 3667 3583 3719 vadit
3617 3667 3826 3721 electus
3847 3670 3909 3718 ad

2317 3756 2506 3819 altare,
2530 3766 2580 3809 et
2606 3755 2728 3811 facit
2753 3754 3165 3823 confessionem,
3194 3758 3405 3811 interim
3430 3758 3598 3812 choro
3617 3761 3700 3813 vel
3727 3760 3905 3814 schola

2316 3856 2566 3901 cantante
2591 3846 2867 3901 lntroitum
2894 3856 2947 3902 et
2976 3846 3021 3899 It’
3028 3850 3136 3917 yrie
3164 3846 3393 3912 tleison;
3422 3864 3528 3918 quo
3578 3849 3751 3911 facto,
3781 3852 3913 3905 venit

2318 3955 2498 3993 eorum
2530 3939 2697 3992 altare
2722 3978 2735 4002 ,
2770 3950 2823 3993 et
2872 3940 2940 3993 ibi
2983 3938 3306 4008 genuﬂectet
3346 3956 3507 4006 super
3556 3941 3907 3994 [aldistorinm

2322 4040 2585 4097 paratum,
2620 4042 2671 4081 et
2700 4046 2885 4083 otttnes
2912 4031 3001 4083 alii
3030 4032 3277 4084 similiter
3310 4030 3548 4096 praelati;
3577 4041 3635 4086 et
3662 4032 3775 4086 duo
3804 4033 3905 4085 dia-

2319 4120 2439 4173 coni
2471 4120 2772 4174 cardinales
2799 4121 2886 4188 qui
2914 4120 2978 4173 ad
3004 4121 3340 4174 serviendum
3370 4123 3417 4175 ei
3442 4124 3507 4174 ad
3539 4120 3793 4174 dextram
3826 4124 3909 4174 Ir-

2320 4225 2546 4278 vamqne
2572 4211 2844 4267 as~istnnt.
2874 4223 2921 4264 et
2956 4211 3266 4275 capellanus
3295 4211 3663 4263 subdiaconus
3694 4212 3827 4266 dicit
3856 4214 3907 4265 li-

2323 4304 2519 4356 taniam
2547 4306 2839 4363 cantando,
2871 4302 2994 4356 aliis
3025 4303 3317 4369 capellanls
3340 4303 3830 4373 respondentibus;
3860 4314 3905 4356 et

2320 4396 2444 4450 dum
2474 4394 2671 4449 venerit
2695 4398 2757 4447 ad
2786 4394 2928 4446 illum
2968 4395 3141 4448 locum
3168 4433 3183 4457 ,
3215 4392 3281 4449 Ut
3304 4396 3711 4447 consecrandum
3737 4436 3754 4459 ,
3785 4406 3900 4455 etc,

634 4498 786 4548 rttm;
818 4483 1008 4551 quibus
1039 4482 1306 4543 omnibus,
1341 4490 1399 4535 ut
1420 4482 1471 4534 in
1505 4484 1838 4536 ordinatione.
1867 4485 2207 4554 presbytero-
2243 4485 2287 4543 D
2318 4495 2523 4552 repetet
2563 4486 2644 4536 bis
2664 4524 2680 4545 ,
2713 4493 2767 4538 ct
2790 4483 3011 4552 quilibet
3042 4484 3287 4550 praelatus
3317 4498 3419 4536 una
3445 4499 3567 4535 cum
3601 4484 3904 4537 ordinatore

625 4588 741 4627 tum
772 4578 1095 4637 continetur,
1114 4572 1362 4639 peractis,
1396 4581 1449 4626 et
1466 4571 1644 4624 casula
1672 4573 1723 4626 ci
1749 4582 1966 4625 extensa
1996 4577 2060 4626 ad
2085 4575 2204 4627 dor-

625 4678 743 4715 sum
776 4678 869 4731 per
895 4663 1254 4715 ordinatorem
1279 4702 1292 4723 ,
1348 4670 1403 4713 et
1434 4673 1643 4728 peracta
1677 4680 1705 4716 a
1738 4664 1995 4716 ministris
2021 4710 2033 4727 ,
2067 4666 2205 4719 idem

627 4756 828 4807 electus
859 4753 1052 4805 lavabit
1076 4767 1266 4805 ntanus
1297 4767 1424 4805 suas
1451 4768 1569 4805 cum
1602 4754 1735 4806 mica
1760 4753 1933 4822 panis,
1960 4765 2016 4807 ut
2041 4757 2205 4811 muris

626 4853 730 4900 est.
772 4844 886 4909 Quo
919 4845 1057 4896 laetu
1078 4887 1091 4905 ,
1122 4844 1309 4909 recipit
1337 4843 1400 4895 ad
1436 4843 1623 4911 pedem
1653 4853 1708 4898 et
1751 4845 1993 4898 osculum
2018 4862 2205 4902 omnes

634 4935 937 5000 episcopos,
978 4933 1343 5002 presbyteros,
1375 4946 1426 4987 et
1457 4934 1710 4987 diaeoocs
1737 4936 2050 5001 cardinales,
2081 4953 2204 4992 nec-

629 5038 737 5075 non
762 5033 810 5075 et
843 5023 970 5074 alios
996 5025 1261 5090 prmlatos,
1288 5024 1376 5090 qui
1401 5023 1613 5090 adsunt,
1646 5024 1696 5076 in
1725 5025 1912 5077 ordine
1940 5042 2066 5091 suo;
2096 5043 2203 5095 quo

629 5114 809 5177 laeto,
868 5120 1115 5166 cantatur
1168 5112 1540 5179 Evangelinm;
1608 5130 1712 5181 quo
1765 5126 2009 5180 cantato,
2062 5117 2200 5171 idem

628 5205 832 5258 electus
885 5206 1155 5258 osculatur
1222 5204 1321 5259 sibi
1399 5205 1632 5257 delatum
1684 5206 2029 5274 Evangelinm
2063 5250 2077 5271 ,
2136 5218 2193 5261 ut

624 5304 707 5347 est
759 5295 963 5358 moris;
1013 5307 1060 5349 ct
1099 5303 1215 5361 post
1263 5296 1463 5349 dictqu
1509 5296 1756 5349 Dominus
1808 5300 2097 5363 vobiscum,
2145 5312 2198 5355 et

629 5384 872 5446 Urcnms,
905 5401 997 5449 per
1026 5386 1383 5439 ordiuatorcm
1410 5427 1425 5449 ,
1459 5386 1599 5441 idem
1627 5388 1904 5440 ordinatur
1933 5392 2076 5440 venit
2101 5404 2196 5441 co-

626 5491 736 5528 ram
769 5477 955 5528 eodem
988 5478 1183 5543 electo,
1214 5489 1267 5532 et
1300 5482 1487 5548 recipit
1516 5481 1583 5534 de
1601 5498 1758 5534 manu
1778 5483 1893 5549 ejus
1925 5486 2057 5535 duos
2086 5500 2196 5537 tua-

622 5578 755 5631 gnos
785 5580 967 5630 panes,
998 5568 1128 5621 duas
1160 5568 1365 5636 phialas
1397 5572 1524 5627 viui.
1558 5583 1611 5624 et
1643 5572 1750 5623 duo
1769 5572 1974 5624 torticia
1998 5612 2011 5631 ,
2042 5588 2197 5624 oscu-

630 5653 786 5704 lando
810 5654 857 5705 ei
886 5671 1117 5719 manum;
1147 5674 1251 5723 quo
1285 5660 1441 5721 lat-tu,
1474 5662 1609 5714 redit
1638 5663 1701 5712 ad
1735 5662 1899 5713 altare
1925 5661 2198 5715 Ul'dittatttt‘

2314 4576 2539 4628 electum
2577 4576 2744 4640 ipsum
2777 4574 3025 4643 Signabil.
3060 4575 3171 4639 Qua
3205 4574 3383 4626 litrnia
3415 4574 3557 4626 dit-ta
3579 4614 3593 4633 ,
3633 4574 3900 4627 ordinatur

2313 4666 2456 4718 venit
2484 4680 2663 4717 coram
2692 4667 2880 4717 codem
2909 4666 3081 4733 electo
3102 4705 3117 4728 ,
3149 4676 3197 4717 et
3230 4666 3358 4718 dicit
3402 4665 3529 4717 illud
3561 4681 3633 4733 qu
3662 4668 3707 4718 τό
3744 4677 3827 4719 est
3858 4668 3898 4717 ia

2312 4755 2611 4810 Pontilicali
2641 4755 3037 4821 episcoporum.
3081 4756 3195 4819 Quo
3226 4754 3399 4817 dicto,
3424 4755 3658 4807 redeunt
3684 4768 3805 4822 post
3832 4760 3898 4807 ι’-

2312 4857 2458 4912 tare;
2490 4858 2542 4898 et
2567 4856 2690 4899 tunc
2721 4845 2863 4897 venit
2890 4859 3026 4897 unus
3047 4859 3111 4896 ex
3143 4844 3409 4911 episc0pis
3436 4844 3833 4905 cardinalibus,
3855 4854 3897 4895 et

2309 4937 2437 4991 dicit
2477 4936 2617 4990 illam
2659 4936 3003 4995 Orationem,
3040 4936 3265 4997 Adesto;
3296 4944 3350 4987 et
3381 4935 3731 4999 postmodum
3767 4940 3897 4986 venit

2306 5030 2444 5083 alius
2474 5031 2752 5092 episeopus
2777 5026 3063 5080 cardinalis
3092 5066 3107 5088 ,
3140 5037 3188 5080 et
3219 5027 3348 5080 dicit
3375 5027 3519 5079 illam
3544 5027 3677 5080 Orat
3703 5043 3859 5081 onem
3881 5070 3893 5086 ,

2309 5118 2547 5184 Oremus,
2579 5118 2919 5181 dilectissimi,
2950 5129 3002 5169 et
3028 5116 3239 5170 additur
3270 5120 3320 5169 in
3352 5132 3438 5179 ea,
3460 5118 3680 5170 utilitati
3704 5121 3895 5171 uniter—

2304 5207 2428 5260 salis
2458 5206 2720 5270 ΕετΙι-ιίατ
2749 5216 2799 5259 ct
2830 5206 3043 5258 demum
3077 5208 3221 5258 venit
3249 5206 3525 5259 ordiuator
3554 5207 3674 5260 sive
3706 5222 3892 5260 conse-

2304 5310 2499 5360 crator,
2521 5308 2574 5351 et
2601 5302 3000 5367 punitapertum
3022 5297 3271 5350 Codicem
3297 5297 3718 5365 Evangeliomm
3739 5312 3893 5365 super

2304 5400 2461 5457 eaput
2484 5389 2636 5443 electi
2664 5402 2845 5441 versus
2877 5387 3071 5440 collmn
3094 5427 3108 5449 ,
3140 5396 3197 5440 et
3220 5386 3399 5440 Codex
3445 5388 3525 5439 sic
3570 5400 3793 5455 apertus
3823 5398 3888 5439 te-

2306 5489 2460 5531 netur
2496 5493 2523 5529 a
2563 5477 2769 5529 duobus
2807 5475 3187 5541 cardinalibus,
3212 5486 3264 5529 et
3294 5491 3481 5528 omnes
3516 5477 3729 5544 pne-lati
3759 5484 3888 5527 stant

2307 5572 2356 5623 in
2388 5575 2533 5622 circa
2561 5579 2611 5619 tu
2638 5566 2803 5620 induti
2828 5565 3043 5635 quilibet
3065 5582 3183 5618 cum
3206 5580 3301 5618 sua
3334 5565 3497 5631 libro;
3534 5577 3589 5619 et
3620 5568 3885 5620 ordinatur

2309 5660 2488 5727 incipt
2523 5668 2577 5710 et
2622 5658 2889 5723 procedit.
2925 5666 2979 5711 ut
3008 5656 3306 5711 continetur
3336 5658 3384 5710 in
3420 5657 3561 5711 libro
3588 5701 3601 5721 ,
3643 5659 3884 5714 omnibus
