4006 6292
131 340 265 392 ΗΟ]

1343 339 1600 393 ROMANI
1653 341 1971 396 ORDiNES.
2013 372 2080 380 -—-
2127 343 2257 397 XIII.

3264 348 3398 400 illi)

130 459 250 513 aliis
283 456 514 526 praelatis
544 469 723 510 secum
749 456 1046 511 dicentibus
1078 456 1127 509 in
1158 457 1319 526 226
1343 470 1472 510 voce
1495 456 1704 524 depres-
1744 458 1786 513 Α
1819 465 1873 509 et
1915 457 2060 524 ponit
2102 457 2271 524 primo
2301 457 2553 512 diaconos
2581 459 2730 527 juxta
2761 458 2929 513 altare
2951 499 2964 523 ,
2999 459 3233 513 secundo
3264 463 3398 516 sub-

129 565 184 602 sa
207 591 222 614 ,
255 559 307 602 et
339 549 646 601 ordinatore
680 547 729 600 in
756 559 913 600 cantu
949 546 1082 600 Deus
1111 547 1336 619 homini,
1379 556 1484 600 etc.
1506 586 1519 610 ,
1556 554 1716 614 prout

132 642 183 692 in
212 639 387 701 libro;
423 654 488 691 eo
513 648 687 690 tamen
722 640 870 691 salvo
898 679 911 701 ,
950 639 1089 706 quod
1127 642 1366 691 mittatur
1397 639 1448 690 itt
1476 639 1594 691 loco
1621 652 1719 693 suo

132 730 280 793 illud,
315 726 384 783 Et
432 730 647 792 idcirco,
689 728 829 796 quod
858 730 1163 795 specialiter
1194 730 1406 798 ponitur
1445 728 1497 782 iu
1529 743 1718 781 consc-

131 823 370 876 cratiune
403 837 571 890 papae.
600 820 711 885 Qua
746 822 916 886 linila,
949 821 1206 889 depositis
1235 822 1558 875 t-hirotbecis
1581 862 1595 884 ,
1631 837 1719 873 or-

132 915 346 967 dinator
373 923 537 982 ponat
569 928 728 967 unum
770 915 1123 980 capiturgium
1173 915 1368 968 subtile
1417 915 1467 966 in
1502 914 1716 966 modum

131 1007 270 1062 scuti
300 1022 462 1074 super
493 1016 650 1072 caput
676 1006 856 1070 electi,
891 1006 1244 1073 pendentibus
1274 1006 1540 1074 capitibus
1573 1006 1716 1070 capi-

134 1099 287 1165 turgii
320 1105 439 1164 post
467 1096 701 1159 collum;
733 1106 788 1150 et
809 1098 886 1150 sic
909 1096 1065 1148 tnittit
1101 1096 1334 1149 chrisma
1368 1112 1529 1163 super
1558 1104 1718 1162 caput

131 1189 244 1253 ejus
268 1189 319 1240 in
343 1186 558 1240 modum
589 1187 784 1245 crucis.
815 1193 868 1238 et
895 1168 1186 1238 dicitillam
1213 1185 1520 1237 Orationem
1555 1203 1566 1236 :
1606 1185 1716 1238 Un-

133 1287 305 1347 gatur,
331 1288 465 1341 etc.,
500 1287 552 1330 et
582 1276 732 1330 addit
762 1277 920 1329 aliam
944 1274 1250 1330 Orationem
1279 1293 1292 1329 :
1319 1275 1450 1338 Hoc,
1479 1275 1713 1341 Domine,

131 1380 186 1423 et
227 1368 278 1421 in
306 1369 424 1421 loco
462 1382 560 1421 suo
603 1367 816 1420 additur
843 1364 989 1419 Illud
1019 1366 1181 1418 tribue
1204 1405 1218 1428 ,
1248 1377 1351 1418 etc.
1390 1367 1503 1431 Qua
1530 1364 1673 1417 linita
1699 1405 1713 1428 ,

133 1461 280 1530 ungit
328 1477 542 1514 manum
576 1459 730 1514 electi
772 1474 891 1513 cum
924 1459 1254 1522 chrismate,
1301 1466 1357 1510 et
1393 1456 1522 1510 dicit
1570 1458 1713 1510 illam

132 1552 460 1615 Orationem,
497 1551 655 1614 Deus,
686 1559 791 1604 etc.
824 1549 936 1616 Qua
969 1536 1133 1613 fit'tita,
1164 1565 1267 1601 non
1297 1549 1450 1601 datur
1477 1552 1524 1601 ei
1560 1551 1717 1600 bacu-

133 1643 246 1706 lus,
288 1655 385 1696 nec
411 1641 604 1695 dicitur
635 1640 725 1694 illa
754 1639 958 1703 Oratio,
991 1641 1172 1709 Accipe
1196 1639 1466 1701 baculum,
1503 1638 1596 1692 sed
1627 1639 1719 1690 dat

133 1735 184 1788 ei
205 1733 485 1797 annulum,
519 1745 568 1787 et
591 1731 718 1786 dicit
743 1732 1047 1786 Orationem
1078 1731 1291 1798 Accipe,
1313 1742 1419 1784 etc.
1439 1773 1454 1797 ,
1489 1740 1544 1785 et
1573 1731 1719 1785 addit

1827 545 2100 610 diaconos,
2120 547 2274 600 tertio
2299 546 2532 615 judices,
2550 559 2737 616 quarto
2763 549 3053 603 scrinarios
3085 549 3137 602 itt
3165 550 3354 604 ordine
3380 569 3396 617 ;

1825 645 1878 691 et
1900 636 2014 704 ipse
2047 637 2190 703 prior
2235 636 2490 692 diaconus
2538 640 2719 707 incipit
2761 639 2967 694 laudent
2996 640 3074 695 sic
3101 641 3203 694 alta
3240 657 3368 698 voce
3390 681 3410 711 ,

1826 739 1998 781 tamen
2031 731 2179 797 quasi
2214 730 2242 781 Ιτ
2266 731 2438 797 gendo
2473 749 2483 782 :
2521 731 2746 797 Exaudi,
2779 732 3013 799 Christe;
3047 735 3326 803 etjndices
3359 749 3412 792 et

1823 818 2064 871 scrinnrii
2107 819 2394 886 procedcnt
2419 821 2665 875 similiter
2688 822 2740 874 in
2773 833 2927 877 cantu
2955 825 3105 892 quasi
3136 825 3360 892 legendo
3393 847 3406 882 :

1826 909 2042 961 Domino
2069 921 2243 962 nostro
2273 927 2419 981 papa:
2446 929 2477 964 a
2509 912 2613 965 Deo
2643 913 2843 967 decreto
2872 933 3071 970 summa
3100 919 3329 988 ponti/lci
3364 931 3412 972 et

1829 999 2100 1054 universali
2149 1017 2295 1068 pupw
2335 1003 2454 1055 vita.
2492 1002 2618 1054 ltum
2647 1004 2784 1056 idem
2825 1005 2967 1072 prior
2996 1007 3128 1061 dicit
3170 1011 3406 1064 secundo

1829 1087 2050 1152 Exaudi,
2082 1089 2282 1143 Christe
2307 1106 2326 1152 ;
2375 1100 2431 1145 ct
2455 1092 2661 1158 judices
2697 1103 2750 1147 et
2777 1097 3016 1149 scrinarii
3045 1097 3404 1166 Atttlpbonam

1827 1185 1881 1229 ut
1907 1179 2051 1244 prius
2078 1197 2091 1243 ;
2123 1187 2177 1232 et
2205 1179 2283 1232 sic
2311 1180 2433 1234 facit
2463 1183 2637 1234 tertio.
2669 1184 2811 1236 Idem
2843 1187 2986 1252 prior
3012 1186 3139 1240 dicit
3163 1188 3406 1242 Saluator

1826 1268 2045 1332 mutuli;
2095 1277 2149 1322 et
2174 1269 2382 1336 jttdices
2413 1281 2466 1324 et
2495 1273 2733 1326 scrinarii
2766 1274 3123 1343 Antiphonam
3154 1277 3227 1329 Tu
3259 1281 3406 1332 illum

1823 1362 2041 1428 adjuva,
2086 1372 2138 1414 et
2167 1374 2360 1414 caetera
2393 1363 2536 1416 facit.
2565 1365 2745 1417 Tertio
2773 1365 2898 1418 item
2931 1367 3068 1420 idem
3101 1369 3245 1433 prior
3273 1371 3404 1424 dicit

1825 1452 1902 1503 bis
1941 1462 2114 1503 sancta
2171 1451 2383 1516 Maria;
2433 1460 2486 1506 et
2533 1454 2604 1506 illi
2653 1456 2866 1522 Antiplt.
2901 1455 2981 1508 Tn
3017 1456 3160 1508 illnn
3193 1461 3406 1530 adjnva.

1825 1548 2024 1600 Eodem
2052 1565 2080 1598 ιι
2105 1548 2210 1602 odo
2232 1549 2358 1602 dicit
2383 1559 2556 1602 tamen
2581 1550 2743 1602 semel
2771 1549 2960 1603 Sancte
2981 1550 3210 1615 Gabriel,
3236 1564 3408 1606 sancte

1825 1639 2078 1707 Bap/laet,
2111 1652 2284 1693 sancte
2306 1641 2534 1694 Joannes
2558 1639 2806 1709 Baptista,
2833 1652 3006 1695 sancte
3037 1641 3204 1707 Petre,
3235 1658 3408 1698 sancte

1825 1731 1988 1784 Paule
2012 1775 2027 1797 ,
2061 1744 2236 1785 sancte
2267 1733 2472 1786 Antlrca
2493 1772 2506 1796 ,
2538 1743 2710 1785 sancte
2739 1733 3004 1803 Stephane
3027 1775 3042 1794 ,
3075 1747 3248 1788 sancte
3272 1734 3374 1804 Leo
3392 1779 3407 1800 ,

131 1832 362 1876 sanctam
405 1821 742 1875 unirersaletn
785 1819 1102 1885 Ecclesium;
1143 1830 1198 1873 et
1223 1825 1408 1874 iterum
1439 1821 1530 1874 dat
1564 1823 1610 1873 ci
1658 1823 1713 1872 li-
1750 1828 1996 1887 Bsanctc
2026 1824 2259 1893 Gregori,
2292 1835 2465 1878 sancte
2489 1823 2782 1891 Benedicte,
2813 1834 2986 1878 sancte
3009 1824 3170 1879 Basili
3194 1867 3208 1890 ,
3242 1838 3410 1880 sancte

133 1915 284 1970 brum
317 1915 724 1982 Evangeliorum
743 1951 758 1976 ,
785 1923 838 1966 ct
863 1913 996 1967 dicit
1024 1913 1228 1984 Accipe,
1288 1923 1420 1978 etc.,
1451 1926 1500 1966 et
1529 1914 1675 1968 ad.lit
1696 1959 1709 1979 ,

132 2005 468 2058 uniuersalem
497 2005 742 2075 populum
771 2004 862 2056 tibi
891 2005 1149 2056 committo
1170 2045 1184 2070 ,
1217 2014 1320 2057 etc.
1361 2005 1561 2069 Quibus
1589 1989 1716 2056 oni-

133 2096 286 2148 nibus
308 2096 532 2162 expletis
559 2110 652 2161 per
674 2103 1122 2160 ctnisecratorem,
1157 2094 1294 2147 idem
1317 2110 1557 2147 summus
1587 2109 1715 2162 pon-

135 2185 258 2242 tifex
287 2185 440 2241 sedet
470 2187 522 2240 in
553 2185 882 2248 faldistorio,
935 2194 990 2240 et
1025 2186 1164 2238 lavat
1197 2201 1381 2237 manus
1410 2200 1530 2238 cum
1574 2186 1710 2238 mica

135 2276 284 2343 panis
313 2286 366 2331 et
395 2291 552 2345 aqua,
579 2285 632 2330 et
663 2291 796 2328 unus
826 2275 1110 2343 episcopus
1137 2275 1426 2329 cardinalis
1457 2277 1599 2328 venit
1626 2289 1710 2327 co-

134 2380 244 2418 ram
275 2365 410 2431 ipso,
440 2373 494 2418 et
522 2364 812 2433 tergitejus
833 2376 1011 2432 caput,
1039 2365 1176 2431 quod
1207 2364 1304 2417 fuit
1330 2374 1568 2429 unctum,
1593 2379 1716 2417 cum

135 2454 268 2506 mica
299 2455 447 2520 panis
472 2462 667 2508 etcum
696 2455 883 2506 eoi-tie.
931 2455 1134 2515 leviter,
1173 2466 1224 2507 et
1269 2455 1424 2520 tergi;
1471 2469 1588 2506 cum
1619 2453 1716 2505 litt-

134 2543 364 2593 teamine
392 2543 503 2594 sive
531 2542 710 2594 subtili
737 2542 968 2595 tobalea.
994 2543 1110 2607 Quo
1135 2543 1302 2607 linito,
1328 2544 1441 2610 ipse
1473 2558 1716 2595 summus

135 2632 369 2698 pontifex
415 2631 604 2700 recipit
650 2641 1076 2685 consecratorem
1114 2641 1167 2684 ct
1213 2647 1398 2686 omnes
1434 2632 1719 2700 episcopos

138 2721 474 2791 presbyteros
531 2730 584 2774 ct
659 2721 912 2776 diaconos
975 2722 1275 2776 cardinales
1334 2722 1400 2775 ad
1472 2724 1714 2778 osculum

135 2811 265 2864 oris.

208 2904 259 2959 7.
290 2905 419 2956 Dum
448 2919 575 2958 vero
599 2905 720 2973 quis
748 2905 1034 2975 episc0pus
1063 2905 1114 2958 i-n
1139 2921 1322 2974 papam
1349 2907 1582 2976 eligitur,
1612 2925 1715 2962 non

135 3003 482 3047 consecratur
510 2994 682 3059 aliter,
717 2995 809 3048 sed
843 2994 977 3048 Iiuut
1004 2996 1180 3048 omnia
1213 3011 1329 3063 qua:
1371 2997 1716 3051 continentur

137 3089 189 3139 in
221 3087 320 3139 isto
350 3085 484 3140 libro
515 3087 579 3139 ad
613 3087 751 3138 hunc
776 3101 1078 3151 numerum,
1109 3085 1287 3138 Primo
1313 3087 1520 3151 electus,
1555 3103 1720 3154 usque

134 3176 198 3227 ad
227 3175 358 3228 illttd
393 3175 644 3238 verbum,
695 3177 1134 3242 pracessionaliter
1172 3177 1239 3228 ad
1275 3177 1463 3231 altare.
1518 3178 1570 3230 In
1614 3178 1719 3232 line

137 3271 271 3324 facta
302 3271 643 3326 confessione
672 3273 915 3325 ascendit
945 3272 1125 3326 sedem
1155 3284 1523 3340 prteg-aratmn,
1559 3283 1611 3328 et
1643 3275 1713 3330 ibi

134 3377 314 3414 coram
365 3361 479 3428 ipso
524 3362 744 3415 veniunt
781 3362 1015 3430 epiSCOpi
1058 3364 1400 3427 cardinales,
1443 3376 1495 3418 ct
1534 3366 1718 3419 dicunt

137 3452 419 3506 Orationes
442 3453 557 3507 illas
589 3460 719 3514 tres,
754 3469 871 3520 qua:
897 3463 1022 3507 sunt
1046 3454 1097 3508 in
1124 3453 1402 3509 Ordiuario
1423 3459 1712 3513 secundum

135 3544 376 3597 ordinem
405 3543 762 3597 inOrdinario
793 3547 1041 3612 scriptas.
1090 3548 1204 3614 Quo
1247 3549 1396 3602 liiito
1418 3593 1431 3610 ,
1480 3553 1629 3605 sedet
1663 3553 1715 3605 in

135 3632 262 3687 sede
282 3675 296 3698 ,
346 3641 401 3686 et
442 3633 633 3701 recipit
662 3634 834 3688 dictos
861 3636 1163 3691 cardinales
1191 3649 1245 3691 et
1275 3641 1520 3703 praelatos
1550 3644 1711 3706 alios,

135 3732 191 3778 et
221 3723 346 3776 facit
373 3738 433 3777 ea
465 3740 584 3791 qua:
611 3724 695 3777 hic
726 3725 1068 3780 continentur
1097 3744 1122 3778 a
1157 3729 1318 3779 verbo
1349 3729 1472 3793 illo,
1531 3732 1718 3787 Omnes

135 3815 265 3866 alios
292 3816 531 3882 prtclatos
559 3816 625 3866 ed
657 3819 832 3886 pedem
862 3825 906 3869 et
931 3818 998 3869 ad
1022 3817 1271 3870 osculum.
1305 3821 1506 3886 Quibus
1537 3839 1718 3891 recepo

137 3908 226 3971 tis,
261 3906 402 3958 venit
434 3907 499 3959 ad
546 3907 747 3972 altare,
797 3915 850 3962 et
878 3908 1006 3962 inibi
1038 3909 1266 3978 desuper
1295 3921 1466 3964 sumat
1501 3913 1714 3981 pallium

138 4009 378 4068 paratum
415 4015 508 4068 per
540 4001 767 4067 priorem
814 4001 1264 4054 subdiaconorttm
1297 4005 1715 4070 capellanorum,

134 4089 250 4144 sive
284 4107 378 4158 per
405 4091 634 4159 priorem
661 4091 890 4146 basilica:
920 4093 1126 4147 Sanctia
1159 4094 1507 4161 Sanetorunt;
1540 4105 1591 4149 et
1613 4097 1720 4151 duo

136 4187 346 4252 priores
371 4183 580 4237 diaconi
620 4185 924 4238 cardinales
963 4195 1146 4239 tenent
1176 4187 1390 4250 pallium
1416 4190 1618 4256 ipsum,
1666 4199 1719 4245 et

138 4285 262 4328 tunc
288 4276 432 4342 prior
459 4276 670 4329 illorum
705 4277 931 4331 duorum
957 4277 1102 4331 solus
1135 4279 1225 4332 dat
1257 4280 1417 4349 palliu
1443 4300 1469 4331 η
1504 4298 1715 4335 sunnno

138 4366 372 4435 pon'ilici
406 4368 504 4420 sub
539 4368 619 4421 bis
649 4368 825 4423 verbis
853 4387 866 4422 :
901 4370 1088 4439 Accipe
1116 4373 1330 4441 pallium
1353 4372 1721 4442 plenitudinem

137 4456 448 4522 pontiﬁcalis
475 4457 635 4524 ofﬁcii
652 4459 719 4509 ad
733 4458 976 4512 honorem
997 4461 1354 4526 omnipotentis
1389 4461 1505 4525 Dei;
1532 4466 1721 4533 glorio—

1824 1915 1983 1982 Saba,
2009 1927 2183 1968 sancta
2207 1917 2393 1986 Agnes,
2413 1927 2588 1969 sancta
2618 1915 2848 1978 chila,
2876 1927 3051 1970 sanae
3085 1917 3265 1980 Lucia;
3290 1919 3410 1970 aliis

1825 2008 2278 2073 reSpondentibus
2307 2007 2384 2059 Tu
2413 2007 2784 2076 illuma'ljuva.
2819 2009 3021 2074 Quibus
3055 2010 3238 2072 finitis,
3266 2011 3410 2078 ptiar

1818 2097 1888 2150 die
1909 2096 2289 2167 itKyrie,etc.,
2315 2110 2365 2152 et
2383 2099 2456 2152 illi
2484 2100 2810 2167 respondent
2836 2099 3016 2169 lt'yrie,
3050 2101 3257 2165 eleison,
3276 2111 3405 2165 etc.,

1818 2199 1872 2244 et
1901 2190 2002 2242 hoc
2029 2190 2151 2243 facit
2184 2191 2380 2254 tertio;
2431 2199 2485 2244 ct
2523 2197 2703 2258 postea
2737 2205 2926 2244 omnes
2953 2191 3200 2245 similiter
3228 2193 3408 2246 dicunt

1821 2278 1924 2330 alta
1953 2288 2003 2331 et
2036 2293 2137 2330 una
2167 2293 2296 2332 voce
2332 2278 2512 2347 liyrie,
2545 2289 2648 2333 etc.
2685 2279 2953 2333 Laudibus
2984 2278 3180 2343 finitis,
3215 2281 3409 2350 legitur

1821 2367 2040 2436 cpistola
2069 2368 2255 2420 Latina
2285 2408 2299 2430 ,
2349 2380 2404 2422 et
2429 2369 2776 2435 subseqoitur
2806 2369 2987 2424 Gra‘ca
3029 2385 3189 2438 super
3232 2371 3407 2439 pulpi-

1822 2471 1930 2512 tum
1960 2477 1975 2514 :
2006 2460 2074 2512 ita
2103 2461 2169 2512 de
2205 2460 2515 2527 Evangelia.
2547 2459 2642 2513 Ille
2669 2474 2795 2514 vero
2821 2459 3102 2527 episcopus
3122 2460 3407 2517 cardinalis

1820 2549 1908 2618 qui
1938 2565 2058 2602 eum
2087 2559 2383 2612 consecrat,
2419 2549 2544 2603 dum
2577 2559 2718 2603 esset
2744 2551 2892 2603 omni
2919 2552 3210 2618 pontilicali
3243 2552 3406 2604 indu-

1821 2654 2002 2696 mento
2042 2651 2261 2698 ornatus
2316 2643 2517 2710 absque
2559 2642 2747 2696 baculo
2802 2643 3102 2712 pastorali,
3159 2643 3408 2698 eumdem

1821 2750 2090 2789 summum
2140 2735 2445 2802 pontificem
2496 2743 2792 2787 consecrat.
2841 2735 2953 2799 Qua
3005 2735 3408 2787 consecratione

1824 2826 1990 2889 finita,
2025 2824 2243 2892 deponit
2265 2826 2442 2878 omnia
2469 2835 2780 2879 ornamenta
2810 2824 3060 2893 praedicta
3083 2841 3097 2882 ;
3124 2831 3176 2878 et
3203 2839 3409 2878 assum-

1825 2924 1914 2981 pto
1942 2913 2158 2984 pluviali
2188 2929 2308 2966 cum
2351 2914 2764 2981 superpelliceo,
2799 2914 2960 2967 servit
2992 2913 3168 2969 eidem
3195 2929 3405 2969 summo

1822 3001 2059 3071 pontifici
2091 3004 2140 3054 in
2172 3003 2328 3055 altari
2359 3043 2374 3063 ,
2407 3010 2465 3054 ut
2496 3011 2578 3055 est
2607 3004 2794 3056 moris.
2829 3003 2894 3055 Et
2922 3003 3000 3056 sic
3029 3003 3185 3056 Missa
3217 3004 3406 3057 ordine

1823 3108 1924 3148 suo
1955 3095 2197 3163 procedit
2227 3107 2393 3162 usque
2413 3093 2472 3145 ad
2506 3092 2663 3147 linem
2689 3112 2702 3159 ;
2733 3103 2784 3146 et
2817 3095 3148 3147 consecrabit
3177 3111 3294 3148 cum
3321 3110 3408 3148 so-

1749 3203 1790 3260 ε
1829 3185 2120 3248 lemnitate,
2153 3199 2255 3237 non
2287 3198 2447 3249 super
2478 3184 2668 3248 altare,
2701 3185 2796 3238 sed
2823 3184 2886 3237 ad
2917 3185 3118 3238 Sedem.
3139 3185 3263 3239 Post
3286 3186 3408 3240 Mis-

1825 3288 1939 3327 sam
1971 3273 2098 3327 dicit
2128 3274 2265 3327 idem
2297 3287 2538 3327 Summus
2569 3275 2800 3338 pontifex
2828 3294 2839 3328 ε
2872 3274 2952 3330 Sit
2984 3293 3164 3329 nomen
3202 3277 3407 3330 Domini

1824 3365 2157 3418 benedictum.
2176 3366 2532 3420 Cousecrator
2553 3375 2724 3418 tamen
2747 3380 2848 3418 non
2869 3366 2992 3418 d’cit
3016 3366 3206 3420 Multos
3221 3385 3405 3424 annos.

1899 3453 1950 3508 8.
1983 3455 2241 3508 Omnibus
2272 3455 2371 3508 rite
2402 3455 2654 3522 peractis,
2686 3455 2798 3521 ipse
2824 3469 3063 3508 Summus
3088 3456 3320 3524 pontifex
3353 3466 3409 3511 et

1825 3559 2011 3598 omnes
2039 3545 2358 3611 cardinales,
2389 3554 2442 3598 et
2471 3544 2558 3596 alii
2589 3545 2792 3612 pradati
2824 3555 2877 3598 et
2906 3546 3214 3600 subdiacnni
3237 3588 3250 3610 ,
3281 3549 3400 3612 qui-

1827 3635 1953 3689 libet
1982 3635 2033 3688 in
2063 3634 2229 3704 gradu
2257 3649 2354 3689 suo
2384 3635 2599 3689 indutus
2649 3636 2974 3690 vestimentis
3017 3639 3263 3705 pretiosis
3295 3640 3404 3692 albi

1824 3726 2045 3791 coloris,
2073 3726 2308 3794 episcopi
2343 3725 2676 3794 pluxialibus,
2697 3729 2858 3797 228
2875 3727 3168 3799 presbyteri
3195 3729 3400 3795 casola,

1826 3817 2034 3871 diaconi
2063 3817 2374 3881 dalmatica,
2397 3818 2712 3872 subdiacOni
2746 3818 3019 3886 tunicella,
3050 3822 3281 3892 acolythi
3312 3836 3405 3876 su-

1825 3908 2167 3976 pcrpelliciis;
2201 3917 2254 3961 et
2275 3909 2362 3961 alii
2392 3909 2674 3976 capellani,
2705 3911 2964 3976 cpisc0pi,
2993 3911 3404 3981 archiepiscopi,

1824 4001 2078 4064 abbates,
2115 4011 2168 4052 et
2200 3998 2514 4066 patriarchae
2549 4000 2893 4065 pluvialibus;
2926 4011 2977 4053 et
3004 4001 3244 4069 judices,
3273 4006 3407 4056 scri-

1828 4091 1985 4155 nat'ii,
2015 4090 2266 4143 similiter
2292 4088 2528 4156 prtefecti
2558 4098 2610 4142 et
2636 4088 2876 4141 advocati
2907 4097 3060 4142 erunt
3097 4090 3263 4143 induti
3291 4092 3405 4159 plu-

1826 4183 2088 4249 vialibus;
2121 4182 2234 4248 ipse
2265 4182 2313 4234 in
2357 4180 2571 4249 pluviali
2620 4190 2673 4233 et
2718 4180 2874 4233 mitra
2924 4190 2975 4232 et
3013 4182 3324 4236 solemniter
3352 4184 3403 4236 in

1825 4272 2211 4339 superpelliciis
2242 4281 2299 4324 ut
2325 4287 2456 4340 papa
2496 4271 2670 4324 omnia
2699 4272 2929 4338 pretiosa
2961 4284 3276 4326 ornamenta
3311 4275 3402 4327 ba-

1825 4363 1990 4427 hcbit,
2014 4370 2066 4417 et
2085 4363 2321 4431 pallium,
2346 4371 2399 4416 et
2422 4362 2632 4414 mitram
2666 4363 2946 4429 Optimam,
2973 4361 3405 4431 etchirothecas,

1824 4462 1877 4504 ct
1907 4453 2157 4504 annulum
2185 4451 2503 4518 pastoralem
2534 4460 2619 4516 ;et
2649 4451 2726 4504 sic
2751 4465 2874 4506 cum
2901 4453 3148 4506 omnibus
3171 4455 3316 4507 venit
3339 4455 3406 4509 all

135 4547 352 4598 sissinnt:
385 4545 568 4598 Maria:
594 4547 809 4617 virginis
835 4550 943 4618 ejus
974 4550 1232 4619 genitricis
1257 4592 1270 4614 ,
1304 4552 1563 4605 ὁθΛοηιηι
1592 4572 1720 4624 apo-
1750 4577 1799 4636 ι)
1829 4557 2032 4615 portum
2060 4587 2076 4611 ,
2125 4545 2239 4600 sive
2267 4546 2331 4598 ad
2358 4544 2551 4612 gradus
2575 4545 2832 4599 ecclesiae.
2866 4543 2938 4598 lbi
2969 4545 3117 4614 prior
3145 4545 3404 4602 diaconus

134 4637 385 4692 stolarum
419 4636 563 4690 Petri
592 4649 636 4690 et
686 4638 861 4705 Pauli,
891 4647 934 4692 et
964 4649 1153 4692 sancta:
1177 4639 1423 4694 Romana:
1453 4645 1674 4696 ecclesiw
1697 4663 1716 4708 ;

136 4739 190 4784 et
221 4737 406 4797 aptato
437 4729 598 4796 pallio
643 4728 760 4796 ipso
785 4743 948 4797 super
972 4745 1092 4783 eum
1124 4745 1242 4782 cum
1288 4732 1454 4786 tribus
1495 4733 1720 4801 spinulis

135 4825 339 4887 aureis,
366 4834 420 4874 nt
442 4832 518 4875 est
554 4822 736 4885 moris,
945 4823 1186 4877 asctrntlit
1214 4840 1452 4877 summus
1484 4825 1717 4890 pontifex

135 4913 199 4964 ad
233 4912 422 4977 altare,
453 4923 503 4964 et
529 4912 651 4966 facit
677 4912 984 4976 incensum;
1010 4921 1065 4965 et
1095 4914 1309 4968 demum
1336 4915 1470 4968 redit
1496 4916 1558 4967 ad
1582 4919 1717 4968 etni-

137 5012 350 5056 ncnlcm
385 5004 589 5065 sedem,
622 5011 676 5055 et
705 5003 834 5056 dicit
869 5002 1120 5055 Dominus
1144 5005 1400 5058 vobiscum
1429 5047 1441 5068 ,
1490 5011 1568 5058 vel
1607 5006 1718 5060 Pax

136 5095 297 5158 vobis,
346 5109 463 5147 cum
499 5093 677 5146 Gloria
729 5095 780 5145 in
838 5093 1083 5158 excelsis,
1129 5103 1184 5146 ut
1229 5097 1340 5150 dies
1389 5099 1640 5162 requirit;
1670 5108 1723 5152 et

135 5200 320 5259 postea
353 5189 478 5243 dicit
501 5187 807 5241 Orationem
832 5188 1121 5241 Dominica:
1149 5189 1253 5243 alte
1273 5233 1287 5248 .
1330 5198 1384 5243 l'l
1411 5191 1568 5244 aliam
1598 5192 1724 5244 dicit

137 5283 232 5336 pro
257 5282 315 5322 se
341 5277 566 5322 secrete.
597 5268 708 5333 Qua
730 5270 983 5326 Oratione
1012 5272 1182 5340 finita,
1207 5277 1455 5333 dominus
1478 5295 1608 5350 papa
1635 5297 1719 5336 re-

134 5360 277 5412 sidet
303 5360 352 5411 in
382 5359 540 5414 sede:
589 5370 643 5413 et
674 5361 816 5428 prior
858 5361 1115 5418 diaconus
1153 5367 1437 5422 cardinalis
1496 5381 1713 5436 portans

139 5450 362 5502 ferulam
395 5451 445 5502 in
476 5452 717 5504 mambus
742 5467 863 5505 cum
893 5453 1156 5517 diaconis,
1188 5457 1551 5523 subdiaconis,
1580 5461 1713 5514 scri-

137 5542 306 5594 nariis
331 5535 691 5610 et‘judicibus,
722 5559 907 5597 omnes
939 5544 1103 5595 induti
1129 5545 1459 5608 s::lemniter,
1490 5549 1719 5602 descen-

135 5632 215 5684 dit
247 5642 372 5685 ante
394 5635 581 5697 altare,
614 5633 810 5686 etfacit
842 5633 973 5684 duas
1007 5632 1150 5686 acies
1175 5634 1286 5687 sive
1317 5637 1432 5700 fila,
1466 5653 1616 5689 unam
1647 5653 1712 5691 es

139 5740 245 5779 una
272 5738 419 5792 parte
445 5770 455 5790 ,
485 5738 535 5779 ct
561 5744 713 5780 uuam
746 5744 808 5780 ex
835 5725 1056 5793 reliqua,
1081 5726 1357 5792 aequaliter
1388 5730 1712 5794 dttiJcndo;

1826 4639 2111 4692 cat'dinalis
2154 4639 2306 4692 exuit
2355 4639 2588 4701 mitram,
2611 4647 2663 4691 et
2689 4639 2837 4705 ponit
2863 4640 2909 4691 ci
2937 4653 3225 4703 coronam,
3283 4655 3402 4708 qua:

1826 4744 2046 4786 vocatur
2077 4745 2322 4798 regnum,
2347 4732 2397 4783 in
2428 4731 2620 4798 capite,
2647 4739 2757 4784 toto
2780 4731 2972 4798 populo
2997 4731 3261 4784 clamante
3291 4729 3406 4802 Κυ-

1826 4824 1919 4885 rie,
1952 4832 2057 4872 etc.
2091 4863 2104 4884 ,
2135 4829 2190 4873 et
2216 4819 2293 4872 sic
2321 4835 2440 4872 cum
2471 4821 2612 4872 omni
2647 4829 2834 4872 ornatu
2862 4819 3084 4884 quilibet
3111 4820 3404 4876 cardinalis

1825 4922 1878 4964 et
1898 4911 2150 4980 przclatus
2181 4910 2381 4978 equitat
2409 4926 2600 4978 equum
2628 4919 2872 4976 ot~ertum
2894 4924 3070 4977 panno
3097 4910 3253 4974 albo;
3279 4912 3407 4966 Stib-

1833 5002 2044 5057 diaconi
2071 5018 2217 5064 vero,
2250 5001 2532 5069 capellani,
2559 5001 2822 5067 scrinarii,
2855 5011 2908 5055 et
2935 5002 3024 5054 alii
3053 5003 3285 5070 equitant
3319 5021 3395 5057 or-

1830 5106 1950 5151 nate
1979 5095 2180 5160 vesdti,
2205 5111 2308 5148 non
2335 5105 2508 5148 tattten
2535 5094 2726 5146 habent
2747 5109 2915 5158 equos
2933 5104 3234 5161 COODCI‘IOS.
3265 5094 3404 5162 Papa

1825 5190 2029 5258 equitat
2066 5203 2261 5256 equum
2303 5202 2547 5252 magnum
2593 5185 2921 5251 phaleratum
2980 5197 3034 5240 et
3091 5195 3401 5253 coopertum

1824 5287 2026 5333 tantum
2060 5295 2123 5331 ex
2156 5285 2307 5346 parte
2339 5275 2642 5343 posteriori,
2675 5285 2728 5328 et
2759 5275 2828 5328 de
2857 5277 3090 5330 scarleto
3117 5321 3130 5344 ,
3166 5278 3218 5329 in
3252 5288 3402 5345 parte

1824 5382 1950 5421 vero
1981 5366 2230 5419 anteriori
2258 5380 2360 5416 non
2391 5375 2725 5430 coopertum.
3126 5349 3144 5361 ’

1895 5459 1946 5508 ει.
1983 5457 2071 5507 Sic
2093 5455 2339 5507 munibus
2372 5468 2538 5521 equos
2564 5454 3007 5520 ascendentibus,
3053 5457 3198 5522 prior
3218 5457 3397 5513 diaco-

1826 5563 2011 5600 norum
2042 5562 2160 5599 cum
2196 5547 2363 5600 ferula
2391 5546 2603 5600 ordinat
2625 5546 3027 5601 Processionem
3073 5549 3173 5603 hoc
3218 5551 3395 5607 “modo.

1824 5636 2004 5690 Primo
2031 5636 2268 5705 procedit
2297 5651 2462 5697 equus
2493 5637 2694 5691 domini
2729 5652 2876 5706 papa:
2908 5639 3210 5707 phaleratus
3238 5660 3252 5705 ;
3309 5659 3392 5697 se.

1823 5727 2000 5780 cundo
2033 5726 2172 5780 vadit
2201 5726 2558 5784 subdiaconus
2585 5744 2704 5783 cum
2728 5743 2908 5798 cruce,
2940 5735 3096 5787 tertio
3117 5734 3395 5786 duodecim

3005 5848 3042 5878 ν
