4006 6292
589 359 718 440 mi

1294 346 1642 403 API‘ENDIX
1682 346 1773 400 AD
1811 346 1866 400 S.
1909 341 2240 399 GREGORH
2279 341 2489 397 MAGNI
2533 340 2900 398 Li'lURGlCA
2946 343 3197 396 OPER.\.

3735 347 3866 402 illi

591 460 904 523 bandonarii
937 472 1057 512 cum
1087 455 1364 510 duodecim
1397 455 1601 507 vexillis
1630 452 1828 516 rubeis,
1860 463 1910 505 et
1940 451 2045 503 duo
2071 449 2160 502 alii
2197 453 2237 509 Α
2271 449 2322 502 ἰιι
2352 451 2702 506 cotneSIione.
2742 452 2804 505 Et
2835 451 3074 514 attende,
3105 451 3247 520 quod
3280 451 3404 505 dum
3439 453 3591 507 venit
3635 468 3872 508 corona-

591 572 712 612 cum
734 553 940 608 duobus
967 547 1253 602 Clterubim
1277 560 1398 600 cum
1431 547 1664 609 lanceis;
1692 554 1877 607 quarto
1905 542 2011 595 duo
2038 557 2168 608 pra:-

595 648 716 701 fecti
759 641 973 696 navales
1027 639 1192 693 induti
1248 637 1605 704 pluvialibus;
1645 634 1831 703 qniuto
1884 632 2166 696 scriuarii;

591 745 744 791 sexto
785 732 1057 793 advocati;
1099 731 1328 798 septimo
1367 729 1604 794 jttdiCeF;
1648 736 1838 778 octavo
1877 737 2165 786 cantores;

592 840 733 879 nono
781 822 990 876 diaconi
1021 829 1071 874 ιιι
1117 819 1425 872 subdiaCoui
1459 821 1545 886 qui
1594 818 1770 884 legant
1799 815 2089 881 Epistulam
2122 823 2175 866 ct

592 912 940 979 Evangelittm
971 912 1020 964 iu
1046 909 1232 962 Graeco
1259 925 1272 972 ;
1299 908 1511 961 decimo
1537 909 1755 959 abluttes
1787 907 2045 966 forensis;
2078 919 2173 954 nn-

591 1005 799 1058 dccimo
847 1001 1116 1071 cpiscolii;
1150 1000 1466 1053 duodecimo
1497 997 1886 1064 arClllepl'COPl
1917 1013 1930 1061 ;
1963 995 2175 1049 decimo

595 1094 755 1156 tertio
782 1092 1004 1144 abbates
1054 1090 1246 1154 Urbis;
1278 1090 1484 1143 decimo
1531 1102 1718 1153 quarto
1765 1088 2077 1156 patriarchae
2124 1098 2177 1138 et

600 1185 839 1255 episcopi
870 1184 1200 1247 cardinales;
1236 1182 1444 1235 decimo
1474 1182 1657 1248 quinto
1685 1179 1976 1249 presbyteri
2005 1178 2175 1235 cardi-

600 1278 779 1342 nales;
811 1277 1016 1329 dccituo
1047 1283 1197 1328 Sexto
1220 1271 1430 1326 diaetini
1459 1271 1754 1324 cardinales
1783 1287 1798 1333 ς
1829 1269 2036 1322 dccitnu
2058 1281 2174 1336 sep.

601 1347 735 1420 timo
785 1364 1032 1420 dominus
1059 1378 1192 1432 papa
1221 1372 1276 1416 et
1317 1359 1628 1435 sul-diaconi
1675 1373 1794 1411 cum
1827 1358 2035 1411 tubalea
2063 1396 2076 1416 ,
2127 1376 2137 1404 t
2164 1365 2182 1408 t

602 1457 846 1514 serviens
875 1454 963 1526 qui
994 1457 1170 1524 portat
1201 1452 1602 1515 umbracnlnm;
1657 1461 1709 1505 et
1737 1451 1815 1504 sic
1846 1451 1987 1504 venit
2017 1463 2182 1517 usque

601 1551 668 1604 ad
702 1550 948 1618 palatium
973 1561 1127 1601 suum
1154 1587 1168 1610 ,
1201 1543 1318 1599 sive
1347 1544 1412 1597 ad
1438 1543 1720 1597 ecclesiam
1753 1545 1896 1608 juxta
1926 1541 2180 1609 palatium

605 1657 762 1696 suum
791 1658 807 1699 :
841 1640 928 1693 ubi
957 1654 1078 1692 cum
1106 1637 1384 1691 descendit
1422 1636 1490 1690 de
1517 1651 1654 1702 equo
1675 1674 1690 1698 ,
1721 1634 1937 1702 deponit
1961 1649 2183 1701 regnum

611 1734 678 1788 de
707 1734 902 1805 capite,
932 1739 988 1785 ct
1012 1729 1199 1798 recipit
1230 1731 1440 1783 mitram
1463 1745 1490 1806 ;‘
1514 1738 1568 1781 et
1599 1727 1878 1796 presbyter
1899 1726 2184 1780 cardinalis

2277 555 2380 603 tus.
2411 543 2572 598 debet.
2594 545 2644 597 in
2679 554 2905 612 quatuor
2926 544 3057 598 locis
3089 543 3264 598 facere
3298 547 3547 612 missilia,
3582 547 3636 599 id
3671 557 3758 600 est
3786 564 3873 613 pe-

2274 634 2485 686 Cuuiam
2513 634 2780 686 diversam
2814 634 3024 685 mistam
3074 633 3339 701 projicere
3385 651 3551 700 super
3597 634 3873 688 homines.

2351 725 2437 776 1.).
2478 726 2530 778 Si
2562 739 2690 777 vero
2733 737 2866 790 papa
2912 723 3072 776 fuerit
3103 724 3282 777 [inmte
3313 724 3452 790 apud
3485 734 3746 778 sanctum
3782 725 3878 778 Pe-

2279 825 2415 868 trum
2439 815 2714 867 ordinatus
2737 824 2790 868 et
2809 823 3168 872 consecratus.
3196 814 3321 866 dum
3347 814 3507 867 debet
3538 817 3877 876 conSecrari,

2279 905 2548 957 inducitur
2585 904 2650 956 ad
2691 904 2950 972 capellam
2985 905 3151 956 sancti
3184 904 3449 970 Gregorii,
3482 915 3538 958 et
3573 905 3727 957 venit
3761 920 3880 971 pro.

2279 994 2648 1047 consonanter
2693 994 2757 1047 ad
2807 993 3017 1059 altare;
3072 1003 3127 1046 et
3177 995 3302 1046 fiunt
3361 1003 3561 1047 caetera
3606 1006 3668 1046 ut
3716 1009 3880 1062 supra

2280 1084 2478 1135 dictum
2527 1093 2645 1146 est;
2699 1083 2889 1150 quibus
2922 1083 3104 1146 finitis,
3147 1092 3436 1136 coronatur
3464 1083 3533 1136 ad
3566 1084 3797 1152 gradus,
3831 1095 3882 1137 et

2283 1175 2422 1228 redit
2453 1174 2772 1228 Lateranum
2806 1189 2899 1242 per
2925 1169 3060 1227 t’iam
3095 1165 3276 1241 pame
3322 1184 3374 1228 et
3408 1187 3705 1244 postquam
3738 1179 3882 1247 equi-

2285 1265 2497 1326 laverit,
2529 1263 2586 1317 fit
2616 1264 2686 1318 ibi
2720 1264 2773 1320 in
2804 1264 2995 1318 eodem
3038 1265 3153 1318 loco
3193 1265 3363 1331 jactus
3389 1267 3639 1333 pectinis:
3676 1284 3774 1332 per
3804 1284 3882 1321 se-

2287 1354 2590 1408 rie-ealcum
2623 1355 2709 1408 vel
2734 1369 2828 1422 per
2853 1355 3013 1408 alium
3048 1364 3148 1416 ter,
3183 1365 3234 1406 et
3265 1365 3379 1420 post
3414 1371 3612 1422 papam
3650 1357 3878 1422 projiiit.

2287 1448 2414 1501 item
2439 1463 2558 1502 cum
2583 1465 2592 1512 ι
2615 1448 2825 1501 ervenit
2845 1447 2908 1499 ad
2933 1447 3115 1500 turrim
3136 1446 3390 1515 Stephani
3414 1450 3557 1506 Petri
3585 1450 3680 1518 qui
3705 1460 3788 1502 est
3805 1450 3882 1502 l’a-

2289 1539 2476 1604 riuuis,
2508 1551 2554 1592 et
2591 1537 2749 1591 hodie
2777 1538 2970 1591 dicitur
2994 1537 3179 1601 Turris
3205 1539 3272 1592 de
3294 1539 3518 1601 Campo.
3546 1555 3695 1591 unus
3724 1539 3794 1593 tle
3822 1544 3881 1591 fa-

2289 1629 2431 1683 milia
2455 1643 2601 1698 papae
2627 1628 2752 1683 facit
2780 1629 2850 1682 ibi
2881 1629 3040 1681 alium
3057 1629 3278 1697 jactum,
3300 1629 3463 1698 230
3485 1630 3691 1683 stando
3714 1631 3766 1682 in
3789 1631 3880 1682 ali-

2290 1735 2394 1785 quo
2425 1720 2541 1772 loco
2568 1719 2866 1778 eminenti;
2903 1727 2957 1772 et
2984 1718 3056 1771 ibi
3093 1719 3346 1772 Dominus
3376 1734 3513 1787 papa
3547 1728 3680 1782 stat,
3716 1727 3771 1774 et
3801 1734 3881 1770 re.

609 1824 736 1877 facit
765 1822 836 1877 ibi
865 1820 1048 1875 laudes
1088 1834 1207 1874 cum
1262 1818 1634 1872 tabelliunibus
1657 1827 1710 1870 et
1733 1815 2041 1886 jndicibus;
2074 1816 2189 1885 qui-
2223 1815 2264 1874 Β
2295 1810 2445 1862 ninut
2475 1809 2599 1862 illuc
2627 1807 2798 1862 Judtei
2845 1822 2965 1862 cum
3010 1808 3145 1876 lege,
3183 1809 3440 1862 facientes
3466 1808 3515 1862 ei
3553 1809 3798 1874 laudem,
3836 1817 3883 1864 ct

612 1914 715 1969 bus
739 1914 912 1980 factis,
936 1912 1156 1981 deponit
1188 1911 1398 1979 pallium
1431 1921 1484 1964 et
1511 1911 1745 1986 casulam
1777 1918 1980 1962 tantum
2003 1923 2065 1962 ac
2085 1909 2195 1962 ebi-

610 2005 882 2063 rotbccas.
913 2012 966 2055 et
995 2000 1216 2064 resumit
1248 2000 1474 2070 pluviale
1507 2010 1626 2068 post
1659 2001 1852 2055 collum
1883 2016 1897 2064 ;
1947 2000 2094 2054 venit
2126 1998 2190 2053 ad

609 2095 842 2161 aliquem
875 2093 1046 2147 locum
1072 2101 1425 2162 praiparatum
1456 2091 1758 2157 decentem,
1784 2101 1843 2146 et
1864 2092 1932 2148 ibi
1965 2091 2054 2144 dat
2080 2094 2194 2143 cui-

613 2183 744 2236 libet
784 2167 1043 2237 cardinali
1091 2189 1147 2235 et
1191 2181 1414 2250 pra-lato
1445 2183 1878 2251 presbyterium;
1932 2193 1985 2235 et
2007 2183 2082 2235 sic
2113 2182 2191 2236 fit.

611 2273 731 2342 Ipse
755 2288 789 2344 p
807 2289 891 2342 ψει
919 2274 1068 2329 sedet
1092 2274 1142 2327 in
1164 2273 1310 2339 sede,
1343 2284 1396 2328 et
1423 2275 1642 2342 quilibet
1665 2273 1952 2328 cardinalis
1981 2284 2036 2329 et
2060 2291 2194 2342 prte-

611 2370 754 2424 latus
773 2369 922 2422 vadit
951 2352 1128 2422 coram
1160 2383 1245 2433 eo,
1276 2375 1331 2420 et
1378 2368 1532 2422 flexis
1555 2367 1777 2435 genibus
1799 2377 1963 2421 exuet
1985 2367 2066 2420 sib
2091 2379 2197 2421 mct

613 2459 895 2515 cardinalis
943 2459 1057 2520 sive
1096 2459 1602 2528 prmlatns'mitram
1631 2500 1646 2525 ,
1675 2469 1729 2513 et
1766 2467 1913 2512 tenet
1955 2473 2194 2526 apertam

614 2561 737 2606 ante
767 2567 982 2621 papam;
1007 2561 1060 2606 et
1083 2553 1194 2620 ipse
1221 2567 1283 2620 pr
1315 2551 1430 2620 jicit
1457 2551 1598 2604 illam
1633 2552 1906 2619 pecuniam
1930 2566 2086 2620 quam
2108 2554 2200 2602 dat

619 2643 669 2697 ei
699 2641 750 2696 in
780 2658 885 2697 uno
910 2643 1074 2713 229
1097 2643 1299 2712 scypho
1321 2651 1572 2711 argenteo
1594 2643 1946 2708 camerarins,
1966 2652 2019 2696 et
2039 2657 2194 2710 quam

620 2733 750 2787 dicit
786 2733 939 2787 liber'
969 2736 1290 2787 camerarius
1318 2773 1334 2800 ,
1365 2733 1453 2802 qui
1485 2744 1706 2788 vocatur
1748 2734 1998 2788 Politicus
2045 2733 2193 2804 [Ιιεε.

622 2824 1010 2896 Polyptycns];
1059 2834 1114 2880 ct
1153 2826 1244 2880 ille
1283 2826 1372 2895 qui
1399 2828 1581 2896 rccipFI
1627 2829 1901 2893 pecuniam
1950 2830 2001 2881 in
2045 2838 2196 2882 nutra

625 2916 895 2970 osculatur
918 2932 1055 2985 genu
1088 2917 1286 2969 domini
1314 2932 1484 2985 papm;
1513 2927 1567 2971 et
1592 2919 1728 2971 idem
1758 2921 2082 2974 camerarius
2109 2921 2199 2971 lia-

620 3007 712 3075 bet
735 3017 944 3081 anteese
973 3021 1218 3076 magnam
1250 3021 1487 3060 mensam
1511 3018 1814 3076 conpertam
1849 3009 2080 3074 tobalea,
2110 3009 2196 3062 ubi

625 3108 744 3151 sunt
772 3081 1116 3166 hujusmodi';
1163 3107 1216 3149 et
1247 3096 1500 3149 assistunt
1530 3098 1627 3164 ipsi
1653 3099 1946 3152 camerario
1973 3098 2199 3152 clericus

2293 1903 2523 1957 offerunt
2550 1903 2654 1956 sibi
2689 1902 2883 1970 legem,
2912 1912 2972 1955 ut
3002 1901 3214 1965 adoret;
3249 1901 3498 1955 similiter
3525 1903 3659 1955 dum
3692 1917 3884 1971 perve-

2295 1995 2435 2051 nerit
2461 1993 2527 2048 ad
2566 1993 2815 2062 palatium
2842 2002 2886 2046 ει.
2917 2032 2930 2046 .
2953 2030 2968 2044 .
2995 2033 3010 2047 .
3038 2031 3054 2049 .
3076 2032 3089 2046 .
3116 1992 3168 2046 in
3190 1991 3392 2062 Pnnga,
3420 2008 3563 2047 unus
3589 1993 3660 2047 de
3687 1992 3883 2047 familia

2298 2102 2448 2156 papa:
2478 2085 2546 2139 de
2573 2085 2718 2139 dicto
2759 2084 2955 2151 palatio
2985 2083 3111 2138 facit
3151 2100 3310 2136 unum
3351 2085 3590 2152 jactnm;
3639 2083 3887 2137 similiter

2297 2178 2421 2231 facit
2448 2175 2611 2230 alium
2638 2175 2838 2244 jactum
2859 2215 2872 2238 ,
2903 2189 3022 2230 cum
3056 2174 3357 2240 pervenerit
3384 2174 3453 2226 ad
3479 2184 3730 2226 sanetum
3763 2172 3884 2226 Mar-

2296 2285 2456 2335 cum;
2516 2268 2762 2321 similiter
2805 2281 2927 2320 cum
2979 2266 3282 2334 perveni-rit
3311 2265 3379 2317 ad
3407 2275 3652 2318 sanctum
3702 2263 3886 2317 Adria~

2299 2375 2458 2426 num,
2513 2359 2638 2412 facit
2662 2358 2824 2412 alium
2861 2358 3086 2425 jactum,
3119 2357 3310 2411 Stando
3341 2359 3391 2409 in
3438 2356 3674 2421 fenestra
3711 2354 3886 2422 palatii

2298 2455 2500 2502 sancta:
2527 2446 2767 2501 Martius:
2793 2463 2808 2512 ;
2839 2458 2888 2499 et
2923 2446 3002 2499 sic
3023 2446 3168 2498 venit
3200 2446 3263 2498 ad
3299 2445 3529 2512 plateam
3560 2445 3885 2498 Lateranen~

2299 2554 2435 2603 5am,
2466 2546 2521 2592 et
2558 2537 2769 2592 ducitur
2791 2536 2855 2590 ad
2893 2537 3151 2603 pouticum
3183 2552 3299 2603 qua:
3329 2536 3475 2587 vadit
3504 2534 3572 2588 ad
3603 2533 3885 2588 ecclesiam

2299 2631 2468 2684 sancti
2536 2629 2755 2683 Joannis
2816 2629 3106 2693 Laterani;
3172 2637 3228 2682 et
3291 2628 3362 2680 ibi
3423 2637 3553 2681 ante
3621 2626 3884 2696 porticum

2299 2731 2404 2776 st.t
2457 2721 2600 2789 prior
2657 2719 2900 2774 Laterani
2960 2729 3014 2773 et
3061 2717 3305 2772 canonici
3374 2732 3496 2772 cum
3556 2732 3749 2771 eorum
3802 2731 3884 2770 cn:

2303 2812 2503 2876 niitiva,
2537 2809 2705 2864 induti
2737 2808 3067 2871 solemniler,
3113 2818 3165 2860 et
3205 2821 3324 2860 cum
3379 2819 3541 2860 cruce
3593 2807 3885 2874 processio-

2303 2903 2408 2956 nali
2441 2917 2653 2970 papam,
2696 2915 2816 2953 cum
2857 2898 3150 2961 descendit,
3179 2897 3462 2965 recipiunt.
3499 2897 3562 2949 Et
3610 2905 3886 2965 postquam

2307 3010 2438 3064 papa
2483 2992 2780 3056 descendit,
2823 2990 3022 3043 faciunt
3051 3005 3170 3042 cum
3216 2989 3285 3042 ibi
3334 2989 3526 3043 sedere
3559 2987 3612 3040 in
3661 2988 3884 3057 quadam

2304 3086 2434 3140 sede
2464 3099 2784 3146 marmorea,
2819 3097 2936 3151 qua:
2962 3090 3177 3134 vocatur
3201 3081 3560 3145 stereoraeria;
3591 3094 3645 3134 et
3675 3080 3882 3150 veniunt

629 3195 831 3240 tantum
857 3191 912 3242 'et
946 3188 1051 3240 duo
1079 3188 1407 3255 equita'orcs
1435 3202 1448 3250 ;
1485 3188 1598 3253 ipse
1629 3203 1756 3239 vero
1782 3192 2114 3255 camerarius
2147 3204 2195 3247 et
2228 3175 2277 3240 ε
2306 3192 2490 3230 Winei;
2520 3175 2842 3235 εθΐδίηθιεεο
2877 3171 3172 3225 Ῐιοηθτῖίίεθ
3195 3172 3469 3226 οῖθνθιὶίεε
3498 3186 3648 3238 cu‘".
3680 3181 3746 3224 υι
3772 3187 3888 3224 νοτε

625 3279 852 3334 clericus
901 3282 1127 3332 camerae
1156 3285 1278 3331 sunt
1301 3278 1350 3330 iu
1395 3277 1800 3345 superpellieiis.
1832 3279 1947 3345 Quo
1985 3283 2120 3347 μηδι
2143 3297 2203 3352 y-

623 3369 759 3430 terio
787 3369 943 3437 dato,
977 3369 1116 3423 idem
1144 3368 1390 3422 dominus
1422 3369 1629 3422 ducitur
1654 3384 1682 3421 a
1710 3369 1919 3424 duobus
1948 3371 2200 3424 cardina—

631 3443 768 3518 ldnts
794 3461 1031 3522 diacoiiis
1060 3463 1122 3516 ad
1156 3477 1390 3514 mensam
1419 3462 1730 3516 solemniter
1759 3473 2017 3531 paratam,
2043 3475 2093 3518 et
2131 3466 2199 3518 ilii

624 3542 798 3616 sedet,
823 3555 1073 3621 episcopo
1101 3551 1357 3614 cardinali
1383 3553 1478 3604 sibi
1503 3552 1662 3606 dante
1690 3568 1901 3622 aquam,
1929 3555 2203 3609 etduobns

625 3639 864 3694 diaconis
895 3641 1154 3694 tobaieatn
1187 3639 1488 3702 tenentibus
1516 3657 1530 3705 ;
1558 3651 1609 3693 et
1637 3658 1700 3694 eo
1725 3641 1842 3695 loco
1868 3644 2064 3696 vadunt
2085 3663 2201 3696 om-

624 3741 722 3786 nes
751 3729 938 3781 sedere
961 3767 976 3792 ,
1029 3739 1081 3780 et
1111 3730 1260 3784 sedet
1304 3728 1354 3782 in
1389 3744 1488 3782 una
1524 3746 1703 3782 mensa
1745 3716 2022 3786 eminente
2058 3734 2202 3786 mins

627 3834 758 3887 papa
791 3832 909 3880 eum
942 3817 1168 3871 diversis
1215 3827 1267 3871 et
1298 3820 1500 3886 magnis
1527 3821 1665 3873 vasis
1698 3819 1902 3884 aureis,
1933 3831 1986 3875 et
2009 3838 2202 3891 argen-

625 3911 758 3978 teis;
789 3910 841 3962 in
869 3908 971 3962 alia
1001 3923 1183 3977 mensa
1206 3909 1393 3962 sedent
1443 3910 1700 3978 episcopi,
1732 3910 1783 3964 in
1827 3911 1926 3964 alii
1979 3915 2201 3983 plCSlty-

633 4003 733 4071 teri
761 4011 881 4069 post
907 4017 1000 4056 eos
1027 4019 1039 4066 ;
1075 4003 1126 4056 in
1159 4003 1259 4056 alia
1295 4011 1444 4072 parte
1470 4005 1531 4055 ad
1564 4005 1830 4058 sinistram
1855 4007 2061 4072 diaconi
2086 4023 2207 4059 rai-

623 4093 831 4146 tlinales
858 4133 874 4156 ,
903 4103 955 4146 et
989 4096 1323 4161 postmodum
1357 4111 1555 4151 mense
1599 4097 1835 4150 omnium
1864 4101 2200 4163 pitelatorum

620 4182 922 4235 ctaliornm
976 4185 1254 4237 nobdium.
1290 4185 1355 4239 Et
1385 4186 1603 4240 atiende
1646 4189 1785 4255 quod
1823 4202 1958 4257 papa
1999 4190 2196 4254 stabit,

623 4274 749 4325 dum
781 4275 1032 4339 comedit,
1068 4277 1284 4330 indutus
1309 4286 1362 4329 et
1395 4278 1682 4342 calceatus,
1710 4289 1766 4331 ut
1791 4280 1859 4330 dit
1883 4289 1990 4332 tum
2019 4290 2120 4344 est,
2150 4292 2201 4334 et

621 4376 741 4413 cum
774 4363 926 4414 mitra
955 4380 971 4428 ;
1012 4366 1314 4419 cardinales
1345 4383 1472 4420 vero
1502 4383 1688 4422 omnes
1719 4369 1987 4422 habebunt
2016 4385 2074 4423 su
2117 4388 2198 4424 er-

621 4451 885 4524 pelliciinn
917 4469 1036 4506 eum
1067 4456 1301 4510 camisiis
1350 4468 1412 4510 et'
1453 4459 1710 4512 tuantello
1738 4500 1750 4519 ,
1806 4470 1853 4510 et
1899 4461 2048 4512 mitra
2081 4461 2196 4514 :tlb'l

2305 3269 2485 3320 dicere
2531 3267 2768 3333 possint:
2798 3264 3025 3317 Suscitat
3070 3265 3134 3316 de
3177 3263 3381 3328 pulvere
3427 3277 3704 3333 egenum,
3737 3271 3788 3315 et
3834 3265 3885 3314 de

2303 3374 2522 3415 stercore
2545 3359 2690 3428 erigit
2719 3371 3016 3424 pauperem,
3048 3365 3103 3407 ut
3129 3355 3298 3408 sedeat
3323 3370 3440 3407 cum
3473 3355 3821 3422 principibus,
3847 3367 3888 3406 et

2305 3451 2488 3503 solium
2540 3448 2719 3519 gloriw
2763 3452 2948 3499 teneat.
2997 3445 3064 3498 Et
3107 3444 3219 3509 ipse
3260 3444 3508 3496 dominus
3538 3459 3672 3511 papa
3699 3444 3887 3497 Stando

2300 3540 2449 3609 juxta
2489 3538 2658 3608 ipsam
2704 3536 2885 3590 sedem
2932 3534 3125 3602 accipit
3169 3545 3274 3587 tres
3307 3534 3588 3600 pttgillutzts
3638 3534 3886 3587 denario-

2307 3646 2424 3686 rum
2456 3630 2522 3684 de
2559 3629 2763 3698 gremio
2791 3625 3094 3688 camerarii,
3125 3634 3178 3678 et
3203 3624 3410 3692 projicit
3446 3624 3587 3678 inter
3617 3624 3888 3691 populum,

2305 3721 2486 3777 dicens
2516 3737 2529 3773 :
2559 3721 2839 3788 Argentum
2876 3724 2922 3768 et
2960 3731 3144 3766 aurum
3181 3731 3277 3766 non
3311 3724 3383 3766 est
3417 3713 3570 3775 mihi;
3615 3713 3759 3783 quod
3805 3732 3882 3768 ωε

2307 3824 2405 3874 tem
2433 3809 2613 3867 habeo.
2647 3809 2742 3860 hoc
2771 3807 2861 3864 tibi
2891 3805 2979 3858 do.
3014 3805 3076 3857 Et
3108 3814 3294 3870 postea
3330 3804 3505 3870 [riore
3535 3815 3589 3856 et
3619 3805 3887 3858 canonicis

2309 3901 2704 3972 praeeuntibus,
2752 3895 3016 3952 cantando
3062 3894 3274 3951 ducitur
3306 3909 3397 3962 per
3427 3896 3596 3963 ipsam
3632 3899 3888 3963 porticum

2305 3995 2369 4047 ad
2402 3992 2680 4047 ecclesiam
2710 3989 2950 4045 bas'liea:
2980 3987 3375 4050 Lateranensis,
3421 3987 3508 4040 ubi
3541 3997 3688 4051 orat,
3733 3997 3793 4042 et
3821 3990 3888 4042 di-

2305 4089 2412 4138 cit:
2441 4083 2520 4144 Sit
2559 4097 2739 4134 nomen
2784 4079 3027 4143 Domini;
3059 4087 3112 4132 et
3139 4077 3355 4144 deponit
3385 4092 3630 4145 regnum,
3665 4090 3719 4132 et
3742 4093 3887 4132 assu-

2307 4177 2405 4228 niit
2433 4173 2664 4232 mitram,
2699 4179 2754 4225 et
2779 4169 2930 4224 sedet
2961 4168 3013 4220 in
3058 4181 3245 4235 magna
3276 4167 3403 4220 sede
3433 4178 3557 4236 post
3583 4168 3780 4233 altare,
3811 4169 3888 4221 ubi

2307 4265 2493 4331 τυοίιιὶι
2526 4265 2806 4330 ιιινιηίιέοιυς
2837 4261 3068 4324 priorem
3097 4266 3151 4310 et
3179 4257 3467 4311 canonicos
3499 4257 3886 4312 Lateranenses

2306 4358 2371 4411 ad
2396 4356 2579 4424 pedem
2605 4363 2657 4405 et
2684 4352 2747 4405 ad
2777 4351 3037 4403 oscnlum.
3069 4349 3185 4414 Quo
3211 4348 3371 4410 facto,
3405 4349 3626 4403 ducitur
3657 4351 3723 4401 ad
3751 4352 3885 4419 pala-

2306 4451 2435 4502 tium
2463 4464 2476 4512 ;
2508 4457 2558 4499 et
2593 4445 2715 4496 dum
2747 4442 2942 4495 venerit
2977 4441 3041 4493 ad
3074 4449 3278 4508 portam
3315 4441 3520 4506 pa'aiii,
3555 4442 3702 4494 unde
3730 4441 3885 4496 intra-

621 4531 847 4608 simplici
884 4542 934 4594 in
960 4543 1174 4608 capite;
1208 4551 1262 4596 et
1291 4545 1569 4599 eomedent
1596 4561 1782 4600 omnes
1813 4548 2016 4615 praelati
2045 4549 2196 4601 siini-
2233 4544 2278 4602 ι)
2310 4551 2398 4592 tur
2424 4538 2675 4607 palatium
2709 4550 2802 4603 per
2827 4533 3131 4599 ecclesiam,
3168 4534 3378 4600 ponitur
3408 4533 3477 4584 ibi
3509 4532 3884 4596 faldistorium,

622 4629 740 4683 liter
765 4644 883 4683 cum
919 4631 1098 4684 mitra.
1140 4630 1330 4684 Coram
1363 4649 1494 4701 papa
1527 4637 1759 4688 servient
1804 4637 1917 4688 laici
1964 4635 2194 4705 majores

622 4729 748 4790 natu
780 4730 831 4771 et
862 4720 1153 4773 nobiliores
1172 4719 1265 4789 qui
1291 4732 1415 4775 sunt
1447 4737 1753 4790 praesentes.
1782 4725 1891 4791 Qua
1924 4741 2194 4778 comessa-

625 4809 771 4870 tione
804 4810 967 4870 finita,
1005 4824 1136 4876 papa
1165 4811 1362 4863 lavabit
1393 4829 1579 4865 manus
1612 4825 1665 4865 nt
1695 4815 1863 4882 prius,
1890 4827 1940 4868 et
1973 4816 2196 4882 quilibet

619 4899 904 4956 cardinalis
940 4899 1184 4953 similiter
1223 4901 1458 4954 sedendo
1491 4903 1640 4967 lavab
1665 4914 1720 4968 t,
1773 4907 2042 4958 serviente
2075 4907 2193 4959 fnu-

617 4992 780 5045 dente
822 5005 1010 5056 aquam
1043 4992 1303 5047 cardinali
1333 4993 1546 5046 lavanti.
1593 4994 1900 5050 Cardiuales
1942 4997 2029 5063 qtti
2061 4998 2196 5048 assi-

615 5095 765 5140 smnt
791 5093 972 5141 tenent
1003 5086 1267 5149 tobaleam
1291 5125 1306 5147 ,
1337 5100 1474 5138 unus
1501 5100 1565 5138 ex
1602 5102 1704 5138 una
1749 5098 1899 5152 parte
1929 5087 2154 5139 laventis
2182 5129 2196 5151 ,

617 5177 750 5232 alter
774 5193 838 5232 ex
869 5177 1066 5237 altera,
1099 5187 1156 5230 et
1185 5179 1260 5230 sic
1278 5176 1457 5229 sibiad
1485 5177 1706 5230 invicem
1729 5190 1914 5228 mutuo
1940 5180 2195 5242 serviant;

613 5268 806 5337 quibus
834 5268 1082 5322 omnibus
1115 5269 1235 5321 lotis
1257 5309 1271 5330 ,
1300 5278 1351 5320 et
1382 5266 1609 5329 redditis
1639 5271 1842 5338 gratiis,
1879 5285 2008 5337 papa
2041 5273 2198 5322 redu-

613 5357 752 5411 citur
778 5373 808 5410 a
836 5357 1040 5410 duobus
1065 5355 1424 5410 cardinalibus
1453 5357 1516 5410 ad
1545 5371 1810 5416 cameram
1835 5365 1891 5412 et
1913 5357 2192 5426 capellam;

618 5456 670 5501 et
697 5447 1023 5500 disealceant
1053 5457 1102 5498 et
1119 5455 1320 5500 exuunt
1345 5459 1489 5508 eum,
1506 5457 1558 5498 et
1594 5457 1772 5512 postea
1790 5461 1922 5514 papa
1943 5446 2186 5514 quiescit.

615 5532 929 5590 Cardittales
974 5549 1104 5587 Vero
1149 5542 1204 5586 et
1245 5533 1333 5586 alii
1366 5534 1569 5599 praelati
1604 5537 1823 5588 redeunt
1873 5536 1936 5586 ad
1968 5535 2190 5600 hospitia

618 5640 710 5680 sua
739 5639 862 5679 cum
886 5625 1058 5678 mitris
1087 5627 1388 5692 equitantes
1411 5666 1426 5690 ,
1476 5633 1532 5679 et
1568 5628 1737 5693 parati
1765 5628 1906 5680 sicut
1933 5636 2194 5682 steterant

2302 4629 2447 4681 ctibi
2481 4641 2614 4695 papa
2654 4624 2902 4683 sedente.
2960 4623 3103 4689 prior
3150 4622 3594 4693 presbyierornm
3656 4623 3883 4677 cardina-

2304 4721 2431 4772 littm
2463 4717 2721 4767 ordinatis
2756 4713 3024 4780 judicibns
3052 4718 3106 4772 et
3135 4711 3410 4763 scrinariis
3437 4712 3487 4762 itt
3521 4707 3635 4773 filo,
3673 4711 3795 4764 facit
3827 4711 3883 4763 ibi

2305 4808 2534 4869 Iaudem,
2567 4807 2704 4859 sicut
2729 4803 2936 4857 diaconi
2983 4801 3283 4854 cardinales
3337 4800 3586 4854 fecerant
3642 4803 3696 4854 in
3744 4803 3882 4854 Missa

2304 4909 2429 4954 ante
2469 4897 2758 4962 EpiSlttlutn
2810 4903 2930 4961 po~t
2978 4891 3312 4946 Orationem.
3361 4893 3552 4946 Postea
3587 4895 3802 4948 ducitur
3829 4894 3884 4944 ab

2307 4990 2436 5057 ipsis
2465 4987 2826 5040 cordi-talibus
2857 4998 2950 5050 per
2982 4982 3234 5049 palatium
3283 4999 3448 5049 usque
3475 4982 3542 5035 ad
3572 4996 3782 5050 portam
3807 4998 3883 5036 ec-

2301 5082 2478 5134 clesiae
2527 5078 2693 5132 sancti
2733 5075 3000 5139 Silvestri,
3036 5075 3122 5126 ubi
3160 5085 3277 5127 sunt
3314 5074 3434 5125 dum
3465 5076 3624 5127 sedes
3661 5076 3879 5146 porphy-

2299 5174 2509 5234 reticae;
2541 5179 2594 5225 et
2622 5170 2797 5232 primo
2830 5169 2977 5221 sedet
3021 5167 3069 5218 iu
3101 5167 3184 5217 illa
3218 5182 3334 5233 quae
3374 5178 3451 5218 est
3486 5168 3555 5219 ad
3587 5167 3873 5228 dexteram.

2298 5264 2384 5324 tibi
2418 5263 2560 5330 prior
2602 5259 2837 5312 basilica:
2885 5257 3052 5310 Sancti
3101 5256 3378 5322 Laurentii
3415 5257 3506 5308 dat
3547 5259 3597 5311 ei
3642 5260 3873 5319 ferulam.

2296 5371 2414 5419 utne
2459 5365 2538 5409 est
2585 5353 2792 5418 signum
2825 5349 3176 5409 correctionis
3205 5358 3258 5400 et
3291 5349 3590 5415 reg‘tttiuis,
3627 5361 3684 5402 et
3714 5353 3872 5402 claves

2299 5447 2460 5514 ipsius
2509 5443 2739 5499 basilica:
2769 5450 2820 5494 ct
2845 5440 3014 5491 sancti
3049 5438 3290 5491 Laterani
3325 5439 3535 5506 palatii,
3589 5441 3640 5493 in
3695 5441 3872 5510 qnibtn

2297 5536 2609 5602 designatur
2667 5540 2902 5598 potestas
2957 5529 3265 5592 claudendi,
3315 5530 3628 5596 aperiendi,
3692 5531 3871 5601 ligandi

2298 5634 2460 5692 atque
2499 5619 2742 5673 solvendi
2770 5635 2782 5683 ;
2832 5627 2884 5670 et
2913 5633 3034 5672 cum
3063 5617 3175 5686 ipsa
3211 5617 3378 5671 ferula
3408 5629 3462 5673 et
3493 5621 3614 5675 aliis
3645 5623 3869 5677 clavibus

693 5749 714 5772 ‘
744 5737 996 5826 fleucius,
1038 5736 1093 5790 in
1133 5753 1250 5808 cap.
1285 5740 1372 5804 li,
1404 5739 1560 5810 habet
1585 5755 1598 5794 :
1628 5741 1694 5792 ad
1739 5742 1986 5808 palatium
2017 5739 2185 5795 Ceusii
2227 5739 2419 5795 Musca:
2448 5739 2497 5789 in
2528 5734 2733 5804 Punga.
2769 5734 2962 5789 Confer
2999 5746 3115 5801 cap.
3142 5729 3212 5786 ’ΞΟ
3241 5733 3423 5790 Jacobi
3459 5735 3727 5809 caietarti.
