4006 6338
225 371 380 424 “33

1429 369 1686 423 ROMANI
1727 365 2035 422 OliDINES.
2078 398 2146 407 —-—-
2189 364 2322 420 Xlil.

3367 370 3500 423 NH

222 480 442 534 accedit
487 479 550 530 ad
601 479 756 531 aliam
801 479 981 532 sedem
1022 477 1273 540 similem,
1319 495 1438 545 qua:
1478 489 1559 532 est
1590 480 1654 532 ad
1689 479 1818 532 sini-
1851 484 1890 535 Α
1930 477 2326 531 inthronizatur
2355 485 2409 531 et
2452 479 2696 545 ponitur;
2745 485 2800 532 et
2847 477 2916 532 ibi
2962 479 3154 532 sedens
3205 479 3392 545 rccipit
3437 487 3500 536 ait

222 583 428 633 stram,
480 583 531 623 et
581 579 705 623 tunc
747 570 975 623 restituit
1013 570 1184 623 cidem
1219 570 1377 638 priori
1409 570 1564 640 231
1599 571 1817 623 ferulam

220 676 281 719 et
309 667 518 726 claves,
552 673 604 715 t-t
635 662 814 729 incipit
858 662 1045 716 sedere
1086 664 1135 715 in
1176 663 1260 714 illa
1292 662 1526 715 secunda
1560 663 1707 715 sedc.
1755 661 1820 713 Et

222 764 515 828 postquam
557 754 939 820 aliquantulum
988 754 1145 820 scdit,
1197 755 1331 807 idem
1379 755 1522 822 prior
1555 754 1716 820 cingit
1747 752 1820 804 ei-

224 850 356 916 tlem
402 847 622 900 domino
669 861 817 914 papa}
861 861 1046 898 zonam
1095 845 1162 897 de
1209 845 1382 897 serico
1412 845 1599 907 rnbeo,
1634 845 1819 911 inqua

224 938 502 1008 dependet
553 939 707 991 bursa
753 952 1041 1004 purpurea,
1076 937 1124 988 in
1157 952 1257 1003 qua
1287 938 1396 988 sint
1425 935 1707 989 duodecim
1744 938 1818 988 la-

228 1032 394 1099 pides
426 1031 646 1098 pretiosi
679 1044 796 1081 cunt
841 1027 1017 1094 sigillo
1048 1036 1100 1079 et
1139 1043 1358 1092 musco;
1390 1037 1441 1079 ct
1470 1026 1592 1079 dtnn
1625 1029 1678 1080 in
1708 1029 1816 1094 ipsa

228 1123 368 1176 sede
400 1123 571 1183 sedet,
625 1121 816 1185 recipit
846 1117 1102 1169 ofﬁciales
1152 1117 1328 1184 palatii
1361 1117 1423 1169 ad
1458 1117 1642 1184 pedem
1671 1126 1724 1170 ct
1753 1117 1818 1168 ad

226 1213 518 1275 osculum;
564 1221 614 1264 ct
641 1209 769 1263 sede
810 1225 834 1261 s
877 1207 945 1260 ibi
993 1208 1182 1275 recipit
1231 1208 1296 1261 de
1345 1223 1502 1259 manu
1542 1207 1818 1264 canieratii

227 1304 489 1362 denarios
514 1312 796 1369 argenteos
820 1300 1056 1353 valentes
1092 1315 1120 1350 χ
1150 1298 1371 1362 solidos,
1402 1308 1455 1353 et
1484 1299 1697 1367 projicit
1726 1312 1821 1349 eos

229 1412 402 1464 super
451 1395 737 1464 pupulttm;
789 1402 840 1444 et
889 1392 990 1444 boc
1038 1391 1161 1443 facit
1194 1401 1297 1454 ter,
1331 1389 1557 1442 dicendo
1593 1389 1820 1457 singulis

242 1488 452 1541 vicibus
477 1501 490 1538 :
528 1485 797 1552 Dispersit,
829 1484 966 1535 dedit
998 1480 1540 1550 pauperibtts,justitia
1569 1481 1678 1549 ejus
1708 1495 1821 1539 ma-

230 1589 320 1638 net
350 1576 666 1638 ἱηδιεεηίωη
708 1574 903 1627 sa’culi.
943 1574 1008 1626 Et
1038 1573 1152 1627 istis
1184 1571 1389 1624 duabus
1427 1570 1646 1624 sedibus
1686 1583 1819 1637 papa

234 1672 416 1724 taliter
445 1684 502 1724 se
543 1669 722 1731 habet,
766 1678 821 1720 ut
865 1666 1106 1720 videatur
1137 1666 1311 1732 potius
1339 1664 1524 1731 jaceus
1552 1676 1708 1729 quam
1737 1676 1823 1714 se-

231 1761 398 1828 dere;
430 1772 483 1813 et
526 1761 666 1813 mtlla
716 1759 936 1812 istarum
987 1756 1216 1822 sedium,
1247 1769 1346 1808 nec
1369 1754 1526 1807 etiam
1557 1761 1818 1816 stercora-

1927 568 2118 634 pedem
2151 575 2204 620 et
2235 566 2298 619 ad
2341 567 2581 621 osculum
2630 568 2739 622 oris
2780 583 2968 622 omnes
3018 569 3316 622 cardinales
3356 573 3501 625 ordi-

1926 666 2067 720 nate,
2101 666 2152 710 et
2184 671 2373 711 omnes
2411 659 2701 714 canonicos
2748 659 2916 713 sancti
2971 661 3134 714 Petri.
3182 663 3296 727 Quo
3337 663 3496 728 facto,

1924 748 2135 814 ducitur
2159 747 2225 801 ad
2250 763 2514 802 cameram
2542 766 2714 816 suam,
2750 761 2801 804 ut
2828 752 2898 806 ibi
2927 755 3186 820 quiescat.
3215 753 3345 807 Cum
3377 771 3502 808 veru

1927 845 2134 906 venerit
2174 843 2236 895 ad
2278 842 2624 910 Lateranum,
2667 847 2921 913 recipitur
2953 849 3120 913 prima
3152 850 3286 912 vice,
3328 860 3382 902 ιιι
3413 865 3502 904 su-

1925 951 2014 1002 pra
2047 934 2246 988 dictunt
2280 945 2360 988 est
2399 936 2465 990 de
2505 936 2742 1000 sedibus,
2782 948 2834 990 et
2863 937 2930 992 de
2960 940 3236 1005 omnibus,
3281 953 3506 1010 printer-

1922 1041 2078 1093 quam
2112 1025 2178 1079 de
2216 1025 2499 1090 laudibus;
2529 1037 2583 1081 et
2606 1025 2762 1082 ollert
2791 1029 2855 1081 ad
2880 1029 3049 1084 altare
3081 1041 3135 1084 ut
3164 1029 3363 1084 dictum
3393 1042 3516 1088 est;

1925 1117 2018 1170 llis
2048 1118 2316 1182 ontnibus,
2357 1133 2475 1186 qua:
2511 1118 2649 1173 circa
2683 1120 2957 1180 dominum
2983 1137 3171 1195 papam
3203 1123 3354 1192 fiunt,
3384 1125 3504 1178 tali-

1927 1219 2008 1265 tcr
2034 1210 2132 1261 sub
2161 1209 2421 1262 brevitate
2450 1211 2792 1272 transcursis,
2825 1213 3052 1278 qualiter
3084 1214 3222 1267 idem
3253 1215 3501 1272 diutinus

1923 1313 2056 1365 papa
2099 1298 2150 1350 in
2193 1296 2384 1350 officiis
2417 1297 2615 1352 habere
2641 1313 2701 1354 se
2727 1298 2920 1351 habeat
2941 1299 2994 1352 io
3027 1301 3279 1366 ecclesia,
3308 1304 3390 1357 vel
3417 1320 3505 1366 ex-

1925 1398 2027 1453 tra,
2057 1389 2296 1444 breviter
2329 1389 2628 1453 videamus.

1995 1479 2081 1533 1:2.
2129 1479 2311 1532 Primo
2353 1481 2643 1533 notandum
2679 1490 2762 1534 est
2789 1479 2930 1549 quod
2956 1481 3202 1535 dominus
3231 1495 3360 1559 papa
3395 1492 3505 1549 tres

1923 1571 2112 1626 tn‘tras
2162 1571 2408 1635 diversas
2453 1571 2634 1636 habet,
2685 1572 2878 1641 quibus
2916 1573 3148 1629 diversis
3179 1575 3505 1642 temporibus

1924 1665 2119 1727 utitur,
2146 1663 2356 1717 scilicet
2402 1679 2559 1724 uuam
2590 1663 2760 1716 albam
2803 1673 2989 1726 totam,
3025 1679 3180 1716 unam
3217 1680 3338 1718 cum
3367 1667 3507 1733 auri-

1923 1751 2075 1806 frisio
2117 1753 2168 1806 in
2212 1753 2362 1806 titulo
2390 1753 2506 1806 sine
2541 1752 2765 1818 circulo,
2800 1763 2853 1806 et
2879 1753 3092 1806 mitram
3125 1754 3504 1819 aurifrisititam

232 1853 338 1916 ria,
372 1861 455 1905 est
483 1861 732 1918 cooperta
779 1849 858 1902 vel
909 1857 1116 1917 parata,
1151 1847 1243 1898 sed
1279 1844 1439 1898 nuda.
1473 1843 1694 1897 Detnum
1726 1842 1820 1894 dtt-
1851 1833 1896 1892 Β
1926 1845 1975 1898 iu
2008 1843 2210 1898 circulo
2239 1855 2292 1899 et
2318 1847 2368 1897 iu
2403 1845 2575 1898 titulo.
2605 1845 2752 1898 Mitra
2785 1845 3111 1900 aurifrisiata
3143 1847 3194 1900 in
3225 1848 3428 1902 circulo
3454 1857 3510 1902 ct

235 1941 380 1999 citur
408 1940 471 1993 ad
498 1949 679 1992 sancta
711 1946 1036 2001 sanctorum,
1071 1938 1159 1990 ubi
1185 1937 1348 1990 intrat
1374 1955 1389 2000 ;
1423 1944 1477 1990 et
1502 1949 1624 1989 ante
1652 1935 1821 1988 altare

233 2047 390 2085 suam
421 2031 727 2086 Orationem
767 2031 882 2082 facit
910 2046 924 2095 ;
964 2039 1017 2082 et
1046 2037 1225 2093 postea
1259 2028 1529 2081 reducitur
1554 2026 1618 2079 ad
1647 2025 1819 2093 capel-

236 2122 342 2186 lam
389 2121 555 2176 sancti
606 2121 873 2182 ἓίινιιειτί,
917 2121 966 2171 in
1006 2135 1108 2187 qua
1152 2119 1336 2182 intrat,
1369 2127 1423 2172 et
1445 2118 1590 2171 sedet
1624 2116 1822 2170 inloco

242 2221 562 2286 praeparato,
614 2219 665 2263 ct
700 2209 822 2262 facit
874 2209 1288 2280 pzcsbyterium,
1323 2210 1389 2262 de
1419 2225 1524 2278 quo
1550 2225 1705 2275 supra
1734 2209 1822 2262 di-

243 2293 387 2357 etum
415 2312 517 2357 est.
555 2301 743 2355 Postea
790 2299 924 2353 redit
954 2303 1017 2352 ad
1047 2315 1333 2365 cameram,
1376 2301 1426 2352 in
1469 2315 1570 2368 qua
1600 2299 1821 2368 deponit

238 2399 477 2469 casulam
511 2404 565 2449 ct
595 2396 832 2462 pallimn,
885 2403 936 2446 et
992 2394 1217 2446 assmnit
1267 2405 1530 2458 ntantum,
1583 2402 1637 2446 et
1681 2391 1824 2444 vadit

240 2489 526 2560 comedere
546 2529 560 2552 .
594 2496 651 2541 ut
677 2502 837 2554 supra
881 2486 1077 2539 dirlutn
1107 2494 1208 2539 est.
1233 2485 1412 2539 Primo
1440 2495 1612 2539 tamen
1638 2484 1825 2554 recipit

239 2580 600 2650 juratnentutn
645 2579 940 2634 secundum
973 2578 1194 2630 fortnam
1227 2593 1244 2631 :
1279 2575 1389 2647 Ego
1438 2576 1578 2644 talis,
1629 2585 1760 2641 etc.,
1790 2591 1820 2629 a

240 2655 426 2724 senato
435 2685 510 2723 re.

321 2761 406 2814 Η.
448 2759 503 2813 Si
537 2775 665 2813 vero
696 2759 944 2813 dominus
993 2773 1124 2829 papa
1167 2771 1510 2817 consecratur
1539 2760 1621 2814 vel
1663 2756 1817 2827 eligi-

246 2860 331 2922 tur
356 2861 507 2905 extra
541 2851 749 2912 urbem,
796 2866 916 2903 cum
967 2850 1170 2904 venerit
1195 2851 1258 2904 ad
1291 2851 1509 2904 Ruinam
1541 2851 1603 2903 ad
1639 2850 1824 2919 capel-

247 2943 349 2993 lam
400 2952 600 2996 sancta:
648 2941 824 2996 Malia:
878 2942 1206 3014 lilagdaleme
1249 2944 1315 2994 ad
1358 2941 1588 3006 radicem
1633 2942 1826 3006 montis

245 3032 386 3094 Mali,
434 3033 718 3086 descendit
769 3042 821 3087 et
872 3033 1031 3087 ἱιιιιο..ι
1078 3049 1199 3087 cum
1249 3032 1608 3087 cardinalibus
1656 3032 1824 3100 ipsam

243 3123 527 3190 aspellam,
555 3137 608 3177 et
637 3124 705 3176 ibi
735 3125 914 3192 recipit
945 3125 1176 3195 pluviale
1203 3133 1258 3177 et
1283 3124 1529 3187 utitratn;
1561 3131 1614 3175 et
1642 3133 1822 3191 postea

1925 1934 1976 1988 in
2005 1937 2156 1989 titulo
2187 1938 2353 1991 utitur
2383 1938 2435 1991 in
2463 1937 2659 1990 officiis
2693 1937 2883 1991 diebus
2913 1937 3124 1992 ‘fcstivis
3154 1948 3206 1993 et
3239 1939 3387 2014 aliis,
3412 1955 3505 1994 ex-

1921 2041 2076 2097 cepto
2093 2045 2122 2082 a
2139 2029 2536 2101 Septuagesitna
2569 2046 2733 2100 usque
2753 2031 2818 2085 ad
2853 2030 3080 2097 Pascha,
3098 2043 3152 2084 et
3177 2031 3244 2084 ab
3263 2031 3503 2084 Adventu

1924 2132 2091 2187 ustiue
2119 2119 2186 2172 ad
2216 2118 2420 2185 Natale,
2452 2133 2502 2174 et
2533 2121 2745 2188 quando
2775 2130 2951 2182 cantat
2983 2135 3078 2189 pro
3110 2121 3393 2184 defunctis.
3438 2119 3508 2192 Et

1925 2219 2006 2262 est
2032 2210 2119 2261 illa
2154 2208 2310 2274 ratio,
2365 2211 2485 2278 quia
2536 2225 2788 2263 coronam
2836 2217 3204 2278 repraesentat,
3235 2218 3291 2275 et
3316 2211 3508 2263 activa:

1924 2310 1979 2354 et
2019 2301 2445 2366 conhmplativze
2493 2299 2615 2355 vita:
2656 2300 2984 2368 discursum.
3023 2300 3180 2354 Milra
3220 2316 3344 2356 vero
3387 2315 3508 2366 cum

1925 2388 2198 2442 aurifrisio
2246 2390 2297 2443 in
2331 2391 2484 2444 titulo
2531 2391 2646 2445 siue
2685 2391 2885 2445 circulo
2918 2392 3101 2459 utitur,
3128 2406 3249 2458 cum
3276 2391 3425 2446 sedet
3455 2393 3509 2446 in

1926 2481 2264 2546 consistorio,
2315 2492 2368 2536 et
2403 2481 2635 2548 judicat;
2682 2484 2823 2537 unde
2860 2498 3113 2538 coronam
3152 2485 3387 2553 regalem
3419 2499 3508 2556 re;

1927 2583 2238 2642 praesentat.
2282 2574 2414 2627 Allia
2453 2577 2618 2627 utitur
2641 2575 2826 2629 diebus
2860 2575 3147 2630 Dominicis
3176 2587 3229 2630 et
3255 2576 3373 2630 aliis
3405 2591 3510 2642 non

1928 2663 2155 2728 festivis,
2197 2665 2264 2718 ab
2305 2667 2548 2720 Adventu
2580 2667 2785 2722 Domini
2815 2680 2982 2737 usque
3010 2670 3074 2722 ad
3106 2667 3337 2741 vigiliam
3368 2668 3508 2734 Nati-

1927 2755 2104 2810 vitatis
2154 2757 2361 2810 Domini
2414 2757 2466 2810 iit
2521 2758 2800 2828 V’espcris,
2854 2769 3203 2831 prtctcrquam
3255 2762 3305 2816 in
3359 2762 3510 2828 tertia

1933 2849 2206 2902 l‘omiuica
2263 2851 2329 2902 de
2387 2850 2678 2916 Adventu,
2729 2867 2849 2920 qua:
2902 2851 3095 2905 dicitur
3149 2853 3513 2914 Dominicade

1929 2939 2177 3005 Gaudete,
2209 2940 2399 3023 inquo
2445 2940 2531 2994 die
2583 2942 2636 2994 in
2687 2941 2958 2995 Laudibus
3005 2951 3087 2996 est
3136 2943 3317 3010 quinta
3363 2943 3515 2997 Atili-

1931 3035 2108 3102 pltona
2134 3032 2303 3100 Juste,
2332 3034 2454 3104 quia
2482 3043 2607 3088 tunc
2636 3034 2887 3088 dominus
2918 3050 3046 3102 papa
3080 3033 3204 3088 facit
3229 3036 3511 3102 quamdam

1930 3123 2350 3187 solemnitatem,
2399 3138 2518 3192 qua:
2568 3123 2686 3177 talis
2730 3134 2828 3178 est.
2877 3123 3008 3177 Cum
3061 3123 3176 3187 ipso
3204 3123 3292 3176 die
3325 3123 3508 3176 Domi—

246 3216 446 3283 equitat
475 3225 527 3267 t-t
560 3215 824 3283 procedit,
852 3227 905 3266 ct
927 3216 1092 3279 Judaei
1123 3215 1224 3276 sibi
1249 3223 1533 3266 orctnrunt
1560 3227 1680 3266 cum
1711 3213 1826 3280 lege
1857 3200 1900 3261 C
1934 3213 2056 3267 nico
2087 3213 2156 3266 sit
2186 3214 2344 3266 statio
2373 3215 2438 3270 ad
2471 3226 2712 3267 sanctum
2767 3214 3006 3275 Petrum.
3058 3212 3142 3266 die
3191 3213 3410 3268 Sabbati
3457 3214 3508 3266 in

246 3317 300 3369 et
333 3308 599 3372 laudibus,
631 3316 684 3360 ct
715 3321 901 3360 omnes
930 3308 1176 3362 ecclesiae
1217 3306 1375 3365 Urbis
1403 3308 1449 3358 ei
1479 3305 1697 3358 obviant
1740 3303 1830 3356 lto-

249 3395 470 3464 norifice
498 3413 614 3448 cum
651 3398 1013 3462 ιιΓι-(τρεεὶυιητ,
1057 3409 1105 3448 ct
1158 3396 1380 3448 veniunt
1421 3408 1607 3456 omnes
1645 3391 1825 3456 clerici

255 3487 424 3544 ittduti
465 3504 582 3541 cum
629 3487 876 3542 ειηεώιιε
917 3498 967 3540 ct
1015 3489 1229 3540 vexillis
1277 3496 1329 3540 et
1379 3485 1729 3549 tlturihalariu
1776 3493 1829 3538 ct

249 3592 412 3647 capsa
462 3594 581 3632 cum
626 3578 818 3640 thure;
851 3587 901 3630 et
933 3578 1183 3646 qua-libet
1214 3577 1437 3630 ecclesia
1469 3574 1701 3629 occurrit
1727 3575 1828 3642 ipsi

246 3683 400 3745 papae
440 3682 559 3721 cunt
616 3669 885 3722 thuributo
933 3676 987 3721 et
1039 3669 1148 3735 ipsa
1196 3681 1392 3734 Capsa;
1439 3676 1492 3720 et
1534 3665 1672 3719 idem
1726 3667 1826 3719 do-

248 3761 426 3814 tniuus
473 3776 606 3828 papa
648 3760 715 3825 de
748 3759 902 3813 thure
946 3773 1068 3822 cum,
1113 3757 1394 3812 cochleare
1448 3759 1503 3810 in
1553 3756 1826 3810 thurihulo

251 3855 418 3923 ponit,
449 3864 503 3914 et
541 3851 614 3906 illi
638 3867 973 3932 papam_cum
1007 3865 1072 3914 eo
1101 3851 1376 3903 iucensant
1402 3866 1416 3915 ;
1447 3861 1499 3902 et
1529 3849 1724 3901 faciunt
1757 3848 1826 3901 ita

248 3960 435 4015 omnes
465 3942 730 4008 ecclesiae,
781 3952 832 3996 et
863 3943 938 3995 sic
982 3941 1193 3994 ducitur
1233 3956 1326 4008 per
1359 3941 1620 4008 porticum
1662 3954 1830 4009 usque

248 4035 312 4088 ad
343 4033 538 4104 gradus
560 4034 726 4086 sancti
762 4032 924 4094 Petri,
955 4031 1043 4084 ubi
1083 4039 1163 4085 est
1203 4030 1480 4092 Processit)
1529 4040 1742 4098 parata;
1775 4041 1830 4085 ct

253 4108 680 4198 archipresbyter
721 4130 775 4176 et
815 4122 1056 4175 canonici
1113 4122 1283 4174 sancti
1338 4121 1502 4186 Petri,
1557 4135 1586 4173 a
1638 4122 1831 4190 quibus

254 4219 508 4292 recipitur
548 4226 879 4281 reverenter,
925 4226 977 4268 et
1026 4214 1364 4281 cantantibus
1397 4215 1525 4283 ipsis
1556 4215 1829 4269 canonicis

252 4309 609 4379 introducitur
659 4310 710 4362 in
759 4308 988 4364 ecclesia
1018 4324 1045 4360 a
1078 4312 1259 4380 priore
1299 4309 1702 4373 canonicoruut,
1754 4318 1832 4362 te-

254 4412 466 4470 nentem
508 4407 679 4472 ipsum
710 4419 896 4473 papam
928 4419 991 4457 ex
1023 4419 1124 4456 una
1159 4411 1330 4471 parte,
1367 4413 1417 4455 ct
1456 4404 1628 4467 priore
1658 4402 1830 4462 cardi-

255 4495 450 4564 naliutn
497 4509 562 4548 ex
608 4495 795 4559 altera,
829 4503 884 4548 et
918 4497 994 4548 sic
1033 4495 1392 4554 introducitur
1451 4494 1502 4546 iu
1547 4495 1826 4548 ecclesiam

255 4562 556 4649 tenentibus
582 4601 726 4639 cum.
755 4584 856 4640 Sed
893 4587 1035 4653 prior
1063 4585 1282 4648 dimittit
1311 4602 1430 4638 eum
1465 4601 1588 4640 ante
1619 4594 1824 4654 portam
1857 4559 1906 4618 Β

255 4679 496 4733 ecclesiae
537 4678 704 4754 ipsius
743 4677 1012 4748 basilicae,
1045 4688 1097 4732 et
1123 4679 1260 4744 alius
1291 4678 1578 4731 cardinalis
1608 4679 1832 4735 assumit

262 4785 380 4824 cum
430 4785 491 4823 ex
539 4770 626 4830 illa
663 4777 844 4836 parte;
875 4778 928 4821 ct
957 4769 1006 4826 in
1038 4771 1212 4822 medio
1243 4768 1484 4822 ecclesia:
1516 4771 1754 4834 veniunt,
1782 4776 1832 4820 et

256 4869 470 4914 cantant
525 4876 704 4914 coram
761 4860 875 4928 ipso
933 4861 1230 4914 cardinales
1283 4857 1830 4928 presbyterizProte-

257 4965 364 5008 (εον
394 4963 568 5006 noster
596 4956 766 5018 aspice
791 4952 930 5018 Deus
951 4991 965 5012 ,
994 4963 1039 5005 et
1070 4953 1260 5022 respice
1283 4951 1332 5003 in
1360 4951 1490 5017 [acie
1519 4949 1709 5011 Christi
1730 4951 1834 5013 tui;

259 5059 358 5114 quo
380 5045 544 5110 dicto,
569 5044 729 5114 232
748 5043 962 5098 ducitur
988 5043 1049 5113 ad
1077 5043 1266 5106 altare,
1295 5051 1346 5095 et
1375 5043 1444 5094 ibi
1465 5051 1612 5105 orat;
1637 5052 1684 5093 et
1704 5039 1832 5093 dum

258 5145 392 5200 orat,
416 5146 632 5189 cantant
653 5137 892 5190 canonici
921 5133 990 5188 Te
1007 5133 1163 5186 Deum
1187 5132 1482 5210 laudamus;
1501 5147 1604 5200 quo
1624 5139 1834 5184 cantato

260 5230 423 5297 surgit
447 5245 576 5298 papa
600 5231 952 5292 abOi-atione,
976 5237 1031 5282 et
1050 5227 1176 5280 dicit
1197 5227 1277 5283 Sit
1307 5243 1487 5296 nomen
1519 5225 1759 5289 Domini;
1783 5232 1837 5278 et

261 5330 441 5390 postea
473 5329 746 5374 osculatur
775 5320 946 5373 altare
977 5321 1115 5376 beati
1154 5319 1317 5380 l'etri,
1357 5317 1632 5370 olfereudo
1674 5329 1837 5383 super

262 5423 424 5466 altare
473 5423 762 5480 [ηἐῑιοειιηι
805 5426 1040 5480 pannum
1081 5427 1323 5474 aureum,
1375 5421 1430 5463 (³1.
1458 5425 1672 5476 semper
1703 5422 1836 5477 papa

261 5501 413 5566 offert
465 5516 696 5562 panuun.
745 5502 977 5556 sericum
1032 5517 1194 5570 super
1244 5502 1415 5554 altare
1467 5502 1836 5569 cujuscunque

265 5594 524 5662 ecclesiae,
556 5609 672 5647 cum
719 5595 893 5660 primo
935 5596 1050 5662 ejus
1096 5595 1267 5648 altare
1305 5593 1567 5647 a-Cettdit.
1611 5593 1831 5646 Dctttuttt

265 5687 325 5742 ad
374 5701 614 5755 magnam
658 5697 712 5741 et
759 5687 1081 5740 eminentem
1130 5687 1309 5740 sedem
1345 5695 1464 5753 post
1494 5685 1664 5737 altare
1690 5684 1831 5762 beati

264 5778 402 5854 Petri
426 5777 656 5846 ducitur,
689 5790 741 5834 ct
790 5780 841 5834 in
887 5793 945 5834 ca
986 5793 1013 5831 a
1064 5779 1241 5848 priore
1288 5777 1528 5855 diacono
1561 5774 1832 5831 cardiuale

1930 3307 2110 3376 vigilia
2176 3305 2413 3374 ejusdem
2481 3306 2769 3360 Dominica:
2846 3306 2897 3359 itt
2969 3319 3192 3371 veSpcre
3260 3320 3391 3372 papa
3459 3313 3515 3359 ct

1929 3398 2229 3452 cardinales
2283 3397 2650 3462 conveniunt,
2719 3397 2784 3450 ad
2848 3405 3094 3451 sanctum
3147 3395 3401 3460 Petrum,
3458 3403 3513 3448 et

1932 3489 2002 3542 ibi
2031 3504 2240 3555 omnes,
2293 3504 2426 3558 papa
2455 3497 2509 3542 et
2537 3487 2872 3554 cardinales,
2907 3486 3074 3540 induti
3105 3485 3202 3538 soli
3235 3486 3512 3553 episcopa-

1932 3578 2072 3633 libus
2115 3590 2335 3648 propter
2383 3579 2572 3632 chtutn
2623 3579 2893 3638 stationis,
2938 3576 3198 3644 incipiunt
3249 3575 3512 3642 VcSpcras

1932 3669 1998 3723 de
2028 3671 2134 3736 die,
2166 3686 2269 3724 non
2301 3669 2530 3724 dicendo
2560 3669 2627 3724 de
2656 3669 2804 3722 beati
2840 3667 3074 3739 Virgine,
3117 3682 3237 3720 cum
3279 3666 3349 3718 sit
3387 3681 3515 3734 pro-

1936 3775 2053 3831 pter
2107 3763 2297 3818 festum
2345 3762 2593 3817 stationis
2635 3761 2890 3826 officium,
2925 3771 2977 3814 et
3008 3759 3257 3813 dicuntur
3303 3759 3356 3810 itt
3407 3757 3518 3812 Vc-

1932 3868 2090 3920 spere
2128 3854 2447 3921 Antiphunze
2477 3853 2541 3903 de
2572 3852 2859 3914 Laudibus,
2890 3862 2942 3902 ct
2967 3848 3298 3918 primicerius
3328 3855 3515 3900 canta-

1934 3944 2008 3997 bit
2039 3959 2159 3996 cum
2185 3943 2388 3996 schola.
2420 3939 2764 3994 Piitniccrius
2799 3942 3124 4009 prtcnuntiat
3156 3940 3378 4007 primatu
3409 3940 3519 3990 An-

1942 4033 2216 4102 tiphonam
2262 4046 2430 4100 papzr,
2475 4031 2635 4100 233
2683 4031 2812 4083 alias
2857 4045 2981 4083 vero
3013 4039 3124 4084 tres
3153 4031 3336 4082 dicunt
3361 4027 3520 4081 scho-

1935 4124 2137 4187 lenses,
2175 4133 2226 4175 et
2258 4121 2505 4176 canonici
2545 4121 2717 4174 sancti
2768 4121 2908 4173 Petri
2964 4121 3226 4188 quintam,
3279 4134 3396 4186 qua:
3435 4126 3519 4172 est

1932 4213 2114 4280 Juste,
2176 4211 2534 4280 praenuntiant
2583 4225 2752 4280 papte,
2809 4218 2864 4262 et
2908 4210 3045 4261 idem
3094 4207 3341 4261 dominus
3384 4222 3519 4276 papa

1937 4319 2054 4378 post
2105 4310 2262 4372 talem
2315 4307 2813 4377 przenuntiationcm
2867 4307 3060 4375 accipit
3105 4314 3371 4360 monetam
3425 4320 3519 4358 au-

1938 4415 2083 4453 rcatn
2119 4402 2183 4453 de
2216 4417 2374 4452 tuauu
2406 4400 2704 4464 catnerarii,
2736 4410 2788 4452 et
2820 4397 2968 4466 ponit
2996 4398 3048 4450 itt
3074 4411 3166 4451 ore
3195 4398 3362 4466 ipsius
3383 4412 3517 4465 prte~

1934 4490 2229 4544 nuntiantis
2278 4494 2465 4544 eodem
2519 4494 2936 4559 praenuntiatore
2985 4501 3200 4546 tenente
3253 4505 3315 4546 os
3362 4507 3519 4560 aper-

1934 4593 2066 4638 tum.
2097 4583 2161 4636 Et
2190 4585 2287 4638 hoc
2310 4582 2451 4636 facto
2497 4584 2610 4653 ipse
2646 4600 2778 4654 papa
2810 4580 2989 4654 incipii
3012 4583 3517 4652 solemniterJuate,

1934 4687 1987 4732 et
2020 4677 2212 4732 deinde
2257 4679 2494 4731 Psalmos
2540 4679 2892 4732 Dominicales
2933 4694 3052 4733 cum
3082 4678 3269 4732 ultimo
3311 4677 3517 4745 psalmo

1935 4768 2170 4831 Laudute
2199 4770 2477 4828 Dominum
2506 4785 2680 4822 omnes
2709 4779 2898 4839 gentes,
2930 4779 2980 4823 ct
3011 4769 3143 4822 fiunt
3170 4769 3348 4821 omnia
3377 4775 3432 4820 ut
3464 4766 3516 4818 itt

1935 4862 2111 4916 olficio
2139 4862 2330 4915 diebus
2357 4861 2665 4918 Dominicis.
2697 4862 2860 4916 Dictis
2911 4860 3182 4930 Vespeiis,
3215 4875 3402 4914 Omnes
3432 4874 3521 4913 re-

1937 4953 2120 5008 deum.

2009 5047 2094 5099 15.
2126 5045 2273 5098 Mane
2315 5044 2480 5114 ipsius
2508 5045 2677 5100 tertia:
2714 5044 2995 5099 domin'cac
3037 5060 3166 5112 papa
3213 5043 3416 5113 equitat
3448 5045 3513 5096 ad

1938 5148 2179 5193 sanctum
2210 5137 2446 5200 Petrum,
2472 5147 2526 5191 et
2566 5144 2746 5206 portat
2793 5135 3003 5188 mitruu
3047 5135 3428 5188 aurifrisiatam
3463 5135 3515 5187 in

1939 5227 2118 5282 eundo
2149 5237 2201 5282 et
2246 5226 2539 5290 redeundo,
2571 5236 2621 5280 et
2651 5227 2702 5280 in
2735 5225 2894 5278 Missa
2941 5225 3106 5281 utitur
3135 5225 3324 5293 pannis
3361 5224 3517 5278 serici

1940 5320 2158 5386 coloris,
2189 5327 2243 5372 et
2285 5318 2535 5372 violaceis
2585 5315 2884 5385 anaglypho
2929 5329 3090 5382 opere
3129 5314 3418 5378 contextis,
3467 5321 3520 5368 et

1941 5410 2121 5460 casula
2151 5417 2231 5461 est
2260 5416 2445 5472 ornata
2477 5404 2677 5475 perlis;
2709 5415 2762 5458 et
2801 5404 2974 5458 solum
3022 5407 3122 5458 hac
3155 5405 3424 5458 Dominica
3465 5413 3522 5458 ct

1939 5499 1990 5550 iit
2024 5497 2433 5566 Quadragesitna
2479 5496 2644 5550 utitur
2674 5496 2750 5550 eis
2777 5513 2792 5563 ;
2822 5497 2941 5550 aliis
2981 5512 3106 5551 vero
3141 5497 3430 5550 Dominicis
3468 5505 3524 5551 el

1937 5591 2085 5643 feriis
2115 5590 2303 5644 diebus
2345 5589 2509 5644 utitur
2540 5593 2728 5657 pannis
2770 5591 2966 5644 coloris
2995 5591 3202 5645 violacii
3236 5592 3286 5645 in
3335 5591 3516 5656 Missa,

1937 5689 1991 5733 et
2015 5680 2268 5733 diaconus
2294 5689 2347 5734 et
2369 5681 2726 5735 subdiaConus
2757 5695 2782 5734 s
2806 5683 3022 5746 utiliter,
3056 5683 3155 5736 nisi
3203 5684 3273 5736 sit
3301 5681 3518 5744 festum,

1937 5769 1989 5824 itt
2039 5785 2140 5839 quo
2172 5778 2392 5824 utuntur
2424 5770 2613 5839 pannis
2638 5771 2779 5826 illius
2810 5772 3006 5826 coloris
3043 5771 3182 5842 quod
3214 5771 3407 5824 fesmtu
3438 5782 3522 5820 re—
