4006 6292
514 301 652 357 {illi

1196 290 1535 346 APPENDIX
1583 289 1669 341 AD
1710 289 1765 341 S.
1811 284 2139 341 CREGORlI
2183 285 2398 339 MAG.“
2440 283 2804 339 LITL’RGlCA
2849 285 3089 340 ()l’EllA.

3650 287 3797 341 {Hii

513 411 695 479 qttil‘il.
729 407 795 462 Et
826 414 944 459 uota
978 403 1114 473 qus‘d
1148 418 1214 453 vn
1264 403 1449 452 dielius
1480 411 1600 451 ante
1633 398 1861 463 vigiliam
1895 397 2094 449 Nativi-
2130 401 2171 453 Λ
2206 398 2259 448 fit
2289 397 2520 448 oflirium
2551 405 2609 447 ut
2637 395 2942 447 continetur
2985 396 3033 447 in
3066 394 3251 448 ordine
3284 393 3564 449 Breviarii.
3596 395 3791 451 Cantat

518 504 682 563 tatis,
739 501 825 552 die
898 494 1171 548 Dominico
1220 502 1480 556 excepto,
1537 500 1817 543 captantur
1890 499 2093 553 septem

518 609 719 659 magna:
750 588 1065 656 Autiplmnm
1094 586 1155 637 ad
1202 584 1523 654 Magni/imi,
1550 593 1601 635 et
1624 582 1769 649 quasi
1794 581 2093 650 jubilando,

519 694 573 737 et
602 688 882 735 cantantur
906 686 1029 729 ante
1055 676 1318 727 Psalmnm
1344 686 1392 727 et
1422 684 1535 743 post
1564 674 1851 727 Psalmttm.
1901 674 1961 725 Et
1992 689 2093 726 non

520 770 715 824 dicitur
758 766 937 835 Hyrie,
988 766 1195 829 elcison,
1243 781 1339 819 nec
1390 766 1656 833 suffragia,
1710 765 1799 816 sed
1859 763 2097 815 abSt-lute

521 860 767 925 incipitur
803 856 1047 909 Dominus
1091 857 1362 913 vobiscum,
1396 872 1441 907 et
1476 854 1669 907 dici;ur
1698 852 1877 905 Oratio
1922 854 2094 905 Domi.

520 949 726 1013 nicalis,
760 947 916 999 etiam
942 949 1007 999 de
1036 946 1200 1011 feriis,
1234 946 1274 997 si
1310 946 1583 998 habeatur.
1619 946 1684 998 Et
1713 945 1925 997 attende
1956 944 2095 1011 quod

524 1052 736 1105 semper
778 1036 900 1090 dum
951 1045 1193 1088 cantatur
1221 1035 1287 1088 de
1327 1035 1567 1099 mortuis,
1610 1035 1720 1087 sive
1751 1034 1815 1087 de
1862 1034 1986 1086 fctia
2032 1034 2097 1087 ab

528 1127 769 1180 Adventu
816 1140 979 1192 usque
1022 1125 1088 1177 ad
1120 1124 1323 1181 Natale.
1354 1135 1405 1176 et
1435 1140 1463 1177 a
1491 1124 1889 1193 Septuagesima
1927 1139 2096 1192 usque

519 1218 585 1270 ad
630 1217 853 1279 Pascha,
889 1226 940 1270 et
986 1217 1037 1268 in
1070 1225 1295 1282 quatuor
1333 1216 1679 1283 temporibus,
1714 1226 1765 1268 et
1820 1216 1869 1267 itt
1905 1216 2096 1282 vigiliis

521 1308 859 1371 Sanctorum,
911 1307 963 1359 in
1006 1307 1193 1373 quibus
1215 1305 1502 1374 jejunatur,
1533 1319 1584 1358 et
1618 1307 1849 1358 ministri
1882 1308 2094 1374 capsula

518 1407 770 1462 utuntur,
815 1399 913 1451 ni:i
956 1397 1006 1450 iu
1045 1399 1223 1467 vigilia
1266 1398 1637 1464 Pentecoste",
1670 1410 1721 1452 et
1772 1399 1820 1451 in
1873 1408 2099 1465 quatuor

524 1490 850 1554 temporibus
891 1489 1129 1557 ejusdem
1161 1490 1277 1542 festi
1315 1488 1548 1542 ufftcium
1574 1506 1676 1541 non
1707 1490 1831 1542 facit
1862 1505 2012 1557 papa,
2041 1499 2097 1543 ut

524 1582 825 1635 continetur
872 1582 921 1632 in
980 1580 1246 1633 Ilreviario
1286 1580 1351 1633 de
1379 1579 1465 1633 die
1495 1588 1549 1633 et
1577 1580 1643 1632 de
1684 1580 1836 1632 beata
1866 1580 2093 1648 Virgine,

521 1690 685 1727 unum
710 1683 884 1727 tamen
914 1673 1212 1741 episeopale
1235 1680 1317 1726 est
1337 1672 1402 1724 ab
1428 1672 1538 1737 ipsa
1565 1672 1653 1725 die
1684 1671 1899 1723 Sabliati
1930 1686 2098 1738 usque

2199 486 2265 535 ibi
2310 486 2553 536 dominus
2597 499 2728 550 papa
2764 484 2970 535 Missam
3016 483 3263 536 demicte
3292 484 3355 535 ad
3402 485 3598 541 altare.
3646 490 3787 553 quod

2198 590 2413 626 vocatur
2442 590 2676 642 praesepe
2702 590 2715 636 ;
2747 585 2798 626 et
2827 576 2951 626 dum
2986 577 3128 627 exuit
3155 590 3234 636 se,
3262 586 3479 629 cantant
3520 580 3789 643 capellam

2199 665 2406 718 Laudes
2450 665 2787 716 matutinales
2818 680 2998 717 curam
3044 680 3147 727 eo;
3181 665 3373 732 quibus
3411 667 3596 732 dictis,
3648 669 3789 719 vadit

2198 757 2569 824 requie-cere.
2602 756 2665 808 Et
2702 771 2910 807 summo
2942 771 3096 809 mane
3122 768 3246 811 ante
3274 758 3402 810 solis
3432 770 3611 811 ortum
3650 762 3791 812 vadit

2198 864 2315 902 cum
2368 860 2475 901 tota
2529 848 2673 901 curia
2706 848 2769 900 ad
2811 849 3093 902 ceclesiatn
3144 861 3341 902 sancta:
3375 852 3699 915 Anasusim,
3736 866 3791 905 et

2198 948 2376 991 cantat
2405 939 2476 993 ibi
2509 939 2720 992 Missam
2750 955 2886 1006 :qua
2914 940 3077 1001 dit-ta,
3105 940 3243 993 redit
3270 940 3336 993 ad
3379 943 3577 995 dictam
3616 945 3787 996 eicie-

2199 1030 2329 1082 siam
2362 1042 2560 1085 sancta
2594 1032 2772 1085 Marite
2806 1032 3054 1101 Majoris,
3095 1046 3148 1086 et
3177 1044 3352 1087 cantat
3405 1035 3475 1087 ibi
3519 1036 3584 1088 ad
3620 1036 3794 1089 altare

2201 1122 2372 1190 majus
2415 1125 2627 1175 tertiam
2664 1124 2903 1187 Missam,
2928 1135 2982 1177 et
3026 1126 3076 1178 in
3120 1125 3370 1179 omnibus
3409 1126 3584 1179 MiSsis
3621 1126 3791 1179 utitur

2200 1215 2380 1268 colore
2418 1216 2540 1267 albo
2568 1232 2581 1279 ;
2605 1231 2703 1283 qua
2745 1216 2903 1279 dieta,
2941 1216 3076 1269 redit
3116 1217 3458 1280 Lateranum,
3490 1218 3623 1270 dicit
3658 1217 3787 1270 Ves-

2203 1322 2354 1374 peras
2380 1322 2501 1360 suas
2526 1307 2577 1359 in
2602 1308 2806 1375 capella
2840 1324 2957 1361 cum
2991 1310 3279 1378 eapellanis
3306 1309 3435 1363 suis.
3467 1310 3671 1363 Eodem
3703 1310 3793 1363 die

2202 1414 2388 1451 omnes
2419 1398 2799 1466 ptruiteutiarii
2844 1414 2963 1451 cum
2993 1415 3177 1453 eorum
3212 1399 3443 1463 f..mulis,
3469 1410 3524 1453 et
3554 1400 3791 1452 eleemo-

2202 1490 2446 1560 synarius
2489 1491 2935 1545 hebdomadarius
2966 1501 3020 1545 et
3072 1493 3476 1544 vicauecllarius
3509 1507 3631 1543 cum
3680 1503 3785 1543 tcta

2202 1582 2517 1635 cancellaria
2551 1582 2768 1635 veniunt
2799 1582 2982 1636 videre
3013 1598 3225 1650 papam,
3259 1592 3311 1635 et
3342 1597 3475 1650 papa
3501 1582 3595 1634 d..t
3620 1582 3791 1635 omni-

2205 1672 2300 1724 bus
2339 1672 2547 1738 species
2576 1681 2631 1725 et
2662 1672 2859 1724 vinum.

522 1765 587 1817 ad
622 1765 883 1830 Vesperas
905 1763 1094 1831 vigilim
1122 1762 1419 1815 Nativitatis
1445 1760 1673 1825 Domini,
1699 1761 1837 1829 quod
1864 1762 2093 1814 officium
2131 1772 2176 1830 Β
2274 1762 2433 1833 235
2467 1761 2549 1815 16.
2592 1762 2648 1815 In
2673 1762 2808 1816 festo
2841 1764 2978 1817 beati
3010 1762 3264 1829 Stephani
3298 1762 3358 1816 fit
3387 1763 3625 1815 olticiutn
3654 1762 3791 1816 sicut

523 1855 690 1909 beatze
718 1855 944 1923 Virginis
972 1857 1021 1908 iu
1046 1855 1334 1917 Matutiuis,
1365 1862 1416 1906 et
1442 1854 1490 1904 itt
1521 1853 1765 1920 Vesperis
1792 1853 1969 1917 primis
1994 1868 2099 1907 non

531 1946 723 1999 dicitur
750 1964 762 2011 ;
797 1948 917 1999 aliis
973 1961 1098 2000 vero
1128 1947 1317 1999 delius
1367 1944 1561 1997 dicitur
1602 1944 1862 2011 legendo;
1893 1943 1959 1996 ab
1990 1944 2100 2011 ipsa

533 2050 660 2087 veto
704 2033 870 2101 prima
901 2034 1168 2099 Dominica
1220 2033 1285 2086 de
1345 2035 1586 2085 Advvutu
1619 2048 1783 2101 usque
1812 2032 1875 2086 ad
1910 2034 2099 2085 festum

532 2122 760 2187 Natalis,
793 2138 910 2174 cnm
956 2121 1226 2190 jt-juttatur
1278 2121 1825 2190 quadragesima'liter.

601 2213 686 2268 Ην.
719 2212 773 2267 In
801 2214 972 2282 vigilia
1008 2214 1306 2268 Nativitatis
1330 2215 1533 2268 Dotnini
1560 2216 1700 2269 venit
1738 2231 1889 2283 papa,
1915 2231 2101 2270 omnes

529 2304 829 2356 cardinales
858 2314 910 2357 et
941 2304 1140 2369 praelati
1190 2307 1359 2359 vocati
1404 2320 1500 2374 per
1529 2319 1795 2363 cursores.
1829 2317 1883 2359 et
1924 2308 2105 2375 capel-

525 2396 666 2459 lani,
705 2405 757 2448 et
800 2396 887 2449 alii
933 2397 1177 2451 similiter
1201 2398 1265 2451 ad
1299 2398 1584 2467 Vesperas,
1613 2410 1663 2453 et
1712 2400 1945 2453 induitur
1974 2416 2103 2469 papa

529 2487 760 2555 pretioso
804 2489 1018 2555 pluviali
1066 2491 1249 2555 rubeo,
1283 2501 1336 2545 et
1366 2492 1513 2544 tnitra
1555 2492 1785 2557 pretiosa
1813 2509 1825 2555 ;
1859 2489 1947 2545 ali
1980 2508 2105 2545 vero

528 2596 715 2633 omnes
750 2582 854 2634 albi
887 2582 1078 2635 coloris
1110 2584 1368 2645 chtibus,
1401 2585 1632 2651 epismpi
1663 2594 1714 2637 ct
1741 2584 1947 2636 diaconi
1990 2599 2106 2635 ear-

529 2669 755 2734 dinales,
802 2680 854 2725 et
883 2673 971 2724 alii
1016 2673 1212 2739 pralati
1261 2673 1597 2741 pluvialibus,
1638 2674 1934 2744 presbyteri
1977 2689 2105 2727 vero

530 2760 708 2813 casula
736 2778 749 2824 ;
783 2770 836 2813 ct
865 2762 942 2814 sic
983 2762 1293 2816 solemniter
1320 2762 1500 2817 dicunt
1524 2763 1808 2832 Vesperas,
1838 2774 1893 2817 et
1923 2764 2106 2829 incipit

527 2865 659 2919 papa
687 2851 847 2922 234
881 2852 1139 2919 Vesperas
1180 2852 1231 2907 itt
1274 2854 1391 2907 loco
1432 2868 1529 2906 suo
1558 2866 1769 2919 ornato,
1816 2854 2105 2920 capellanis

522 2940 576 2990 in
626 2938 807 2992 habitu
849 2939 1059 2993 decenti
1108 2941 1445 2994 cantantibus
1484 2955 1661 2993 coram
1703 2956 1804 2995 eo,
1834 2942 1896 2994 Et
1936 2939 1979 2993 si
2024 2952 2107 2995 est

526 3029 738 3094 Romae,
774 3031 1085 3096 prmuuntiat
1115 3032 1451 3099 primicerius
1492 3031 1709 3095 scholae,
1735 3042 1787 3085 et
1812 3036 2100 3087 secundum

521 3125 732 3169 cautum
777 3118 1011 3181 scholm;
1065 3120 1109 3171 si
1157 3134 1283 3173 vero
1313 3129 1395 3173 est
1435 3121 1581 3185 alibi,
1616 3124 1920 3188 pronuntiat
1972 3124 2108 3179 alius
2136 3134 2181 3192 C

523 3208 827 3275 capellauus
875 3224 1021 3275 papa:
1060 3208 1524 3269 hebdomadarius.
1556 3220 1609 3265 et
1639 3214 1951 3280 prrenuntiat
1980 3216 2056 3267 sic
2089 3232 2102 3267 :

523 3298 743 3365 primam
777 3298 978 3365 primus
1000 3315 1129 3369 papa
1153 3341 1167 3365 ,
1196 3304 1480 3355 secundam
1526 3304 1668 3370 prior
1705 3302 2103 3371 epi:c0porum,

524 3387 734 3440 tertiam
764 3389 906 3455 prior
932 3391 1392 3460 presbyterorum,
1420 3401 1659 3461 quartam
1691 3396 1830 3459 prior
1852 3394 2108 3449 diaconu-

523 3490 678 3541 rum,
724 3480 959 3546 quintam
1000 3482 1134 3534 alter
1168 3480 1422 3536 diactmus
1466 3495 1585 3552 post
1631 3487 1881 3552 priorem.
1917 3487 2104 3541 Postea

522 3585 654 3638 papa
679 3572 798 3625 facit
827 3574 1130 3638 incensum,
1158 3584 1210 3629 et
1231 3574 1557 3629 incettsando
1580 3576 1750 3631 solum
1776 3579 1943 3633 altare
1966 3581 2106 3647 quod

523 3669 762 3727 paratum
792 3665 991 3717 dictum
1020 3675 1100 3718 est
1142 3680 1260 3719 esse
1286 3683 1300 3731 ;
1326 3676 1378 3719 et
1422 3684 1486 3719 eo
1516 3668 1820 3730 incensato,
1866 3670 2003 3722 redit
2041 3671 2105 3722 ad

522 3751 695 3805 locum
728 3769 901 3816 suum,
924 3763 976 3809 et
999 3755 1279 3809 cardittalis
1311 3757 1398 3824 qui
1428 3758 1473 3810 ei
1499 3760 1661 3811 servit
1688 3758 1754 3811 de
1786 3759 1921 3812 libro
1966 3760 2098 3812 reci-

523 3844 597 3909 pit
654 3842 1016 3909 tlturibulunt,
1061 3854 1112 3898 et
1152 3846 1388 3900 incensat
1440 3862 1654 3916 papam,
1706 3848 2001 3901 cardinales
2051 3861 2107 3903 et

521 3948 707 3985 omnes
751 3934 995 4002 praelatus
1039 3935 1252 3989 indutos
1285 3946 1337 3990 et
1377 3938 1680 4005 capellauos
1712 3938 1974 3991 ordinate.
2006 3938 2107 3992 Ca-

522 4027 743 4095 pitulum
768 4028 893 4082 dicit
916 4031 1218 4099 capellanus
1242 4072 1257 4098 ,
1283 4042 1332 4085 et
1359 4034 1739 4099 pra-nuntiatur
1773 4049 1915 4101 papa:
1945 4033 2105 4101 llym-

521 4132 620 4171 nus
666 4127 718 4172 et
760 4120 1059 4189 Antiphonta
1106 4123 1170 4175 ad
1218 4122 1553 4194 Magni/ient,
1598 4133 1653 4178 et
1700 4126 1953 4178 assistunt
2005 4128 2102 4188 ipsi

523 4225 670 4279 papa:
700 4214 802 4266 duo
830 4213 1037 4268 diaconi
1072 4217 1388 4282 cardinales,
1426 4234 1564 4271 tinus
1586 4218 1650 4270 ad
1683 4218 1929 4271 dextram
1961 4218 2094 4270 anti-

526 4308 709 4371 quior,
760 4317 814 4360 et
857 4307 1039 4375 junior
1086 4309 1150 4363 ad
1198 4309 1511 4374 sinistram;
1560 4318 1615 4364 et
1661 4311 1942 4378 episcopus
1989 4311 2107 4364 sive

520 4396 801 4468 presbyter
841 4401 1148 4464 cardinalis,
1177 4402 1266 4467 qui
1299 4404 1464 4453 servit
1495 4403 1560 4455 de
1593 4402 1746 4463 libro,
1776 4416 1896 4454 eum
1929 4402 2103 4455 denti-

2207 1857 2508 1910 continetur
2531 1855 2580 1908 itt
2604 1854 2905 1909 Ordinario.

2281 1948 2367 2000 17.
2412 1946 2466 1999 1η
2498 1945 2636 2000 festo
2665 1949 2834 2001 sancti
2868 1947 3087 2003 Joannis
3116 1948 3171 2000 ftt
3194 1946 3432 1999 officium
3463 1946 3711 1999 similiter
3737 1957 3791 1998 nt

2208 2037 2437 2091 habetur
2464 2036 2515 2088 in
2552 2036 2840 2100 Breviario,
2877 2046 2929 2091 et
2955 2038 3117 2090 utitur
3146 2037 3326 2089 colare
3354 2037 3498 2089 albo.

2280 2127 2367 2180 18.
2414 2127 2465 2179 lu
2497 2126 2631 2180 festo
2676 2126 3039 2181 Innocentium
3076 2129 3133 2180 lit
3160 2127 3395 2180 officium
3444 2138 3499 2179 ut
3534 2128 3783 2181 contine-

2210 2225 2295 2271 tur
2328 2217 2377 2270 in
2405 2216 2578 2280 libro;
2612 2226 2790 2270 tamen
2832 2216 2884 2269 in
2915 2217 3075 2270 Missa
3119 2217 3282 2270 utitur
3308 2216 3493 2269 colore
3527 2218 3785 2277 violate“,

2208 2315 2263 2361 et
2291 2307 2650 2361 subdiaconus
2674 2316 2726 2359 et
2749 2306 3009 2360 diaconus
3041 2315 3262 2359 utuntur
3291 2306 3541 2375 planetis,
3576 2318 3628 2359 et
3658 2324 3788 2374 papt

2210 2399 2369 2451 mitra
2396 2397 2645 2464 simplici.
2678 2397 2729 2449 ltt
2759 2412 2946 2451 eorum
2979 2397 3191 2450 (lctavis
3224 2398 3388 2449 utitur
3421 2400 3471 2448 in
3512 2397 3671 2448 Mis~a
3700 2415 3789 2448 (υο

2210 2490 2323 2543 lore
2358 2490 2544 2551 rubeo,
2581 2498 2635 2541 ut
2667 2488 2716 2540 in
2759 2487 2948 2542 diebus
2981 2488 3201 2543 festivis.
3229 2488 3285 2541 In
3320 2488 3444 2541 aliis
3476 2503 3611 2541 vero
3640 2488 3788 2540 festis

2209 2580 2578 2647 sequentibus,
2632 2579 2746 2633 sive
2778 2580 2969 2632 festum
3020 2577 3415 2642 confessorum,
3470 2581 3585 2632 sive
3630 2580 3791 2647 virgi-

2212 2686 2363 2736 num,
2398 2670 2565 2724 utitur
2591 2671 2771 2725 colore
2812 2671 2954 2733 albo,
2982 2670 3146 2725 rubeo
3179 2670 3229 2722 iu
3271 2670 3567 2723 Dominicis
3602 2687 3628 2721 a
3656 2670 3789 2722 Nati-

2211 2760 2378 2814 vitate
2410 2776 2578 2829 usque
2610 2760 2674 2813 ad
2699 2761 2955 2814 Octavam
2990 2760 3325 2828 Epiphania);
3367 2760 3411 2813 si
3443 2760 3567 2813 facit
3591 2762 3657 2812 de
3693 2762 3791 2811 lm-

2210 2855 2423 2919 minica,
2460 2870 2565 2907 non
2595 2854 2663 2908 de
2698 2854 2878 2921 aliquo
2911 2854 3069 2916 festo,
3114 2852 3277 2905 utitur
3307 2854 3428 2904 albo
3476 2853 3679 2906 colore.
3714 2856 3792 2907 Ab

2208 2955 2393 2999 octava
2443 2961 2571 2998 vero
2632 2945 2941 3012 Epiphania:
2996 2960 3161 3012 usque
3207 2943 3274 2997 ad
3329 2943 3791 3012 Septuagesimum

2208 3036 2394 3089 diebus
2428 3034 2715 3090 Dominicis
2745 3045 2797 3088 et
2826 3034 3099 3089 ferialibus
3132 3034 3295 3086 utitur
3327 3032 3511 3085 colore
3546 3033 3721 3084 viridi.

2292 3127 2376 3179 l9.
2421 3129 2458 3177 A
2490 3124 2887 3193 Septuagesima
2917 3138 3042 3178 vero
3076 3139 3242 3192 usque
3284 3122 3349 3175 ad
3395 3124 3620 3187 trimam
3652 3122 3794 3177 diem

2214 3212 2662 3281 Quadragesimte,
2698 3212 2861 3265 utitur
2887 3213 3070 3266 colore
3109 3213 3287 3280 nigro,
3329 3224 3381 3266 et
3420 3212 3546 3268 facit
3574 3212 3795 3266 Proces-

2212 3305 2419 3358 sionem
2454 3303 2519 3357 de
2549 3314 2732 3356 sancta
2759 3303 3039 3356 Anastasia
3083 3319 3247 3371 usque
3274 3307 3339 3358 ad
3372 3317 3611 3357 sanctam
3644 3304 3788 3358 Sabi-

2218 3409 2364 3457 nam,
2398 3401 2451 3445 et
2478 3392 2622 3445 vadit
2649 3406 2780 3460 papa
2806 3402 2857 3445 et
2879 3392 2967 3443 alii
3003 3386 3332 3457 discalceati,
3361 3403 3415 3446 et
3440 3393 3788 3447 discalceatnt

2212 3484 2328 3551 ipse
2360 3498 2488 3551 papa
2524 3484 2575 3536 in
2610 3494 2761 3551 porta
2791 3483 3073 3548 ecclesiae;
3102 3492 3157 3536 et
3184 3494 3399 3552 propter
3421 3486 3525 3538 hoc
3562 3484 3789 3537 induitur

2213 3578 2380 3628 Sacris
2413 3576 2671 3640 vestibus,
2700 3588 2753 3627 ct
2784 3590 2887 3628 non
2919 3577 3179 3628 ealciatur
3200 3576 3527 3629 sandalibus.
3564 3578 3626 3628 Et
3650 3586 3785 3642 pth..-

2214 3680 2370 3731 t,uam
2406 3664 2629 3717 veniunt
2659 3664 2801 3729 illuc,
2845 3680 2974 3733 papa
3008 3667 3168 3719 intrat
3197 3668 3517 3729 sacristiam,
3570 3677 3627 3719 et
3655 3668 3791 3717 lavat

2214 3759 2399 3823 pedes,
2451 3765 2502 3809 et
2558 3756 2849 3818 calceatur,
2900 3765 2953 3809 et
2992 3767 3176 3823 postea
3219 3766 3395 3809 cantat
3451 3758 3688 3811 Missam.
3740 3759 3792 3809 lu

2210 3845 2390 3899 eundo
2419 3860 2546 3898 vero
2573 3846 2710 3898 idem
2751 3844 3001 3898 dominus
3030 3860 3161 3913 papa
3194 3860 3313 3899 cum
3345 3845 3572 3899 diacono
3614 3850 3793 3912 cape!-

2211 3935 2334 3987 latto
2380 3947 2432 3987 et
2493 3935 2613 3987 alis
2662 3951 2782 3985 eum
2840 3935 3325 3988 eunettmitautihus
3374 3935 3522 3987 vadit
3567 3936 3795 3987 dicenda

2210 4026 2563 4089 Psalterium;
2597 4028 2908 4079 scholeuses
2940 4042 3066 4080 vero
3091 4036 3331 4093 cantant,
3369 4038 3423 4081 et
3452 4029 3551 4081 alia
3582 4030 3708 4080 liuut
3735 4040 3789 4080 ut

2208 4120 2511 4172 centiuetur
2541 4120 2590 4171 in
2620 4117 2819 4172 Ordine
2845 4118 3113 4181 Rutnauu;
3144 4132 3369 4186 excepto
3394 4120 3535 4186 quod
3573 4119 3623 4170 in
3648 4120 3792 4184 Qua-

2207 4211 2509 4279 dragesima
2543 4224 2707 4278 usque
2741 4211 2803 4263 ad
2834 4210 3070 4275 'Pascha,
3101 4219 3156 4263 et
3193 4211 3260 4262 ab
3298 4212 3495 4263 Octava
3529 4212 3789 4264 Penteco-

2207 4310 2323 4356 steu
2354 4316 2520 4370 usque
2550 4301 2614 4354 ad
2650 4301 2850 4365 Natale,
2885 4309 2938 4354 et
2966 4301 3033 4353 ab
3057 4300 3250 4354 Octava
3284 4300 3597 4368 Epiphania)
3629 4316 3795 4368 usque

2206 4394 2271 4445 ad
2307 4394 2773 4461 Quadragesimam
2793 4433 2808 4457 ,
2841 4393 2891 4445 in
2921 4392 3107 4445 diebus
3131 4388 3424 4455 ferialibus,
3459 4407 3580 4444 cum
3607 4390 3792 4444 dicun-

523 4501 622 4539 nus
650 4502 781 4556 papa
802 4490 927 4543 dicit
948 4490 1279 4545 Orationem.
1305 4491 1371 4543 Et
1396 4507 1517 4544 cum
1535 4492 1684 4556 dicit,
1709 4490 1815 4544 duo
1838 4492 2097 4558 capt-[lani
2136 4503 2183 4563 υ
2210 4495 2293 4536 tttr
2321 4485 2623 4546 Orationes,
2655 4484 2768 4535 sive
2813 4484 2861 4533 in
2895 4481 3070 4534 ofﬁcio
3102 4483 3203 4534 diei
3226 4523 3239 4545 ,
3269 4482 3381 4533 sive
3410 4482 3785 4534 defunctorum

524 4586 703 4631 tenent
720 4594 904 4645 magna
928 4580 1244 4634 candelabra
1268 4591 1519 4649 argentea
1544 4596 1667 4635 cum
1692 4581 1861 4634 cereis
1888 4591 2009 4634 ante
2027 4583 2104 4650 lp-

524 4684 660 4728 sum,
688 4678 738 4721 et
763 4670 904 4723 dicto
929 4669 1177 4723 Dominus
1202 4671 1475 4735 vobiscum,
1502 4671 1681 4739 junior
1702 4671 1957 4724 diaconus
1981 4670 2110 4723 dicit

526 4758 885 4814 Denedicamus
910 4761 1147 4825 Domino,
1166 4772 1215 4816 et
1235 4778 1365 4830 papa
1394 4764 1519 4816 dit-it
1550 4781 1565 4819 :
1591 4764 1863 4819 Sitttonten
1881 4763 2106 4816 Domini.

522 4850 638 4913 Quo
684 4852 862 4917 linito,
897 4854 1121 4906 redeunt
1146 4855 1208 4905 ad
1237 4854 1407 4906 aulam
1444 4871 1611 4922 papat,
1652 4856 1738 4906 ubi
1775 4865 1954 4921 parata
1986 4864 2108 4909 sunt

525 4941 645 4993 vina
680 4944 841 4993 multa
865 4952 917 4997 et
938 4943 1167 5005 divetsa,
1194 4957 1247 4996 et
1267 4945 1517 4997 clat'etum
1545 4956 1598 4997 et
1621 4944 1849 5007 Species.

598 5032 685 5089 15.
715 5035 771 5089 Si
803 5049 931 5085 vero
958 5050 1088 5101 papa
1119 5043 1200 5087 est
1232 5036 1431 5096 Itoni-.e,
1469 5036 1600 5084 facta
1627 5048 1777 5086 coma
1805 5035 1854 5084 in
1883 5043 1904 5066 υ
1943 5032 2102 5085 meri-

524 5129 631 5193 die,
666 5127 808 5181 vadit
834 5143 953 5181 cum
981 5126 1178 5179 familia
1206 5141 1299 5179 sua
1323 5125 1389 5178 ad
1422 5136 1657 5177 sam-tam
1691 5124 1905 5177 Mariam
1934 5125 2101 5190 Majo-

527 5233 662 5283 rem,
688 5229 737 5271 et
772 5219 841 5270 ibi
872 5218 1000 5271 dicit
1036 5216 1298 5284 \‘esperas
1326 5216 1595 5268 solemnes
1620 5230 1738 5267 cum
1782 5224 1887 5267 tota
1933 5216 2098 5276 curia,

528 5318 585 5360 ut
628 5308 826 5361 dictum
855 5319 956 5371 est,
984 5322 1035 5361 et
1068 5308 1137 5360 ibi
1182 5319 1480 5376 pernoctat,
1514 5316 1565 5359 et
1590 5314 1767 5358 cantat
1801 5306 1871 5358 ibi
1897 5305 2103 5359 Matuti-

533 5416 628 5454 nas
662 5402 713 5453 in
748 5402 969 5455 ecclesia
1001 5400 1135 5468 ipsa,
1168 5411 1221 5453 et
1251 5410 1355 5453 tres
1380 5399 1675 5453 cardinales
1706 5398 1965 5466 Cpis‘Cttpi,
1999 5396 2103 5449 duo

529 5490 760 5557 diaconi,
802 5502 852 5546 et
885 5508 1020 5546 uuus
1055 5493 1330 5559 presbyter
1370 5488 1609 5557 juniores
1650 5490 1905 5542 assistunt
1930 5488 2001 5551 ei,
2047 5498 2103 5542 et

605 5638 626 5661 η
657 5625 793 5691 Ergo
824 5626 925 5691 iam
960 5635 1080 5677 tunc
1109 5640 1262 5681 creua
1307 5640 1401 5682 seu
1432 5627 1648 5683 refectio
1685 5625 1875 5681 diebus
1915 5622 2101 5694 jejunii

538 5698 690 5748 bullat
724 5696 786 5746 ad
831 5696 1125 5747 meridiem.

2213 4583 2304 4627 aut
2326 4574 2493 4627 beata:
2530 4572 2782 4641 Virginis,
2832 4573 2883 4624 itt
2929 4571 3175 4623 omnibus
3228 4571 3383 4623 Horis
3412 4569 3672 4623 debemus
3700 4584 3792 4636 ge-

2214 4680 2312 4717 nua
2355 4666 2605 4727 “cetere;
2658 4674 2711 4716 ct
2753 4665 2804 4716 in
2848 4665 3005 4716 Missa
3056 4662 3301 4714 similiter
3343 4660 3601 4715 debemus
3652 4671 3795 4715 stare

2213 4732 2371 4808 ﬂexis
2402 4756 2624 4822 genibus
2660 4760 2710 4805 itt
2742 4753 3086 4806 Orationibus
3113 4761 3237 4805 ante
3267 4750 3571 4816 epistolam,
3596 4760 3649 4803 et
3679 4759 3793 4814 post

2212 4856 2427 4899 cautum
2476 4848 2540 4896 ad
2582 4845 2933 4897 elevatium-m
2988 4844 3229 4910 corporis
3257 4842 3475 4894 Christi.
3525 4840 3580 4893 ln
3612 4841 3791 4892 eleva-

2214 4939 2358 4990 tione
2404 4952 2531 4989 vero
2572 4936 2813 5004 corporis
2855 4934 3075 4999 Christi,
3121 4948 3240 4986 eum
3291 4941 3447 4984 antea
3492 4946 3675 4999 parum
3707 4931 3791 4981 de~

2212 5030 2372 5082 beant
2411 5042 2653 5097 Surgere,
2689 5035 3032 5095 prosternant
3082 5040 3140 5077 se
3188 5025 3253 5077 ad
3296 5034 3516 5087 terram,
3564 5031 3618 5075 et
3661 5022 3788 5074 adn-

2210 5132 2327 5175 reut
2362 5120 2388 5158 δ
2415 5137 2487 5174 τρε
2509 5132 2719 5174 etenter
2753 5121 2805 5172 in
2840 5120 2997 5171 iacies
3028 5116 3310 5181 cadendo;
3344 5126 3393 5169 et
3424 5115 3501 5168 sic
3544 5114 3787 5181 prostrati

2209 5221 2353 5267 stent
2390 5228 2557 5277 usque
2585 5212 2649 5263 ad
2681 5209 2783 5263 Per
2829 5211 3020 5273 omnia,
3065 5221 3187 5262 ante
3216 5210 3391 5277 Agnus
3426 5207 3538 5281 Dei,
3582 5216 3634 5259 et
3664 5205 3788 5259 dant

2211 5318 2422 5371 pacem,
2455 5312 2508 5355 et
2537 5303 2725 5353 iterum
2758 5316 2815 5353 se
2860 5308 3229 5368 prosternunt,
3258 5306 3312 5348 et
3357 5307 3499 5348 stant
3544 5298 3619 5348 sic
3663 5310 3783 5362 prn-

2209 5396 2381 5459 strati,
2408 5407 2681 5460 quousque
2731 5394 2984 5444 sarerdns
3010 5406 3204 5457 Corpus
3247 5402 3299 5442 et
3347 5388 3659 5452 sanguinem
3695 5404 3781 5440 su-

2210 5495 2339 5539 mat.
2376 5486 2492 5550 Quo
2516 5491 2750 5552 sumptu,
2799 5486 2922 5536 dum
2956 5481 3305 5550 perfunditur,
3340 5480 3581 5543 sedeant,
3613 5487 3664 5532 et
3694 5477 3783 5532 de-

2283 5620 2461 5674 bNota
2516 5621 2671 5673 ritum
2727 5616 2980 5671 adorandi
3031 5616 3416 5669 Eucharistia'n
3476 5616 3525 5667 in
3583 5614 3778 5674 .‘lissa;

2205 5706 2359 5761 quem
2391 5693 2544 5745 ritum
2591 5690 2744 5743 hodie
2778 5698 3005 5743 retinent
3036 5686 3390 5738 t'at'tltthiani.
