4006 6344
265 332 407 388 ΗΠ

1478 331 1737 389 ROMANI
1778 335 2091 392 Ol‘tDlNl‘lS.
2134 366 2203 376 -—
2245 336 2380 392 χιιι.

3403 357 3543 414 “18

262 445 434 498 beant
459 452 601 496 stare
642 443 906 512 capitibus
931 443 1282 512 discoopertis
1309 448 1374 499 ah
1403 450 1700 503 c'evatioue
1729 465 1850 504 cor-
1880 456 1928 512 Α
1961 447 2125 514 ipsius
2149 448 2251 502 diei
2286 450 2429 503 venit
2471 465 2600 520 papa
2650 469 2768 508 eum
2819 463 2925 509 tota
2972 458 3150 530 curia,
3209 472 3317 519 tum
3349 482 3540 525 omnes

264 537 416 604 poris
462 533 659 588 Christi
692 535 1048 606 236usque
1098 541 1162 589 ad
1216 539 1598 603 Slllll;ll0l|0lll.
1652 541 1847 593 lterqu

259 628 391 679 dum
435 627 616 678 dicunt
664 629 942 679 Orationes
989 639 1104 692 post
1135 629 1602 694 (Iomtnuuionem,
1651 631 1848 686 debent

257 734 436 786 genua
469 720 702 781 flectere,
752 729 803 771 ct
854 729 996 773 stare
1037 735 1202 788 uSque
1249 721 1313 774 ad
1348 727 1504 776 linem
1557 721 1753 779 Missae.
1793 721 1845 776 lu

258 810 684 877 Quadragesima
719 825 848 864 vero
887 821 1108 876 surgent
1146 823 1197 864 et
1227 818 1464 874 stabunt,
1495 813 1619 865 dum
1652 812 1848 865 dicitur

261 902 452 957 Oratio
483 918 642 969 super
667 902 944 969 populum.
964 902 1113 957 Tunc
1143 902 1601 971 discooperientur
1643 905 1838 969 capita,

255 1004 313 1048 et
337 993 670 1046 inclinabant
700 1007 775 1053 se,
805 992 932 1044 dum
956 993 1066 1059 ipsa
1089 993 1272 1046 Oratio
1294 994 1507 1047 dicitur.
1534 995 1687 1048 Missa
1710 1009 1836 1048 vero

257 1085 439 1149 liuita,
471 1101 604 1152 papa
639 1084 772 1136 dicit
805 1082 887 1138 Sit
920 1100 1097 1136 nomen
1137 1083 1365 1148 Domini,
1402 1093 1458 1136 ut
1486 1086 1649 1137 muris
1677 1095 1777 1139 est.

325 1177 417 1232 20.
461 1181 499 1231 A
534 1176 706 1244 primo
734 1177 817 1231 die
848 1173 1282 1244 Quadragesimze
1315 1190 1482 1244 usque
1513 1177 1576 1228 ad
1613 1175 1836 1242 Pascha,

250 1269 298 1324 si
335 1285 470 1338 papa
522 1277 718 1332 cantat,
755 1284 913 1322 unam
963 1276 1161 1321 tantum
1212 1267 1518 1320 Orationem
1559 1267 1842 1320 COIISUeVil.

251 1361 470 1430 publice
500 1360 710 1425 dicere;
752 1361 1009 1427 capellaui
1046 1374 1169 1414 vero
1212 1360 1393 1413 dicunt
1431 1361 1693 1431 quinque,
1729 1361 1838 1430 pri-

250 1466 394 1505 mam
427 1451 494 1504 de
539 1450 647 1517 die,
681 1453 966 1504 secundam
1021 1451 1065 1503 Α
1113 1453 1326 1515 cunctis,
1383 1453 1590 1504 tertiam
1650 1450 1830 1504 Omni-

247 1553 428 1608 potens
456 1542 757 1609 sempiterna
779 1540 934 1608 Deus,
964 1541 1052 1612 qui
1070 1543 1314 1605 virorum,
1334 1552 1575 1608 quartam
1602 1541 1811 1595 Exaudi

245 1648 564 1700 qumnmus,
592 1630 752 1695 Deus,
786 1633 1110 1698 supplicum,
1140 1635 1378 1702 quintam
1401 1634 1466 1687 de
1498 1648 1651 1702 papa,
1682 1643 1736 1687 et
1758 1633 1836 1686 sic

245 1725 310 1777 lit
357 1725 544 1779 diebus
576 1723 846 1778 ferialibus
901 1739 1068 1792 usque
1111 1724 1175 1777 ad
1226 1723 1556 1778 Dominicatn
1598 1725 1665 1778 de
1717 1724 1838 1777 Pas-

245 1817 421 1870 sione.
456 1817 496 1868 Α
534 1815 802 1868 Dominica
832 1828 959 1868 vero
989 1815 1057 1869 de
1087 1815 1345 1868 Passioue
1390 1815 1441 1868 in
1477 1815 1635 1868 Missa
1670 1829 1836 1882 u~quc

1958 540 2192 608 episcopi
2224 541 2521 597 cardinales
2552 544 2604 598 in
2638 547 2976 616 pluvialibus,
3011 555 3312 626 presbyteri
3358 559 3408 609 in
3441 574 3534 613 ca-

1956 630 2094 692 sula,
2126 631 2335 685 diaconi
2374 634 2425 686 in
2457 634 2762 703 dalmatica,
2796 639 3112 696 subdiacoui
3159 645 3212 698 in
3247 647 3538 721 tunicellis,

1957 722 2160 788 praelati
2192 739 2380 776 onmes
2411 725 2463 779 in
2503 727 2818 794 pluvialibus
2850 732 3049 787 coloris
3091 735 3218 800 albi,
3251 748 3305 790 et
3333 738 3420 792 alii
3450 755 3540 794 ca-

1957 810 2171 876 pellani,
2201 813 2286 880 qui
2322 813 2519 868 habent
2549 819 2776 883 servire,
2811 819 2861 873 in
2893 825 3306 892 superpelliciis,
3336 839 3388 882 et
3420 829 3533 898 ipse

1954 901 2203 956 dominus
2233 920 2364 973 papa
2414 922 2534 961 cum
2579 912 2813 976 pretioso
2859 914 3080 981 pluviali
3109 926 3167 972 et
3213 901 3370 975 mitra
3413 938 3534 976 cum

1954 1009 2106 1059 auro,
2157 1007 2210 1048 et
2256 996 2324 1050 ibi
2359 998 2415 1050 lit
2461 1013 2552 1068 per
2584 1001 2754 1068 ipsum
2786 1003 3058 1060 dominum
3093 1024 3280 1079 papam
3327 1027 3530 1068 sermo.

1955 1086 2071 1149 Quo
2103 1087 2274 1151 liuilo,
2323 1105 2453 1158 papa
2509 1093 2708 1148 residet
2740 1096 2790 1149 in
2842 1096 3157 1165 faldismrin,
3205 1114 3259 1156 et
3286 1104 3535 1174 leguntur

1957 1188 2051 1242 per
2107 1177 2440 1243 capellanum
2497 1180 3112 1255 exeouunuuicatioues;
3168 1202 3220 1245 ct
3277 1194 3535 1249 diaconus

1952 1264 2237 1320 cardinalis
2286 1271 2528 1338 exponit,
2582 1282 2634 1324 et
2675 1273 2812 1327 sicut
2860 1275 2927 1329 de
2976 1281 3212 1346 quolibet
3256 1299 3530 1350 processu.

1948 1354 2149 1420 Quibus
2201 1357 2353 1412 lectis
2383 1369 2439 1412 et
2480 1363 2766 1429 expositis,
2821 1365 3037 1419 veniunt
3068 1371 3249 1423 multa:
3297 1376 3535 1429 candela:

1944 1458 2205 1509 accensa),
2237 1461 2300 1502 ex
2333 1448 2526 1516 quibus
2547 1449 2662 1518 ipse
2693 1466 2826 1520 papa
2859 1463 3001 1509 tenet
3040 1457 3264 1527 aliquas,
3297 1471 3348 1514 et
3375 1466 3536 1532 quili-

1926 1535 2035 1617 Ibet
2061 1534 2349 1590 cardiualis
2379 1546 2432 1590 et
2461 1540 2712 1606 praelatus
2747 1552 2914 1601 tenet,
2937 1558 3088 1602 sitam
3135 1561 3438 1618 accenszun,
3474 1565 3527 1608 et

1946 1623 1996 1676 in
2050 1635 2246 1680 terram
2301 1626 2448 1696 ponit
2496 1631 2913 1700 exstinguendo,
2967 1634 3197 1692 dicendo
3242 1638 3528 1698 Prwdictos

1944 1733 2116 1772 onmes
2158 1722 2697 1789 excommunicamus;
2738 1733 2794 1778 et
2846 1733 2972 1782 tunc
3002 1742 3276 1797 campanae
3314 1733 3528 1788 insimul

1944 1808 2062 1864 sine
2092 1810 2278 1864 ordine
2308 1813 2728 1881 compulsautur.
2758 1815 2824 1868 Et
2849 1816 2932 1872 hic
2959 1818 3128 1887 quani
3159 1831 3338 1888 posset
3364 1839 3529 1891 quare

244 1910 313 1964 ad
341 1909 539 1963 Pascha
566 1908 760 1962 dicitur
791 1918 994 1962 tantum
1027 1908 1095 1962 de
1120 1908 1206 1963 die
1239 1907 1481 1961 Ecclesia:
1507 1920 1631 1972 mw,
1665 1919 1720 1962 et
1753 1908 1820 1961 tle
1865 1901 1909 1960 B
1939 1901 2017 1954 sic
2065 1905 2304 1958 candelae
2345 1919 2585 1960 accensa:
2623 1909 3012 1977 proiiciantur;
3053 1912 3117 1964 Et
3167 1926 3529 1982 respondetur

243 2016 403 2071 papa.
435 1999 551 2054 Alia
580 2014 706 2053 vero
735 1998 910 2052 ollicia
942 2013 1111 2068 usque
1149 1998 1215 2051 ad
1249 1997 1579 2051 Dominicatn
1611 1998 1680 2051 de
1712 1997 1828 2050 La:-

244 2103 378 2155 tare,
406 2089 696 2144 Jerusalem
725 2091 879 2155 liunt,
932 2098 990 2142 ut
1021 2091 1247 2143 habetur
1292 2089 1344 2141 in
1374 2088 1606 2152 Ordine;
1642 2088 1692 2140 in
1726 2101 1829 2156 qua

245 2182 527 2237 Dominiea
558 2197 690 2251 papa
724 2190 900 2251 portat
927 2182 1139 2234 mitram
1178 2197 1300 2234 eum
1327 2180 1617 2245 aur-ilrisio,
1651 2191 1704 2235 et
1735 2196 1830 2230 va-

243 2275 322 2328 dit
355 2286 574 2330 cantare
600 2276 666 2328 ad
707 2285 947 2329 sanctam
973 2276 1226 2340 Crucem,
1270 2274 1314 2328 si
1341 2283 1424 2329 est
1451 2275 1654 2329 Romus.
1701 2275 1764 2328 Et
1787 2291 1831 2328 st

246 2379 331 2422 est
374 2367 522 2430 alibi,
558 2367 648 2420 ubi
678 2369 891 2434 placet;
947 2375 1001 2420 et
1033 2375 1209 2436 portat
1253 2367 1305 2420 in
1353 2381 1512 2420 mauu
1545 2367 1830 2434 quamdam

241 2473 420 2511 rosam
451 2471 667 2511 auream
717 2459 854 2510 miro
901 2471 1063 2525 opere
1110 2466 1408 2524 Operatam,
1457 2458 1506 2509 in
1548 2473 1652 2524 qua
1687 2459 1831 2511 intus

239 2555 368 2601 sunt
399 2563 612 2601 muscus
641 2559 695 2601 et
723 2546 1042 2612 balsamum,
1088 2554 1142 2599 et
1179 2554 1326 2599 tenet
1357 2546 1526 2613 ipsam
1558 2547 1610 2599 in
1644 2561 1824 2611 manu,

240 2639 369 2690 dum
402 2638 531 2691 dicit
554 2637 820 2703 Tertiam;
853 2647 907 2692 et
951 2639 1077 2690 dum
1108 2637 1366 2692 calciatur
1395 2645 1448 2690 et
1475 2651 1596 2689 cum
1647 2635 1824 2688 indui-

243 2738 348 2790 tur,
395 2737 571 2781 servat
620 2742 738 2780 eam
781 2730 1131 2788 camerarius,
1185 2734 1237 2778 ct
1262 2725 1412 2795 juxta
1463 2726 1634 2793 ipsum
1669 2725 1827 2780 hodie

241 2827 424 2880 servat
453 2835 570 2873 eam
599 2817 875 2872 diaconus.
905 2817 960 2873 Si
988 2833 1121 2888 papa
1153 2833 1254 2869 non
1288 2819 1545 2885 celebrat,
1580 2828 1632 2872 et
1653 2817 1826 2872 indui-

243 2922 329 2967 tur
374 2912 624 2982 pretiosis
661 2911 855 2980 quibus
896 2911 1135 2964 iuduitur
1165 2909 1215 2964 in
1265 2911 1540 2965 Dominica
1589 2912 1656 2967 de
1688 2909 1832 2965 Gau-

238 3005 373 3070 dete,
405 3013 459 3058 et
490 3012 635 3058 tenet
664 3003 830 3072 ipsam
865 3018 1064 3069 rosam,
1087 3018 1211 3057 cum
1243 3004 1652 3071 sermocinatur,
1688 3011 1744 3058 et
1772 3001 1824 3057 in

235 3094 400 3151 Missa
455 3103 633 3149 servat
683 3093 850 3162 ipsam
893 3093 1252 3147 subdiaconus
1301 3091 1451 3162 juxta
1503 3092 1674 3160 ipsum
1735 3093 1825 3164 qui

236 3184 404 3239 servit
447 3184 514 3238 de
559 3184 788 3249 tobalia;
844 3193 898 3240 et
936 3184 1074 3238 dicta
1113 3185 1271 3238 Missa
1320 3191 1556 3252 reportat
1595 3199 1711 3238 eam
1766 3185 1818 3239 in
1852 3222 1897 3286 Ο

233 3291 418 3344 manu,
453 3288 504 3330 et
551 3275 804 3346 praefecto
858 3275 1013 3330 ljrhis
1050 3275 1130 3328 vcl
1168 3276 1324 3330 alteri
1354 3276 1440 3330 cui
1485 3276 1657 3346 placet
1700 3292 1816 3332 eam

232 3367 384 3433 dare,
415 3368 502 3438 qui
529 3368 775 3422 adextrat
798 3382 987 3436 papam
1013 3367 1240 3421 tenendo
1266 3367 1470 3421 frenum
1499 3371 1621 3436 equi
1655 3368 1816 3436 pedes

232 3458 300 3513 ad
331 3459 505 3511 locum
537 3457 588 3511 in
621 3472 724 3527 quo
771 3472 902 3527 papa
935 3457 1218 3512 descendit
1244 3469 1296 3511 et
1333 3458 1590 3526 praecedit
1630 3461 1819 3514 subse-

236 3547 450 3617 queudo
477 3563 644 3617 usque
672 3549 739 3602 ad
761 3562 1064 3614 cameram;
1094 3557 1147 3602 et
1174 3562 1306 3617 papa
1336 3550 1430 3602 dat
1459 3548 1506 3604 ci
1537 3565 1734 3616 rosam,
1765 3559 1820 3606 et

243 3641 336 3694 ille
377 3641 648 3695 osculatur
679 3640 796 3710 cjus
825 3655 1013 3697 manus
1063 3651 1114 3693 et
1143 3643 1324 3709 pedes,
1375 3651 1429 3695 ct
1460 3643 1596 3697 redit
1625 3644 1691 3696 ad
1723 3646 1818 3698 do-

231 3747 376 3786 mum
404 3747 554 3786 suam
586 3745 706 3786 cum
748 3746 868 3786 rosa
908 3731 1262 3785 decentem...
1296 3732 1353 3786 Si
1390 3747 1521 3801 papa
1554 3735 1812 3798 celebrat,

230 3823 323 3877 'dat
355 3837 532 3877 rosam
567 3831 684 3890 post
714 3823 1033 3876 descensum
1075 3836 1260 3888 suum;
1294 3823 1337 3875 si
1372 3838 1498 3876 vero
1536 3839 1639 3877 non
1673 3825 1817 3880 cele-

229 3913 370 3976 brat,
402 3914 491 3968 dat
514 3929 688 3967 rosam
718 3914 769 3967 in
799 3928 1013 3968 camera
1044 3928 1159 3966 sua.
1192 3913 1329 3980 Quid
1365 3930 1492 3968 veru
1529 3930 1647 3968 rosa
1681 3915 1816 3984 lucc,

232 4023 439 4073 aurum,
477 4023 692 4061 muscus
717 4017 770 4062 et
813 4006 1130 4072 balsamum,
1163 4023 1281 4076 quin
1311 4016 1437 4062 sunt
1476 4009 1618 4060 intus
1646 4009 1696 4060 in
1727 4022 1813 4074 ea,

235 4101 292 4147 et
320 4092 458 4158 quod
490 4093 578 4148 tali
624 4093 712 4146 die
767 4101 1026 4162 pettatur,
1079 4092 1400 4162 signiﬁcent,
1445 4091 1686 4162 diligenti
1727 4092 1812 4146 in-

228 4184 470 4254 quisitori
500 4194 762 4239 servatur.

299 4275 387 4330 2i.
433 4277 487 4329 In
523 4277 798 4331 Dominica
851 4277 1032 4330 ltamis
1077 4275 1382 4330 Palmarum
1435 4276 1524 4330 ﬁat
1577 4277 1812 4331 ollicium

226 4382 284 4426 ut
324 4373 630 4426 continetur
689 4373 740 4425 iu
795 4370 1031 4436 Ordine;
1088 4371 1186 4423 hoc
1231 4379 1404 4424 tamen
1451 4370 1616 4431 salvo,
1670 4369 1812 4437 quod

227 4463 353 4517 dum
393 4472 640 4516 cantatur
681 4461 887 4528 Passio,
920 4460 1169 4514 dominus
1222 4476 1351 4527 papa
1395 4469 1541 4513 tenet
1583 4462 1810 4528 palmam

1941 1994 2080 2062 quod
2123 1994 2264 2050 sicut
2291 2011 2409 2050 cum
2455 1998 2676 2053 candela
2709 2014 2932 2056 accensa
2964 2003 3256 2071 projicitur,
3304 2008 3514 2062 exstin-

1940 2085 2140 2152 guitur,
2166 2085 2242 2140 sic
2260 2103 2354 2156 per
2383 2092 2992 2147 excommunicatioaem
3025 2095 3090 2148 ab
3122 2095 3360 2151 Ecclesia
3397 2099 3521 2167 Spi-

1941 2181 2075 2233 ritus
2109 2181 2278 2235 sancti
2321 2182 2510 2250 gratia,
2552 2199 2672 2251 quae.
2716 2184 3047 2254 signiﬁcatur
3087 2203 3182 2257 per
3221 2190 3416 2255 lucem,
3451 2195 3525 2246 ab.

1939 2268 2018 2322 eis
2049 2278 2386 2332 removetur;
2419 2279 2476 2324 et
2504 2270 2644 2325 sicut
2690 2273 2741 2325 in
2797 2274 3100 2340 pulsatione
3128 2279 3374 2330 ordinata
3419 2279 3518 2333 Ec-

1940 2358 2106 2412 clesia
2146 2358 2330 2414 ﬁdeles
2375 2372 2684 2430 congregat,
2729 2364 2806 2417 sic
2850 2365 2902 2417 in
2936 2366 3234 2419 inordinata
3278 2367 3522 2423 inﬁdeles

1939 2448 2222 2520 dispergit.
2245 2450 2325 2503 Ad
2355 2451 2456 2504 hoc
2479 2467 2605 2506 vero
2627 2455 2790 2521 quairi
2821 2463 2995 2523 potest
3021 2471 3184 2524 quare
3213 2462 3311 2510 huc
3341 2459 3519 2521 hodie,

1934 2547 1990 2591 et
2034 2540 2084 2591 in
2137 2541 2471 2595 Ascensioue
2510 2541 2745 2611 Domini,
2802 2546 2946 2598 et.in
2980 2546 3116 2599 festo
3161 2547 3521 2603 Dedicationis

1936 2629 2171 2683 basilica:
2202 2631 2484 2686 duodecim
2519 2636 2900 2702 Apostolorum
2947 2635 3250 2704 hujusmudi
3298 2654 3514 2692 excom-

1936 2727 2326 2782 municationes
2359 2728 2488 2781 ﬁant
2517 2729 2568 2780 in
2602 2727 2835 2782 Ecclesia
2872 2729 2986 2794 Dei,
3021 2745 3139 2782 cum
3174 2733 3341 2799 magis
3369 2733 3521 2785 vide-

1935 2829 2121 2872 rentur
2143 2819 2245 2873 illis
2274 2819 2463 2874 diehus
2485 2819 2728 2885 silendte,
2753 2834 2872 2874 cum
2906 2821 2954 2872 in
2981 2819 3170 2874 diebus
3202 2822 3352 2875 t‘estts
3369 2832 3519 2876 actus

1927 2910 2208 2980 judiciales
2237 2925 2342 2965 non
2367 2913 2595 2967 debeant
2616 2915 2876 2968 exerceri.
2912 2915 2978 2968 Et
2997 2915 3350 2982 respondi-tur
3377 2918 3518 2984 quod

1932 3010 2014 3056 est
2044 3002 2132 3055 illa
2180 3003 2316 3055 ratio
2343 3002 2604 3056 festorum
2642 3005 2823 3058 trium.
2868 3003 3070 3072 Primo,
3106 3008 3203 3058 hac
3247 3006 3334 3060 die
3371 3006 3518 3060 lovis

1933 3100 2331 3145 sacramentum
2387 3094 2628 3159 corporis
2666 3101 2721 3146 et
2769 3094 3042 3162 sanguinis
3083 3093 3279 3148 Christi
3331 3095 3518 3149 habuit

1931 3179 2275 3248 principium,
2304 3179 2356 3232 in
2387 3195 2493 3248 quo
2541 3195 2729 3234 omnes
2760 3180 2943 3236 ﬁdeles
2983 3183 3404 3236 communicant.
3438 3187 3518 3241 Ad

1927 3268 2319 3322 ostendendum
2347 3284 2474 3323 vero
2505 3269 2644 3338 quod
2681 3272 3128 3326 excommunicati
3168 3274 3218 3326 iu
3254 3273 3356 3327 hoc
3409 3290 3516 3328 mm

1929 3370 2355 3428 communicant,
2397 3376 2464 3415 eo
2494 3361 2584 3417 die
2625 3361 2693 3416 ab
2731 3362 2955 3416 ecclesia
2983 3365 3188 3418 exclusi
3214 3365 3510 3420 ostendun-

1932 3463 2040 3508 tur.
2067 3453 2126 3508 ln
2158 3455 2488 3509 Ascensione
2522 3469 2648 3509 vero
2679 3454 2873 3523 legitur
2903 3457 3041 3510 Deus
3082 3470 3299 3526 rogasse
3329 3473 3424 3526 pro
3453 3460 3511 3511 li-

1929 3545 2171 3611 delihus;
2222 3547 2361 3598 unde
2397 3554 2578 3598 cantat
2621 3545 2903 3601 Ecclesia:
2937 3544 3094 3599 Pater
3130 3557 3321 3611 sancte,
3369 3564 3517 3601 serva

1930 3653 2035 3702 eos,
2064 3648 2208 3702 etc.;
2254 3637 2396 3692 unde
2442 3638 2674 3692 ostendit
2714 3639 2951 3693 Ecclesia
2981 3639 3120 3708 quod
3159 3654 3257 3708 pro
3291 3641 3372 3694 h’s
3405 3657 3510 3694 non

1924 3730 2114 3794 oravit,
2139 3736 2196 3784 et
2219 3745 2310 3784 eos
2335 3729 2466 3784 tales
2488 3730 2789 3786 denuntiat.
2815 3732 2865 3786 In
2894 3730 3030 3785 festo
3057 3745 3185 3786 vero
3214 3731 3512 3787 Dedicatio-

1925 3822 2008 3876 nis
2034 3823 2332 3876 ostenditur
2363 3823 2510 3878 locus
2539 3824 2702 3896 238
2733 3826 2823 3894 qui
2871 3825 3116 3880 ﬁdelibus
3159 3825 3225 3879 ad
3276 3828 3508 3880 adorati-

1930 3910 2056 3966 dum
2091 3913 2408 3980 deputatur;
2443 3923 2496 3966 et
2534 3918 2674 3982 quod
2705 3913 3013 3970 inﬁdelibus
3046 3917 3193 3970 locus
3223 3917 3312 3971 ille
3355 3932 3508 3984 aper-

1928 4010 2012 4055 tus
2038 4016 2144 4054 non
2185 4011 2288 4065 est,
2325 4003 2375 4055 in
2409 4003 2524 4070 ipso
2553 4003 2640 4057 die
2674 4003 2744 4057 ab
2773 4004 3002 4060 ecclesia
3047 4006 3408 4076 expelluntur.
3447 4008 3510 4063 Et

1925 4092 2028 4147 hoc
2057 4101 2226 4146 totum
2271 4092 2328 4145 lit
2375 4107 2472 4160 pro
2515 4093 2747 4147 utilitate
2796 4097 3408 4162 excommunicatorum,
3453 4107 3510 4151 ut

1925 4185 2166 4240 videntes
2215 4200 2275 4239 se
2305 4200 2332 4238 a
2384 4194 2459 4239 tot
2508 4186 2665 4239 bonis
2713 4195 2985 4240 tantorum
3027 4187 3235 4241 dierum
3274 4189 3505 4255 excludi,

1923 4277 2127 4330 facilius
2167 4276 2232 4330 ad
2283 4275 2734 4331 reconciliationis
2779 4277 3003 4346 gratiam
3046 4277 3503 4334 condescendant.

1922 4369 2001 4424 Ad
2034 4368 2174 4422 diem
2207 4383 2335 4422 vero
2369 4367 2564 4422 festum
2597 4367 2953 4436 respondetur
2981 4368 3124 4438 quod
3159 4371 3257 4423 hoc
3292 4385 3395 4422 non
3419 4381 3505 4424 εει

1921 4458 2201 4514 sententia:
2237 4459 2485 4528 prolatio,
2524 4458 2618 4513 sed
2658 4459 2983 4512 exclusiouis
3011 4460 3270 4523 ostensio,
3315 4468 3369 4512 et
3400 4475 3504 4512 nou

231 4572 382 4610 suam
415 4555 467 4608 in
501 4554 766 4621 manibus,
797 4563 851 4607 et
894 4553 1224 4621 quibuslibet
1276 4551 1431 4606 alius.
1486 4552 1552 4605 Et
1596 4564 1674 4606 est
1711 4551 1809 4606 ista
1843 4529 1897 4592 Ῑ)
1923 4563 2017 4616 per
2049 4546 2540 4617 viamjndicialem,
2573 4546 2664 4600 sed
2696 4547 3116 4602 admonitionem
3141 4557 3192 4602 et
3213 4551 3502 4602 correctio-

226 4647 362 4702 ratio
384 4647 522 4715 quod
551 4646 638 4701 illa
669 4645 776 4700 duo
808 4655 1198 4714 repraesentant
1224 4644 1477 4698 Ecclesiae
1508 4644 1716 4698 laudem
1760 4655 1814 4699 et

221 4739 634 4807 ituprOperium,
663 4753 893 4806 quorum
928 4736 1152 4805 primum
1187 4737 1236 4788 in
1269 4737 1458 4799 palmis
1484 4746 1536 4790 et
1567 4737 1806 4804 floribus,

219 4830 456 4884 alterum
488 4831 540 4884 in
571 4831 810 4900 Epistola
843 4839 896 4884 et
927 4830 1182 4884 Passione
1229 4829 1403 4883 Missa)
1445 4830 1761 4898 exprimitur
1794 4847 1808 4896 ;

219 4934 274 4977 et
301 4923 423 4976 licet
447 4923 605 4994 237
640 4923 874 4976 ECI‘ICSlﬂ
908 4930 930 4954 υ
966 4920 1239 4974 Gallicana
1272 4920 1452 4974 rubeis
1501 4930 1679 4974 utatur
1719 4936 1805 4975 ve-

219 5013 418 5077 stihus,
453 5012 695 5066 Romana
725 4999 905 5066 tamen
953 5011 1194 5064 violaciis
1225 5011 1431 5071 utitur;
1477 5019 1670 5064 czctera
1719 5025 1808 5063 us-

219 5120 325 5174 que
355 5105 422 5158 ad
455 5104 595 5158 diem
628 5105 775 5159 Jovis
800 5105 850 5157 in
876 5101 1036 5158 Coena
1069 5101 1276 5158 DOmiui
1311 5102 1460 5168 liunt,
1496 5112 1552 5156 ut
1590 5117 1810 5170 ponun-

221 5207 308 5250 tur
339 5196 390 5249 in
418 5196 637 5249 Ordine.

290 5286 384 5340 22.
430 5288 485 5340 ln
515 5288 678 5341 Coena
712 5285 921 5339 Domini
957 5286 1007 5337 iu
1033 5294 1188 5337 nocte
1214 5293 1266 5337 et
1298 5283 1383 5337 die
1409 5284 1660 5339 dicuntur
1688 5299 1808 5338 om-

220 5376 306 5430 nia
335 5382 396 5428 ut
423 5376 769 5428 continentur
799 5373 850 5426 in
878 5369 1097 5434 Ordine,
1133 5370 1232 5423 hoc
1262 5379 1438 5424 tamen
1468 5369 1636 5434 salvo,
1662 5371 1806 5439 quod

221 5470 276 5523 in
312 5470 427 5536 ipso
455 5468 541 5522 die
573 5468 754 5536 legunt
779 5474 890 5521 tres
922 5465 1161 5519 Psaluios
1187 5479 1202 5527 ;
1251 5463 1506 5517 lectiones
1540 5463 1606 5516 de
1634 5463 1808 5516 'l‘hre-

222 5561 304 5613 uis
336 5569 445 5614 tres
477 5561 541 5613 de
567 5561 768 5628 capella
794 5558 1058 5628 iuniores,
1088 5558 1140 5610 in
1187 5556 1425 5610 secundo
1461 5556 1550 5609 die
1584 5564 1692 5609 tres
1722 5570 1808 5608 se-

219 5654 423 5713 uiorcs,
447 5650 502 5703 in
531 5649 962 5718 tertiocapell..ni
983 5645 1300 5716 presbyteri.
1335 5647 1468 5698 llora
1502 5661 1628 5698 vero
1649 5653 1798 5698 sexta

1927 4655 2049 4694 netu
2082 4641 2435 4694 materialem.
2474 4639 2586 4706 Qua
2619 4639 2999 4707 praedicatione
3041 4647 3094 4692 et
3131 4641 3502 4693 excommuni-

1917 4730 2131 4784 catione
2163 4728 2452 4797 completa,
2488 4729 2545 4781 ﬁt
2597 4727 2884 4792 confessio,
2931 4737 2985 4781 et
3038 4729 3277 4796 sequitur
3320 4729 3500 4781 indul-

1912 4820 2104 4888 gentia:
2135 4819 2299 4880 datio,
2333 4833 2450 4887 qum
2487 4827 2571 4872 est
2614 4818 2734 4872 talis
2766 4834 2780 4871 :
2816 4819 3076 4888 indigenis
3120 4819 3276 4872 datur
3330 4834 3501 4874 anuus

1915 4922 1969 4966 et
1996 4927 2062 4964 χι.
2101 4911 2216 4965 dies
2246 4927 2258 4966 :
2289 4911 2558 4964 extraneis
2591 4925 2628 4963 tt
2659 4910 2782 4964 anni
2811 4920 2865 4964 et
2902 4925 2941 4963 ιι
2986 4910 3367 4979 quadragenae;
3410 4911 3500 4963 ul-

1913 5000 2263 5056 tramoutanis
2285 5017 2344 5055 ιιι
2374 5001 2496 5054 anni
2518 5009 2573 5054 et
2601 5015 2652 5053 tv
2673 4999 3045 5068 quadragena.
3081 5001 3171 5054 llis
3199 5001 3289 5068 qui
3323 5009 3500 5053 trans-

1913 5090 2103 5147 iverint
2145 5107 2290 5146 mare
2322 5107 2373 5145 tv
2401 5108 2530 5146 ann.
2563 5101 2615 5145 et
2665 5106 2716 5144 ιν
2747 5090 3124 5159 quadragenum.
3157 5091 3218 5143 Et
3249 5093 3305 5143 lit
3326 5092 3497 5144 abse-

1918 5183 2053 5238 lutio
2085 5198 2178 5252 per
2206 5199 2416 5251 papam,
2449 5193 2503 5236 et
2541 5197 2600 5236 ea
2633 5182 2768 5236 facta
2799 5182 2943 5235 vadit
2985 5182 3051 5235 ad
3102 5182 3409 5248 ecclesiam,
3445 5193 3498 5236 et

1915 5274 2040 5329 facit
2070 5274 2248 5329 omnia
2279 5284 2335 5329 ut
2364 5276 2710 5328 continentur
2757 5275 2809 5326 iu
2839 5273 3200 5337 ordinatione,
3237 5283 3288 5327 et
3316 5273 3496 5338 Missa,

1916 5375 1971 5421 et
1997 5364 2337 5422 confectione
2371 5367 2701 5429 chrismatis,
2749 5373 2804 5419 et
2836 5365 3032 5419 lotione
3062 5367 3255 5434 pedum
3289 5367 3339 5419 in
3387 5368 3496 5419 suis

1915 5458 2070 5524 locis,
2101 5468 2155 5512 et
2181 5460 2394 5511 datione
2417 5456 2758 5526 presbyterii,
2787 5471 2906 5525 qua:
2937 5457 3006 5510 ita
3048 5455 3124 5511 lit.
3163 5455 3373 5510 Prtelati
3407 5472 3495 5510 co-

1915 5565 2026 5604 ram
2058 5565 2186 5620 papa
2218 5551 2458 5617 veniunt,
2489 5558 2545 5604 ut
2573 5549 2772 5603 dictum
2795 5558 2879 5604 est
2911 5550 2961 5604 in
2989 5550 3358 5614 coronatione,
3383 5557 3490 5603 etc.

1917 5643 1982 5697 Et
2018 5643 2270 5700 comedit.

291 5767 489 5822 “Nune
539 5767 775 5822 Ecclesia
817 5765 1090 5819 Gallicana
1138 5762 1295 5815 ritum
1349 5760 1644 5815 linuuuuuu
1695 5759 1962 5816 observat.
