4006 6298
533 279 667 335 Ill!)

1232 271 1571 327 APPENDiX
1614 272 1701 324 AD
1741 269 1796 324 S.
1841 266 2165 322 GREGORII
2209 267 2420 322 MACNI
2465 268 2831 327 LITURCICA
2874 271 3126 331 OPERA.

3659 279 3806 334 lt;&

597 392 689 447 ‘23.
735 391 885 445 Feria
920 396 1065 442 sexta
1101 387 1414 447 Parasceve,
1449 384 1645 437 dicitur
1666 383 1902 436 ollicium
1941 389 2096 434 nocte
2129 380 2173 443 Δ
2204 394 2350 433 more
2380 381 2557 437 solito.
2593 381 2811 438 lndutus
2842 400 2963 438 cum
3008 385 3153 439 omni
3184 396 3400 450 ornatu,
3445 388 3583 455 ipse,
3618 390 3794 441 cardi—

532 494 587 536 et
613 484 697 537 die
738 490 797 534 ut
834 479 1136 532 continetur
1178 477 1229 528 itt
1259 474 1564 529 Ordiuario.
1602 474 1774 526 l‘rima
1814 488 1943 526 vero
1974 473 2100 524 liora

534 573 689 639 hujus
717 571 816 621 diei
859 568 909 620 in
949 567 1265 618 consistorio
1309 575 1433 617 ante
1472 564 1667 616 lectum
1714 579 1863 631 papre
1908 577 2100 617 conve-

534 662 683 713 niunt
712 671 896 709 omnes
920 655 1179 722 capellani
1205 654 1372 706 induti
1418 653 1527 707 suis
1558 654 1740 722 cappis
1787 662 1839 706 et
1868 653 2106 706 camisiis

534 746 796 809 rotundis,
828 755 881 800 et
913 761 1015 797 non
1049 745 1258 798 forralis
1292 746 1373 798 vel
1414 744 1680 811 pretiosis,
1712 744 1803 797 sed
1850 743 2106 808 simplici-

536 842 634 893 bus
665 849 865 890 etcum
900 837 1131 900 silentia,
1162 837 1246 904 qui
1287 836 1423 888 tristi
1472 836 1601 889 facie
1633 836 1819 888 sedent
1857 836 1907 887 in
1940 844 2101 887 terra.

534 927 761 982 Demnm
797 927 936 978 venit
972 926 1215 977 dominus
1250 940 1379 991 papa
1416 926 1788 978 assistentibus
1837 925 1935 976 sibi
1976 924 2108 978 duo-

536 1018 635 1070 bus
665 1016 975 1083 capellanis,
1023 1015 1235 1068 indutus
1270 1031 1361 1068 sua
1400 1030 1563 1084 cappa
1598 1016 1828 1084 simplici
1860 1016 1925 1069 de
1965 1031 2109 1069 scar-

538 1108 643 1161 lcto
671 1122 771 1159 non
801 1106 1020 1169 farrata,
1052 1114 1103 1159 et
1129 1104 1277 1157 sedet
1307 1120 1411 1157 non
1452 1108 1503 1159 iu
1533 1108 1679 1168 sele,
1728 1120 1899 1172 neque
1930 1106 1981 1158 in
2009 1106 2108 1158 fal-

537 1197 780 1257 distorio.
814 1196 904 1249 sed
947 1197 997 1247 in
1028 1196 1284 1260 scabello,
1314 1207 1368 1249 et
1399 1211 1489 1261 per
1519 1195 1713 1250 t-ltoros
1736 1196 1919 1249 dicunt
1944 1205 2109 1250 totum

541 1284 852 1353 psalterium
906 1284 1285 1347 continuatitu;
1346 1284 1445 1336 huc
1494 1293 1668 1337 tamen
1724 1285 1906 1351 salvo,
1970 1286 2112 1354 qu‘d

541 1378 766 1445 prtelati,
802 1377 844 1429 si
875 1376 1122 1431 domitus
1169 1392 1295 1442 papa
1345 1387 1585 1444 surgeret
1628 1377 1691 1427 ad
1722 1378 2110 1439 absolutionem

541 1470 963 1539 peregrinorum,
996 1468 1077 1519 vel
1107 1470 1170 1519 ad
1190 1468 1311 1529 alia,
1344 1476 1536 1531 taceat,
1566 1476 1617 1519 et
1652 1483 1716 1519 eo
1746 1467 2001 1524 redeunte
2033 1484 2115 1521 re.

537 1562 702 1613 sumit
724 1573 856 1613 unus
878 1558 1015 1624 quod
1049 1557 1326 1609 dimissum
1356 1568 1455 1610 est.
1482 1558 1597 1621 Quo
1624 1557 1791 1621 linito,
1821 1573 1939 1609 cum
1974 1558 2113 1623 aliis,

542 1660 594 1705 ut
637 1649 862 1703 ltahetur
894 1647 944 1700 itt
977 1647 1278 1710 Ordinatio,
1310 1647 1440 1699 dicit
1468 1646 1579 1715 ipse
1612 1662 1741 1713 papa
1778 1646 2033 1712 Iitaniatn,
2065 1648 2108 1700 si

2215 470 2382 532 nales,
2428 481 2475 524 et
2509 488 2694 525 on-ucs
2726 474 2949 541 pratlati,
2979 483 3033 528 et
3072 476 3160 528 alii
3193 478 3493 531 ascendcnt
3534 478 3797 547 pulpitum

2215 571 2450 627 paratum
2485 579 2497 624 ;
2551 572 2603 615 et
2652 565 3063 631 sermocinatur,
3114 575 3169 619 et
3212 567 3385 618 omnia
3424 568 3555 619 fiunt
3588 567 3658 620 de
3689 582 3799 620 ex-

2213 653 2715 719 communicatiouc,
2764 654 2901 706 sicut
2933 655 2983 705 in
3013 654 3182 708 C(ena
3232 655 3468 709 Domini.
3503 656 3718 721 Quibus
3745 657 3803 707 li-

2216 743 2364 808 nitis,
2398 745 2740 813 prosequitur
2768 746 2963 809 Missa;
3008 755 3063 799 et
3101 762 3165 800 ea
3218 745 3385 809 finita,
3417 747 3559 801 redit
3591 747 3805 801 Latera-

2217 851 2359 888 num.
2413 836 2477 888 lCt
2520 838 2737 889 attende
2767 837 2908 905 quod
2959 838 3167 903 quoties
3212 838 3262 891 in
3297 837 3445 891 festis
3499 838 3803 907 duplicibus

2212 941 2344 994 papa
2380 925 2521 979 vadit
2552 926 2617 978 ad
2657 927 2856 993 primas
2888 926 3175 994 Vesperas,
3206 941 3418 992 semper
3448 927 3573 981 facit
3614 929 3801 983 incen-

2212 1032 2327 1069 sum
2360 1033 2521 1084 super
2559 1018 2747 1080 altare,
2780 1018 2832 1071 in
2870 1017 3026 1073 tertio
3058 1034 3249 1087 nempe
3286 1019 3534 1084 Psaltno;
3563 1031 3616 1074 et
3649 1022 3693 1074 si
3722 1031 3804 1077 est

2215 1107 2268 1160 in
2300 1119 2485 1161 sancto
2522 1109 2699 1172 Petro,
2724 1110 2964 1165 incensat
2995 1109 3162 1165 altare
3191 1109 3382 1178 majus,
3415 1118 3469 1163 et
3496 1110 3641 1163 aliud
3665 1111 3803 1178 quod

2214 1208 2294 1253 cst
2323 1197 2455 1254 infra
2508 1199 2561 1251 in
2592 1197 2951 1261 confessione,
2993 1208 3047 1251 et
3090 1199 3305 1252 tertium
3339 1201 3478 1267 quod
3529 1210 3615 1253 est
3647 1212 3799 1254 extra

2216 1287 2265 1340 iu
2296 1287 2441 1340 exitu
2468 1288 2844 1351 confessionis,
2882 1288 2933 1340 in
2962 1302 3066 1356 quo
3096 1287 3423 1355 praenudau:
3450 1289 3653 1342 fuerint
3683 1291 3801 1345 reli-

2214 1378 2354 1446 quiae
2386 1380 2662 1432 beatorum
2708 1379 3070 1445 apostolorum
3113 1379 3257 1432 Petri
3303 1388 3357 1433 et
3405 1380 3579 1433 Pauli.
3626 1380 3681 1433 ln
3714 1396 3800 1435 se-

2216 1467 2402 1521 Cuudis
2453 1467 2721 1532 VcSpcris,
2756 1467 2798 1519 si
2844 1478 2925 1520 est
2980 1468 3161 1521 Itomte
3202 1470 3284 1523 vel
3315 1470 3464 1536 alibi,
3504 1486 3802 1527 consueve-

2216 1565 2607 1612 runtcantores
2638 1558 2701 1609 de
2726 1557 2908 1609 schola
2935 1557 3054 1611 loco
3089 1558 3281 1631 Iiymni
3313 1573 3526 1628 prosam
3558 1571 3797 1628 cantare,

2218 1644 2328 1698 Rea:
2348 1647 2683 1710 omnipotens,
2717 1660 2836 1698 cum
2870 1645 3141 1709 tnelodiis.

539 1741 641 1795 sibi
678 1741 957 1810 placuerit,
991 1750 1040 1792 ct
1062 1741 1363 1795 Orationes.
1388 1740 1673 1792 Cousuevit
1704 1742 1843 1792 enim
1876 1740 1973 1793 hac
1994 1743 2102 1804 die,
2139 1734 2181 1792 Β
2279 1735 2441 1806 240
2468 1735 2557 1791 ‘26.
2593 1737 2635 1789 A
2664 1737 2750 1789 die
2773 1738 3119 1793 Ascensionis
3144 1754 3310 1808 usque
3341 1740 3407 1794 ad
3432 1740 3713 1803 Octavam,
3740 1755 3799 1797 et

540 1838 597 1882 ct
628 1830 679 1881 in
714 1829 882 1895 primo
912 1829 998 1882 die
1029 1829 1459 1895 Quadragcsimm
1492 1828 1601 1894 ipse
1630 1828 1809 1881 dicere
1834 1830 2106 1895 litauiam;

539 1919 821 1973 Orationes
854 1935 979 1972 vero
1028 1928 1081 1972 et
1118 1920 1522 1979 Benedictiones
1566 1936 1776 1988 semper
1806 1924 1917 1991 ipse
1948 1924 2108 1990 dicet,

540 2010 641 2063 nisi
673 2010 829 2062 fuerit
858 2010 1159 2075 impeditus.
1196 2011 1412 2064 Demum
1460 2013 1513 2062 lit
1546 2011 1821 2065 Processio
1853 2014 1980 2067 hora
2021 2016 2108 2068 de-

540 2100 646 2158 bita
671 2102 722 2158 in
762 2103 925 2172 nigris
958 2100 1213 2165 vesubus,
1241 2115 1289 2154 et
1321 2102 1420 2154 alia
1444 2105 1643 2168 omnia,
1678 2113 1735 2159 ut
1768 2105 2027 2163 habentur
2056 2106 2107 2160 in

539 2194 839 2247 Ordinario.
888 2193 997 2246 lluc
1043 2204 1217 2252 tamen
1236 2194 1421 2258 salvo,
1473 2194 1613 2261 quod
1650 2209 1781 2262 papa
1826 2197 1959 2249 redit
1990 2213 2109 2251 cum

541 2298 731 2353 cappa,
783 2297 887 2337 non
939 2299 1059 2338 cum
1117 2283 1334 2352 pluviali
1389 2292 1443 2337 et
1484 2298 1605 2336 cum
1658 2284 1885 2353 capello,
1938 2286 1982 2338 si
2035 2296 2119 2340 est

548 2391 732 2445 eques,
767 2378 847 2429 vel
876 2392 995 2429 cum
1028 2377 1183 2429 mitra
1213 2374 1456 2443 simplici.

614 2466 704 2520 24.
748 2467 842 2521 Die
868 2466 1084 2523 Sabbati
1121 2467 1297 2521 omnia
1328 2466 1457 2519 fiunt
1501 2474 1559 2519 ut
1605 2467 1909 2521 continetur
1937 2465 1990 2521 tn
2018 2468 2116 2529 Or.-

538 2558 768 2611 dinario.

613 2649 703 2703 25.
748 2650 1018 2705 Dominica
1070 2659 1310 2705 sanctum
1365 2650 1589 2716 Pascha,
1645 2652 1813 2721 surgit
1867 2666 1998 2719 papa
2046 2654 2109 2708 ad

545 2742 881 2808 Matutinum,
910 2752 963 2795 et
992 2757 1179 2796 omnes
1220 2742 1478 2811 capellani
1513 2742 1679 2796 induti
1724 2743 2113 2813 superpelliciis

543 2832 870 2888 conveniunt
897 2831 949 2885 in
995 2834 1216 2901 capella,
1250 2833 1416 2904 239
1445 2850 1565 2901 qure
1590 2834 1725 2889 bene
1756 2843 1941 2887 ornata
1983 2834 2114 2888 dici-

543 2933 625 2973 tur
653 2935 793 2988 esse,
829 2938 949 2975 curn
994 2923 1237 2989 pluribus
1283 2924 1452 2977 cereis
1499 2934 1552 2976 et
1579 2926 1783 2991 magnis
1813 2923 2031 2989 faculis;
2062 2932 2113 2976 et

541 3014 754 3065 demum
785 3013 929 3065 venit
971 3028 1101 3080 papa
1133 3012 1346 3066 indutus
1388 3014 1605 3078 pluviali
1651 3014 1795 3078 albo,
1817 3013 1955 3081 quod
1989 3028 2112 3080 por-

2219 1825 2376 1878 etiam
2421 1825 2486 1879 ad
2516 1825 2748 1895 vigiliam
2784 1825 3127 1881 Pentecostes
3163 1830 3219 1881 lit
3244 1814 3489 1883 oflicium'
3524 1840 3581 1882 ut
3616 1831 3671 1884 in
3719 1830 3802 1884 die

2218 1918 2656 1978 Ascensiunis,ct
2680 1918 2810 1971 liuut
2842 1918 2971 1972 festa
3016 1919 3151 1972 inter
3185 1916 3463 1986 Octavam,
3510 1932 3568 1975 et
3607 1923 3799 1977 dicitur

2218 2007 2447 2061 officium
2471 2008 2637 2062 beatae
2665 2008 2981 2077 Virginian
3008 2011 3181 2078 vigilia
3211 2011 3558 2067 Pentecostes
3590 2014 3654 2067 ad
3683 2014 3803 2067 Ves-

2218 2114 2374 2167 pe'as
2419 2110 2740 2155 conveniunt
2788 2115 2943 2169 papa,
2990 2102 3308 2167 cardinales,
3355 2115 3407 2158 et
3440 2105 3534 2158 alii
3577 2106 3797 2176 praelati,

2216 2191 2333 2258 quia
2367 2193 2635 2244 solemnes
2665 2201 2785 2243 sunt
2826 2198 2879 2242 et
2908 2192 3179 2258 duplices;
3225 2202 3275 2248 et
3310 2192 3369 2253 lit
3403 2203 3557 2262 prout
3606 2197 3655 2247 in
3688 2195 3800 2247 aliis

2217 2280 2535 2347 duplicibus,
2566 2291 2619 2333 et
2648 2290 2864 2333 utuntur
2902 2281 3080 2336 colore
3126 2280 3290 2336 rubeo
3319 2285 3417 2338 hoc
3462 2299 3588 2338 sero
3616 2295 3669 2338 et
3710 2299 3801 2351 per

2220 2381 2380 2424 totam
2427 2381 2696 2435 octavam;
2732 2370 2853 2426 etsi
2883 2380 2964 2424 est
3010 2370 3210 2435 Itomaz,
3260 2372 3408 2424 vadit
3447 2372 3510 2424 ad
3562 2384 3801 2427 sanctum

2220 2461 2453 2515 Petrum.
2481 2463 2539 2513 Et
2566 2460 2779 2523 attende
2805 2461 2943 2528 quod
2975 2475 3097 2515 cum
3129 2471 3209 2514 est
3239 2462 3289 2513 in
3318 2472 3505 2515 Sancto
3534 2463 3715 2526 Petro,
3749 2466 3800 2518 in

2224 2549 2473 2618 Vesperis
2504 2556 2615 2618 ipse
2644 2565 2779 2619 papa
2814 2549 3015 2603 tantum
3042 2550 3225 2618 incipit
3253 2551 3636 2622 Antiphonam,
3666 2570 3803 2623 pra:-

2220 2640 2497 2693 nu.ttiaute
2526 2640 2627 2694 sibi
2661 2640 2835 2708 priore
2866 2639 3170 2709 scitulze,rct
3215 2640 3457 2693 ultimam
3500 2642 3567 2693 ad
3598 2642 3800 2697 Matuti«

2211 2748 2334 2787 nunt
2365 2748 2379 2796 ;
2409 2733 2539 2785 alias
2571 2748 2695 2786 vero
2719 2731 3050 2798 Antiphontis
3081 2732 3312 2786 vicissim
3352 2735 3599 2788 canonici
3630 2739 3795 2791 sancti

2212 2824 2352 2879 Petri
2402 2831 2456 2875 ct
2494 2834 2741 2876 cantores
2779 2824 2975 2876 schola:
3023 2824 3375 2891 prmunntiaut
3408 2826 3498 2893 qui
3541 2834 3794 2887 cantant;

2211 2917 2299 2969 alii
2333 2931 2456 2968 vero
2502 2915 2705 2981 prazlati
2754 2931 2857 2967 non
2898 2924 3134 2980 cantant,
3170 2916 3239 2969 ibi
3280 2916 3587 2984 incipiendo
3616 2918 3800 2985 aliquis

2212 3006 2430 3075 Antiph.
2469 3005 2521 3057 In
2552 3013 2704 3058 nocte
2735 3016 2787 3058 et
2814 3021 2906 3073 per
2940 3007 3326 3059 hebdomadam
3359 3008 3613 3063 dicuntur
3641 3010 3799 3063 Matu-

544 3117 656 3159 [are
673 3106 831 3159 debet
865 3105 1100 3174 quotidie
1129 3119 1291 3170 usque
1322 3104 1386 3157 ad
1419 3105 1557 3158 diem
1589 3105 1803 3159 sabbati
1835 3080 1887 3159 in
1930 3105 2106 3169 Missa,
2140 3080 2184 3139 Ο
2219 3098 2329 3150 tino
2361 3107 2467 3149 tres
2508 3096 2782 3159 lectiones,
2813 3096 2951 3149 sicut
2994 3098 3045 3149 in
3081 3097 3411 3151 hebdomada
3465 3098 3708 3152 Pasclnn.
3740 3099 3802 3153 Ει

541 3208 593 3251 et
617 3196 735 3250 aliis
767 3196 944 3259 lloris,
976 3196 1392 3249 conducentibus
1423 3212 1542 3250 eum
1585 3198 1793 3251 duobus
1825 3200 2111 3265 capellanis

542 3289 689 3342 venit
717 3288 781 3340 ad
833 3288 1113 3355 capellam,
1148 3299 1199 3341 et
1229 3288 1459 3341 officium
1494 3288 1619 3357 agit,
1669 3298 1721 3339 ct
1758 3298 1946 3341 cartera
1981 3288 2113 3342 fiunt

543 3380 732 3432 eodem
763 3378 849 3431 die
877 3386 928 3432 et
958 3392 1049 3445 per
1069 3377 1316 3430 Octavam
1352 3391 1519 3444 usque
1546 3377 1609 3429 ad
1641 3376 1781 3429 diem
1815 3377 2032 3431 Sabbati
2059 3380 2110 3431 in

545 3467 811 3536 Vesperis,
839 3468 891 3521 itt
930 3483 1035 3535 quo
1063 3468 1281 3520 resumit
1308 3468 1535 3535 pluviale
1559 3468 1805 3532 rubeum,
1845 3479 1901 3521 ut
1932 3469 1981 3521 in
2013 3470 2113 3523 Or-

540 3556 664 3611 diue
692 3558 1011 3617 continetur,
1062 3566 1113 3609 et
1143 3559 1318 3610 omnia
1348 3556 1522 3610 ofﬁcia
1551 3558 1681 3615 fiunt
1709 3574 1918 3628 semper
1948 3575 2113 3627 usque

538 3646 604 3699 ad
635 3647 1037 3710 Ascensiunent,
1064 3648 1200 3699 sicut
1233 3648 1283 3700 itt
1313 3646 1592 3701 Ordiuario
1626 3648 2007 3717 habetur.th
2035 3659 2111 3702 ta-

540 3754 661 3792 men
690 3739 924 3803 attcude,
953 3742 1089 3806 quod
1120 3740 1206 3792 die
1234 3740 1392 3801 Lunae
1423 3747 1447 3773 α
1479 3748 1533 3793 et
1565 3739 1649 3791 die
1682 3739 1860 3791 Martis
1891 3756 1993 3793 non
2033 3756 2116 3793 co-

540 3831 708 3883 medit
746 3832 891 3884 curia
938 3845 1149 3895 carnes,
1202 3830 1295 3883 sed
1343 3846 1556 3884 caseum
1588 3838 1642 3882 et
1688 3844 1806 3882 ova.
1842 3828 1938 3891 Die
1983 3846 2110 3885 vero

540 3920 785 3977 Mercurii
828 3922 1001 3993 vigilia
1051 3924 1392 3978 Ascensimiis
1429 3924 1654 3992 jejuuat,
1708 3934 1760 3977 ct
1793 3926 2109 3993 tempestive

537 4013 791 4079 comedit,
835 4022 888 4066 et
935 4028 1117 4080 parum
1169 4015 1421 4082 quiescit;
1480 4025 1530 4068 ct
1563 4023 1739 4082 postea
1796 4015 1939 4070 vadit
1980 4032 2106 4082 papa

538 4120 657 4158 cum
691 4112 795 4157 tota
823 4103 970 4157 cutia
1010 4104 1073 4157 ad
1101 4114 1339 4157 sanctum
1372 4104 1607 4170 Petrum,
1635 4113 1687 4157 et
1715 4104 1782 4157 ibi
1816 4119 1935 4157 cum
1967 4105 2108 4157 omni

535 4192 876 4249 solemnitate
918 4201 1100 4253 cantat
1129 4191 1409 4257 Vcsperas,
1445 4193 1804 4246 cardinalibus
1839 4203 1893 4247 et
1925 4193 2108 4262 prtcla-

541 4282 606 4334 tis
636 4282 1006 4343 assistentibus
1036 4282 1270 4337 vestibus
1319 4283 1644 4336 solemnibus
1672 4283 1890 4337 indutis.
1942 4285 2109 4338 Utun-

538 4380 622 4423 tur
659 4372 840 4425 cnlore
891 4373 1013 4426 albo
1061 4373 1114 4427 in
1162 4374 1264 4426 isto
1295 4374 1430 4426 festo
1477 4384 1531 4428 et
1560 4390 1653 4443 per
1694 4377 1966 4439 Octavant,
2004 4376 2103 4435 nisi

2215 3200 2292 3243 est
2310 3190 2394 3243 illa
2420 3190 2554 3243 ratio
2578 3197 2791 3256 propter
2808 3188 3103 3258 neopbytos
3120 3189 3432 3256 baptizatos,
3460 3207 3525 3244 ne
3548 3208 3614 3243 ex
3643 3193 3799 3260 longo

2215 3280 2390 3332 oflicio
2418 3276 2637 3331 fastiditi
2673 3288 2813 3330 retro
2846 3278 3153 3346 respiciant.
3187 3277 3297 3331 llac
3320 3280 3408 3333 die
3429 3288 3484 3333 ct
3519 3295 3613 3347 per
3641 3290 3801 3333 totam

2220 3369 2605 3423 hebdomadam
2629 3368 2823 3421 dicitur
2849 3368 3057 3432 Tertia;
3085 3368 3133 3421 id
3156 3379 3236 3422 e~t
3259 3385 3384 3422 vero
3410 3380 3627 3436 promer
3647 3371 3801 3439 llym-

2215 3476 2338 3513 num
2379 3458 2502 3512 Veni
2534 3470 2732 3511 creator
2756 3458 2978 3527 Spiritus
3006 3459 3092 3525 qui
3126 3458 3316 3512 dicitur
3340 3459 3391 3511 in
3424 3459 3634 3525 Tertia;
3666 3474 3718 3513 et
3751 3461 3800 3513 in

2218 3550 2372 3604 Missa
2404 3551 2637 3619 quotidie
2664 3558 2905 3602 Cantatur
2931 3548 3175 3611 Alleluia,
3215 3548 3341 3601 Veni
3368 3560 3543 3603 stricte
3564 3552 3799 3617 spiritus,

2219 3650 2270 3695 et
2313 3641 2471 3695 Prosa
2533 3641 2711 3695 Sancti
2743 3640 2971 3708 Spiritus
3011 3642 3142 3692 adsit
3172 3642 3314 3693 nobis
3359 3643 3562 3710 gratia;
3606 3651 3798 3695 caetera

2218 3734 2388 3787 officia
2418 3735 2449 3787 d
2474 3743 2666 3787 cuntur
2692 3734 2830 3787 sicut
2859 3738 3163 3787 continetur
3187 3735 3235 3785 iu
3268 3734 3572 3788 Ordiuario.
3605 3736 3799 3802 Quarta

2217 3826 2347 3879 feria
2379 3827 2531 3890 hujus
2556 3826 3169 3881 ltcbdomadaidicuntur
3190 3826 3307 3879 dure
3340 3827 3628 3892 lcetiones;
3661 3829 3802 3883 unde

2216 3916 2357 3969 dicto
2390 3915 2567 3984 Hyrie,
2595 3916 2805 3983 clsison,
2838 3917 2963 3970 ditit
2984 3918 3235 3972 sacerdos
3260 3918 3498 3982 Oremus,
3531 3920 3647 3972 sine
3681 3919 3800 3972 Fle-

2216 4018 2409 4061 ctamus
2458 4024 2650 4077 genua;
2697 4018 2749 4061 et
2781 4018 2959 4075 postea
2999 4010 3186 4063 dicitur
3225 4011 3427 4063 Oratio.
3460 4012 3579 4075 Qua
3629 4012 3801 4073 linit-1.

2215 4098 2405 4165 legitur
2452 4098 2639 4158 lectio;
2683 4113 2785 4165 qua
2819 4100 2973 4165 lecta,
3014 4099 3210 4152 dicitur
3244 4099 3488 4164 Alcluia,
3535 4116 3657 4154 cum
3703 4116 3799 4155 suo

2213 4188 2501 4253 versiculo;
2528 4188 2714 4256 quilms
2735 4188 2910 4253 dictis,
2935 4189 3063 4242 dicit
3091 4190 3343 4243 sacerdos
3364 4188 3542 4242 Gloria
3567 4192 3616 4243 in
3642 4192 3791 4244 excel-

2220 4281 2288 4332 sis
2319 4278 2445 4349 Deo,
2479 4288 2528 4333 et
2561 4280 2797 4347 procedit
2825 4282 2874 4331 in
2905 4280 3057 4332 ltlis-a
3089 4282 3273 4333 ordine
3302 4291 3580 4334 consuetu.

2282 4368 2372 4421 Q7.
2407 4369 2500 4421 Die
2526 4369 2741 4422 Sabbati
2774 4370 3020 4422 dicuntur
3041 4372 3274 4439 quinque
3296 4373 3572 4433 leciones,
3598 4380 3652 4424 et
3672 4386 3795 4424 can-

537 4465 715 4517 vcniat
755 4466 942 4518 festum
989 4466 1201 4533 aliquod
1243 4466 1380 4533 quod
1424 4466 1697 4533 impediat.
1734 4467 1798 4519 Et
1842 4468 2104 4535 capellaui
2134 4456 2186 4515 D
2214 4469 2350 4511 tatur
2381 4460 2627 4523 Alleluia,
2659 4476 2777 4513 cum
2808 4460 3070 4519 versiculo
3103 4472 3157 4514 ut
3185 4462 3375 4515 dicitur
3408 4465 3460 4515 in
3485 4463 3787 4526 Ordinario,

537 4553 785 4608 similiter
813 4564 971 4607 erunt
1000 4569 1187 4607 omnes
1216 4554 1383 4613 induti
1408 4555 1832 4623 superpelliciis;
1864 4571 1983 4608 nam
2015 4571 2103 4613 ca-

537 4642 725 4709 pellani
785 4644 833 4695 iu
887 4642 1105 4707 Pascha,
1155 4643 1362 4697 duobus
1412 4644 1604 4699 diebus
1645 4645 2009 4713 sequentibus,
2049 4646 2101 4708 in

534 4731 880 4793 Ascensione,
914 4733 965 4785 in
998 4733 1331 4801 Pentecoste,
1357 4743 1409 4787 et
1430 4735 1636 4787 duobus
1663 4736 1850 4792 diebus
1876 4751 2104 4804 sequen-

534 4818 695 4883 tibus,
721 4828 773 4873 et
799 4820 849 4873 in
880 4819 1126 4873 omnibus
1152 4820 1302 4875 festis
1324 4822 1628 4889 duplicibus
1649 4838 1677 4875 a
1708 4823 1907 4876 l’asclta
1935 4839 2101 4892 usque

531 4911 596 4961 ad
623 4910 811 4963 festum
835 4911 1073 4964 omnium
1106 4913 1444 4978 Sanctorum,
1478 4916 1738 4982 inprimis
1766 4924 1820 4968 et
1853 4917 2103 4971 secundis

538 5000 806 5065 V'esperis.
843 5003 893 5055 itt
926 5003 1199 5056 Matutiuis
1249 5014 1304 5058 et
1352 5005 1401 5057 itt
1436 5005 1614 5068 Missa,
1649 5006 1689 5057 si
1740 5005 1831 5058 fiat
1861 5006 1925 5060 de
1967 5008 2102 5061 festo

534 5088 588 5141 in
619 5091 847 5157 capella,
877 5091 1072 5145 debent
1108 5094 1182 5145 uti
1237 5094 1645 5161 superpclliciis.
1679 5094 1874 5149 Eodem
1919 5097 2005 5150 die
2036 5098 2105 5151 vi.

530 5178 668 5246 gilia:
698 5182 943 5235 dominus
1000 5196 1129 5250 papa
1169 5198 1289 5236 cum
1339 5185 1630 5253 capellanis
1660 5187 1769 5240 suis
1814 5186 1863 5240 iu
1917 5198 2103 5242 sancto

532 5270 691 5324 Petro
722 5284 1014 5338 pernocmt,
1066 5284 1118 5327 et
1157 5273 1289 5327 dicit
1333 5275 1384 5328 in
1416 5276 1613 5344 capella
1664 5292 1758 5330 sua
1789 5278 2099 5333 Matutinum

528 5374 650 5413 cum
680 5363 969 5429 capellanis
993 5366 1122 5428 suis,
1157 5375 1209 5417 et
1236 5380 1391 5419 mane
1422 5367 1473 5419 in
1515 5375 1700 5419 sancto
1734 5366 1891 5421 Petro
1919 5377 2102 5422 cantat

532 5449 773 5518 Missnm,
808 5462 862 5507 et
903 5463 1028 5507 ante
1059 5455 1268 5509 Missam
1306 5456 1431 5510 dicit
1459 5456 1713 5517 Tertiam,
1755 5467 1809 5511 et
1837 5458 2004 5512 induit
2032 5473 2093 5512 se

2212 4568 2332 4605 cum
2376 4552 2749 4618 Orationibus;
2801 4555 2991 4622 quibus
3044 4556 3221 4619 dictis,
3280 4555 3473 4608 dicitur
3515 4556 3691 4608 Gloria
3744 4560 3792 4608 in

2209 4642 2423 4695 excelsis
2459 4642 2583 4702 fleo,
2615 4654 2662 4695 ct
2692 4644 2930 4709 procedit
2960 4644 3111 4697 Mtssa
3144 4647 3333 4699 ordine
3357 4646 3556 4699 debito.
3592 4647 3793 4699 Histri-

2210 4732 2307 4783 bus
2337 4732 2549 4797 diebus,
2575 4749 2867 4800 quanquam
2900 4737 3005 4785 sint
3025 4747 3253 4802 quatuor
3281 4744 3539 4805 tempora,
3573 4746 3790 4788 utuntur

2209 4830 2387 4874 tamen
2412 4822 2591 4873 rubcis
2614 4822 2870 4884 vestibus,
2898 4831 2951 4874 ct
2975 4825 3170 4885 tunica,
3198 4833 3251 4877 et
3274 4824 3553 4875 dalmatira
3575 4839 3788 4891 pmp'er

2208 4912 2595 4966 solemnitatem
2632 4910 2988 4975 l‘etttecostes,
3014 4922 3069 4967 et
3094 4913 3302 4965 duobus
3333 4912 3523 4966 diebus
3552 4927 3781 4980 sequen-

2211 5004 2371 5066 tibus,
2406 5013 2460 5054 ut
2487 5004 2535 5054 in
2580 5002 2777 5055 Pascha
2807 5014 2859 5055 et
2889 5004 3094 5059 duobus
3123 5004 3310 5057 diebus
3340 5005 3707 5071 sequentibus,
3734 5013 3786 5056 ct

2210 5096 2261 5147 in
2285 5094 2566 5148 [\‘ativitate
2595 5104 2644 5147 et
2674 5095 2724 5147 in
2748 5094 2954 5149 duobus
2975 5096 3156 5149 diebus
3185 5097 3547 5163 sequentibus.
3571 5095 3628 5150 Si
3659 5111 3785 5149 can-

2206 5192 2277 5239 tat
2303 5185 2548 5238 dominus
2578 5202 2729 5254 papa,
2753 5187 2948 5240 debent
2968 5202 3152 5240 omnes
3180 5188 3487 5241 subdiacoai
3511 5187 3663 5241 indui
3695 5199 3779 5240 tu-

2203 5279 2408 5332 nicellis
2433 5280 2481 5331 in
2506 5279 2692 5343 Missa;
2721 5289 2776 5331 et
2804 5280 2884 5331 isti
2908 5278 3214 5332 subdiacoui
3239 5279 3436 5332 debent
3461 5293 3583 5333 esse
3616 5279 3780 5348 parati

2202 5369 2480 5422 duodecim
2509 5372 2556 5420 in
2588 5370 2750 5421 Cmna
2787 5369 3013 5432 Domini,
3040 5378 3099 5423 ut
3121 5370 3363 5423 laventur
3386 5372 3548 5438 pedes
3569 5386 3775 5433 eurum,

2202 5468 2261 5512 ut
2287 5462 2586 5513 continetur
2615 5459 2667 5510 in
2697 5458 3012 5520 Ordinario;
3042 5470 3097 5513 et
3119 5460 3315 5514 debent
3339 5472 3552 5529 pcttarc
3574 5472 3771 5528 septem

600 5589 625 5615 ³·
657 5579 853 5665 Nempe
880 5596 948 5635 on
977 5583 1206 5637 triduum
1240 5584 1613 5656 Rogatiouutu,
1645 5601 1761 5652 quae
1806 5588 2125 5644 abstinentia
2158 5590 2311 5645 ltudic
2340 5606 2441 5649 uno
2464 5604 2547 5651 me
2586 5600 2847 5654 servatur,
2876 5608 2977 5646 non
3036 5608 3158 5647 vero
3195 5591 3465 5661 jejunium
3504 5594 3555 5647 in
3602 5593 3774 5665 vigilia

532 5651 886 5713 Ascettsiouis.
