  <div class='ocr_page' id='page_1' title='image "/cluster/home/n/w/nwhite01/storage/ocr_20150623/78/uva.x000827090/570.png"; bbox 0 0 4006 6296; ppageno 0'>
   <div class='ocr_carea' id='block_1_1' title="bbox 163 313 309 370">
    <p class='ocr_par' dir='ltr' id='par_1_1' title="bbox 163 313 309 370">
     <span class='ocr_line' id='line_1_1' title="bbox 163 313 309 370; baseline -0.007 -5"><span class='ocrx_word' id='word_1_1' title='bbox 163 313 309 370; x_wconf 67' lang='grc' dir='ltr'><strong>ίίιῖἴὶ</strong></span> 
     </span>
    </p>
   </div>
   <div class='ocr_carea' id='block_1_2' title="bbox 1374 309 2275 368">
    <p class='ocr_par' dir='ltr' id='par_1_2' title="bbox 1374 309 2275 368">
     <span class='ocr_line' id='line_1_2' title="bbox 1374 309 2275 368; baseline -0.001 -1"><span class='ocrx_word' id='word_1_2' title='bbox 1374 311 1633 368; x_wconf 62' lang='grc' dir='ltr'><strong>ΒΟΜΧΝΙ</strong></span> <span class='ocrx_word' id='word_1_3' title='bbox 1671 309 1985 366; x_wconf 56' lang='grc' dir='ltr'><strong>υιιυικεε.</strong></span> <span class='ocrx_word' id='word_1_4' title='bbox 2028 341 2097 350; x_wconf 86' lang='lat'><strong>-—</strong></span> <span class='ocrx_word' id='word_1_5' title='bbox 2140 311 2275 366; x_wconf 71' lang='lat' dir='ltr'><strong>XIV.</strong></span> 
     </span>
    </p>
   </div>
   <div class='ocr_carea' id='block_1_3' title="bbox 3305 317 3442 370">
    <p class='ocr_par' dir='ltr' id='par_1_3' title="bbox 3305 317 3442 370">
     <span class='ocr_line' id='line_1_3' title="bbox 3305 317 3442 370; baseline 0 0"><span class='ocrx_word' id='word_1_6' title='bbox 3305 317 3442 370; x_wconf 75' lang='lat'><strong>“£6</strong></span> 
     </span>
    </p>
   </div>
   <div class='ocr_carea' id='block_1_4' title="bbox 159 421 3438 494">
    <p class='ocr_par' dir='ltr' id='par_1_4' title="bbox 159 421 3438 494">
     <span class='ocr_line' id='line_1_4' title="bbox 159 421 3438 494; baseline -0.001 -16"><span class='ocrx_word' id='word_1_7' title='bbox 159 427 410 479; x_wconf 78' lang='lat' dir='ltr'><strong>diaconus</strong></span> <span class='ocrx_word' id='word_1_8' title='bbox 437 432 581 476; x_wconf 77' lang='lat' dir='ltr'><strong>card.</strong></span> <span class='ocrx_word' id='word_1_9' title='bbox 606 424 754 477; x_wconf 68' lang='lat' dir='ltr'><strong>habet</strong></span> <span class='ocrx_word' id='word_1_10' title='bbox 780 427 1041 480; x_wconf 83' lang='lat' dir='ltr'><strong>dominum</strong></span> <span class='ocrx_word' id='word_1_11' title='bbox 1065 426 1396 481; x_wconf 76' lang='lat' dir='ltr'><strong>Sabittensem</strong></span> <span class='ocrx_word' id='word_1_12' title='bbox 1427 429 1741 494; x_wconf 64' lang='lat' dir='ltr'><strong>episcopum.</strong></span> <span class='ocrx_word' id='word_1_13' title='bbox 1778 429 1822 482; x_wconf 76' lang='grc' dir='ltr'><strong>Α</strong></span> <span class='ocrx_word' id='word_1_14' title='bbox 1854 421 2415 490; x_wconf 82' lang='lat' dir='ltr'><strong>cutnpromillentibus</strong></span> <span class='ocrx_word' id='word_1_15' title='bbox 2452 421 2764 478; x_wconf 84' lang='lat' dir='ltr'><strong>Collatioues</strong></span> <span class='ocrx_word' id='word_1_16' title='bbox 2811 423 3030 484; x_wconf 80' lang='lat' dir='ltr'><strong>habere,</strong></span> <span class='ocrx_word' id='word_1_17' title='bbox 3062 421 3153 475; x_wconf 87' lang='lat' dir='ltr'><strong>sed</strong></span> <span class='ocrx_word' id='word_1_18' title='bbox 3187 423 3438 477; x_wconf 63' lang='lat' dir='ltr'><strong>differen-</strong></span> 
     </span>
    </p>
   </div>
   <div class='ocr_carea' id='block_1_5' title="bbox 237 517 1750 588">
    <p class='ocr_par' dir='ltr' id='par_1_5' title="bbox 237 517 1750 588">
     <span class='ocr_line' id='line_1_5' title="bbox 237 517 1750 588; baseline 0.001 -17"><span class='ocrx_word' id='word_1_19' title='bbox 237 518 304 571; x_wconf 77' lang='lat' dir='ltr'><strong>Et</strong></span> <span class='ocrx_word' id='word_1_20' title='bbox 322 517 541 568; x_wconf 74' lang='lat' dir='ltr'><strong>ulterius</strong></span> <span class='ocrx_word' id='word_1_21' title='bbox 563 517 812 570; x_wconf 85' lang='lat' dir='ltr'><strong>dominus</strong></span> <span class='ocrx_word' id='word_1_22' title='bbox 835 520 1104 588; x_wconf 76' lang='lat' dir='ltr'><strong>Neapoleo</strong></span> <span class='ocrx_word' id='word_1_23' title='bbox 1127 521 1379 574; x_wconf 80' lang='lat' dir='ltr'><strong>diaconus</strong></span> <span class='ocrx_word' id='word_1_24' title='bbox 1398 523 1750 588; x_wconf 83' lang='lat' dir='ltr'><strong>prosequitur,</strong></span> 
     </span>
    </p>
   </div>
   <div class='ocr_carea' id='block_1_6' title="bbox 159 606 1754 677">
    <p class='ocr_par' dir='ltr' id='par_1_6' title="bbox 159 606 1754 677">
     <span class='ocr_line' id='line_1_6' title="bbox 159 606 1754 677; baseline 0.003 -17"><span class='ocrx_word' id='word_1_25' title='bbox 159 620 210 660; x_wconf 79' lang='lat' dir='ltr'><strong>et</strong></span> <span class='ocrx_word' id='word_1_26' title='bbox 257 609 379 677; x_wconf 78' lang='lat' dir='ltr'><strong>legit</strong></span> <span class='ocrx_word' id='word_1_27' title='bbox 424 606 764 671; x_wconf 89' lang='lat' dir='ltr'><strong>scrutinium,</strong></span> <span class='ocrx_word' id='word_1_28' title='bbox 798 620 850 662; x_wconf 88' lang='lat' dir='ltr'><strong>et</strong></span> <span class='ocrx_word' id='word_1_29' title='bbox 890 611 1027 664; x_wconf 92' lang='lat' dir='ltr'><strong>alius</strong></span> <span class='ocrx_word' id='word_1_30' title='bbox 1063 611 1318 666; x_wconf 80' lang='lat' dir='ltr'><strong>diaconus</strong></span> <span class='ocrx_word' id='word_1_31' title='bbox 1365 611 1509 664; x_wconf 89' lang='lat' dir='ltr'><strong>addit</strong></span> <span class='ocrx_word' id='word_1_32' title='bbox 1543 610 1754 664; x_wconf 85' lang='lat' dir='ltr'><strong>nomina</strong></span> 
     </span>
    </p>
   </div>
   <div class='ocr_carea' id='block_1_7' title="bbox 160 697 1757 766">
    <p class='ocr_par' dir='ltr' id='par_1_7' title="bbox 160 697 1757 766">
     <span class='ocr_line' id='line_1_7' title="bbox 160 697 1757 766; baseline 0.001 -14"><span class='ocrx_word' id='word_1_33' title='bbox 160 697 514 753; x_wconf 89' lang='lat' dir='ltr'><strong>cardiualium</strong></span> <span class='ocrx_word' id='word_1_34' title='bbox 546 698 596 749; x_wconf 92' lang='lat' dir='ltr'><strong>in</strong></span> <span class='ocrx_word' id='word_1_35' title='bbox 631 698 763 750; x_wconf 90' lang='lat' dir='ltr'><strong>locis</strong></span> <span class='ocrx_word' id='word_1_36' title='bbox 805 701 937 766; x_wconf 87' lang='lat' dir='ltr'><strong>suis,</strong></span> <span class='ocrx_word' id='word_1_37' title='bbox 965 712 1120 760; x_wconf 82' lang='lat' dir='ltr'><strong>prout</strong></span> <span class='ocrx_word' id='word_1_38' title='bbox 1152 703 1405 755; x_wconf 89' lang='lat' dir='ltr'><strong>nominati</strong></span> <span class='ocrx_word' id='word_1_39' title='bbox 1445 711 1569 757; x_wconf 90' lang='lat' dir='ltr'><strong>sunt</strong></span> <span class='ocrx_word' id='word_1_40' title='bbox 1611 718 1639 755; x_wconf 92' lang='lat' dir='ltr'><strong>a</strong></span> <span class='ocrx_word' id='word_1_41' title='bbox 1679 703 1757 755; x_wconf 90' lang='lat' dir='ltr'><strong>di-</strong></span> 
     </span>
    </p>
   </div>
   <div class='ocr_carea' id='block_1_8' title="bbox 159 791 354 843">
    <p class='ocr_par' dir='ltr' id='par_1_8' title="bbox 159 791 354 843">
     <span class='ocr_line' id='line_1_8' title="bbox 159 791 354 843; baseline 0 -1"><span class='ocrx_word' id='word_1_42' title='bbox 159 791 354 843; x_wconf 84' lang='lat' dir='ltr'><strong>versis.</strong></span> 
     </span>
    </p>
   </div>
   <div class='ocr_carea' id='block_1_9' title="bbox 237 881 1752 950">
    <p class='ocr_par' dir='ltr' id='par_1_9' title="bbox 237 881 1752 950">
     <span class='ocr_line' id='line_1_9' title="bbox 237 881 1752 950; baseline 0.003 -19"><span class='ocrx_word' id='word_1_43' title='bbox 237 881 443 946; x_wconf 76' lang='lat' dir='ltr'><strong>Quibus</strong></span> <span class='ocrx_word' id='word_1_44' title='bbox 492 881 760 949; x_wconf 81' lang='lat' dir='ltr'><strong>expletis,</strong></span> <span class='ocrx_word' id='word_1_45' title='bbox 810 882 1096 950; x_wconf 73' lang='lat' dir='ltr'><strong>prredictos</strong></span> <span class='ocrx_word' id='word_1_46' title='bbox 1155 884 1450 950; x_wconf 83' lang='lat' dir='ltr'><strong>diaconus,</strong></span> <span class='ocrx_word' id='word_1_47' title='bbox 1505 882 1752 936; x_wconf 87' lang='lat' dir='ltr'><strong>dominus</strong></span> 
     </span>
    </p>
   </div>
   <div class='ocr_carea' id='block_1_10' title="bbox 164 970 1754 1037">
    <p class='ocr_par' dir='ltr' id='par_1_10' title="bbox 164 970 1754 1037">
     <span class='ocr_line' id='line_1_10' title="bbox 164 970 1754 1037; baseline 0.001 -14"><span class='ocrx_word' id='word_1_48' title='bbox 164 971 485 1024; x_wconf 82' lang='lat' dir='ltr'><strong>Franciseus</strong></span> <span class='ocrx_word' id='word_1_49' title='bbox 509 979 712 1024; x_wconf 74' lang='lat' dir='ltr'><strong>sancta:</strong></span> <span class='ocrx_word' id='word_1_50' title='bbox 742 971 919 1024; x_wconf 72' lang='lat' dir='ltr'><strong>Maria:</strong></span> <span class='ocrx_word' id='word_1_51' title='bbox 953 970 1004 1023; x_wconf 92' lang='lat' dir='ltr'><strong>iu</strong></span> <span class='ocrx_word' id='word_1_52' title='bbox 1035 970 1329 1037; x_wconf 64' lang='lat' dir='ltr'><strong>tiosmedin,</strong></span> <span class='ocrx_word' id='word_1_53' title='bbox 1355 973 1612 1026; x_wconf 83' lang='lat' dir='ltr'><strong>diaconus</strong></span> <span class='ocrx_word' id='word_1_54' title='bbox 1637 987 1754 1026; x_wconf 84' lang='lat' dir='ltr'><strong>car-</strong></span> 
     </span>
    </p>
   </div>
   <div class='ocr_carea' id='block_1_11' title="bbox 159 1061 1751 1132">
    <p class='ocr_par' dir='ltr' id='par_1_11' title="bbox 159 1061 1751 1132">
     <span class='ocr_line' id='line_1_11' title="bbox 159 1061 1751 1132; baseline 0.002 -19"><span class='ocrx_word' id='word_1_55' title='bbox 159 1062 359 1116; x_wconf 87' lang='lat' dir='ltr'><strong>dinalis</strong></span> <span class='ocrx_word' id='word_1_56' title='bbox 370 1062 456 1130; x_wconf 92' lang='lat' dir='ltr'><strong>qui</strong></span> <span class='ocrx_word' id='word_1_57' title='bbox 473 1061 862 1130; x_wconf 79' lang='lat' dir='ltr'><strong>sushCripserat</strong></span> <span class='ocrx_word' id='word_1_58' title='bbox 886 1063 1120 1123; x_wconf 82' lang='lat' dir='ltr'><strong>nomina,</strong></span> <span class='ocrx_word' id='word_1_59' title='bbox 1137 1073 1185 1116; x_wconf 83' lang='lat' dir='ltr'><strong>et</strong></span> <span class='ocrx_word' id='word_1_60' title='bbox 1199 1063 1478 1116; x_wconf 75' lang='lat' dir='ltr'><strong>addiderat</strong></span> <span class='ocrx_word' id='word_1_61' title='bbox 1496 1073 1554 1115; x_wconf 92' lang='lat' dir='ltr'><strong>ut</strong></span> <span class='ocrx_word' id='word_1_62' title='bbox 1568 1077 1751 1132; x_wconf 83' lang='lat' dir='ltr'><strong>supra,</strong></span> 
     </span>
    </p>
   </div>
   <div class='ocr_carea' id='block_1_12' title="bbox 161 1153 1756 1222">
    <p class='ocr_par' dir='ltr' id='par_1_12' title="bbox 161 1153 1756 1222">
     <span class='ocr_line' id='line_1_12' title="bbox 161 1153 1756 1222; baseline 0.001 -16"><span class='ocrx_word' id='word_1_63' title='bbox 161 1154 293 1220; x_wconf 85' lang='lat' dir='ltr'><strong>legit</strong></span> <span class='ocrx_word' id='word_1_64' title='bbox 327 1153 636 1221; x_wconf 63' lang='lat' dir='ltr'><strong>praedictam</strong></span> <span class='ocrx_word' id='word_1_65' title='bbox 678 1153 918 1206; x_wconf 88' lang='lat' dir='ltr'><strong>chartam</strong></span> <span class='ocrx_word' id='word_1_66' title='bbox 961 1169 1080 1207; x_wconf 89' lang='lat' dir='ltr'><strong>cum</strong></span> <span class='ocrx_word' id='word_1_67' title='bbox 1125 1153 1232 1207; x_wconf 82' lang='lat' dir='ltr'><strong>sitis</strong></span> <span class='ocrx_word' id='word_1_68' title='bbox 1272 1153 1632 1208; x_wconf 79' lang='lat' dir='ltr'><strong>additiouibus</strong></span> <span class='ocrx_word' id='word_1_69' title='bbox 1662 1171 1756 1222; x_wconf 88' lang='lat' dir='ltr'><strong>per</strong></span> 
     </span>
    </p>
   </div>
   <div class='ocr_carea' id='block_1_13' title="bbox 160 1244 580 1298">
    <p class='ocr_par' dir='ltr' id='par_1_13' title="bbox 160 1244 580 1298">
     <span class='ocr_line' id='line_1_13' title="bbox 160 1244 580 1298; baseline 0 -2"><span class='ocrx_word' id='word_1_70' title='bbox 160 1244 307 1298; x_wconf 86' lang='lat' dir='ltr'><strong>hunc</strong></span> <span class='ocrx_word' id='word_1_71' title='bbox 343 1244 580 1297; x_wconf 90' lang='lat' dir='ltr'><strong>modum.</strong></span> 
     </span>
    </p>
   </div>
   <div class='ocr_carea' id='block_1_14' title="bbox 166 1354 1754 1426">
    <p class='ocr_par' dir='ltr' id='par_1_14' title="bbox 166 1354 1754 1426">
     <span class='ocr_line' id='line_1_14' title="bbox 166 1354 1754 1426; baseline 0 -18"><span class='ocrx_word' id='word_1_72' title='bbox 166 1357 300 1411; x_wconf 73' lang='lat' dir='ltr'><strong>VIII.</strong></span> <span class='ocrx_word' id='word_1_73' title='bbox 343 1355 649 1426; x_wconf 85' lang='lat' dir='ltr'><strong>Singularia</strong></span> <span class='ocrx_word' id='word_1_74' title='bbox 669 1355 904 1424; x_wconf 59' lang='lat' dir='ltr'><strong>quantum</strong></span> <span class='ocrx_word' id='word_1_75' title='bbox 930 1354 980 1407; x_wconf 86' lang='lat' dir='ltr'><strong>in</strong></span> <span class='ocrx_word' id='word_1_76' title='bbox 998 1356 1247 1426; x_wconf 6' lang='lat' dir='ltr'><strong>electione,</strong></span> <span class='ocrx_word' id='word_1_77' title='bbox 1264 1354 1481 1426; x_wconf 81' lang='lat' dir='ltr'><strong>Romani</strong></span> <span class='ocrx_word' id='word_1_78' title='bbox 1500 1356 1754 1424; x_wconf 75' lang='lat' dir='ltr'><strong>pontiﬁcis</strong></span> 
     </span>
    </p>
   </div>
   <div class='ocr_carea' id='block_1_15' title="bbox 515 1425 1411 1494">
    <p class='ocr_par' dir='ltr' id='par_1_15' title="bbox 515 1425 1411 1494">
     <span class='ocr_line' id='line_1_15' title="bbox 515 1425 1411 1494; baseline -0.003 -15"><span class='ocrx_word' id='word_1_79' title='bbox 515 1427 866 1491; x_wconf 75' lang='lat' dir='ltr'><strong>observantur,</strong></span> <span class='ocrx_word' id='word_1_80' title='bbox 899 1435 954 1478; x_wconf 86' lang='lat' dir='ltr'><strong>ut</strong></span> <span class='ocrx_word' id='word_1_81' title='bbox 983 1427 1118 1494; x_wconf 75' lang='lat' dir='ltr'><strong>infra</strong></span> <span class='ocrx_word' id='word_1_82' title='bbox 1149 1425 1411 1477; x_wconf 78' lang='lat' dir='ltr'><strong>scribitur.</strong></span> 
     </span>
    </p>
   </div>
   <div class='ocr_carea' id='block_1_16' title="bbox 235 1516 1753 1584">
    <p class='ocr_par' dir='ltr' id='par_1_16' title="bbox 235 1516 1753 1584">
     <span class='ocr_line' id='line_1_16' title="bbox 235 1516 1753 1584; baseline -0.001 -14"><span class='ocrx_word' id='word_1_83' title='bbox 235 1516 352 1570; x_wconf 77' lang='lat' dir='ltr'><strong>Non</strong></span> <span class='ocrx_word' id='word_1_84' title='bbox 382 1517 556 1570; x_wconf 88' lang='lat' dir='ltr'><strong>solent</strong></span> <span class='ocrx_word' id='word_1_85' title='bbox 597 1517 750 1570; x_wconf 89' lang='lat' dir='ltr'><strong>citari</strong></span> <span class='ocrx_word' id='word_1_86' title='bbox 781 1518 1030 1570; x_wconf 88' lang='lat' dir='ltr'><strong>absentes</strong></span> <span class='ocrx_word' id='word_1_87' title='bbox 1055 1516 1144 1584; x_wconf 90' lang='lat' dir='ltr'><strong>qui</strong></span> <span class='ocrx_word' id='word_1_88' title='bbox 1173 1524 1298 1570; x_wconf 89' lang='lat' dir='ltr'><strong>sunt</strong></span> <span class='ocrx_word' id='word_1_89' title='bbox 1323 1526 1480 1569; x_wconf 85' lang='lat' dir='ltr'><strong>extra</strong></span> <span class='ocrx_word' id='word_1_90' title='bbox 1509 1525 1710 1569; x_wconf 86' lang='lat' dir='ltr'><strong>terram</strong></span> <span class='ocrx_word' id='word_1_91' title='bbox 1737 1557 1753 1582; x_wconf 93' lang='lat'><strong>,</strong></span> 
     </span>
    </p>
   </div>
   <div class='ocr_carea' id='block_1_17' title="bbox 165 1607 1746 1676">
    <p class='ocr_par' dir='ltr' id='par_1_17' title="bbox 165 1607 1746 1676">
     <span class='ocr_line' id='line_1_17' title="bbox 165 1607 1746 1676; baseline 0.004 -17"><span class='ocrx_word' id='word_1_92' title='bbox 165 1617 223 1662; x_wconf 90' lang='lat' dir='ltr'><strong>ut</strong></span> <span class='ocrx_word' id='word_1_93' title='bbox 251 1619 377 1661; x_wconf 89' lang='lat' dir='ltr'><strong>sunt</strong></span> <span class='ocrx_word' id='word_1_94' title='bbox 405 1609 521 1661; x_wconf 72' lang='lat' dir='ltr'><strong>dua:</strong></span> <span class='ocrx_word' id='word_1_95' title='bbox 553 1618 731 1675; x_wconf 71' lang='lat' dir='ltr'><strong>partes</strong></span> <span class='ocrx_word' id='word_1_96' title='bbox 759 1608 1006 1676; x_wconf 82' lang='lat' dir='ltr'><strong>collegii;</strong></span> <span class='ocrx_word' id='word_1_97' title='bbox 1031 1607 1122 1661; x_wconf 91' lang='lat' dir='ltr'><strong>sed</strong></span> <span class='ocrx_word' id='word_1_98' title='bbox 1155 1609 1232 1661; x_wconf 89' lang='lat' dir='ltr'><strong>sic</strong></span> <span class='ocrx_word' id='word_1_99' title='bbox 1261 1619 1482 1676; x_wconf 84' lang='lat' dir='ltr'><strong>possunt</strong></span> <span class='ocrx_word' id='word_1_100' title='bbox 1511 1624 1630 1664; x_wconf 88' lang='lat' dir='ltr'><strong>esse</strong></span> <span class='ocrx_word' id='word_1_101' title='bbox 1662 1625 1746 1665; x_wconf 90' lang='lat' dir='ltr'><strong>re-</strong></span> 
     </span>
    </p>
   </div>
   <div class='ocr_carea' id='block_1_18' title="bbox 162 1698 1751 1766">
    <p class='ocr_par' dir='ltr' id='par_1_18' title="bbox 162 1698 1751 1766">
     <span class='ocr_line' id='line_1_18' title="bbox 162 1698 1751 1766; baseline 0.002 -14"><span class='ocrx_word' id='word_1_102' title='bbox 162 1700 294 1765; x_wconf 86' lang='lat' dir='ltr'><strong>liqui</strong></span> <span class='ocrx_word' id='word_1_103' title='bbox 319 1698 372 1750; x_wconf 89' lang='lat' dir='ltr'><strong>in</strong></span> <span class='ocrx_word' id='word_1_104' title='bbox 403 1699 578 1751; x_wconf 88' lang='lat' dir='ltr'><strong>vicino</strong></span> <span class='ocrx_word' id='word_1_105' title='bbox 600 1699 739 1766; x_wconf 92' lang='lat' dir='ltr'><strong>quod</strong></span> <span class='ocrx_word' id='word_1_106' title='bbox 773 1709 1061 1765; x_wconf 67' lang='lat' dir='ltr'><strong>praesentes</strong></span> <span class='ocrx_word' id='word_1_107' title='bbox 1093 1699 1382 1752; x_wconf 90' lang='lat' dir='ltr'><strong>condicunt</strong></span> <span class='ocrx_word' id='word_1_108' title='bbox 1409 1713 1468 1753; x_wconf 87' lang='lat' dir='ltr'><strong>se</strong></span> <span class='ocrx_word' id='word_1_109' title='bbox 1489 1709 1635 1754; x_wconf 86' lang='lat' dir='ltr'><strong>certa</strong></span> <span class='ocrx_word' id='word_1_110' title='bbox 1662 1702 1751 1756; x_wconf 90' lang='lat' dir='ltr'><strong>die</strong></span> 
     </span>
    </p>
   </div>
   <div class='ocr_carea' id='block_1_19' title="bbox 1865 515 3446 584">
    <p class='ocr_par' dir='ltr' id='par_1_19' title="bbox 1865 515 3446 584">
     <span class='ocr_line' id='line_1_19' title="bbox 1865 515 3446 584; baseline 0 -18"><span class='ocrx_word' id='word_1_111' title='bbox 1865 524 1966 580; x_wconf 88' lang='lat' dir='ltr'><strong>ter,</strong></span> <span class='ocrx_word' id='word_1_112' title='bbox 2001 519 2120 584; x_wconf 86' lang='lat' dir='ltr'><strong>quia</strong></span> <span class='ocrx_word' id='word_1_113' title='bbox 2169 515 2381 584; x_wconf 87' lang='lat' dir='ltr'><strong>quando</strong></span> <span class='ocrx_word' id='word_1_114' title='bbox 2429 523 2657 569; x_wconf 86' lang='lat' dir='ltr'><strong>tractant</strong></span> <span class='ocrx_word' id='word_1_115' title='bbox 2705 515 2772 569; x_wconf 92' lang='lat' dir='ltr'><strong>de</strong></span> <span class='ocrx_word' id='word_1_116' title='bbox 2817 529 2874 569; x_wconf 91' lang='lat' dir='ltr'><strong>se</strong></span> <span class='ocrx_word' id='word_1_117' title='bbox 2903 516 3066 582; x_wconf 83' lang='lat' dir='ltr'><strong>ipsis,</strong></span> <span class='ocrx_word' id='word_1_118' title='bbox 3103 516 3190 571; x_wconf 90' lang='lat' dir='ltr'><strong>ille</strong></span> <span class='ocrx_word' id='word_1_119' title='bbox 3229 517 3295 569; x_wconf 92' lang='lat' dir='ltr'><strong>de</strong></span> <span class='ocrx_word' id='word_1_120' title='bbox 3343 531 3446 584; x_wconf 88' lang='lat' dir='ltr'><strong>quo</strong></span> 
     </span>
    </p>
   </div>
   <div class='ocr_carea' id='block_1_20' title="bbox 1865 607 3441 677">
    <p class='ocr_par' dir='ltr' id='par_1_20' title="bbox 1865 607 3441 677">
     <span class='ocr_line' id='line_1_20' title="bbox 1865 607 3441 677; baseline 0.003 -18"><span class='ocrx_word' id='word_1_121' title='bbox 1865 617 2122 662; x_wconf 87' lang='lat' dir='ltr'><strong>tractatur</strong></span> <span class='ocrx_word' id='word_1_122' title='bbox 2165 607 2369 662; x_wconf 88' lang='lat' dir='ltr'><strong>secedit</strong></span> <span class='ocrx_word' id='word_1_123' title='bbox 2415 609 2464 661; x_wconf 92' lang='lat' dir='ltr'><strong>in</strong></span> <span class='ocrx_word' id='word_1_124' title='bbox 2511 619 2748 676; x_wconf 85' lang='lat' dir='ltr'><strong>partem;</strong></span> <span class='ocrx_word' id='word_1_125' title='bbox 2794 610 3007 677; x_wconf 89' lang='lat' dir='ltr'><strong>quando</strong></span> <span class='ocrx_word' id='word_1_126' title='bbox 3056 625 3181 663; x_wconf 73' lang='lat' dir='ltr'><strong>vero</strong></span> <span class='ocrx_word' id='word_1_127' title='bbox 3210 610 3276 664; x_wconf 91' lang='lat' dir='ltr'><strong>de</strong></span> <span class='ocrx_word' id='word_1_128' title='bbox 3303 626 3441 664; x_wconf 68' lang='lat' dir='ltr'><strong>como</strong></span> 
     </span>
    </p>
   </div>
   <div class='ocr_carea' id='block_1_21' title="bbox 1863 700 3452 770">
    <p class='ocr_par' dir='ltr' id='par_1_21' title="bbox 1863 700 3452 770">
     <span class='ocr_line' id='line_1_21' title="bbox 1863 700 3452 770; baseline 0.003 -18"><span class='ocrx_word' id='word_1_129' title='bbox 1863 700 2314 768; x_wconf 85' lang='lat' dir='ltr'><strong>promittentibus.</strong></span> <span class='ocrx_word' id='word_1_130' title='bbox 2349 709 2398 753; x_wconf 89' lang='lat' dir='ltr'><strong>et</strong></span> <span class='ocrx_word' id='word_1_131' title='bbox 2434 700 2484 753; x_wconf 92' lang='lat' dir='ltr'><strong>in</strong></span> <span class='ocrx_word' id='word_1_132' title='bbox 2529 700 2822 765; x_wconf 87' lang='lat' dir='ltr'><strong>communi,</strong></span> <span class='ocrx_word' id='word_1_133' title='bbox 2856 710 2910 754; x_wconf 90' lang='lat' dir='ltr'><strong>et</strong></span> <span class='ocrx_word' id='word_1_134' title='bbox 2951 701 3089 756; x_wconf 89' lang='lat' dir='ltr'><strong>inter</strong></span> <span class='ocrx_word' id='word_1_135' title='bbox 3131 714 3190 755; x_wconf 89' lang='lat' dir='ltr'><strong>se</strong></span> <span class='ocrx_word' id='word_1_136' title='bbox 3228 713 3452 770; x_wconf 86' lang='lat' dir='ltr'><strong>possunt</strong></span> 
     </span>
    </p>
   </div>
   <div class='ocr_carea' id='block_1_22' title="bbox 1864 791 2377 858">
    <p class='ocr_par' dir='ltr' id='par_1_22' title="bbox 1864 791 2377 858">
     <span class='ocr_line' id='line_1_22' title="bbox 1864 791 2377 858; baseline 0.004 -14"><span class='ocrx_word' id='word_1_137' title='bbox 1864 793 2007 858; x_wconf 92' lang='lat' dir='ltr'><strong>loqui</strong></span> <span class='ocrx_word' id='word_1_138' title='bbox 2041 791 2105 844; x_wconf 89' lang='lat' dir='ltr'><strong>de</strong></span> <span class='ocrx_word' id='word_1_139' title='bbox 2135 792 2377 846; x_wconf 80' lang='lat' dir='ltr'><strong>absente.</strong></span> 
     </span>
    </p>
   </div>
   <div class='ocr_carea' id='block_1_23' title="bbox 1933 882 3447 950">
    <p class='ocr_par' dir='ltr' id='par_1_23' title="bbox 1933 882 3447 950">
     <span class='ocr_line' id='line_1_23' title="bbox 1933 882 3447 950; baseline 0.002 -16"><span class='ocrx_word' id='word_1_140' title='bbox 1933 882 2054 935; x_wconf 81' lang='lat' dir='ltr'><strong>Haec</strong></span> <span class='ocrx_word' id='word_1_141' title='bbox 2083 882 2578 938; x_wconf 81' lang='lat' dir='ltr'><strong>commendationes</strong></span> <span class='ocrx_word' id='word_1_142' title='bbox 2607 891 2662 938; x_wconf 89' lang='lat' dir='ltr'><strong>et</strong></span> <span class='ocrx_word' id='word_1_143' title='bbox 2694 883 2896 950; x_wconf 60' lang='lat' dir='ltr'><strong>laudet,</strong></span> <span class='ocrx_word' id='word_1_144' title='bbox 2930 894 2983 938; x_wconf 93' lang='lat' dir='ltr'><strong>et</strong></span> <span class='ocrx_word' id='word_1_145' title='bbox 3012 882 3175 938; x_wconf 88' lang='lat' dir='ltr'><strong>verba</strong></span> <span class='ocrx_word' id='word_1_146' title='bbox 3199 884 3447 948; x_wconf 73' lang='lat' dir='ltr'><strong>verialia,</strong></span> 
     </span>
    </p>
   </div>
   <div class='ocr_carea' id='block_1_24' title="bbox 1857 973 3452 1042">
    <p class='ocr_par' dir='ltr' id='par_1_24' title="bbox 1857 973 3452 1042">
     <span class='ocr_line' id='line_1_24' title="bbox 1857 973 3452 1042; baseline 0.001 -18"><span class='ocrx_word' id='word_1_147' title='bbox 1857 974 2049 1040; x_wconf 79' lang='lat' dir='ltr'><strong>quibus</strong></span> <span class='ocrx_word' id='word_1_148' title='bbox 2105 974 2560 1042; x_wconf 89' lang='lat' dir='ltr'><strong>compromissarii</strong></span> <span class='ocrx_word' id='word_1_149' title='bbox 2617 983 2841 1028; x_wconf 92' lang='lat' dir='ltr'><strong>utuntur</strong></span> <span class='ocrx_word' id='word_1_150' title='bbox 2894 988 3014 1027; x_wconf 91' lang='lat' dir='ltr'><strong>cum</strong></span> <span class='ocrx_word' id='word_1_151' title='bbox 3072 973 3138 1028; x_wconf 85' lang='lat' dir='ltr'><strong>de</strong></span> <span class='ocrx_word' id='word_1_152' title='bbox 3201 975 3452 1028; x_wconf 84' lang='lat' dir='ltr'><strong>fratribus</strong></span> 
     </span>
    </p>
   </div>
   <div class='ocr_carea' id='block_1_25' title="bbox 1857 1063 3449 1134">
    <p class='ocr_par' dir='ltr' id='par_1_25' title="bbox 1857 1063 3449 1134">
     <span class='ocr_line' id='line_1_25' title="bbox 1857 1063 3449 1134; baseline -0.001 -16"><span class='ocrx_word' id='word_1_153' title='bbox 1857 1065 1994 1128; x_wconf 87' lang='lat' dir='ltr'><strong>suis,</strong></span> <span class='ocrx_word' id='word_1_154' title='bbox 2037 1065 2120 1117; x_wconf 87' lang='lat' dir='ltr'><strong>vel</strong></span> <span class='ocrx_word' id='word_1_155' title='bbox 2147 1065 2267 1117; x_wconf 89' lang='lat' dir='ltr'><strong>aliis</strong></span> <span class='ocrx_word' id='word_1_156' title='bbox 2315 1065 2620 1134; x_wconf 75' lang='lat' dir='ltr'><strong>loquentur,</strong></span> <span class='ocrx_word' id='word_1_157' title='bbox 2646 1063 2942 1119; x_wconf 83' lang='lat' dir='ltr'><strong>habeantur</strong></span> <span class='ocrx_word' id='word_1_158' title='bbox 2969 1078 3065 1133; x_wconf 89' lang='lat' dir='ltr'><strong>pro</strong></span> <span class='ocrx_word' id='word_1_159' title='bbox 3092 1067 3449 1118; x_wconf 77' lang='lat' dir='ltr'><strong>confessione.</strong></span> 
     </span>
    </p>
   </div>
   <div class='ocr_carea' id='block_1_26' title="bbox 1862 1154 3454 1223">
    <p class='ocr_par' dir='ltr' id='par_1_26' title="bbox 1862 1154 3454 1223">
     <span class='ocr_line' id='line_1_26' title="bbox 1862 1154 3454 1223; baseline 0 -17"><span class='ocrx_word' id='word_1_160' title='bbox 1862 1155 1925 1206; x_wconf 83' lang='lat' dir='ltr'><strong>Et</strong></span> <span class='ocrx_word' id='word_1_161' title='bbox 1968 1155 2034 1207; x_wconf 86' lang='lat' dir='ltr'><strong>ad</strong></span> <span class='ocrx_word' id='word_1_162' title='bbox 2087 1154 2298 1208; x_wconf 80' lang='lat' dir='ltr'><strong>vitanda</strong></span> <span class='ocrx_word' id='word_1_163' title='bbox 2349 1154 2580 1222; x_wconf 88' lang='lat' dir='ltr'><strong>pericula</strong></span> <span class='ocrx_word' id='word_1_164' title='bbox 2634 1169 2750 1222; x_wconf 70' lang='lat' dir='ltr'><strong>quae</strong></span> <span class='ocrx_word' id='word_1_165' title='bbox 2799 1163 3018 1221; x_wconf 79' lang='lat' dir='ltr'><strong>pessent</strong></span> <span class='ocrx_word' id='word_1_166' title='bbox 3063 1154 3233 1223; x_wconf 90' lang='lat' dir='ltr'><strong>sequi,</strong></span> <span class='ocrx_word' id='word_1_167' title='bbox 3279 1155 3454 1208; x_wconf 78' lang='lat' dir='ltr'><strong>solent</strong></span> 
     </span>
    </p>
   </div>
   <div class='ocr_carea' id='block_1_27' title="bbox 1847 1249 3454 1320">
    <p class='ocr_par' dir='ltr' id='par_1_27' title="bbox 1847 1249 3454 1320">
     <span class='ocr_line' id='line_1_27' title="bbox 1847 1249 3454 1320; baseline 0.001 -18"><span class='ocrx_word' id='word_1_168' title='bbox 1847 1249 2312 1315; x_wconf 55' lang='lat' dir='ltr'><strong>&#39;ctimpromissarii</strong></span> <span class='ocrx_word' id='word_1_169' title='bbox 2356 1251 2582 1303; x_wconf 89' lang='lat' dir='ltr'><strong>invicem</strong></span> <span class='ocrx_word' id='word_1_170' title='bbox 2610 1251 2898 1303; x_wconf 86' lang='lat' dir='ltr'><strong>condicere</strong></span> <span class='ocrx_word' id='word_1_171' title='bbox 2929 1251 3089 1320; x_wconf 76' lang='lat'><strong>252</strong></span> <span class='ocrx_word' id='word_1_172' title='bbox 3131 1263 3184 1304; x_wconf 90' lang='lat' dir='ltr'><strong>et</strong></span> <span class='ocrx_word' id='word_1_173' title='bbox 3235 1267 3454 1320; x_wconf 79' lang='lat' dir='ltr'><strong>procer—</strong></span> 
     </span>
    </p>
   </div>
   <div class='ocr_carea' id='block_1_28' title="bbox 1864 1339 3526 1414">
    <p class='ocr_par' dir='ltr' id='par_1_28' title="bbox 1864 1339 3526 1414">
     <span class='ocr_line' id='line_1_28' title="bbox 1864 1339 3526 1414; baseline 0.002 -21"><span class='ocrx_word' id='word_1_174' title='bbox 1864 1341 1963 1394; x_wconf 91' lang='lat' dir='ltr'><strong>tari</strong></span> <span class='ocrx_word' id='word_1_175' title='bbox 1983 1342 2120 1406; x_wconf 84' lang='lat' dir='ltr'><strong>quod</strong></span> <span class='ocrx_word' id='word_1_176' title='bbox 2155 1341 2282 1394; x_wconf 86' lang='lat' dir='ltr'><strong>nihil</strong></span> <span class='ocrx_word' id='word_1_177' title='bbox 2314 1341 2455 1408; x_wconf 88' lang='lat' dir='ltr'><strong>quod</strong></span> <span class='ocrx_word' id='word_1_178' title='bbox 2486 1341 2670 1394; x_wconf 80' lang='lat' dir='ltr'><strong>dietint</strong></span> <span class='ocrx_word' id='word_1_179' title='bbox 2697 1341 2950 1394; x_wconf 87' lang='lat' dir='ltr'><strong>habeatur</strong></span> <span class='ocrx_word' id='word_1_180' title='bbox 2972 1356 3067 1409; x_wconf 65' lang='lat' dir='ltr'><strong>pro</strong></span> <span class='ocrx_word' id='word_1_181' title='bbox 3092 1339 3294 1396; x_wconf 80' lang='lat' dir='ltr'><strong>efﬁcaci</strong></span> <span class='ocrx_word' id='word_1_182' title='bbox 3319 1357 3455 1396; x_wconf 82' lang='lat' dir='ltr'><strong>con-</strong></span> <span class='ocrx_word' id='word_1_183' title='bbox 3517 1397 3526 1414; x_wconf 32' lang='grc' dir='ltr'><strong><em>ξ</em></strong></span> 
     </span>
    </p>
   </div>
   <div class='ocr_carea' id='block_1_29' title="bbox 1860 1429 3450 1498">
    <p class='ocr_par' dir='ltr' id='par_1_29' title="bbox 1860 1429 3450 1498">
     <span class='ocr_line' id='line_1_29' title="bbox 1860 1429 3450 1498; baseline 0.001 -13"><span class='ocrx_word' id='word_1_184' title='bbox 1860 1445 2044 1495; x_wconf 89' lang='lat' dir='ltr'><strong>sensu,</strong></span> <span class='ocrx_word' id='word_1_185' title='bbox 2078 1429 2176 1482; x_wconf 85' lang='lat' dir='ltr'><strong>nisi</strong></span> <span class='ocrx_word' id='word_1_186' title='bbox 2211 1431 2573 1498; x_wconf 56' lang='lat' dir='ltr'><strong>unusquisque</strong></span> <span class='ocrx_word' id='word_1_187' title='bbox 2605 1445 2788 1482; x_wconf 87' lang='lat' dir='ltr'><strong>eorum</strong></span> <span class='ocrx_word' id='word_1_188' title='bbox 2839 1445 3158 1483; x_wconf 85' lang='lat' dir='ltr'><strong>consensum</strong></span> <span class='ocrx_word' id='word_1_189' title='bbox 3202 1447 3355 1486; x_wconf 89' lang='lat' dir='ltr'><strong>suum</strong></span> <span class='ocrx_word' id='word_1_190' title='bbox 3398 1435 3450 1487; x_wconf 91' lang='lat' dir='ltr'><strong>in</strong></span> 
     </span>
    </p>
   </div>
   <div class='ocr_carea' id='block_1_30' title="bbox 1859 1521 3450 1592">
    <p class='ocr_par' dir='ltr' id='par_1_30' title="bbox 1859 1521 3450 1592">
     <span class='ocr_line' id='line_1_30' title="bbox 1859 1521 3450 1592; baseline 0.001 -16"><span class='ocrx_word' id='word_1_191' title='bbox 1859 1521 2072 1589; x_wconf 81' lang='lat' dir='ltr'><strong>scriptis</strong></span> <span class='ocrx_word' id='word_1_192' title='bbox 2108 1522 2348 1592; x_wconf 79' lang='lat' dir='ltr'><strong>redigat,</strong></span> <span class='ocrx_word' id='word_1_193' title='bbox 2379 1538 2482 1590; x_wconf 92' lang='lat' dir='ltr'><strong>quo</strong></span> <span class='ocrx_word' id='word_1_194' title='bbox 2514 1522 2750 1587; x_wconf 84' lang='lat' dir='ltr'><strong>redacto,</strong></span> <span class='ocrx_word' id='word_1_195' title='bbox 2780 1524 2845 1574; x_wconf 89' lang='lat' dir='ltr'><strong>ita</strong></span> <span class='ocrx_word' id='word_1_196' title='bbox 2875 1522 3011 1589; x_wconf 87' lang='lat' dir='ltr'><strong>quod</strong></span> <span class='ocrx_word' id='word_1_197' title='bbox 3045 1521 3268 1591; x_wconf 86' lang='lat' dir='ltr'><strong>quilibet</strong></span> <span class='ocrx_word' id='word_1_198' title='bbox 3296 1539 3450 1578; x_wconf 90' lang='lat' dir='ltr'><strong>suum</strong></span> 
     </span>
    </p>
   </div>
   <div class='ocr_carea' id='block_1_31' title="bbox 1861 1611 3456 1681">
    <p class='ocr_par' dir='ltr' id='par_1_31' title="bbox 1861 1611 3456 1681">
     <span class='ocr_line' id='line_1_31' title="bbox 1861 1611 3456 1681; baseline 0 -15"><span class='ocrx_word' id='word_1_199' title='bbox 1861 1627 2182 1667; x_wconf 71' lang='lat' dir='ltr'><strong>consensum</strong></span> <span class='ocrx_word' id='word_1_200' title='bbox 2229 1613 2539 1680; x_wconf 81' lang='lat' dir='ltr'><strong>scripserit,</strong></span> <span class='ocrx_word' id='word_1_201' title='bbox 2573 1619 2626 1666; x_wconf 88' lang='lat' dir='ltr'><strong>et</strong></span> <span class='ocrx_word' id='word_1_202' title='bbox 2666 1623 2790 1666; x_wconf 77' lang='lat' dir='ltr'><strong>tuac</strong></span> <span class='ocrx_word' id='word_1_203' title='bbox 2833 1611 2970 1666; x_wconf 87' lang='lat' dir='ltr'><strong>solet</strong></span> <span class='ocrx_word' id='word_1_204' title='bbox 3007 1611 3109 1665; x_wconf 89' lang='lat' dir='ltr'><strong>dici</strong></span> <span class='ocrx_word' id='word_1_205' title='bbox 3155 1613 3293 1681; x_wconf 79' lang='lat' dir='ltr'><strong>quod</strong></span> <span class='ocrx_word' id='word_1_206' title='bbox 3326 1630 3456 1667; x_wconf 89' lang='lat' dir='ltr'><strong>cou-</strong></span> 
     </span>
    </p>
   </div>
   <div class='ocr_carea' id='block_1_32' title="bbox 1865 1704 3453 1772">
    <p class='ocr_par' dir='ltr' id='par_1_32' title="bbox 1865 1704 3453 1772">
     <span class='ocr_line' id='line_1_32' title="bbox 1865 1704 3453 1772; baseline 0.001 -16"><span class='ocrx_word' id='word_1_207' title='bbox 1865 1719 2082 1757; x_wconf 70' lang='lat' dir='ltr'><strong>sensum</strong></span> <span class='ocrx_word' id='word_1_208' title='bbox 2109 1719 2366 1757; x_wconf 86' lang='lat' dir='ltr'><strong>revocare</strong></span> <span class='ocrx_word' id='word_1_209' title='bbox 2393 1721 2494 1755; x_wconf 92' lang='lat' dir='ltr'><strong>non</strong></span> <span class='ocrx_word' id='word_1_210' title='bbox 2522 1717 2758 1771; x_wconf 84' lang='lat' dir='ltr'><strong>possent,</strong></span> <span class='ocrx_word' id='word_1_211' title='bbox 2789 1715 2841 1757; x_wconf 92' lang='lat' dir='ltr'><strong>et</strong></span> <span class='ocrx_word' id='word_1_212' title='bbox 2871 1704 3043 1772; x_wconf 65' lang='lat' dir='ltr'><strong>ipsum</strong></span> <span class='ocrx_word' id='word_1_213' title='bbox 3067 1705 3343 1772; x_wconf 68' lang='lat' dir='ltr'><strong>coll-.giuni</strong></span> <span class='ocrx_word' id='word_1_214' title='bbox 3374 1708 3453 1758; x_wconf 72' lang='lat' dir='ltr'><strong>sic</strong></span> 
     </span>
    </p>
   </div>
   <div class='ocr_carea' id='block_1_33' title="bbox 163 1783 3445 1864">
    <p class='ocr_par' dir='ltr' id='par_1_33' title="bbox 163 1783 3445 1864">
     <span class='ocr_line' id='line_1_33' title="bbox 163 1783 3445 1864; baseline 0.001 -18"><span class='ocrx_word' id='word_1_215' title='bbox 163 1793 500 1861; x_wconf 73' lang='lat' dir='ltr'><strong>iucmpturos</strong></span> <span class='ocrx_word' id='word_1_216' title='bbox 540 1806 700 1860; x_wconf 81' lang='lat' dir='ltr'><strong>super</strong></span> <span class='ocrx_word' id='word_1_217' title='bbox 739 1791 951 1860; x_wconf 79' lang='lat' dir='ltr'><strong>negotio</strong></span> <span class='ocrx_word' id='word_1_218' title='bbox 988 1791 1268 1847; x_wconf 82' lang='lat' dir='ltr'><strong>electionis</strong></span> <span class='ocrx_word' id='word_1_219' title='bbox 1303 1795 1611 1862; x_wconf 88' lang='lat' dir='ltr'><strong>procedere,</strong></span> <span class='ocrx_word' id='word_1_220' title='bbox 1663 1795 1751 1861; x_wconf 89' lang='lat' dir='ltr'><strong>qui</strong></span> <span class='ocrx_word' id='word_1_221' title='bbox 1792 1783 1832 1840; x_wconf 86' lang='grc' dir='ltr'>Β</span> <span class='ocrx_word' id='word_1_222' title='bbox 1860 1795 2106 1864; x_wconf 86' lang='lat' dir='ltr'><strong>intelligit</strong></span> <span class='ocrx_word' id='word_1_223' title='bbox 2133 1794 2272 1864; x_wconf 90' lang='lat' dir='ltr'><strong>quod</strong></span> <span class='ocrx_word' id='word_1_224' title='bbox 2298 1794 2582 1848; x_wconf 87' lang='lat' dir='ltr'><strong>condicant</strong></span> <span class='ocrx_word' id='word_1_225' title='bbox 2603 1809 2655 1847; x_wconf 90' lang='lat' dir='ltr'><strong>et</strong></span> <span class='ocrx_word' id='word_1_226' title='bbox 2684 1803 3068 1862; x_wconf 73' lang='lat' dir='ltr'><strong>protestentur,</strong></span> <span class='ocrx_word' id='word_1_227' title='bbox 3099 1804 3152 1849; x_wconf 89' lang='lat' dir='ltr'><strong>et</strong></span> <span class='ocrx_word' id='word_1_228' title='bbox 3185 1795 3312 1862; x_wconf 82' lang='lat' dir='ltr'><strong>ipsis</strong></span> <span class='ocrx_word' id='word_1_229' title='bbox 3342 1813 3445 1848; x_wconf 93' lang='lat' dir='ltr'><strong>non</strong></span> 
     </span>
    </p>
   </div>
   <div class='ocr_carea' id='block_1_34' title="bbox 159 1883 1753 1953">
    <p class='ocr_par' dir='ltr' id='par_1_34' title="bbox 159 1883 1753 1953">
     <span class='ocr_line' id='line_1_34' title="bbox 159 1883 1753 1953; baseline -0.001 -16"><span class='ocrx_word' id='word_1_230' title='bbox 159 1884 282 1938; x_wconf 82' lang='lat' dir='ltr'><strong>dies</strong></span> <span class='ocrx_word' id='word_1_231' title='bbox 311 1899 406 1952; x_wconf 88' lang='lat' dir='ltr'><strong>per</strong></span> <span class='ocrx_word' id='word_1_232' title='bbox 430 1883 662 1950; x_wconf 78' lang='lat' dir='ltr'><strong>aliquem</strong></span> <span class='ocrx_word' id='word_1_233' title='bbox 691 1883 772 1938; x_wconf 83' lang='lat' dir='ltr'><strong>vel</strong></span> <span class='ocrx_word' id='word_1_234' title='bbox 794 1884 1000 1951; x_wconf 87' lang='lat' dir='ltr'><strong>aliquos</strong></span> <span class='ocrx_word' id='word_1_235' title='bbox 1023 1883 1224 1938; x_wconf 89' lang='lat' dir='ltr'><strong>amicos</strong></span> <span class='ocrx_word' id='word_1_236' title='bbox 1250 1883 1548 1939; x_wconf 84' lang='lat' dir='ltr'><strong>absentium</strong></span> <span class='ocrx_word' id='word_1_237' title='bbox 1579 1893 1753 1953; x_wconf 85' lang='lat' dir='ltr'><strong>potest</strong></span> 
     </span>
    </p>
   </div>
   <div class='ocr_carea' id='block_1_35' title="bbox 145 1973 687 2026">
    <p class='ocr_par' dir='ltr' id='par_1_35' title="bbox 145 1973 687 2026">
     <span class='ocr_line' id='line_1_35' title="bbox 145 1973 687 2026; baseline 0.002 -2"><span class='ocrx_word' id='word_1_238' title='bbox 145 1973 431 2025; x_wconf 65' lang='lat' dir='ltr'><strong>‘00lilicari</strong></span> <span class='ocrx_word' id='word_1_239' title='bbox 464 1973 687 2026; x_wconf 89' lang='lat' dir='ltr'><strong>eisdem.</strong></span> 
     </span>
    </p>
   </div>
   <div class='ocr_carea' id='block_1_36' title="bbox 237 2060 1752 2134">
    <p class='ocr_par' dir='ltr' id='par_1_36' title="bbox 237 2060 1752 2134">
     <span class='ocr_line' id='line_1_36' title="bbox 237 2060 1752 2134; baseline 0.004 -20"><span class='ocrx_word' id='word_1_240' title='bbox 237 2060 426 2115; x_wconf 87' lang='lat' dir='ltr'><strong>Solent</strong></span> <span class='ocrx_word' id='word_1_241' title='bbox 471 2063 593 2132; x_wconf 83' lang='lat' dir='ltr'><strong>eligi</strong></span> <span class='ocrx_word' id='word_1_242' title='bbox 649 2075 756 2117; x_wconf 85' lang='lat' dir='ltr'><strong>tres</strong></span> <span class='ocrx_word' id='word_1_243' title='bbox 795 2073 1120 2119; x_wconf 73' lang='lat' dir='ltr'><strong>scrutatires</strong></span> <span class='ocrx_word' id='word_1_244' title='bbox 1162 2065 1391 2134; x_wconf 74' lang='lat' dir='ltr'><strong>collegii,</strong></span> <span class='ocrx_word' id='word_1_245' title='bbox 1427 2075 1480 2119; x_wconf 92' lang='lat' dir='ltr'><strong>et</strong></span> <span class='ocrx_word' id='word_1_246' title='bbox 1510 2067 1596 2119; x_wconf 90' lang='lat' dir='ltr'><strong>alii</strong></span> <span class='ocrx_word' id='word_1_247' title='bbox 1643 2077 1752 2120; x_wconf 85' lang='lat' dir='ltr'><strong>tres</strong></span> 
     </span>
    </p>
   </div>
   <div class='ocr_carea' id='block_1_37' title="bbox 153 2156 1756 2227">
    <p class='ocr_par' dir='ltr' id='par_1_37' title="bbox 153 2156 1756 2227">
     <span class='ocr_line' id='line_1_37' title="bbox 153 2156 1756 2227; baseline 0.005 -22"><span class='ocrx_word' id='word_1_248' title='bbox 153 2162 495 2207; x_wconf 83' lang='lat' dir='ltr'><strong>scrutatores</strong></span> <span class='ocrx_word' id='word_1_249' title='bbox 525 2164 906 2209; x_wconf 70' lang='lat' dir='ltr'><strong>scrutatorum.</strong></span> <span class='ocrx_word' id='word_1_250' title='bbox 942 2156 1068 2210; x_wconf 73' lang='lat' dir='ltr'><strong>Duze</strong></span> <span class='ocrx_word' id='word_1_251' title='bbox 1114 2167 1290 2225; x_wconf 88' lang='lat' dir='ltr'><strong>partes</strong></span> <span class='ocrx_word' id='word_1_252' title='bbox 1333 2159 1541 2227; x_wconf 79' lang='lat' dir='ltr'><strong>collegii</strong></span> <span class='ocrx_word' id='word_1_253' title='bbox 1580 2159 1756 2226; x_wconf 80' lang='lat' dir='ltr'><strong>requi-</strong></span> 
     </span>
    </p>
   </div>
   <div class='ocr_carea' id='block_1_38' title="bbox 166 2247 1756 2320">
    <p class='ocr_par' dir='ltr' id='par_1_38' title="bbox 166 2247 1756 2320">
     <span class='ocr_line' id='line_1_38' title="bbox 166 2247 1756 2320; baseline 0.005 -24"><span class='ocrx_word' id='word_1_254' title='bbox 166 2253 356 2298; x_wconf 88' lang='lat' dir='ltr'><strong>rantur</strong></span> <span class='ocrx_word' id='word_1_255' title='bbox 391 2259 573 2300; x_wconf 85' lang='lat' dir='ltr'><strong>vocem</strong></span> <span class='ocrx_word' id='word_1_256' title='bbox 603 2248 652 2298; x_wconf 92' lang='lat' dir='ltr'><strong>in</strong></span> <span class='ocrx_word' id='word_1_257' title='bbox 682 2247 945 2302; x_wconf 87' lang='lat' dir='ltr'><strong>electione</strong></span> <span class='ocrx_word' id='word_1_258' title='bbox 965 2249 1294 2313; x_wconf 84' lang='lat' dir='ltr'><strong>habentium,</strong></span> <span class='ocrx_word' id='word_1_259' title='bbox 1321 2266 1425 2303; x_wconf 91' lang='lat' dir='ltr'><strong>non</strong></span> <span class='ocrx_word' id='word_1_260' title='bbox 1451 2262 1756 2320; x_wconf 80' lang='lat' dir='ltr'><strong>ceinputato</strong></span> 
     </span>
    </p>
   </div>
   <div class='ocr_carea' id='block_1_39' title="bbox 149 2334 359 2385">
    <p class='ocr_par' dir='ltr' id='par_1_39' title="bbox 149 2334 359 2385">
     <span class='ocr_line' id='line_1_39' title="bbox 149 2334 359 2385; baseline 0.005 -1"><span class='ocrx_word' id='word_1_261' title='bbox 149 2334 359 2385; x_wconf 16' lang='lat' dir='ltr'><strong>selecto.</strong></span> 
     </span>
    </p>
   </div>
   <div class='ocr_carea' id='block_1_40' title="bbox 242 2424 1755 2499">
    <p class='ocr_par' dir='ltr' id='par_1_40' title="bbox 242 2424 1755 2499">
     <span class='ocr_line' id='line_1_40' title="bbox 242 2424 1755 2499; baseline 0.006 -22"><span class='ocrx_word' id='word_1_262' title='bbox 242 2424 433 2478; x_wconf 80' lang='lat' dir='ltr'><strong>Forma</strong></span> <span class='ocrx_word' id='word_1_263' title='bbox 462 2425 745 2481; x_wconf 76' lang='lat' dir='ltr'><strong>decretalis</strong></span> <span class='ocrx_word' id='word_1_264' title='bbox 779 2428 912 2493; x_wconf 85' lang='lat' dir='ltr'><strong>Quia</strong></span> <span class='ocrx_word' id='word_1_265' title='bbox 945 2442 1152 2499; x_wconf 83' lang='lat' dir='ltr'><strong>prapter</strong></span> <span class='ocrx_word' id='word_1_266' title='bbox 1183 2430 1233 2484; x_wconf 91' lang='lat' dir='ltr'><strong>in</strong></span> <span class='ocrx_word' id='word_1_267' title='bbox 1264 2429 1514 2483; x_wconf 90' lang='lat' dir='ltr'><strong>omnibus</strong></span> <span class='ocrx_word' id='word_1_268' title='bbox 1535 2432 1646 2486; x_wconf 89' lang='lat' dir='ltr'><strong>suis</strong></span> <span class='ocrx_word' id='word_1_269' title='bbox 1668 2447 1755 2485; x_wconf 86' lang='lat' dir='ltr'><strong>ca-</strong></span> 
     </span>
    </p>
   </div>
   <div class='ocr_carea' id='block_1_41' title="bbox 168 2515 777 2583">
    <p class='ocr_par' dir='ltr' id='par_1_41' title="bbox 168 2515 777 2583">
     <span class='ocr_line' id='line_1_41' title="bbox 168 2515 777 2583; baseline 0.016 -17"><span class='ocrx_word' id='word_1_270' title='bbox 168 2515 350 2583; x_wconf 67' lang='lat' dir='ltr'><strong>].itnlis</strong></span> <span class='ocrx_word' id='word_1_271' title='bbox 383 2535 484 2572; x_wconf 93' lang='lat' dir='ltr'><strong>non</strong></span> <span class='ocrx_word' id='word_1_272' title='bbox 516 2531 777 2576; x_wconf 79' lang='lat' dir='ltr'><strong>servatur.</strong></span> 
     </span>
    </p>
   </div>
   <div class='ocr_carea' id='block_1_42' title="bbox 245 2609 1760 2681">
    <p class='ocr_par' dir='ltr' id='par_1_42' title="bbox 245 2609 1760 2681">
     <span class='ocr_line' id='line_1_42' title="bbox 245 2609 1760 2681; baseline 0.003 -18"><span class='ocrx_word' id='word_1_273' title='bbox 245 2609 455 2663; x_wconf 74' lang='lat' dir='ltr'><strong>Sufficit</strong></span> <span class='ocrx_word' id='word_1_274' title='bbox 475 2611 614 2679; x_wconf 91' lang='lat' dir='ltr'><strong>quod</strong></span> <span class='ocrx_word' id='word_1_275' title='bbox 643 2613 695 2666; x_wconf 93' lang='lat' dir='ltr'><strong>in</strong></span> <span class='ocrx_word' id='word_1_276' title='bbox 721 2612 858 2665; x_wconf 88' lang='lat' dir='ltr'><strong>idem</strong></span> <span class='ocrx_word' id='word_1_277' title='bbox 886 2623 1095 2680; x_wconf 83' lang='lat' dir='ltr'><strong>tempus</strong></span> <span class='ocrx_word' id='word_1_278' title='bbox 1116 2622 1319 2666; x_wconf 91' lang='lat' dir='ltr'><strong>certum</strong></span> <span class='ocrx_word' id='word_1_279' title='bbox 1347 2617 1415 2664; x_wconf 88' lang='lat' dir='ltr'><strong>sit</strong></span> <span class='ocrx_word' id='word_1_280' title='bbox 1436 2613 1566 2666; x_wconf 75' lang='lat' dir='ltr'><strong>duas</strong></span> <span class='ocrx_word' id='word_1_281' title='bbox 1586 2623 1760 2681; x_wconf 88' lang='lat' dir='ltr'><strong>partes</strong></span> 
     </span>
    </p>
   </div>
   <div class='ocr_carea' id='block_1_43' title="bbox 170 2695 1754 2772">
    <p class='ocr_par' dir='ltr' id='par_1_43' title="bbox 170 2695 1754 2772">
     <span class='ocr_line' id='line_1_43' title="bbox 170 2695 1754 2772; baseline 0.001 -18"><span class='ocrx_word' id='word_1_282' title='bbox 170 2716 497 2756; x_wconf 79' lang='lat' dir='ltr'><strong>Concurrere</strong></span> <span class='ocrx_word' id='word_1_283' title='bbox 531 2704 583 2756; x_wconf 88' lang='lat' dir='ltr'><strong>itt</strong></span> <span class='ocrx_word' id='word_1_284' title='bbox 615 2704 855 2759; x_wconf 86' lang='lat' dir='ltr'><strong>eamdem</strong></span> <span class='ocrx_word' id='word_1_285' title='bbox 882 2720 1187 2772; x_wconf 79' lang='lat' dir='ltr'><strong>personam,</strong></span> <span class='ocrx_word' id='word_1_286' title='bbox 1213 2718 1275 2758; x_wconf 88' lang='lat' dir='ltr'><strong>ea</strong></span> <span class='ocrx_word' id='word_1_287' title='bbox 1302 2720 1407 2758; x_wconf 90' lang='lat' dir='ltr'><strong>non</strong></span> <span class='ocrx_word' id='word_1_288' title='bbox 1433 2695 1754 2771; x_wconf 71' lang='lat' dir='ltr'><strong>computata,</strong></span> 
     </span>
    </p>
   </div>
   <div class='ocr_carea' id='block_1_44' title="bbox 167 2793 1755 2865">
    <p class='ocr_par' dir='ltr' id='par_1_44' title="bbox 167 2793 1755 2865">
     <span class='ocr_line' id='line_1_44' title="bbox 167 2793 1755 2865; baseline 0.004 -22"><span class='ocrx_word' id='word_1_289' title='bbox 167 2801 223 2844; x_wconf 82' lang='lat' dir='ltr'><strong>et</strong></span> <span class='ocrx_word' id='word_1_290' title='bbox 248 2809 366 2845; x_wconf 79' lang='lat' dir='ltr'><strong>eam</strong></span> <span class='ocrx_word' id='word_1_291' title='bbox 389 2796 610 2847; x_wconf 84' lang='lat' dir='ltr'><strong>electam</strong></span> <span class='ocrx_word' id='word_1_292' title='bbox 633 2795 792 2865; x_wconf 75' lang='lat'><strong>251</strong></span> <span class='ocrx_word' id='word_1_293' title='bbox 828 2810 856 2846; x_wconf 90' lang='lat' dir='ltr'><strong>a</strong></span> <span class='ocrx_word' id='word_1_294' title='bbox 889 2793 1094 2848; x_wconf 86' lang='lat' dir='ltr'><strong>duabus</strong></span> <span class='ocrx_word' id='word_1_295' title='bbox 1119 2795 1356 2862; x_wconf 87' lang='lat' dir='ltr'><strong>partibus</strong></span> <span class='ocrx_word' id='word_1_296' title='bbox 1385 2805 1437 2848; x_wconf 87' lang='lat' dir='ltr'><strong>et</strong></span> <span class='ocrx_word' id='word_1_297' title='bbox 1467 2803 1755 2862; x_wconf 78' lang='lat' dir='ltr'><strong>receptam.</strong></span> 
     </span>
    </p>
   </div>
   <div class='ocr_carea' id='block_1_45' title="bbox 241 2881 1760 2953">
    <p class='ocr_par' dir='ltr' id='par_1_45' title="bbox 241 2881 1760 2953">
     <span class='ocr_line' id='line_1_45' title="bbox 241 2881 1760 2953; baseline 0.001 -17"><span class='ocrx_word' id='word_1_298' title='bbox 241 2881 392 2936; x_wconf 88' lang='lat' dir='ltr'><strong>Solet</strong></span> <span class='ocrx_word' id='word_1_299' title='bbox 411 2886 568 2937; x_wconf 83' lang='lat' dir='ltr'><strong>etiam</strong></span> <span class='ocrx_word' id='word_1_300' title='bbox 595 2883 706 2937; x_wconf 86' lang='lat' dir='ltr'><strong>fieri</strong></span> <span class='ocrx_word' id='word_1_301' title='bbox 735 2899 796 2938; x_wconf 76' lang='lat' dir='ltr'><strong>ex</strong></span> <span class='ocrx_word' id='word_1_302' title='bbox 823 2899 1086 2938; x_wconf 57' lang='lat' dir='ltr'><strong>consensu</strong></span> <span class='ocrx_word' id='word_1_303' title='bbox 1113 2884 1338 2939; x_wconf 89' lang='lat' dir='ltr'><strong>duarum</strong></span> <span class='ocrx_word' id='word_1_304' title='bbox 1362 2885 1588 2953; x_wconf 58' lang='lat' dir='ltr'><strong>pardum</strong></span> <span class='ocrx_word' id='word_1_305' title='bbox 1610 2900 1760 2939; x_wconf 82' lang='lat' dir='ltr'><strong>com-</strong></span> 
     </span>
    </p>
   </div>
   <div class='ocr_carea' id='block_1_46' title="bbox 170 2976 1760 3042">
    <p class='ocr_par' dir='ltr' id='par_1_46' title="bbox 170 2976 1760 3042">
     <span class='ocr_line' id='line_1_46' title="bbox 170 2976 1760 3042; baseline 0.002 -13"><span class='ocrx_word' id='word_1_306' title='bbox 170 2976 352 3030; x_wconf 88' lang='lat' dir='ltr'><strong>munis</strong></span> <span class='ocrx_word' id='word_1_307' title='bbox 390 2977 600 3040; x_wconf 82' lang='lat' dir='ltr'><strong>electio,</strong></span> <span class='ocrx_word' id='word_1_308' title='bbox 632 2978 751 3030; x_wconf 88' lang='lat' dir='ltr'><strong>licet</strong></span> <span class='ocrx_word' id='word_1_309' title='bbox 795 2977 972 3031; x_wconf 78' lang='lat' dir='ltr'><strong>forsan</strong></span> <span class='ocrx_word' id='word_1_310' title='bbox 1007 2994 1110 3030; x_wconf 89' lang='lat' dir='ltr'><strong>non</strong></span> <span class='ocrx_word' id='word_1_311' title='bbox 1153 2979 1221 3031; x_wconf 89' lang='lat' dir='ltr'><strong>sit</strong></span> <span class='ocrx_word' id='word_1_312' title='bbox 1248 2978 1315 3032; x_wconf 88' lang='lat' dir='ltr'><strong>de</strong></span> <span class='ocrx_word' id='word_1_313' title='bbox 1359 2980 1672 3042; x_wconf 65' lang='lat' dir='ltr'><strong>Sllbalﬂlllla,</strong></span> <span class='ocrx_word' id='word_1_314' title='bbox 1702 2987 1760 3032; x_wconf 92' lang='lat' dir='ltr'><strong>ut</strong></span> 
     </span>
    </p>
   </div>
   <div class='ocr_carea' id='block_1_47' title="bbox 1859 1885 2928 1952">
    <p class='ocr_par' dir='ltr' id='par_1_47' title="bbox 1859 1885 2928 1952">
     <span class='ocr_line' id='line_1_47' title="bbox 1859 1885 2928 1952; baseline -0.002 -12"><span class='ocrx_word' id='word_1_315' title='bbox 1859 1885 2348 1940; x_wconf 86' lang='lat' dir='ltr'><strong>contradicentibus</strong></span> <span class='ocrx_word' id='word_1_316' title='bbox 2376 1885 2460 1938; x_wconf 84' lang='lat' dir='ltr'><strong>vel</strong></span> <span class='ocrx_word' id='word_1_317' title='bbox 2488 1886 2928 1952; x_wconf 87' lang='lat' dir='ltr'><strong>protestautibus.</strong></span> 
     </span>
    </p>
   </div>
   <div class='ocr_carea' id='block_1_48' title="bbox 1931 1975 3452 2045">
    <p class='ocr_par' dir='ltr' id='par_1_48' title="bbox 1931 1975 3452 2045">
     <span class='ocr_line' id='line_1_48' title="bbox 1931 1975 3452 2045; baseline 0 -15"><span class='ocrx_word' id='word_1_318' title='bbox 1931 1976 2330 2045; x_wconf 88' lang='lat' dir='ltr'><strong>Compromissa</strong></span> <span class='ocrx_word' id='word_1_319' title='bbox 2378 1985 2434 2029; x_wconf 91' lang='lat' dir='ltr'><strong>ut</strong></span> <span class='ocrx_word' id='word_1_320' title='bbox 2485 1977 2770 2034; x_wconf 82' lang='lat' dir='ltr'><strong>plurimum</strong></span> <span class='ocrx_word' id='word_1_321' title='bbox 2826 1975 2960 2029; x_wconf 80' lang='lat' dir='ltr'><strong>ﬁunt</strong></span> <span class='ocrx_word' id='word_1_322' title='bbox 3005 1975 3121 2030; x_wconf 82' lang='lat' dir='ltr'><strong>sine</strong></span> <span class='ocrx_word' id='word_1_323' title='bbox 3169 1977 3452 2045; x_wconf 63' lang='lat' dir='ltr'><strong>scriptira.</strong></span> 
     </span>
    </p>
   </div>
   <div class='ocr_carea' id='block_1_49' title="bbox 1863 2068 2741 2136">
    <p class='ocr_par' dir='ltr' id='par_1_49' title="bbox 1863 2068 2741 2136">
     <span class='ocr_line' id='line_1_49' title="bbox 1863 2068 2741 2136; baseline -0.003 -14"><span class='ocrx_word' id='word_1_324' title='bbox 1863 2068 1962 2122; x_wconf 91' lang='lat' dir='ltr'><strong>sed</strong></span> <span class='ocrx_word' id='word_1_325' title='bbox 1996 2077 2160 2120; x_wconf 83' lang='lat' dir='ltr'><strong>tot-us</strong></span> <span class='ocrx_word' id='word_1_326' title='bbox 2189 2079 2269 2120; x_wconf 72' lang='lat' dir='ltr'><strong>est</strong></span> <span class='ocrx_word' id='word_1_327' title='bbox 2298 2083 2415 2120; x_wconf 90' lang='lat' dir='ltr'><strong>cum</strong></span> <span class='ocrx_word' id='word_1_328' title='bbox 2455 2068 2741 2136; x_wconf 79' lang='lat' dir='ltr'><strong>scriptura.</strong></span> 
     </span>
    </p>
   </div>
   <div class='ocr_carea' id='block_1_50' title="bbox 1934 2157 3453 2230">
    <p class='ocr_par' dir='ltr' id='par_1_50' title="bbox 1934 2157 3453 2230">
     <span class='ocr_line' id='line_1_50' title="bbox 1934 2157 3453 2230; baseline -0.001 -15"><span class='ocrx_word' id='word_1_329' title='bbox 1934 2165 2015 2215; x_wconf 76' lang='lat' dir='ltr'><strong>An</strong></span> <span class='ocrx_word' id='word_1_330' title='bbox 2049 2160 2540 2230; x_wconf 79' lang='lat' dir='ltr'><strong>compromissarii,</strong></span> <span class='ocrx_word' id='word_1_331' title='bbox 2575 2172 2850 2229; x_wconf 88' lang='lat' dir='ltr'><strong>postquam</strong></span> <span class='ocrx_word' id='word_1_332' title='bbox 2896 2158 3050 2214; x_wconf 90' lang='lat' dir='ltr'><strong>electi</strong></span> <span class='ocrx_word' id='word_1_333' title='bbox 3083 2157 3299 2224; x_wconf 85' lang='lat' dir='ltr'><strong>fuerint,</strong></span> <span class='ocrx_word' id='word_1_334' title='bbox 3335 2175 3453 2226; x_wconf 85' lang='lat' dir='ltr'><strong>pos-</strong></span> 
     </span>
    </p>
   </div>
   <div class='ocr_carea' id='block_1_51' title="bbox 1865 2252 3457 2319">
    <p class='ocr_par' dir='ltr' id='par_1_51' title="bbox 1865 2252 3457 2319">
     <span class='ocr_line' id='line_1_51' title="bbox 1865 2252 3457 2319; baseline -0.001 -14"><span class='ocrx_word' id='word_1_335' title='bbox 1865 2255 1974 2308; x_wconf 80' lang='lat' dir='ltr'><strong>sint</strong></span> <span class='ocrx_word' id='word_1_336' title='bbox 2009 2268 2284 2316; x_wconf 87' lang='lat' dir='ltr'><strong>revocare,</strong></span> <span class='ocrx_word' id='word_1_337' title='bbox 2318 2259 2423 2307; x_wconf 89' lang='lat' dir='ltr'><strong>etc.</strong></span> <span class='ocrx_word' id='word_1_338' title='bbox 2451 2253 2767 2319; x_wconf 80' lang='lat' dir='ltr'><strong>ltespondeo</strong></span> <span class='ocrx_word' id='word_1_339' title='bbox 2791 2253 2888 2316; x_wconf 90' lang='lat' dir='ltr'><strong>sic,</strong></span> <span class='ocrx_word' id='word_1_340' title='bbox 2920 2266 2948 2304; x_wconf 90' lang='lat' dir='ltr'><strong>a</strong></span> <span class='ocrx_word' id='word_1_341' title='bbox 2982 2252 3184 2304; x_wconf 84' lang='lat' dir='ltr'><strong>duobus</strong></span> <span class='ocrx_word' id='word_1_342' title='bbox 3219 2265 3314 2319; x_wconf 90' lang='lat' dir='ltr'><strong>par</strong></span> <span class='ocrx_word' id='word_1_343' title='bbox 3340 2252 3457 2304; x_wconf 85' lang='lat' dir='ltr'><strong>ibus</strong></span> 
     </span>
    </p>
   </div>
   <div class='ocr_carea' id='block_1_52' title="bbox 1864 2341 3455 2412">
    <p class='ocr_par' dir='ltr' id='par_1_52' title="bbox 1864 2341 3455 2412">
     <span class='ocr_line' id='line_1_52' title="bbox 1864 2341 3455 2412; baseline -0.004 -13"><span class='ocrx_word' id='word_1_344' title='bbox 1864 2344 2411 2412; x_wconf 89' lang='lat' dir='ltr'><strong>compromittentium</strong></span> <span class='ocrx_word' id='word_1_345' title='bbox 2437 2358 2493 2397; x_wconf 91' lang='lat' dir='ltr'><strong>re</strong></span> <span class='ocrx_word' id='word_1_346' title='bbox 2523 2343 2748 2411; x_wconf 81' lang='lat' dir='ltr'><strong>integra,</strong></span> <span class='ocrx_word' id='word_1_347' title='bbox 2773 2342 2972 2396; x_wconf 86' lang='lat' dir='ltr'><strong>scilicet</strong></span> <span class='ocrx_word' id='word_1_348' title='bbox 3003 2356 3134 2410; x_wconf 86' lang='lat' dir='ltr'><strong>papa</strong></span> <span class='ocrx_word' id='word_1_349' title='bbox 3161 2359 3266 2394; x_wconf 89' lang='lat' dir='ltr'><strong>non</strong></span> <span class='ocrx_word' id='word_1_350' title='bbox 3297 2341 3455 2394; x_wconf 83' lang='lat' dir='ltr'><strong>facto.</strong></span> 
     </span>
    </p>
   </div>
   <div class='ocr_carea' id='block_1_53' title="bbox 1939 2431 3456 2501">
    <p class='ocr_par' dir='ltr' id='par_1_53' title="bbox 1939 2431 3456 2501">
     <span class='ocr_line' id='line_1_53' title="bbox 1939 2431 3456 2501; baseline -0.003 -14"><span class='ocrx_word' id='word_1_351' title='bbox 1939 2434 2070 2500; x_wconf 72' lang='lat' dir='ltr'><strong>Qua:</strong></span> <span class='ocrx_word' id='word_1_352' title='bbox 2112 2434 2198 2487; x_wconf 92' lang='lat' dir='ltr'><strong>hic</strong></span> <span class='ocrx_word' id='word_1_353' title='bbox 2240 2432 2492 2486; x_wconf 91' lang='lat' dir='ltr'><strong>dicuntur</strong></span> <span class='ocrx_word' id='word_1_354' title='bbox 2516 2447 2633 2501; x_wconf 70' lang='lat' dir='ltr'><strong>quae</strong></span> <span class='ocrx_word' id='word_1_355' title='bbox 2681 2447 2784 2485; x_wconf 93' lang='lat' dir='ltr'><strong>nou</strong></span> <span class='ocrx_word' id='word_1_356' title='bbox 2816 2439 2940 2484; x_wconf 89' lang='lat' dir='ltr'><strong>sunt</strong></span> <span class='ocrx_word' id='word_1_357' title='bbox 2984 2433 3050 2484; x_wconf 90' lang='lat' dir='ltr'><strong>de</strong></span> <span class='ocrx_word' id='word_1_358' title='bbox 3093 2432 3231 2498; x_wconf 85' lang='lat' dir='ltr'><strong>jure,</strong></span> <span class='ocrx_word' id='word_1_359' title='bbox 3280 2431 3456 2483; x_wconf 84' lang='lat' dir='ltr'><strong>tandin</strong></span> 
     </span>
    </p>
   </div>
   <div class='ocr_carea' id='block_1_54' title="bbox 1867 2522 3456 2591">
    <p class='ocr_par' dir='ltr' id='par_1_54' title="bbox 1867 2522 3456 2591">
     <span class='ocr_line' id='line_1_54' title="bbox 1867 2522 3456 2591; baseline -0.003 -13"><span class='ocrx_word' id='word_1_360' title='bbox 1867 2534 2011 2579; x_wconf 88' lang='lat' dir='ltr'><strong>stent</strong></span> <span class='ocrx_word' id='word_1_361' title='bbox 2039 2523 2188 2578; x_wconf 84' lang='lat' dir='ltr'><strong>firma</strong></span> <span class='ocrx_word' id='word_1_362' title='bbox 2223 2524 2274 2576; x_wconf 95' lang='lat' dir='ltr'><strong>in</strong></span> <span class='ocrx_word' id='word_1_363' title='bbox 2303 2526 2402 2576; x_wconf 88' lang='lat' dir='ltr'><strong>hac</strong></span> <span class='ocrx_word' id='word_1_364' title='bbox 2433 2523 2742 2589; x_wconf 87' lang='lat' dir='ltr'><strong>vacatione,</strong></span> <span class='ocrx_word' id='word_1_365' title='bbox 2777 2537 3052 2591; x_wconf 75' lang='grc' dir='ltr'><strong>ψιοιιςιιιιθ</strong></span> <span class='ocrx_word' id='word_1_366' title='bbox 3082 2533 3248 2575; x_wconf 92' lang='lat' dir='ltr'><strong>totum</strong></span> <span class='ocrx_word' id='word_1_367' title='bbox 3292 2522 3456 2574; x_wconf 84' lang='lat' dir='ltr'><strong>colle-</strong></span> 
     </span>
    </p>
   </div>
   <div class='ocr_carea' id='block_1_55' title="bbox 1867 2613 3452 2684">
    <p class='ocr_par' dir='ltr' id='par_1_55' title="bbox 1867 2613 3452 2684">
     <span class='ocr_line' id='line_1_55' title="bbox 1867 2613 3452 2684; baseline -0.004 -15"><span class='ocrx_word' id='word_1_368' title='bbox 1867 2616 2007 2684; x_wconf 76' lang='lat' dir='ltr'><strong>gium</strong></span> <span class='ocrx_word' id='word_1_369' title='bbox 2055 2623 2109 2669; x_wconf 85' lang='lat' dir='ltr'><strong>et</strong></span> <span class='ocrx_word' id='word_1_370' title='bbox 2131 2615 2346 2684; x_wconf 81' lang='lat' dir='ltr'><strong>singuli,</strong></span> <span class='ocrx_word' id='word_1_371' title='bbox 2377 2617 2455 2669; x_wconf 90' lang='lat' dir='ltr'><strong>vel</strong></span> <span class='ocrx_word' id='word_1_372' title='bbox 2489 2615 2606 2667; x_wconf 67' lang='lat' dir='ltr'><strong>dum.</strong></span> <span class='ocrx_word' id='word_1_373' title='bbox 2636 2622 2816 2682; x_wconf 90' lang='lat' dir='ltr'><strong>partes</strong></span> <span class='ocrx_word' id='word_1_374' title='bbox 2845 2614 3006 2666; x_wconf 89' lang='lat' dir='ltr'><strong>totius</strong></span> <span class='ocrx_word' id='word_1_375' title='bbox 3035 2613 3239 2680; x_wconf 80' lang='lat' dir='ltr'><strong>col&#39;egii</strong></span> <span class='ocrx_word' id='word_1_376' title='bbox 3272 2626 3452 2665; x_wconf 80' lang='lat' dir='ltr'><strong>vocent</strong></span> 
     </span>
    </p>
   </div>
   <div class='ocr_carea' id='block_1_56' title="bbox 1871 2706 3451 2762">
    <p class='ocr_par' dir='ltr' id='par_1_56' title="bbox 1871 2706 3451 2762">
     <span class='ocr_line' id='line_1_56' title="bbox 1871 2706 3451 2762; baseline -0.001 -3"><span class='ocrx_word' id='word_1_377' title='bbox 1871 2707 1923 2759; x_wconf 92' lang='lat' dir='ltr'><strong>in</strong></span> <span class='ocrx_word' id='word_1_378' title='bbox 1974 2707 2239 2762; x_wconf 87' lang='lat' dir='ltr'><strong>electione</strong></span> <span class='ocrx_word' id='word_1_379' title='bbox 2287 2706 2603 2760; x_wconf 84' lang='lat' dir='ltr'><strong>habentium</strong></span> <span class='ocrx_word' id='word_1_380' title='bbox 2672 2721 2732 2759; x_wconf 86' lang='lat' dir='ltr'><strong>ea</strong></span> <span class='ocrx_word' id='word_1_381' title='bbox 2792 2707 3047 2759; x_wconf 81' lang='lat' dir='ltr'><strong>duxerint</strong></span> <span class='ocrx_word' id='word_1_382' title='bbox 3105 2706 3451 2758; x_wconf 84' lang='lat' dir='ltr'><strong>immutamla.</strong></span> 
     </span>
    </p>
   </div>
   <div class='ocr_carea' id='block_1_57' title="bbox 1868 2795 3456 2862">
    <p class='ocr_par' dir='ltr' id='par_1_57' title="bbox 1868 2795 3456 2862">
     <span class='ocr_line' id='line_1_57' title="bbox 1868 2795 3456 2862; baseline -0.003 -10"><span class='ocrx_word' id='word_1_383' title='bbox 1868 2799 2038 2853; x_wconf 89' lang='lat' dir='ltr'><strong>llodie</strong></span> <span class='ocrx_word' id='word_1_384' title='bbox 2067 2799 2119 2853; x_wconf 89' lang='lat' dir='ltr'><strong>in</strong></span> <span class='ocrx_word' id='word_1_385' title='bbox 2165 2797 2510 2862; x_wconf 71' lang='lat' dir='ltr'><strong>COttsiSlOl‘io,</strong></span> <span class='ocrx_word' id='word_1_386' title='bbox 2541 2797 2764 2850; x_wconf 88' lang='lat' dir='ltr'><strong>absente</strong></span> <span class='ocrx_word' id='word_1_387' title='bbox 2812 2812 2984 2849; x_wconf 73' lang='grc' dir='ltr'><strong>εωιιρη</strong></span> <span class='ocrx_word' id='word_1_388' title='bbox 3017 2795 3316 2848; x_wconf 76' lang='lat' dir='ltr'><strong>Tusculano</strong></span> <span class='ocrx_word' id='word_1_389' title='bbox 3360 2809 3456 2848; x_wconf 81' lang='lat' dir='ltr'><strong>nec</strong></span> 
     </span>
    </p>
   </div>
   <div class='ocr_carea' id='block_1_58' title="bbox 1866 2886 3455 2960">
    <p class='ocr_par' dir='ltr' id='par_1_58' title="bbox 1866 2886 3455 2960">
     <span class='ocr_line' id='line_1_58' title="bbox 1866 2886 3455 2960; baseline -0.002 -17"><span class='ocrx_word' id='word_1_390' title='bbox 1866 2891 2141 2960; x_wconf 80' lang='lat' dir='ltr'><strong>requisita,</strong></span> <span class='ocrx_word' id='word_1_391' title='bbox 2174 2889 2381 2942; x_wconf 82' lang='lat' dir='ltr'><strong>fuerunt</strong></span> <span class='ocrx_word' id='word_1_392' title='bbox 2411 2889 2561 2942; x_wconf 71' lang='lat' dir='ltr'><strong>lect-.e</strong></span> <span class='ocrx_word' id='word_1_393' title='bbox 2603 2889 2716 2941; x_wconf 70' lang='lat' dir='ltr'><strong>ista:</strong></span> <span class='ocrx_word' id='word_1_394' title='bbox 2755 2888 3013 2941; x_wconf 74' lang='lat' dir='ltr'><strong>observan</strong></span> <span class='ocrx_word' id='word_1_395' title='bbox 3044 2887 3127 2940; x_wconf 65' lang='lat' dir='ltr'><strong>ite.</strong></span> <span class='ocrx_word' id='word_1_396' title='bbox 3163 2886 3225 2939; x_wconf 63' lang='lat' dir='ltr'><strong>Iit</strong></span> <span class='ocrx_word' id='word_1_397' title='bbox 3259 2887 3455 2949; x_wconf 74' lang='lat' dir='ltr'><strong>placuit</strong></span> 
     </span>
    </p>
   </div>
   <div class='ocr_carea' id='block_1_59' title="bbox 1865 2977 3454 3048">
    <p class='ocr_par' dir='ltr' id='par_1_59' title="bbox 1865 2977 3454 3048">
     <span class='ocr_line' id='line_1_59' title="bbox 1865 2977 3454 3048; baseline -0.003 -14"><span class='ocrx_word' id='word_1_398' title='bbox 1865 2981 2004 3048; x_wconf 85' lang='lat' dir='ltr'><strong>quod</strong></span> <span class='ocrx_word' id='word_1_399' title='bbox 2035 2980 2133 3033; x_wconf 87' lang='lat' dir='ltr'><strong>ista</strong></span> <span class='ocrx_word' id='word_1_400' title='bbox 2168 2980 2431 3034; x_wconf 83' lang='lat' dir='ltr'><strong>deberent</strong></span> <span class='ocrx_word' id='word_1_401' title='bbox 2454 2979 2672 3032; x_wconf 87' lang='lat' dir='ltr'><strong>servari.</strong></span> <span class='ocrx_word' id='word_1_402' title='bbox 2706 2977 2914 3030; x_wconf 87' lang='lat' dir='ltr'><strong>Addidit</strong></span> <span class='ocrx_word' id='word_1_403' title='bbox 2955 2987 3128 3029; x_wconf 85' lang='lat' dir='ltr'><strong>tamen</strong></span> <span class='ocrx_word' id='word_1_404' title='bbox 3159 2992 3290 3029; x_wconf 81' lang='lat' dir='ltr'><strong>IlllllS</strong></span> <span class='ocrx_word' id='word_1_405' title='bbox 3313 2977 3454 3044; x_wconf 75' lang='lat' dir='ltr'><strong>quod</strong></span> 
     </span>
    </p>
   </div>
   <div class='ocr_carea' id='block_1_60' title="bbox 169 3061 3460 3135">
    <p class='ocr_par' dir='ltr' id='par_1_60' title="bbox 169 3061 3460 3135">
     <span class='ocr_line' id='line_1_60' title="bbox 169 3061 3460 3135; baseline 0 -19"><span class='ocrx_word' id='word_1_406' title='bbox 169 3067 478 3119; x_wconf 82' lang='lat' dir='ltr'><strong>communis</strong></span> <span class='ocrx_word' id='word_1_407' title='bbox 500 3066 689 3123; x_wconf 79' lang='lat' dir='ltr'><strong>eleCtio</strong></span> <span class='ocrx_word' id='word_1_408' title='bbox 717 3067 1096 3135; x_wconf 88' lang='lat' dir='ltr'><strong>subsequatur,</strong></span> <span class='ocrx_word' id='word_1_409' title='bbox 1126 3082 1190 3120; x_wconf 80' lang='lat' dir='ltr'><strong>ex</strong></span> <span class='ocrx_word' id='word_1_410' title='bbox 1219 3082 1322 3135; x_wconf 90' lang='lat' dir='ltr'><strong>quo</strong></span> <span class='ocrx_word' id='word_1_411' title='bbox 1347 3067 1550 3121; x_wconf 84' lang='lat' dir='ltr'><strong>electus</strong></span> <span class='ocrx_word' id='word_1_412' title='bbox 1579 3084 1606 3120; x_wconf 90' lang='lat' dir='ltr'><strong>a</strong></span> <span class='ocrx_word' id='word_1_413' title='bbox 1634 3068 1764 3120; x_wconf 88' lang='lat' dir='ltr'><strong>dua-</strong></span> <span class='ocrx_word' id='word_1_414' title='bbox 1792 3061 1837 3122; x_wconf 88' lang='lat' dir='ltr'><strong>C</strong></span> <span class='ocrx_word' id='word_1_415' title='bbox 1871 3072 1968 3125; x_wconf 90' lang='lat' dir='ltr'><strong>ista</strong></span> <span class='ocrx_word' id='word_1_416' title='bbox 1997 3081 2176 3125; x_wconf 90' lang='lat' dir='ltr'><strong>essent</strong></span> <span class='ocrx_word' id='word_1_417' title='bbox 2206 3071 2345 3124; x_wconf 91' lang='lat' dir='ltr'><strong>sicut</strong></span> <span class='ocrx_word' id='word_1_418' title='bbox 2392 3069 2606 3122; x_wconf 90' lang='lat' dir='ltr'><strong>luerunt</strong></span> <span class='ocrx_word' id='word_1_419' title='bbox 2648 3070 2934 3129; x_wconf 88' lang='lat' dir='ltr'><strong>hactenus,</strong></span> <span class='ocrx_word' id='word_1_420' title='bbox 2967 3076 3020 3119; x_wconf 88' lang='lat' dir='ltr'><strong>et</strong></span> <span class='ocrx_word' id='word_1_421' title='bbox 3050 3065 3339 3119; x_wconf 85' lang='lat' dir='ltr'><strong>secundum</strong></span> <span class='ocrx_word' id='word_1_422' title='bbox 3371 3082 3428 3117; x_wconf 83' lang='lat' dir='ltr'><strong>sa</strong></span> <span class='ocrx_word' id='word_1_423' title='bbox 3447 3091 3460 3104; x_wconf 70' lang='grc' dir='ltr'>ς</span> 
     </span>
    </p>
   </div>
   <div class='ocr_carea' id='block_1_61' title="bbox 171 3156 1761 3226">
    <p class='ocr_par' dir='ltr' id='par_1_61' title="bbox 171 3156 1761 3226">
     <span class='ocr_line' id='line_1_61' title="bbox 171 3156 1761 3226; baseline 0.001 -16"><span class='ocrx_word' id='word_1_424' title='bbox 171 3156 274 3211; x_wconf 72' lang='grc' dir='ltr'><strong>ωε</strong></span> <span class='ocrx_word' id='word_1_425' title='bbox 305 3159 544 3226; x_wconf 82' lang='lat' dir='ltr'><strong>partibus</strong></span> <span class='ocrx_word' id='word_1_426' title='bbox 574 3156 874 3210; x_wconf 90' lang='lat' dir='ltr'><strong>nominatur</strong></span> <span class='ocrx_word' id='word_1_427' title='bbox 918 3166 971 3211; x_wconf 90' lang='lat' dir='ltr'><strong>et</strong></span> <span class='ocrx_word' id='word_1_428' title='bbox 1016 3157 1271 3226; x_wconf 88' lang='lat' dir='ltr'><strong>recipitur</strong></span> <span class='ocrx_word' id='word_1_429' title='bbox 1311 3171 1404 3224; x_wconf 87' lang='lat' dir='ltr'><strong>per</strong></span> <span class='ocrx_word' id='word_1_430' title='bbox 1441 3172 1761 3212; x_wconf 86' lang='lat' dir='ltr'><strong>consensum</strong></span> 
     </span>
    </p>
   </div>
   <div class='ocr_carea' id='block_1_62' title="bbox 169 3251 1442 3320">
    <p class='ocr_par' dir='ltr' id='par_1_62' title="bbox 169 3251 1442 3320">
     <span class='ocr_line' id='line_1_62' title="bbox 169 3251 1442 3320; baseline 0 -16"><span class='ocrx_word' id='word_1_431' title='bbox 169 3251 470 3305; x_wconf 79' lang='lat' dir='ltr'><strong>adhibitum</strong></span> <span class='ocrx_word' id='word_1_432' title='bbox 503 3252 556 3306; x_wconf 91' lang='lat' dir='ltr'><strong>in</strong></span> <span class='ocrx_word' id='word_1_433' title='bbox 585 3252 872 3318; x_wconf 86' lang='lat' dir='ltr'><strong>scrutinio,</strong></span> <span class='ocrx_word' id='word_1_434' title='bbox 905 3251 984 3308; x_wconf 86' lang='lat' dir='ltr'><strong>vel</strong></span> <span class='ocrx_word' id='word_1_435' title='bbox 1021 3266 1112 3320; x_wconf 89' lang='lat' dir='ltr'><strong>per</strong></span> <span class='ocrx_word' id='word_1_436' title='bbox 1145 3267 1442 3306; x_wconf 88' lang='lat' dir='ltr'><strong>accessum.</strong></span> 
     </span>
    </p>
   </div>
   <div class='ocr_carea' id='block_1_63' title="bbox 246 3344 1761 3412">
    <p class='ocr_par' dir='ltr' id='par_1_63' title="bbox 246 3344 1761 3412">
     <span class='ocr_line' id='line_1_63' title="bbox 246 3344 1761 3412; baseline -0.001 -14"><span class='ocrx_word' id='word_1_437' title='bbox 246 3344 363 3398; x_wconf 84' lang='lat' dir='ltr'><strong>Non</strong></span> <span class='ocrx_word' id='word_1_438' title='bbox 389 3344 448 3398; x_wconf 86' lang='lat' dir='ltr'><strong>fit</strong></span> <span class='ocrx_word' id='word_1_439' title='bbox 477 3345 688 3398; x_wconf 90' lang='lat' dir='ltr'><strong>collatio</strong></span> <span class='ocrx_word' id='word_1_440' title='bbox 734 3344 909 3398; x_wconf 88' lang='lat' dir='ltr'><strong>meriti</strong></span> <span class='ocrx_word' id='word_1_441' title='bbox 939 3345 1004 3398; x_wconf 89' lang='lat' dir='ltr'><strong>ad</strong></span> <span class='ocrx_word' id='word_1_442' title='bbox 1037 3345 1308 3412; x_wconf 84' lang='lat' dir='ltr'><strong>meritum,</strong></span> <span class='ocrx_word' id='word_1_443' title='bbox 1344 3345 1444 3398; x_wconf 89' lang='lat' dir='ltr'><strong>zeli</strong></span> <span class='ocrx_word' id='word_1_444' title='bbox 1472 3344 1535 3397; x_wconf 88' lang='lat' dir='ltr'><strong>ad</strong></span> <span class='ocrx_word' id='word_1_445' title='bbox 1567 3345 1761 3412; x_wconf 80' lang='lat' dir='ltr'><strong>zelum,</strong></span> 
     </span>
    </p>
   </div>
   <div class='ocr_carea' id='block_1_64' title="bbox 171 3437 1762 3504">
    <p class='ocr_par' dir='ltr' id='par_1_64' title="bbox 171 3437 1762 3504">
     <span class='ocr_line' id='line_1_64' title="bbox 171 3437 1762 3504; baseline 0.001 -14"><span class='ocrx_word' id='word_1_446' title='bbox 171 3437 270 3490; x_wconf 87' lang='lat' dir='ltr'><strong>sed</strong></span> <span class='ocrx_word' id='word_1_447' title='bbox 299 3438 474 3490; x_wconf 92' lang='lat' dir='ltr'><strong>solum</strong></span> <span class='ocrx_word' id='word_1_448' title='bbox 514 3439 716 3492; x_wconf 89' lang='lat' dir='ltr'><strong>nmucri</strong></span> <span class='ocrx_word' id='word_1_449' title='bbox 744 3437 809 3491; x_wconf 87' lang='lat' dir='ltr'><strong>ad</strong></span> <span class='ocrx_word' id='word_1_450' title='bbox 849 3453 1158 3504; x_wconf 85' lang='lat' dir='ltr'><strong>numerum,</strong></span> <span class='ocrx_word' id='word_1_451' title='bbox 1187 3439 1395 3493; x_wconf 78' lang='lat' dir='ltr'><strong>etiamsi</strong></span> <span class='ocrx_word' id='word_1_452' title='bbox 1441 3437 1706 3492; x_wconf 81' lang='lat' dir='ltr'><strong>efficiatur</strong></span> <span class='ocrx_word' id='word_1_453' title='bbox 1732 3453 1762 3491; x_wconf 86' lang='lat' dir='ltr'><strong>a</strong></span> 
     </span>
    </p>
   </div>
   <div class='ocr_carea' id='block_1_65' title="bbox 172 3528 1145 3598">
    <p class='ocr_par' dir='ltr' id='par_1_65' title="bbox 172 3528 1145 3598">
     <span class='ocr_line' id='line_1_65' title="bbox 172 3528 1145 3598; baseline -0.001 -16"><span class='ocrx_word' id='word_1_454' title='bbox 172 3529 366 3596; x_wconf 87' lang='lat' dir='ltr'><strong>majori</strong></span> <span class='ocrx_word' id='word_1_455' title='bbox 401 3537 548 3593; x_wconf 87' lang='lat' dir='ltr'><strong>parte</strong></span> <span class='ocrx_word' id='word_1_456' title='bbox 575 3528 784 3598; x_wconf 79' lang='lat' dir='ltr'><strong>collegii</strong></span> <span class='ocrx_word' id='word_1_457' title='bbox 821 3531 1145 3582; x_wconf 72' lang='lat' dir='ltr'><strong>nominatus.</strong></span> 
     </span>
    </p>
   </div>
   <div class='ocr_carea' id='block_1_66' title="bbox 252 3617 1760 3688">
    <p class='ocr_par' dir='ltr' id='par_1_66' title="bbox 252 3617 1760 3688">
     <span class='ocr_line' id='line_1_66' title="bbox 252 3617 1760 3688; baseline -0.001 -16"><span class='ocrx_word' id='word_1_458' title='bbox 252 3617 626 3687; x_wconf 61' lang='lat' dir='ltr'><strong>Unusquisque</strong></span> <span class='ocrx_word' id='word_1_459' title='bbox 656 3627 831 3688; x_wconf 77' lang='lat' dir='ltr'><strong>potest</strong></span> <span class='ocrx_word' id='word_1_460' title='bbox 869 3617 923 3672; x_wconf 88' lang='lat' dir='ltr'><strong>iu</strong></span> <span class='ocrx_word' id='word_1_461' title='bbox 956 3617 1212 3673; x_wconf 91' lang='lat' dir='ltr'><strong>scrutinio</strong></span> <span class='ocrx_word' id='word_1_462' title='bbox 1248 3633 1412 3671; x_wconf 88' lang='lat' dir='ltr'><strong>unum</strong></span> <span class='ocrx_word' id='word_1_463' title='bbox 1463 3617 1760 3677; x_wconf 87' lang='lat' dir='ltr'><strong>nominare,</strong></span> 
     </span>
    </p>
   </div>
   <div class='ocr_carea' id='block_1_67' title="bbox 175 3709 1762 3778">
    <p class='ocr_par' dir='ltr' id='par_1_67' title="bbox 175 3709 1762 3778">
     <span class='ocr_line' id='line_1_67' title="bbox 175 3709 1762 3778; baseline -0.001 -16"><span class='ocrx_word' id='word_1_464' title='bbox 175 3709 262 3762; x_wconf 81' lang='lat' dir='ltr'><strong>vel</strong></span> <span class='ocrx_word' id='word_1_465' title='bbox 310 3710 504 3776; x_wconf 86' lang='lat' dir='ltr'><strong>plures,</strong></span> <span class='ocrx_word' id='word_1_466' title='bbox 534 3709 782 3764; x_wconf 86' lang='lat' dir='ltr'><strong>similiter</strong></span> <span class='ocrx_word' id='word_1_467' title='bbox 807 3709 873 3764; x_wconf 89' lang='lat' dir='ltr'><strong>ad</strong></span> <span class='ocrx_word' id='word_1_468' title='bbox 906 3725 1066 3764; x_wconf 88' lang='lat' dir='ltr'><strong>unum</strong></span> <span class='ocrx_word' id='word_1_469' title='bbox 1109 3710 1387 3778; x_wconf 88' lang='lat' dir='ltr'><strong>accedere,</strong></span> <span class='ocrx_word' id='word_1_470' title='bbox 1421 3709 1502 3762; x_wconf 87' lang='lat' dir='ltr'><strong>vel</strong></span> <span class='ocrx_word' id='word_1_471' title='bbox 1545 3709 1609 3762; x_wconf 87' lang='lat' dir='ltr'><strong>ad</strong></span> <span class='ocrx_word' id='word_1_472' title='bbox 1643 3710 1762 3777; x_wconf 89' lang='lat' dir='ltr'><strong>plu-</strong></span> 
     </span>
    </p>
   </div>
   <div class='ocr_carea' id='block_1_68' title="bbox 176 3815 287 3856">
    <p class='ocr_par' dir='ltr' id='par_1_68' title="bbox 176 3815 287 3856">
     <span class='ocr_line' id='line_1_68' title="bbox 176 3815 287 3856; baseline -0.027 0"><span class='ocrx_word' id='word_1_473' title='bbox 176 3815 287 3856; x_wconf 62' lang='grc' dir='ltr'><strong>ΓΕΒ.</strong></span> 
     </span>
    </p>
   </div>
   <div class='ocr_carea' id='block_1_69' title="bbox 258 3890 1764 3959">
    <p class='ocr_par' dir='ltr' id='par_1_69' title="bbox 258 3890 1764 3959">
     <span class='ocr_line' id='line_1_69' title="bbox 258 3890 1764 3959; baseline -0.001 -11"><span class='ocrx_word' id='word_1_474' title='bbox 258 3893 317 3948; x_wconf 88' lang='lat' dir='ltr'><strong>Si</strong></span> <span class='ocrx_word' id='word_1_475' title='bbox 364 3909 456 3959; x_wconf 87' lang='lat' dir='ltr'><strong>per</strong></span> <span class='ocrx_word' id='word_1_476' title='bbox 501 3894 902 3959; x_wconf 82' lang='lat' dir='ltr'><strong>dispositionem</strong></span> <span class='ocrx_word' id='word_1_477' title='bbox 931 3895 982 3948; x_wconf 93' lang='lat' dir='ltr'><strong>in</strong></span> <span class='ocrx_word' id='word_1_478' title='bbox 1015 3893 1273 3949; x_wconf 42' lang='lat' dir='ltr'><strong>scrutinio</strong></span> <span class='ocrx_word' id='word_1_479' title='bbox 1305 3890 1516 3950; x_wconf 84' lang='lat' dir='ltr'><strong>factam.</strong></span> <span class='ocrx_word' id='word_1_480' title='bbox 1546 3893 1652 3946; x_wconf 91' lang='lat' dir='ltr'><strong>duo</strong></span> <span class='ocrx_word' id='word_1_481' title='bbox 1683 3892 1764 3946; x_wconf 86' lang='lat' dir='ltr'><strong>vel</strong></span> 
     </span>
    </p>
   </div>
   <div class='ocr_carea' id='block_1_70' title="bbox 179 3981 1767 4055">
    <p class='ocr_par' dir='ltr' id='par_1_70' title="bbox 179 3981 1767 4055">
     <span class='ocr_line' id='line_1_70' title="bbox 179 3981 1767 4055; baseline 0.001 -21"><span class='ocrx_word' id='word_1_482' title='bbox 179 3983 364 4050; x_wconf 88' lang='lat' dir='ltr'><strong>plures</strong></span> <span class='ocrx_word' id='word_1_483' title='bbox 407 3999 435 4036; x_wconf 91' lang='lat' dir='ltr'><strong>a</strong></span> <span class='ocrx_word' id='word_1_484' title='bbox 485 3985 687 4039; x_wconf 87' lang='lat' dir='ltr'><strong>duabus</strong></span> <span class='ocrx_word' id='word_1_485' title='bbox 735 3986 970 4053; x_wconf 89' lang='lat' dir='ltr'><strong>partibus</strong></span> <span class='ocrx_word' id='word_1_486' title='bbox 1012 3986 1297 4055; x_wconf 81' lang='lat' dir='ltr'><strong>t-ligattlttt‘,</strong></span> <span class='ocrx_word' id='word_1_487' title='bbox 1342 3981 1453 4036; x_wconf 88' lang='lat' dir='ltr'><strong>sive</strong></span> <span class='ocrx_word' id='word_1_488' title='bbox 1484 3984 1637 4038; x_wconf 84' lang='lat' dir='ltr'><strong>electi</strong></span> <span class='ocrx_word' id='word_1_489' title='bbox 1673 3984 1767 4036; x_wconf 86' lang='lat' dir='ltr'><strong>ha-</strong></span> 
     </span>
    </p>
   </div>
   <div class='ocr_carea' id='block_1_71' title="bbox 179 4075 1764 4145">
    <p class='ocr_par' dir='ltr' id='par_1_71' title="bbox 179 4075 1764 4145">
     <span class='ocr_line' id='line_1_71' title="bbox 179 4075 1764 4145; baseline 0.001 -19"><span class='ocrx_word' id='word_1_490' title='bbox 179 4075 345 4128; x_wconf 78' lang='lat' dir='ltr'><strong>beant</strong></span> <span class='ocrx_word' id='word_1_491' title='bbox 374 4075 718 4143; x_wconf 84' lang='lat' dir='ltr'><strong>probabiliter</strong></span> <span class='ocrx_word' id='word_1_492' title='bbox 749 4078 879 4130; x_wconf 88' lang='lat' dir='ltr'><strong>duas</strong></span> <span class='ocrx_word' id='word_1_493' title='bbox 922 4087 1118 4145; x_wconf 71' lang='lat' dir='ltr'><strong>partes.</strong></span> <span class='ocrx_word' id='word_1_494' title='bbox 1155 4075 1268 4130; x_wconf 89' lang='lat' dir='ltr'><strong>sive</strong></span> <span class='ocrx_word' id='word_1_495' title='bbox 1300 4077 1436 4129; x_wconf 87' lang='lat' dir='ltr'><strong>inter</strong></span> <span class='ocrx_word' id='word_1_496' title='bbox 1467 4076 1764 4144; x_wconf 80' lang='lat' dir='ltr'><strong>bujnsniodi</strong></span> 
     </span>
    </p>
   </div>
   <div class='ocr_carea' id='block_1_72' title="bbox 181 4167 1763 4236">
    <p class='ocr_par' dir='ltr' id='par_1_72' title="bbox 181 4167 1763 4236">
     <span class='ocr_line' id='line_1_72' title="bbox 181 4167 1763 4236; baseline 0.001 -18"><span class='ocrx_word' id='word_1_497' title='bbox 181 4167 320 4219; x_wconf 87' lang='lat' dir='ltr'><strong>duas</strong></span> <span class='ocrx_word' id='word_1_498' title='bbox 352 4177 528 4235; x_wconf 84' lang='lat' dir='ltr'><strong>partes</strong></span> <span class='ocrx_word' id='word_1_499' title='bbox 552 4167 808 4222; x_wconf 83' lang='lat' dir='ltr'><strong>habentes</strong></span> <span class='ocrx_word' id='word_1_500' title='bbox 838 4185 974 4223; x_wconf 90' lang='lat' dir='ltr'><strong>unus</strong></span> <span class='ocrx_word' id='word_1_501' title='bbox 1000 4169 1190 4222; x_wconf 80' lang='lat' dir='ltr'><strong>habent</strong></span> <span class='ocrx_word' id='word_1_502' title='bbox 1221 4169 1397 4234; x_wconf 87' lang='lat' dir='ltr'><strong>plures</strong></span> <span class='ocrx_word' id='word_1_503' title='bbox 1420 4183 1574 4236; x_wconf 84' lang='lat' dir='ltr'><strong>quam</strong></span> <span class='ocrx_word' id='word_1_504' title='bbox 1606 4169 1763 4229; x_wconf 85' lang='lat' dir='ltr'><strong>alter,</strong></span> 
     </span>
    </p>
   </div>
   <div class='ocr_carea' id='block_1_73' title="bbox 179 4257 1770 4327">
    <p class='ocr_par' dir='ltr' id='par_1_73' title="bbox 179 4257 1770 4327">
     <span class='ocr_line' id='line_1_73' title="bbox 179 4257 1770 4327; baseline 0.003 -18"><span class='ocrx_word' id='word_1_505' title='bbox 179 4257 300 4310; x_wconf 78' lang='lat' dir='ltr'><strong>sive</strong></span> <span class='ocrx_word' id='word_1_506' title='bbox 346 4273 473 4312; x_wconf 84' lang='lat' dir='ltr'><strong>non.</strong></span> <span class='ocrx_word' id='word_1_507' title='bbox 509 4259 636 4312; x_wconf 92' lang='lat' dir='ltr'><strong>nulli</strong></span> <span class='ocrx_word' id='word_1_508' title='bbox 682 4273 744 4313; x_wconf 84' lang='lat' dir='ltr'><strong>ex</strong></span> <span class='ocrx_word' id='word_1_509' title='bbox 781 4261 954 4313; x_wconf 89' lang='lat' dir='ltr'><strong>taliter</strong></span> <span class='ocrx_word' id='word_1_510' title='bbox 1002 4261 1185 4314; x_wconf 88' lang='lat' dir='ltr'><strong>electis</strong></span> <span class='ocrx_word' id='word_1_511' title='bbox 1217 4259 1533 4327; x_wconf 78' lang='lat' dir='ltr'><strong>acquiritur;</strong></span> <span class='ocrx_word' id='word_1_512' title='bbox 1563 4259 1657 4313; x_wconf 89' lang='lat' dir='ltr'><strong>sed</strong></span> <span class='ocrx_word' id='word_1_513' title='bbox 1686 4271 1770 4314; x_wconf 61' lang='lat' dir='ltr'><strong>est</strong></span> 
     </span>
    </p>
   </div>
   <div class='ocr_carea' id='block_1_74' title="bbox 177 4347 1764 4420">
    <p class='ocr_par' dir='ltr' id='par_1_74' title="bbox 177 4347 1764 4420">
     <span class='ocr_line' id='line_1_74' title="bbox 177 4347 1764 4420; baseline 0.002 -19"><span class='ocrx_word' id='word_1_514' title='bbox 177 4347 604 4416; x_wconf 84' lang='lat' dir='ltr'><strong>reincipiendum</strong></span> <span class='ocrx_word' id='word_1_515' title='bbox 653 4366 682 4405; x_wconf 89' lang='lat' dir='ltr'><strong>a</strong></span> <span class='ocrx_word' id='word_1_516' title='bbox 722 4353 929 4420; x_wconf 85' lang='lat' dir='ltr'><strong>capite,</strong></span> <span class='ocrx_word' id='word_1_517' title='bbox 958 4367 1019 4405; x_wconf 85' lang='lat' dir='ltr'><strong>ac</strong></span> <span class='ocrx_word' id='word_1_518' title='bbox 1062 4351 1107 4404; x_wconf 90' lang='lat' dir='ltr'><strong>si</strong></span> <span class='ocrx_word' id='word_1_519' title='bbox 1159 4350 1288 4404; x_wconf 86' lang='lat' dir='ltr'><strong>nihil</strong></span> <span class='ocrx_word' id='word_1_520' title='bbox 1338 4351 1547 4420; x_wconf 86' lang='lat' dir='ltr'><strong>penitus</strong></span> <span class='ocrx_word' id='word_1_521' title='bbox 1589 4363 1764 4414; x_wconf 80' lang='lat' dir='ltr'><strong>aetum</strong></span> 
     </span>
    </p>
   </div>
   <div class='ocr_carea' id='block_1_75' title="bbox 177 4447 349 4490">
    <p class='ocr_par' dir='ltr' id='par_1_75' title="bbox 177 4447 349 4490">
     <span class='ocr_line' id='line_1_75' title="bbox 177 4447 349 4490; baseline -0.012 0"><span class='ocrx_word' id='word_1_522' title='bbox 177 4447 349 4490; x_wconf 74' lang='lat' dir='ltr'><strong>CSSrl.</strong></span> 
     </span>
    </p>
   </div>
   <div class='ocr_carea' id='block_1_76' title="bbox 249 4528 1764 4601">
    <p class='ocr_par' dir='ltr' id='par_1_76' title="bbox 249 4528 1764 4601">
     <span class='ocr_line' id='line_1_76' title="bbox 249 4528 1764 4601; baseline 0.001 -19"><span class='ocrx_word' id='word_1_523' title='bbox 249 4528 508 4582; x_wconf 87' lang='lat' dir='ltr'><strong>Similiter</strong></span> <span class='ocrx_word' id='word_1_524' title='bbox 545 4532 588 4583; x_wconf 91' lang='lat' dir='ltr'><strong>si</strong></span> <span class='ocrx_word' id='word_1_525' title='bbox 621 4531 671 4585; x_wconf 93' lang='lat' dir='ltr'><strong>in</strong></span> <span class='ocrx_word' id='word_1_526' title='bbox 702 4533 886 4586; x_wconf 89' lang='lat' dir='ltr'><strong>eodem</strong></span> <span class='ocrx_word' id='word_1_527' title='bbox 921 4548 1180 4587; x_wconf 78' lang='lat' dir='ltr'><strong>concursu</strong></span> <span class='ocrx_word' id='word_1_528' title='bbox 1217 4548 1310 4601; x_wconf 89' lang='lat' dir='ltr'><strong>per</strong></span> <span class='ocrx_word' id='word_1_529' title='bbox 1354 4547 1631 4586; x_wconf 88' lang='lat' dir='ltr'><strong>accessum</strong></span> <span class='ocrx_word' id='word_1_530' title='bbox 1665 4547 1764 4584; x_wconf 83' lang='lat' dir='ltr'><strong>tm-</strong></span> 
     </span>
    </p>
   </div>
   <div class='ocr_carea' id='block_1_77' title="bbox 175 4622 1766 4692">
    <p class='ocr_par' dir='ltr' id='par_1_77' title="bbox 175 4622 1766 4692">
     <span class='ocr_line' id='line_1_77' title="bbox 175 4622 1766 4692; baseline 0.007 -23"><span class='ocrx_word' id='word_1_531' title='bbox 175 4622 626 4690; x_wconf 77' lang='lat' dir='ltr'><strong>pereeptibiliter,</strong></span> <span class='ocrx_word' id='word_1_532' title='bbox 658 4636 748 4676; x_wconf 86' lang='lat' dir='ltr'><strong>aut</strong></span> <span class='ocrx_word' id='word_1_533' title='bbox 779 4626 831 4676; x_wconf 91' lang='lat' dir='ltr'><strong>in</strong></span> <span class='ocrx_word' id='word_1_534' title='bbox 863 4626 1177 4678; x_wconf 85' lang='lat' dir='ltr'><strong>confusione</strong></span> <span class='ocrx_word' id='word_1_535' title='bbox 1209 4640 1396 4678; x_wconf 87' lang='lat' dir='ltr'><strong>vocum</strong></span> <span class='ocrx_word' id='word_1_536' title='bbox 1445 4625 1766 4692; x_wconf 86' lang='lat' dir='ltr'><strong>principales</strong></span> 
     </span>
    </p>
   </div>
   <div class='ocr_carea' id='block_1_78' title="bbox 173 4711 1229 4783">
    <p class='ocr_par' dir='ltr' id='par_1_78' title="bbox 173 4711 1229 4783">
     <span class='ocr_line' id='line_1_78' title="bbox 173 4711 1229 4783; baseline 0.004 -19"><span class='ocrx_word' id='word_1_537' title='bbox 173 4711 248 4765; x_wconf 82' lang='lat' dir='ltr'><strong>du</strong></span> <span class='ocrx_word' id='word_1_538' title='bbox 269 4726 315 4765; x_wconf 67' lang='lat' dir='ltr'><strong>is</strong></span> <span class='ocrx_word' id='word_1_539' title='bbox 345 4725 524 4783; x_wconf 80' lang='lat' dir='ltr'><strong>partes</strong></span> <span class='ocrx_word' id='word_1_540' title='bbox 548 4716 822 4780; x_wconf 90' lang='lat' dir='ltr'><strong>haberent,</strong></span> <span class='ocrx_word' id='word_1_541' title='bbox 855 4726 1038 4770; x_wconf 87' lang='lat' dir='ltr'><strong>neuter</strong></span> <span class='ocrx_word' id='word_1_542' title='bbox 1068 4725 1229 4770; x_wconf 82' lang='lat' dir='ltr'><strong>esset.</strong></span> 
     </span>
    </p>
   </div>
   <div class='ocr_carea' id='block_1_79' title="bbox 250 4805 1767 4876">
    <p class='ocr_par' dir='ltr' id='par_1_79' title="bbox 250 4805 1767 4876">
     <span class='ocr_line' id='line_1_79' title="bbox 250 4805 1767 4876; baseline -0.001 -17"><span class='ocrx_word' id='word_1_543' title='bbox 250 4805 307 4859; x_wconf 82' lang='lat' dir='ltr'><strong>Si</strong></span> <span class='ocrx_word' id='word_1_544' title='bbox 341 4806 517 4872; x_wconf 84' lang='lat' dir='ltr'><strong>plures</strong></span> <span class='ocrx_word' id='word_1_545' title='bbox 548 4807 613 4860; x_wconf 90' lang='lat' dir='ltr'><strong>ab</strong></span> <span class='ocrx_word' id='word_1_546' title='bbox 643 4807 819 4876; x_wconf 84' lang='lat' dir='ltr'><strong>aliquo</strong></span> <span class='ocrx_word' id='word_1_547' title='bbox 867 4809 1207 4863; x_wconf 88' lang='lat' dir='ltr'><strong>nominentur</strong></span> <span class='ocrx_word' id='word_1_548' title='bbox 1249 4809 1298 4860; x_wconf 89' lang='lat' dir='ltr'><strong>iu</strong></span> <span class='ocrx_word' id='word_1_549' title='bbox 1328 4808 1606 4871; x_wconf 86' lang='lat' dir='ltr'><strong>scrutinio,</strong></span> <span class='ocrx_word' id='word_1_550' title='bbox 1633 4822 1767 4876; x_wconf 78' lang='lat' dir='ltr'><strong>quo-</strong></span> 
     </span>
    </p>
   </div>
   <div class='ocr_carea' id='block_1_80' title="bbox 175 4897 1769 4966">
    <p class='ocr_par' dir='ltr' id='par_1_80' title="bbox 175 4897 1769 4966">
     <span class='ocr_line' id='line_1_80' title="bbox 175 4897 1769 4966; baseline 0.001 -17"><span class='ocrx_word' id='word_1_551' title='bbox 175 4913 302 4950; x_wconf 85' lang='lat' dir='ltr'><strong>rum</strong></span> <span class='ocrx_word' id='word_1_552' title='bbox 335 4913 471 4950; x_wconf 90' lang='lat' dir='ltr'><strong>unus</strong></span> <span class='ocrx_word' id='word_1_553' title='bbox 500 4897 691 4966; x_wconf 87' lang='lat' dir='ltr'><strong>primo.</strong></span> <span class='ocrx_word' id='word_1_554' title='bbox 723 4901 867 4953; x_wconf 89' lang='lat' dir='ltr'><strong>alius‘</strong></span> <span class='ocrx_word' id='word_1_555' title='bbox 889 4900 1144 4960; x_wconf 87' lang='lat' dir='ltr'><strong>secundo,</strong></span> <span class='ocrx_word' id='word_1_556' title='bbox 1183 4900 1368 4952; x_wconf 85' lang='lat' dir='ltr'><strong>tertius</strong></span> <span class='ocrx_word' id='word_1_557' title='bbox 1400 4898 1581 4964; x_wconf 88' lang='lat' dir='ltr'><strong>tertio,</strong></span> <span class='ocrx_word' id='word_1_558' title='bbox 1614 4907 1667 4952; x_wconf 93' lang='lat' dir='ltr'><strong>et</strong></span> <span class='ocrx_word' id='word_1_559' title='bbox 1694 4897 1769 4950; x_wconf 91' lang='lat' dir='ltr'><strong>sic</strong></span> 
     </span>
    </p>
   </div>
   <div class='ocr_carea' id='block_1_81' title="bbox 181 4990 1766 5059">
    <p class='ocr_par' dir='ltr' id='par_1_81' title="bbox 181 4990 1766 5059">
     <span class='ocr_line' id='line_1_81' title="bbox 181 4990 1766 5059; baseline 0 -17"><span class='ocrx_word' id='word_1_560' title='bbox 181 4990 253 5043; x_wconf 92' lang='lat' dir='ltr'><strong>de</strong></span> <span class='ocrx_word' id='word_1_561' title='bbox 281 4990 402 5043; x_wconf 87' lang='lat' dir='ltr'><strong>aliis</strong></span> <span class='ocrx_word' id='word_1_562' title='bbox 422 4993 796 5057; x_wconf 88' lang='lat' dir='ltr'><strong>nominentur;</strong></span> <span class='ocrx_word' id='word_1_563' title='bbox 822 5007 1006 5046; x_wconf 92' lang='lat' dir='ltr'><strong>omnes</strong></span> <span class='ocrx_word' id='word_1_564' title='bbox 1037 4992 1403 5059; x_wconf 79' lang='lat' dir='ltr'><strong>intelliguntur</strong></span> <span class='ocrx_word' id='word_1_565' title='bbox 1428 4993 1683 5045; x_wconf 83' lang='lat' dir='ltr'><strong>nominati</strong></span> <span class='ocrx_word' id='word_1_566' title='bbox 1714 4991 1766 5042; x_wconf 90' lang='lat' dir='ltr'><strong>itt</strong></span> 
     </span>
    </p>
   </div>
   <div class='ocr_carea' id='block_1_82' title="bbox 181 5079 1770 5150">
    <p class='ocr_par' dir='ltr' id='par_1_82' title="bbox 181 5079 1770 5150">
     <span class='ocr_line' id='line_1_82' title="bbox 181 5079 1770 5150; baseline 0 -16"><span class='ocrx_word' id='word_1_567' title='bbox 181 5080 376 5135; x_wconf 90' lang='lat' dir='ltr'><strong>eodem</strong></span> <span class='ocrx_word' id='word_1_568' title='bbox 427 5090 720 5147; x_wconf 79' lang='lat' dir='ltr'><strong>momento,</strong></span> <span class='ocrx_word' id='word_1_569' title='bbox 765 5093 816 5137; x_wconf 89' lang='lat' dir='ltr'><strong>et</strong></span> <span class='ocrx_word' id='word_1_570' title='bbox 859 5084 986 5136; x_wconf 92' lang='lat' dir='ltr'><strong>nulli</strong></span> <span class='ocrx_word' id='word_1_571' title='bbox 1034 5100 1097 5136; x_wconf 83' lang='lat' dir='ltr'><strong>ex</strong></span> <span class='ocrx_word' id='word_1_572' title='bbox 1143 5087 1421 5150; x_wconf 79' lang='lat' dir='ltr'><strong>scriptura:</strong></span> <span class='ocrx_word' id='word_1_573' title='bbox 1469 5081 1656 5134; x_wconf 85' lang='lat' dir='ltr'><strong>ordine</strong></span> <span class='ocrx_word' id='word_1_574' title='bbox 1680 5079 1770 5149; x_wconf 83' lang='lat' dir='ltr'><strong>jus</strong></span> 
     </span>
    </p>
   </div>
   <div class='ocr_carea' id='block_1_83' title="bbox 185 5171 692 5240">
    <p class='ocr_par' dir='ltr' id='par_1_83' title="bbox 185 5171 692 5240">
     <span class='ocr_line' id='line_1_83' title="bbox 185 5171 692 5240; baseline -0.002 -16"><span class='ocrx_word' id='word_1_575' title='bbox 185 5171 361 5239; x_wconf 82' lang='lat' dir='ltr'><strong>majus</strong></span> <span class='ocrx_word' id='word_1_576' title='bbox 383 5171 692 5240; x_wconf 85' lang='lat' dir='ltr'><strong>acquiritur.</strong></span> 
     </span>
    </p>
   </div>
   <div class='ocr_carea' id='block_1_84' title="bbox 631 5263 1331 5333">
    <p class='ocr_par' dir='ltr' id='par_1_84' title="bbox 631 5263 1331 5333">
     <span class='ocr_line' id='line_1_84' title="bbox 631 5263 1331 5333; baseline 0 -17"><span class='ocrx_word' id='word_1_577' title='bbox 631 5263 720 5316; x_wconf 75' lang='lat' dir='ltr'><strong>IX.</strong></span> <span class='ocrx_word' id='word_1_578' title='bbox 753 5263 826 5316; x_wconf 86' lang='lat' dir='ltr'><strong>De</strong></span> <span class='ocrx_word' id='word_1_579' title='bbox 853 5265 931 5316; x_wconf 78' lang='lat' dir='ltr'><strong>via</strong></span> <span class='ocrx_word' id='word_1_580' title='bbox 964 5264 1331 5333; x_wconf 68' lang='lat' dir='ltr'><strong>con&#39;promissi.</strong></span> 
     </span>
    </p>
   </div>
   <div class='ocr_carea' id='block_1_85' title="bbox 262 5352 1773 5421">
    <p class='ocr_par' dir='ltr' id='par_1_85' title="bbox 262 5352 1773 5421">
     <span class='ocr_line' id='line_1_85' title="bbox 262 5352 1773 5421; baseline -0.001 -15"><span class='ocrx_word' id='word_1_581' title='bbox 262 5353 345 5406; x_wconf 85' lang='lat' dir='ltr'><strong>Ad</strong></span> <span class='ocrx_word' id='word_1_582' title='bbox 380 5353 513 5406; x_wconf 76' lang='lat' dir='ltr'><strong>viam</strong></span> <span class='ocrx_word' id='word_1_583' title='bbox 544 5355 913 5420; x_wconf 85' lang='lat' dir='ltr'><strong>compromissi</strong></span> <span class='ocrx_word' id='word_1_584' title='bbox 959 5370 1062 5406; x_wconf 91' lang='lat' dir='ltr'><strong>non</strong></span> <span class='ocrx_word' id='word_1_585' title='bbox 1097 5355 1396 5421; x_wconf 88' lang='lat' dir='ltr'><strong>proceditur</strong></span> <span class='ocrx_word' id='word_1_586' title='bbox 1425 5368 1532 5405; x_wconf 89' lang='lat' dir='ltr'><strong>uno</strong></span> <span class='ocrx_word' id='word_1_587' title='bbox 1564 5352 1773 5405; x_wconf 79' lang='lat' dir='ltr'><strong>volente</strong></span> 
     </span>
    </p>
   </div>
   <div class='ocr_carea' id='block_1_86' title="bbox 183 5442 1698 5512">
    <p class='ocr_par' dir='ltr' id='par_1_86' title="bbox 183 5442 1698 5512">
     <span class='ocr_line' id='line_1_86' title="bbox 183 5442 1698 5512; baseline 0 -17"><span class='ocrx_word' id='word_1_588' title='bbox 183 5444 528 5507; x_wconf 84' lang='lat' dir='ltr'><strong>scrutiniutn,</strong></span> <span class='ocrx_word' id='word_1_589' title='bbox 568 5459 687 5496; x_wconf 92' lang='lat' dir='ltr'><strong>cum</strong></span> <span class='ocrx_word' id='word_1_590' title='bbox 720 5444 789 5498; x_wconf 92' lang='lat' dir='ltr'><strong>sit</strong></span> <span class='ocrx_word' id='word_1_591' title='bbox 821 5445 984 5512; x_wconf 78' lang='lat' dir='ltr'><strong>magis</strong></span> <span class='ocrx_word' id='word_1_592' title='bbox 1023 5442 1287 5497; x_wconf 85' lang='lat' dir='ltr'><strong>ordinaria</strong></span> <span class='ocrx_word' id='word_1_593' title='bbox 1322 5443 1403 5494; x_wconf 89' lang='lat' dir='ltr'><strong>via</strong></span> <span class='ocrx_word' id='word_1_594' title='bbox 1437 5442 1698 5496; x_wconf 83' lang='lat' dir='ltr'><strong>scrutiuii.</strong></span> 
     </span>
    </p>
   </div>
   <div class='ocr_carea' id='block_1_87' title="bbox 261 5536 1768 5604">
    <p class='ocr_par' dir='ltr' id='par_1_87' title="bbox 261 5536 1768 5604">
     <span class='ocr_line' id='line_1_87' title="bbox 261 5536 1768 5604; baseline -0.001 -16"><span class='ocrx_word' id='word_1_595' title='bbox 261 5536 380 5588; x_wconf 80' lang='lat' dir='ltr'><strong>Non</strong></span> <span class='ocrx_word' id='word_1_596' title='bbox 405 5539 544 5589; x_wconf 81' lang='lat' dir='ltr'><strong>valet</strong></span> <span class='ocrx_word' id='word_1_597' title='bbox 572 5537 1038 5604; x_wconf 71' lang='lat' dir='ltr'><strong>couqiromissutn,</strong></span> <span class='ocrx_word' id='word_1_598' title='bbox 1075 5536 1174 5590; x_wconf 76' lang='lat' dir='ltr'><strong>nisi</strong></span> <span class='ocrx_word' id='word_1_599' title='bbox 1202 5549 1388 5588; x_wconf 86' lang='lat' dir='ltr'><strong>onmes</strong></span> <span class='ocrx_word' id='word_1_600' title='bbox 1416 5537 1768 5598; x_wconf 69' lang='lat' dir='ltr'><strong>consentiant,</strong></span> 
     </span>
    </p>
   </div>
   <div class='ocr_carea' id='block_1_88' title="bbox 187 5628 1235 5692">
    <p class='ocr_par' dir='ltr' id='par_1_88' title="bbox 187 5628 1235 5692">
     <span class='ocr_line' id='line_1_88' title="bbox 187 5628 1235 5692; baseline -0.005 -8"><span class='ocrx_word' id='word_1_601' title='bbox 187 5643 312 5684; x_wconf 80' lang='lat' dir='ltr'><strong>eum</strong></span> <span class='ocrx_word' id='word_1_602' title='bbox 337 5629 407 5682; x_wconf 89' lang='lat' dir='ltr'><strong>sit</strong></span> <span class='ocrx_word' id='word_1_603' title='bbox 437 5629 714 5692; x_wconf 72' lang='lat' dir='ltr'><strong>tlecentite.</strong></span> <span class='ocrx_word' id='word_1_604' title='bbox 748 5645 852 5683; x_wconf 89' lang='lat' dir='ltr'><strong>non</strong></span> <span class='ocrx_word' id='word_1_605' title='bbox 885 5628 1235 5684; x_wconf 73' lang='lat' dir='ltr'><strong>treceSsitatis.</strong></span> 
     </span>
    </p>
   </div>
   <div class='ocr_carea' id='block_1_89' title="bbox 257 5716 1769 5790">
    <p class='ocr_par' dir='ltr' id='par_1_89' title="bbox 257 5716 1769 5790">
     <span class='ocr_line' id='line_1_89' title="bbox 257 5716 1769 5790; baseline -0.005 -15"><span class='ocrx_word' id='word_1_606' title='bbox 257 5721 730 5790; x_wconf 81' lang='lat' dir='ltr'><strong>Comprotuissarii</strong></span> <span class='ocrx_word' id='word_1_607' title='bbox 778 5724 950 5776; x_wconf 75' lang='lat' dir='ltr'><strong>solent</strong></span> <span class='ocrx_word' id='word_1_608' title='bbox 982 5732 1030 5774; x_wconf 88' lang='lat' dir='ltr'><strong>et</strong></span> <span class='ocrx_word' id='word_1_609' title='bbox 1063 5719 1127 5772; x_wconf 86' lang='lat' dir='ltr'><strong>de</strong></span> <span class='ocrx_word' id='word_1_610' title='bbox 1167 5734 1226 5772; x_wconf 90' lang='lat' dir='ltr'><strong>se</strong></span> <span class='ocrx_word' id='word_1_611' title='bbox 1268 5717 1427 5786; x_wconf 83' lang='lat' dir='ltr'><strong>ipsis,</strong></span> <span class='ocrx_word' id='word_1_612' title='bbox 1463 5726 1512 5770; x_wconf 86' lang='lat' dir='ltr'><strong>ct</strong></span> <span class='ocrx_word' id='word_1_613' title='bbox 1559 5716 1621 5771; x_wconf 88' lang='lat' dir='ltr'><strong>de</strong></span> <span class='ocrx_word' id='word_1_614' title='bbox 1653 5716 1769 5769; x_wconf 84' lang='lat' dir='ltr'><strong>aliis</strong></span> 
     </span>
    </p>
   </div>
   <div class='ocr_carea' id='block_1_90' title="bbox 1875 3157 3456 3226">
    <p class='ocr_par' dir='ltr' id='par_1_90' title="bbox 1875 3157 3456 3226">
     <span class='ocr_line' id='line_1_90' title="bbox 1875 3157 3456 3226; baseline -0.003 -9"><span class='ocrx_word' id='word_1_615' title='bbox 1875 3179 1997 3217; x_wconf 88' lang='lat' dir='ltr'><strong>num</strong></span> <span class='ocrx_word' id='word_1_616' title='bbox 2034 3163 2362 3217; x_wconf 33' lang='lat' dir='ltr'><strong>intelletvtum</strong></span> <span class='ocrx_word' id='word_1_617' title='bbox 2391 3163 2508 3215; x_wconf 86' lang='lat' dir='ltr'><strong>sine</strong></span> <span class='ocrx_word' id='word_1_618' title='bbox 2552 3159 2774 3226; x_wconf 82' lang='lat' dir='ltr'><strong>fraude;</strong></span> <span class='ocrx_word' id='word_1_619' title='bbox 2805 3169 2857 3214; x_wconf 89' lang='lat' dir='ltr'><strong>et</strong></span> <span class='ocrx_word' id='word_1_620' title='bbox 2888 3167 3064 3212; x_wconf 82' lang='lat' dir='ltr'><strong>taaeu</strong></span> <span class='ocrx_word' id='word_1_621' title='bbox 3113 3175 3216 3211; x_wconf 85' lang='lat' dir='ltr'><strong>non</strong></span> <span class='ocrx_word' id='word_1_622' title='bbox 3245 3157 3456 3212; x_wconf 84' lang='lat' dir='ltr'><strong>fuerunt</strong></span> 
     </span>
    </p>
   </div>
   <div class='ocr_carea' id='block_1_91' title="bbox 1874 3249 3455 3324">
    <p class='ocr_par' dir='ltr' id='par_1_91' title="bbox 1874 3249 3455 3324">
     <span class='ocr_line' id='line_1_91' title="bbox 1874 3249 3455 3324; baseline -0.004 -16"><span class='ocrx_word' id='word_1_623' title='bbox 1874 3256 2034 3324; x_wconf 90' lang='lat' dir='ltr'><strong>petita</strong></span> <span class='ocrx_word' id='word_1_624' title='bbox 2063 3254 2285 3308; x_wconf 70' lang='lat' dir='ltr'><strong>COHSill-l</strong></span> <span class='ocrx_word' id='word_1_625' title='bbox 2318 3253 2625 3318; x_wconf 75' lang='lat' dir='ltr'><strong>circularia,</strong></span> <span class='ocrx_word' id='word_1_626' title='bbox 2656 3266 2754 3306; x_wconf 91' lang='lat' dir='ltr'><strong>nec</strong></span> <span class='ocrx_word' id='word_1_627' title='bbox 2784 3251 2896 3306; x_wconf 90' lang='lat' dir='ltr'><strong>scio</strong></span> <span class='ocrx_word' id='word_1_628' title='bbox 2937 3249 3075 3320; x_wconf 79' lang='lat' dir='ltr'><strong>quod</strong></span> <span class='ocrx_word' id='word_1_629' title='bbox 3119 3264 3304 3304; x_wconf 77' lang='lat' dir='ltr'><strong>Otttltcs</strong></span> <span class='ocrx_word' id='word_1_630' title='bbox 3333 3267 3455 3304; x_wconf 85' lang='lat' dir='ltr'><strong>con-</strong></span> 
     </span>
    </p>
   </div>
   <div class='ocr_carea' id='block_1_92' title="bbox 1868 3361 2107 3402">
    <p class='ocr_par' dir='ltr' id='par_1_92' title="bbox 1868 3361 2107 3402">
     <span class='ocr_line' id='line_1_92' title="bbox 1868 3361 2107 3402; baseline -0.008 -2"><span class='ocrx_word' id='word_1_631' title='bbox 1868 3361 2107 3402; x_wconf 72' lang='lat' dir='ltr'><strong>sensere.</strong></span> 
     </span>
    </p>
   </div>
   <div class='ocr_carea' id='block_1_93' title="bbox 1873 3433 3458 3506">
    <p class='ocr_par' dir='ltr' id='par_1_93' title="bbox 1873 3433 3458 3506">
     <span class='ocr_line' id='line_1_93' title="bbox 1873 3433 3458 3506; baseline -0.004 -15"><span class='ocrx_word' id='word_1_632' title='bbox 1873 3437 1942 3491; x_wconf 84' lang='grc' dir='ltr'><strong>Χ.</strong></span> <span class='ocrx_word' id='word_1_633' title='bbox 1976 3435 2050 3490; x_wconf 84' lang='lat' dir='ltr'><strong>De</strong></span> <span class='ocrx_word' id='word_1_634' title='bbox 2081 3438 2398 3490; x_wconf 82' lang='lat' dir='ltr'><strong>inrestitione</strong></span> <span class='ocrx_word' id='word_1_635' title='bbox 2427 3444 2648 3506; x_wconf 77' lang='lat' dir='ltr'><strong>populus</strong></span> <span class='ocrx_word' id='word_1_636' title='bbox 2679 3434 2848 3501; x_wconf 83' lang='lat' dir='ltr'><strong>ﬁenda</strong></span> <span class='ocrx_word' id='word_1_637' title='bbox 2880 3449 2968 3501; x_wconf 85' lang='lat' dir='ltr'><strong>per</strong></span> <span class='ocrx_word' id='word_1_638' title='bbox 3016 3436 3238 3500; x_wconf 77' lang='lat' dir='ltr'><strong>priorem</strong></span> <span class='ocrx_word' id='word_1_639' title='bbox 3284 3433 3458 3484; x_wconf 82' lang='lat' dir='ltr'><strong>diaco-</strong></span> 
     </span>
    </p>
   </div>
   <div class='ocr_carea' id='block_1_94' title="bbox 1910 3522 3421 3593">
    <p class='ocr_par' dir='ltr' id='par_1_94' title="bbox 1910 3522 3421 3593">
     <span class='ocr_line' id='line_1_94' title="bbox 1910 3522 3421 3593; baseline -0.003 -15"><span class='ocrx_word' id='word_1_640' title='bbox 1910 3545 2086 3580; x_wconf 84' lang='lat' dir='ltr'><strong>uorum</strong></span> <span class='ocrx_word' id='word_1_641' title='bbox 2122 3525 2466 3579; x_wconf 78' lang='lat' dir='ltr'><strong>cardinalium</strong></span> <span class='ocrx_word' id='word_1_642' title='bbox 2496 3532 2609 3593; x_wconf 78' lang='lat' dir='ltr'><strong>post</strong></span> <span class='ocrx_word' id='word_1_643' title='bbox 2639 3523 2935 3577; x_wconf 76' lang='lat' dir='ltr'><strong>electionem</strong></span> <span class='ocrx_word' id='word_1_644' title='bbox 2958 3522 3011 3575; x_wconf 87' lang='lat' dir='ltr'><strong>in</strong></span> <span class='ocrx_word' id='word_1_645' title='bbox 3043 3537 3228 3593; x_wconf 81' lang='lat' dir='ltr'><strong>papam</strong></span> <span class='ocrx_word' id='word_1_646' title='bbox 3255 3522 3421 3574; x_wconf 67' lang='lat' dir='ltr'><strong>electi.</strong></span> 
     </span>
    </p>
   </div>
   <div class='ocr_carea' id='block_1_95' title="bbox 1947 3611 3456 3683">
    <p class='ocr_par' dir='ltr' id='par_1_95' title="bbox 1947 3611 3456 3683">
     <span class='ocr_line' id='line_1_95' title="bbox 1947 3611 3456 3683; baseline -0.005 -13"><span class='ocrx_word' id='word_1_647' title='bbox 1947 3620 2183 3670; x_wconf 79' lang='lat' dir='ltr'><strong>Romana</strong></span> <span class='ocrx_word' id='word_1_648' title='bbox 2233 3617 2457 3670; x_wconf 87' lang='lat' dir='ltr'><strong>ecclesia</strong></span> <span class='ocrx_word' id='word_1_649' title='bbox 2497 3625 2709 3683; x_wconf 78' lang='lat' dir='ltr'><strong>pastore</strong></span> <span class='ocrx_word' id='word_1_650' title='bbox 2741 3623 2997 3676; x_wconf 76' lang='lat' dir='ltr'><strong>vacante,</strong></span> <span class='ocrx_word' id='word_1_651' title='bbox 3049 3613 3131 3664; x_wconf 88' lang='lat' dir='ltr'><strong>ille</strong></span> <span class='ocrx_word' id='word_1_652' title='bbox 3172 3611 3260 3680; x_wconf 61' lang='lat' dir='ltr'><strong>qui</strong></span> <span class='ocrx_word' id='word_1_653' title='bbox 3306 3611 3456 3663; x_wconf 56' lang='lat' dir='ltr'><strong>fuerit</strong></span> 
     </span>
    </p>
   </div>
   <div class='ocr_carea' id='block_1_96' title="bbox 1874 3703 3458 3769">
    <p class='ocr_par' dir='ltr' id='par_1_96' title="bbox 1874 3703 3458 3769">
     <span class='ocr_line' id='line_1_96' title="bbox 1874 3703 3458 3769; baseline -0.004 -7"><span class='ocrx_word' id='word_1_654' title='bbox 1874 3708 2211 3762; x_wconf 85' lang='lat' dir='ltr'><strong>concorditer</strong></span> <span class='ocrx_word' id='word_1_655' title='bbox 2241 3709 2308 3759; x_wconf 88' lang='lat' dir='ltr'><strong>ab</strong></span> <span class='ocrx_word' id='word_1_656' title='bbox 2353 3706 2603 3760; x_wconf 87' lang='lat' dir='ltr'><strong>omnibus</strong></span> <span class='ocrx_word' id='word_1_657' title='bbox 2645 3705 3029 3769; x_wconf 77' lang='lat' dir='ltr'><strong>cardinalibus,</strong></span> <span class='ocrx_word' id='word_1_658' title='bbox 3066 3704 3212 3756; x_wconf 79' lang='lat' dir='ltr'><strong>Vela</strong></span> <span class='ocrx_word' id='word_1_659' title='bbox 3256 3703 3458 3756; x_wconf 71' lang='lat' dir='ltr'><strong>duabus</strong></span> 
     </span>
    </p>
   </div>
   <div class='ocr_carea' id='block_1_97' title="bbox 1879 3799 3458 3867">
    <p class='ocr_par' dir='ltr' id='par_1_97' title="bbox 1879 3799 3458 3867">
     <span class='ocr_line' id='line_1_97' title="bbox 1879 3799 3458 3867; baseline 0.001 -17"><span class='ocrx_word' id='word_1_660' title='bbox 1879 3800 2116 3863; x_wconf 83' lang='lat' dir='ltr'><strong>partibus</strong></span> <span class='ocrx_word' id='word_1_661' title='bbox 2141 3801 2342 3854; x_wconf 83' lang='lat' dir='ltr'><strong>electus</strong></span> <span class='ocrx_word' id='word_1_662' title='bbox 2374 3800 2422 3852; x_wconf 90' lang='lat' dir='ltr'><strong>in</strong></span> <span class='ocrx_word' id='word_1_663' title='bbox 2450 3815 2662 3867; x_wconf 87' lang='lat' dir='ltr'><strong>papatu,</strong></span> <span class='ocrx_word' id='word_1_664' title='bbox 2687 3800 2768 3853; x_wconf 82' lang='lat' dir='ltr'><strong>vel</strong></span> <span class='ocrx_word' id='word_1_665' title='bbox 2793 3800 2859 3852; x_wconf 90' lang='lat' dir='ltr'><strong>ab</strong></span> <span class='ocrx_word' id='word_1_666' title='bbox 2882 3799 3168 3852; x_wconf 86' lang='lat' dir='ltr'><strong>universali</strong></span> <span class='ocrx_word' id='word_1_667' title='bbox 3197 3799 3458 3865; x_wconf 73' lang='lat' dir='ltr'><strong>Ecclesia,</strong></span> 
     </span>
    </p>
   </div>
   <div class='ocr_carea' id='block_1_98' title="bbox 1872 3890 3456 3958">
    <p class='ocr_par' dir='ltr' id='par_1_98' title="bbox 1872 3890 3456 3958">
     <span class='ocr_line' id='line_1_98' title="bbox 1872 3890 3456 3958; baseline -0.001 -14"><span class='ocrx_word' id='word_1_668' title='bbox 1872 3891 2142 3944; x_wconf 81' lang='lat' dir='ltr'><strong>Romanus</strong></span> <span class='ocrx_word' id='word_1_669' title='bbox 2171 3891 2353 3958; x_wconf 42' lang='lat' dir='ltr'><strong>pontif&#39;</strong></span> <span class='ocrx_word' id='word_1_670' title='bbox 2379 3907 2408 3944; x_wconf 71' lang='lat' dir='ltr'><strong>tt</strong></span> <span class='ocrx_word' id='word_1_671' title='bbox 2444 3892 2706 3944; x_wconf 86' lang='lat' dir='ltr'><strong>habeatur</strong></span> <span class='ocrx_word' id='word_1_672' title='bbox 2742 3909 2755 3944; x_wconf 91' lang='lat'>:</span> <span class='ocrx_word' id='word_1_673' title='bbox 2797 3893 2886 3958; x_wconf 90' lang='lat' dir='ltr'><strong>qui</strong></span> <span class='ocrx_word' id='word_1_674' title='bbox 2939 3891 3005 3944; x_wconf 90' lang='lat' dir='ltr'><strong>sit</strong></span> <span class='ocrx_word' id='word_1_675' title='bbox 3053 3890 3212 3943; x_wconf 86' lang='lat' dir='ltr'><strong>fuerit</strong></span> <span class='ocrx_word' id='word_1_676' title='bbox 3242 3891 3308 3942; x_wconf 90' lang='lat' dir='ltr'><strong>ab</strong></span> <span class='ocrx_word' id='word_1_677' title='bbox 3339 3904 3456 3954; x_wconf 86' lang='lat' dir='ltr'><strong>ens,</strong></span> 
     </span>
    </p>
   </div>
   <div class='ocr_carea' id='block_1_99' title="bbox 1877 3971 3450 4049">
    <p class='ocr_par' dir='ltr' id='par_1_99' title="bbox 1877 3971 3450 4049">
     <span class='ocr_line' id='line_1_99' title="bbox 1877 3971 3450 4049; baseline 0.003 -17"><span class='ocrx_word' id='word_1_678' title='bbox 1877 3983 1957 4034; x_wconf 85' lang='lat' dir='ltr'><strong>vel</strong></span> <span class='ocrx_word' id='word_1_679' title='bbox 2001 3982 2066 4035; x_wconf 78' lang='lat' dir='ltr'><strong>de</strong></span> <span class='ocrx_word' id='word_1_680' title='bbox 2097 3981 2324 4049; x_wconf 78' lang='lat' dir='ltr'><strong>collegio</strong></span> <span class='ocrx_word' id='word_1_681' title='bbox 2365 3979 2713 4034; x_wconf 87' lang='lat' dir='ltr'><strong>cardinalium</strong></span> <span class='ocrx_word' id='word_1_682' title='bbox 2750 3995 2853 4034; x_wconf 93' lang='lat' dir='ltr'><strong>non</strong></span> <span class='ocrx_word' id='word_1_683' title='bbox 2887 3971 3063 4046; x_wconf 86' lang='lat' dir='ltr'><strong>fuerit,</strong></span> <span class='ocrx_word' id='word_1_684' title='bbox 3095 3984 3159 4034; x_wconf 88' lang='lat' dir='ltr'><strong>ad</strong></span> <span class='ocrx_word' id='word_1_685' title='bbox 3193 3984 3363 4036; x_wconf 84' lang='lat' dir='ltr'><strong>locum</strong></span> <span class='ocrx_word' id='word_1_686' title='bbox 3399 3985 3450 4037; x_wconf 91' lang='lat' dir='ltr'><strong>iu</strong></span> 
     </span>
    </p>
   </div>
   <div class='ocr_carea' id='block_1_100' title="bbox 1872 4070 3458 4141">
    <p class='ocr_par' dir='ltr' id='par_1_100' title="bbox 1872 4070 3458 4141">
     <span class='ocr_line' id='line_1_100' title="bbox 1872 4070 3458 4141; baseline 0.001 -17"><span class='ocrx_word' id='word_1_687' title='bbox 1872 4088 1977 4141; x_wconf 90' lang='lat' dir='ltr'><strong>quo</strong></span> <span class='ocrx_word' id='word_1_688' title='bbox 2000 4071 2302 4126; x_wconf 83' lang='lat' dir='ltr'><strong>cardinales</strong></span> <span class='ocrx_word' id='word_1_689' title='bbox 2341 4080 2460 4123; x_wconf 90' lang='lat' dir='ltr'><strong>sunt</strong></span> <span class='ocrx_word' id='word_1_690' title='bbox 2494 4071 2544 4122; x_wconf 92' lang='lat' dir='ltr'><strong>in</strong></span> <span class='ocrx_word' id='word_1_691' title='bbox 2588 4070 2913 4123; x_wconf 77' lang='lat' dir='ltr'><strong>consistorio</strong></span> <span class='ocrx_word' id='word_1_692' title='bbox 2951 4073 3128 4125; x_wconf 76' lang='lat' dir='ltr'><strong>venire</strong></span> <span class='ocrx_word' id='word_1_693' title='bbox 3167 4075 3324 4126; x_wconf 87' lang='lat' dir='ltr'><strong>debet</strong></span> <span class='ocrx_word' id='word_1_694' title='bbox 3365 4090 3458 4126; x_wconf 77' lang='lat' dir='ltr'><strong>vo-</strong></span> 
     </span>
    </p>
   </div>
   <div class='ocr_carea' id='block_1_101' title="bbox 1875 4162 3456 4235">
    <p class='ocr_par' dir='ltr' id='par_1_101' title="bbox 1875 4162 3456 4235">
     <span class='ocr_line' id='line_1_101' title="bbox 1875 4162 3456 4235; baseline 0 -16"><span class='ocrx_word' id='word_1_695' title='bbox 1875 4178 2042 4229; x_wconf 40' lang='lat' dir='ltr'><strong>catus,</strong></span> <span class='ocrx_word' id='word_1_696' title='bbox 2073 4177 2124 4218; x_wconf 89' lang='lat' dir='ltr'><strong>et</strong></span> <span class='ocrx_word' id='word_1_697' title='bbox 2156 4180 2222 4218; x_wconf 90' lang='lat' dir='ltr'><strong>eo</strong></span> <span class='ocrx_word' id='word_1_698' title='bbox 2265 4162 2511 4217; x_wconf 89' lang='lat' dir='ltr'><strong>electioni</strong></span> <span class='ocrx_word' id='word_1_699' title='bbox 2557 4163 2624 4215; x_wconf 90' lang='lat' dir='ltr'><strong>de</strong></span> <span class='ocrx_word' id='word_1_700' title='bbox 2659 4178 2718 4215; x_wconf 90' lang='lat' dir='ltr'><strong>se</strong></span> <span class='ocrx_word' id='word_1_701' title='bbox 2766 4163 2918 4216; x_wconf 73' lang='lat' dir='ltr'><strong>facta:</strong></span> <span class='ocrx_word' id='word_1_702' title='bbox 2959 4179 3277 4218; x_wconf 88' lang='lat' dir='ltr'><strong>consensum</strong></span> <span class='ocrx_word' id='word_1_703' title='bbox 3322 4181 3456 4235; x_wconf 69' lang='lat' dir='ltr'><strong>pra--</strong></span> 
     </span>
    </p>
   </div>
   <div class='ocr_carea' id='block_1_102' title="bbox 1876 4253 3458 4323">
    <p class='ocr_par' dir='ltr' id='par_1_102' title="bbox 1876 4253 3458 4323">
     <span class='ocr_line' id='line_1_102' title="bbox 1876 4253 3458 4323; baseline 0.001 -21"><span class='ocrx_word' id='word_1_704' title='bbox 1876 4267 2086 4320; x_wconf 70' lang='lat' dir='ltr'><strong>stante,</strong></span> <span class='ocrx_word' id='word_1_705' title='bbox 2147 4255 2288 4323; x_wconf 86' lang='lat' dir='ltr'><strong>prior</strong></span> <span class='ocrx_word' id='word_1_706' title='bbox 2333 4255 2675 4306; x_wconf 84' lang='lat' dir='ltr'><strong>diaconorum</strong></span> <span class='ocrx_word' id='word_1_707' title='bbox 2728 4253 2871 4306; x_wconf 68' lang='lat' dir='ltr'><strong>expit</strong></span> <span class='ocrx_word' id='word_1_708' title='bbox 2929 4268 3048 4305; x_wconf 90' lang='lat' dir='ltr'><strong>eum</strong></span> <span class='ocrx_word' id='word_1_709' title='bbox 3102 4268 3298 4321; x_wconf 80' lang='lat' dir='ltr'><strong>eappa,</strong></span> <span class='ocrx_word' id='word_1_710' title='bbox 3347 4256 3458 4309; x_wconf 68' lang='lat' dir='ltr'><strong>sive</strong></span> 
     </span>
    </p>
   </div>
   <div class='ocr_carea' id='block_1_103' title="bbox 1875 4344 3457 4419">
    <p class='ocr_par' dir='ltr' id='par_1_103' title="bbox 1875 4344 3457 4419">
     <span class='ocr_line' id='line_1_103' title="bbox 1875 4344 3457 4419; baseline -0.005 -14"><span class='ocrx_word' id='word_1_711' title='bbox 1875 4349 2160 4419; x_wconf 72' lang='lat' dir='ltr'><strong>chlamyde</strong></span> <span class='ocrx_word' id='word_1_712' title='bbox 2208 4362 2308 4416; x_wconf 91' lang='lat' dir='ltr'><strong>qua</strong></span> <span class='ocrx_word' id='word_1_713' title='bbox 2343 4347 2538 4410; x_wconf 89' lang='lat' dir='ltr'><strong>utitur,</strong></span> <span class='ocrx_word' id='word_1_714' title='bbox 2574 4355 2627 4399; x_wconf 89' lang='lat' dir='ltr'><strong>et</strong></span> <span class='ocrx_word' id='word_1_715' title='bbox 2667 4344 2815 4413; x_wconf 88' lang='lat' dir='ltr'><strong>ponit</strong></span> <span class='ocrx_word' id='word_1_716' title='bbox 2844 4345 2912 4408; x_wconf 90' lang='lat' dir='ltr'><strong>ei,</strong></span> <span class='ocrx_word' id='word_1_717' title='bbox 2955 4345 2997 4397; x_wconf 84' lang='lat' dir='ltr'><strong>si</strong></span> <span class='ocrx_word' id='word_1_718' title='bbox 3029 4361 3129 4398; x_wconf 71' lang='lat' dir='ltr'><strong>una</strong></span> <span class='ocrx_word' id='word_1_719' title='bbox 3163 4347 3194 4398; x_wconf 86' lang='lat' dir='ltr'><strong>lt</strong></span> <span class='ocrx_word' id='word_1_720' title='bbox 3235 4347 3350 4408; x_wconf 87' lang='lat' dir='ltr'><strong>bet.</strong></span> <span class='ocrx_word' id='word_1_721' title='bbox 3382 4348 3457 4397; x_wconf 78' lang='lat' dir='ltr'><strong>al-</strong></span> 
     </span>
    </p>
   </div>
   <div class='ocr_carea' id='block_1_104' title="bbox 1802 4434 3456 4514">
    <p class='ocr_par' dir='ltr' id='par_1_104' title="bbox 1802 4434 3456 4514">
     <span class='ocr_line' id='line_1_104' title="bbox 1802 4434 3456 4514; baseline -0.005 -20"><span class='ocrx_word' id='word_1_722' title='bbox 1802 4455 1846 4514; x_wconf 78' lang='lat' dir='ltr'><strong>D</strong></span> <span class='ocrx_word' id='word_1_723' title='bbox 1877 4441 2021 4507; x_wconf 87' lang='lat' dir='ltr'><strong>ham,</strong></span> <span class='ocrx_word' id='word_1_724' title='bbox 2056 4439 2347 4498; x_wconf 90' lang='lat' dir='ltr'><strong>rochetum,</strong></span> <span class='ocrx_word' id='word_1_725' title='bbox 2378 4435 2674 4494; x_wconf 83' lang='lat' dir='ltr'><strong>camisiam,</strong></span> <span class='ocrx_word' id='word_1_726' title='bbox 2705 4447 2756 4487; x_wconf 89' lang='lat' dir='ltr'><strong>et</strong></span> <span class='ocrx_word' id='word_1_727' title='bbox 2807 4444 3180 4486; x_wconf 87' lang='lat' dir='ltr'><strong>ornamentum</strong></span> <span class='ocrx_word' id='word_1_728' title='bbox 3230 4434 3295 4487; x_wconf 90' lang='lat' dir='ltr'><strong>ad</strong></span> <span class='ocrx_word' id='word_1_729' title='bbox 3343 4452 3456 4486; x_wconf 82' lang='lat' dir='ltr'><strong>nio-</strong></span> 
     </span>
    </p>
   </div>
   <div class='ocr_carea' id='block_1_105' title="bbox 1875 4524 3455 4595">
    <p class='ocr_par' dir='ltr' id='par_1_105' title="bbox 1875 4524 3455 4595">
     <span class='ocr_line' id='line_1_105' title="bbox 1875 4524 3455 4595; baseline -0.005 -9"><span class='ocrx_word' id='word_1_730' title='bbox 1875 4533 1998 4586; x_wconf 89' lang='lat' dir='ltr'><strong>dum</strong></span> <span class='ocrx_word' id='word_1_731' title='bbox 2037 4528 2328 4595; x_wconf 79' lang='lat' dir='ltr'><strong>presbyteri</strong></span> <span class='ocrx_word' id='word_1_732' title='bbox 2358 4541 2517 4592; x_wconf 74' lang='lat' dir='ltr'><strong>:uper</strong></span> <span class='ocrx_word' id='word_1_733' title='bbox 2549 4525 2816 4586; x_wconf 87' lang='lat' dir='ltr'><strong>humeros,</strong></span> <span class='ocrx_word' id='word_1_734' title='bbox 2845 4524 2887 4576; x_wconf 90' lang='lat' dir='ltr'><strong>si</strong></span> <span class='ocrx_word' id='word_1_735' title='bbox 2916 4533 2998 4577; x_wconf 91' lang='lat' dir='ltr'><strong>est</strong></span> <span class='ocrx_word' id='word_1_736' title='bbox 3031 4525 3342 4594; x_wconf 72' lang='lat' dir='ltr'><strong>presbyter;</strong></span> <span class='ocrx_word' id='word_1_737' title='bbox 3375 4525 3455 4579; x_wconf 79' lang='lat' dir='ltr'><strong>vel</strong></span> 
     </span>
    </p>
   </div>
   <div class='ocr_carea' id='block_1_106' title="bbox 1875 4606 3458 4690">
    <p class='ocr_par' dir='ltr' id='par_1_106' title="bbox 1875 4606 3458 4690">
     <span class='ocr_line' id='line_1_106' title="bbox 1875 4606 3458 4690; baseline -0.004 -14"><span class='ocrx_word' id='word_1_738' title='bbox 1875 4639 2035 4690; x_wconf 86' lang='lat' dir='ltr'><strong>super</strong></span> <span class='ocrx_word' id='word_1_739' title='bbox 2067 4623 2251 4673; x_wconf 73' lang='lat' dir='ltr'><strong>ltevatn</strong></span> <span class='ocrx_word' id='word_1_740' title='bbox 2284 4627 2510 4686; x_wconf 82' lang='lat' dir='ltr'><strong>partem,</strong></span> <span class='ocrx_word' id='word_1_741' title='bbox 2539 4617 2582 4668; x_wconf 82' lang='lat' dir='ltr'><strong>si</strong></span> <span class='ocrx_word' id='word_1_742' title='bbox 2615 4606 3003 4677; x_wconf 82' lang='lat' dir='ltr'><strong>estdiacnnus,</strong></span> <span class='ocrx_word' id='word_1_743' title='bbox 3034 4626 3086 4668; x_wconf 85' lang='lat' dir='ltr'><strong>et</strong></span> <span class='ocrx_word' id='word_1_744' title='bbox 3119 4631 3223 4667; x_wconf 86' lang='lat' dir='ltr'><strong>tmtt</strong></span> <span class='ocrx_word' id='word_1_745' title='bbox 3258 4616 3308 4668; x_wconf 89' lang='lat' dir='ltr'><strong>in</strong></span> <span class='ocrx_word' id='word_1_746' title='bbox 3340 4631 3458 4683; x_wconf 78' lang='lat' dir='ltr'><strong>pre~</strong></span> 
     </span>
    </p>
   </div>
   <div class='ocr_carea' id='block_1_107' title="bbox 1873 4709 3456 4784">
    <p class='ocr_par' dir='ltr' id='par_1_107' title="bbox 1873 4709 3456 4784">
     <span class='ocr_line' id='line_1_107' title="bbox 1873 4709 3456 4784; baseline -0.004 -18"><span class='ocrx_word' id='word_1_747' title='bbox 1873 4714 2090 4784; x_wconf 86' lang='lat' dir='ltr'><strong>sbyterii</strong></span> <span class='ocrx_word' id='word_1_748' title='bbox 2123 4712 2310 4765; x_wconf 89' lang='lat' dir='ltr'><strong>ordine</strong></span> <span class='ocrx_word' id='word_1_749' title='bbox 2337 4711 2690 4773; x_wconf 63' lang='lat' dir='ltr'><strong>conuiuatus;</strong></span> <span class='ocrx_word' id='word_1_750' title='bbox 2731 4719 2782 4760; x_wconf 91' lang='lat' dir='ltr'><strong>et</strong></span> <span class='ocrx_word' id='word_1_751' title='bbox 2811 4719 2990 4774; x_wconf 83' lang='lat' dir='ltr'><strong>postea</strong></span> <span class='ocrx_word' id='word_1_752' title='bbox 3044 4709 3190 4776; x_wconf 83' lang='lat' dir='ltr'><strong>penit</strong></span> <span class='ocrx_word' id='word_1_753' title='bbox 3222 4710 3268 4762; x_wconf 87' lang='lat' dir='ltr'><strong>ei</strong></span> <span class='ocrx_word' id='word_1_754' title='bbox 3303 4725 3456 4760; x_wconf 78' lang='lat' dir='ltr'><strong>mau-</strong></span> 
     </span>
    </p>
   </div>
   <div class='ocr_carea' id='block_1_108' title="bbox 1875 4798 3456 4868">
    <p class='ocr_par' dir='ltr' id='par_1_108' title="bbox 1875 4798 3456 4868">
     <span class='ocr_line' id='line_1_108' title="bbox 1875 4798 3456 4868; baseline -0.005 -10"><span class='ocrx_word' id='word_1_755' title='bbox 1875 4816 1979 4858; x_wconf 75' lang='lat' dir='ltr'><strong>tum</strong></span> <span class='ocrx_word' id='word_1_756' title='bbox 2008 4844 2022 4868; x_wconf 94' lang='lat'><strong>,</strong></span> <span class='ocrx_word' id='word_1_757' title='bbox 2065 4812 2120 4856; x_wconf 91' lang='lat' dir='ltr'><strong>et</strong></span> <span class='ocrx_word' id='word_1_758' title='bbox 2170 4804 2337 4865; x_wconf 87' lang='lat' dir='ltr'><strong>dic.t,</strong></span> <span class='ocrx_word' id='word_1_759' title='bbox 2394 4798 2614 4852; x_wconf 79' lang='lat' dir='ltr'><strong>Investio</strong></span> <span class='ocrx_word' id='word_1_760' title='bbox 2659 4811 2706 4853; x_wconf 84' lang='lat' dir='ltr'><strong>te</strong></span> <span class='ocrx_word' id='word_1_761' title='bbox 2753 4800 2817 4851; x_wconf 87' lang='lat' dir='ltr'><strong>de</strong></span> <span class='ocrx_word' id='word_1_762' title='bbox 2857 4809 3048 4868; x_wconf 83' lang='lat' dir='ltr'><strong>papqu</strong></span> <span class='ocrx_word' id='word_1_763' title='bbox 3108 4798 3337 4852; x_wconf 82' lang='lat' dir='ltr'><strong>Romano</strong></span> <span class='ocrx_word' id='word_1_764' title='bbox 3401 4807 3456 4852; x_wconf 83' lang='lat' dir='ltr'><strong>ut</strong></span> 
     </span>
    </p>
   </div>
   <div class='ocr_carea' id='block_1_109' title="bbox 1875 4893 3458 4966">
    <p class='ocr_par' dir='ltr' id='par_1_109' title="bbox 1875 4893 3458 4966">
     <span class='ocr_line' id='line_1_109' title="bbox 1875 4893 3458 4966; baseline -0.006 -15"><span class='ocrx_word' id='word_1_765' title='bbox 1875 4899 2054 4966; x_wconf 77' lang='lat' dir='ltr'><strong>pra’sis</strong></span> <span class='ocrx_word' id='word_1_766' title='bbox 2086 4897 2196 4948; x_wconf 82' lang='lat' dir='ltr'><strong>urbi</strong></span> <span class='ocrx_word' id='word_1_767' title='bbox 2224 4905 2269 4948; x_wconf 86' lang='lat' dir='ltr'><strong>et</strong></span> <span class='ocrx_word' id='word_1_768' title='bbox 2313 4894 2443 4956; x_wconf 82' lang='lat' dir='ltr'><strong>orbi,</strong></span> <span class='ocrx_word' id='word_1_769' title='bbox 2477 4908 2523 4945; x_wconf 90' lang='lat' dir='ltr'><strong>et</strong></span> <span class='ocrx_word' id='word_1_770' title='bbox 2560 4893 2718 4946; x_wconf 90' lang='lat' dir='ltr'><strong>tradit</strong></span> <span class='ocrx_word' id='word_1_771' title='bbox 2765 4893 2812 4946; x_wconf 89' lang='lat' dir='ltr'><strong>ei</strong></span> <span class='ocrx_word' id='word_1_772' title='bbox 2843 4895 3000 4945; x_wconf 87' lang='lat' dir='ltr'><strong>etiam</strong></span> <span class='ocrx_word' id='word_1_773' title='bbox 3032 4894 3318 4955; x_wconf 88' lang='lat' dir='ltr'><strong>annulttm,</strong></span> <span class='ocrx_word' id='word_1_774' title='bbox 3352 4905 3458 4959; x_wconf 89' lang='lat' dir='ltr'><strong>quo</strong></span> 
     </span>
    </p>
   </div>
   <div class='ocr_carea' id='block_1_110' title="bbox 1877 4985 3455 5056">
    <p class='ocr_par' dir='ltr' id='par_1_110' title="bbox 1877 4985 3455 5056">
     <span class='ocr_line' id='line_1_110' title="bbox 1877 4985 3455 5056; baseline -0.006 -11"><span class='ocrx_word' id='word_1_775' title='bbox 1877 4992 1952 5045; x_wconf 91' lang='lat' dir='ltr'><strong>uti</strong></span> <span class='ocrx_word' id='word_1_776' title='bbox 1987 5005 2216 5046; x_wconf 79' lang='lat' dir='ltr'><strong>consaev</strong></span> <span class='ocrx_word' id='word_1_777' title='bbox 2261 4999 2384 5042; x_wconf 92' lang='lat' dir='ltr'><strong>runt</strong></span> <span class='ocrx_word' id='word_1_778' title='bbox 2413 4988 2834 5056; x_wconf 69' lang='lat' dir='ltr'><strong>prmdecessores</strong></span> <span class='ocrx_word' id='word_1_779' title='bbox 2862 4987 3047 5054; x_wconf 62' lang='lat' dir='ltr'><strong>ipsius,</strong></span> <span class='ocrx_word' id='word_1_780' title='bbox 3077 4995 3130 5037; x_wconf 87' lang='lat' dir='ltr'><strong>et</strong></span> <span class='ocrx_word' id='word_1_781' title='bbox 3159 4985 3205 5037; x_wconf 90' lang='lat' dir='ltr'><strong>ei</strong></span> <span class='ocrx_word' id='word_1_782' title='bbox 3241 4994 3455 5036; x_wconf 76' lang='lat' dir='ltr'><strong>intrant</strong></span> 
     </span>
    </p>
   </div>
   <div class='ocr_carea' id='block_1_111' title="bbox 1875 5077 3456 5148">
    <p class='ocr_par' dir='ltr' id='par_1_111' title="bbox 1875 5077 3456 5148">
     <span class='ocr_line' id='line_1_111' title="bbox 1875 5077 3456 5148; baseline -0.006 -12"><span class='ocrx_word' id='word_1_783' title='bbox 1875 5093 2262 5147; x_wconf 80' lang='lat' dir='ltr'><strong>competeulem</strong></span> <span class='ocrx_word' id='word_1_784' title='bbox 2295 5079 2516 5148; x_wconf 85' lang='lat' dir='ltr'><strong>tempori</strong></span> <span class='ocrx_word' id='word_1_785' title='bbox 2544 5095 2704 5147; x_wconf 74' lang='lat' dir='ltr'><strong>super</strong></span> <span class='ocrx_word' id='word_1_786' title='bbox 2729 5093 2881 5145; x_wconf 81' lang='lat' dir='ltr'><strong>caput</strong></span> <span class='ocrx_word' id='word_1_787' title='bbox 2913 5077 3165 5144; x_wconf 78' lang='lat' dir='ltr'><strong>imponit;</strong></span> <span class='ocrx_word' id='word_1_788' title='bbox 3193 5087 3242 5128; x_wconf 80' lang='lat' dir='ltr'><strong>et</strong></span> <span class='ocrx_word' id='word_1_789' title='bbox 3270 5084 3456 5142; x_wconf 86' lang='lat' dir='ltr'><strong>petens</strong></span> 
     </span>
    </p>
   </div>
   <div class='ocr_carea' id='block_1_112' title="bbox 1875 5167 3457 5240">
    <p class='ocr_par' dir='ltr' id='par_1_112' title="bbox 1875 5167 3457 5240">
     <span class='ocr_line' id='line_1_112' title="bbox 1875 5167 3457 5240; baseline -0.004 -16"><span class='ocrx_word' id='word_1_790' title='bbox 1875 5174 1941 5227; x_wconf 89' lang='lat' dir='ltr'><strong>ab</strong></span> <span class='ocrx_word' id='word_1_791' title='bbox 1969 5190 2034 5226; x_wconf 90' lang='lat' dir='ltr'><strong>eo</strong></span> <span class='ocrx_word' id='word_1_792' title='bbox 2075 5191 2178 5240; x_wconf 79' lang='lat' dir='ltr'><strong>quo</strong></span> <span class='ocrx_word' id='word_1_793' title='bbox 2208 5175 2419 5226; x_wconf 88' lang='lat' dir='ltr'><strong>nomine</strong></span> <span class='ocrx_word' id='word_1_794' title='bbox 2445 5175 2620 5224; x_wconf 86' lang='lat' dir='ltr'><strong>vocari</strong></span> <span class='ocrx_word' id='word_1_795' title='bbox 2652 5173 2799 5231; x_wconf 86' lang='lat' dir='ltr'><strong>velit,</strong></span> <span class='ocrx_word' id='word_1_796' title='bbox 2833 5171 3005 5236; x_wconf 82' lang='lat' dir='ltr'><strong>ipsum</strong></span> <span class='ocrx_word' id='word_1_797' title='bbox 3061 5185 3126 5220; x_wconf 80' lang='lat' dir='ltr'><strong>eo</strong></span> <span class='ocrx_word' id='word_1_798' title='bbox 3163 5167 3322 5238; x_wconf 75' lang='lat'><strong>253</strong></span> <span class='ocrx_word' id='word_1_799' title='bbox 3357 5184 3457 5219; x_wconf 80' lang='lat' dir='ltr'><strong>ttu-</strong></span> 
     </span>
    </p>
   </div>
   <div class='ocr_carea' id='block_1_113' title="bbox 1877 5259 3456 5333">
    <p class='ocr_par' dir='ltr' id='par_1_113' title="bbox 1877 5259 3456 5333">
     <span class='ocr_line' id='line_1_113' title="bbox 1877 5259 3456 5333; baseline -0.006 -17"><span class='ocrx_word' id='word_1_800' title='bbox 1877 5265 2018 5317; x_wconf 82' lang='lat' dir='ltr'><strong>niiue</strong></span> <span class='ocrx_word' id='word_1_801' title='bbox 2047 5280 2152 5333; x_wconf 83' lang='lat' dir='ltr'><strong>quo</strong></span> <span class='ocrx_word' id='word_1_802' title='bbox 2171 5266 2216 5317; x_wconf 91' lang='lat' dir='ltr'><strong>ei</strong></span> <span class='ocrx_word' id='word_1_803' title='bbox 2251 5263 2502 5332; x_wconf 87' lang='lat' dir='ltr'><strong>placuerit</strong></span> <span class='ocrx_word' id='word_1_804' title='bbox 2537 5262 2833 5323; x_wconf 87' lang='lat' dir='ltr'><strong>vocabunt;</strong></span> <span class='ocrx_word' id='word_1_805' title='bbox 2864 5274 2968 5329; x_wconf 91' lang='lat' dir='ltr'><strong>quo</strong></span> <span class='ocrx_word' id='word_1_806' title='bbox 2998 5260 3152 5321; x_wconf 73' lang='lat' dir='ltr'><strong>facto,</strong></span> <span class='ocrx_word' id='word_1_807' title='bbox 3183 5259 3300 5311; x_wconf 88' lang='lat' dir='ltr'><strong>facit</strong></span> <span class='ocrx_word' id='word_1_808' title='bbox 3332 5272 3456 5312; x_wconf 86' lang='lat' dir='ltr'><strong>eum</strong></span> 
     </span>
    </p>
   </div>
   <div class='ocr_carea' id='block_1_114' title="bbox 1876 5349 3455 5421">
    <p class='ocr_par' dir='ltr' id='par_1_114' title="bbox 1876 5349 3455 5421">
     <span class='ocr_line' id='line_1_114' title="bbox 1876 5349 3455 5421; baseline -0.005 -13"><span class='ocrx_word' id='word_1_809' title='bbox 1876 5355 2066 5408; x_wconf 89' lang='lat' dir='ltr'><strong>sedere</strong></span> <span class='ocrx_word' id='word_1_810' title='bbox 2095 5356 2145 5406; x_wconf 92' lang='lat' dir='ltr'><strong>in</strong></span> <span class='ocrx_word' id='word_1_811' title='bbox 2170 5355 2319 5421; x_wconf 70' lang='lat' dir='ltr'><strong>St&#39;df‘,</strong></span> <span class='ocrx_word' id='word_1_812' title='bbox 2353 5356 2462 5407; x_wconf 83' lang='lat' dir='ltr'><strong>sive</strong></span> <span class='ocrx_word' id='word_1_813' title='bbox 2491 5354 2542 5406; x_wconf 91' lang='lat' dir='ltr'><strong>iu</strong></span> <span class='ocrx_word' id='word_1_814' title='bbox 2575 5353 2870 5406; x_wconf 77' lang='lat' dir='ltr'><strong>falilistorio</strong></span> <span class='ocrx_word' id='word_1_815' title='bbox 2895 5368 2909 5416; x_wconf 89' lang='lat'><strong>;</strong></span> <span class='ocrx_word' id='word_1_816' title='bbox 2946 5360 2998 5402; x_wconf 87' lang='lat' dir='ltr'><strong>et</strong></span> <span class='ocrx_word' id='word_1_817' title='bbox 3025 5349 3282 5415; x_wconf 70' lang='lat' dir='ltr'><strong>deposuis</strong></span> <span class='ocrx_word' id='word_1_818' title='bbox 3311 5364 3455 5402; x_wconf 80' lang='lat' dir='ltr'><strong>coni-</strong></span> 
     </span>
    </p>
   </div>
   <div class='ocr_carea' id='block_1_115' title="bbox 1877 5442 3456 5506">
    <p class='ocr_par' dir='ltr' id='par_1_115' title="bbox 1877 5442 3456 5506">
     <span class='ocr_line' id='line_1_115' title="bbox 1877 5442 3456 5506; baseline -0.005 -9"><span class='ocrx_word' id='word_1_819' title='bbox 1877 5445 2127 5498; x_wconf 82' lang='lat' dir='ltr'><strong>munibus</strong></span> <span class='ocrx_word' id='word_1_820' title='bbox 2174 5445 2387 5506; x_wconf 60' lang='lat' dir='ltr'><strong>calcieis,</strong></span> <span class='ocrx_word' id='word_1_821' title='bbox 2422 5447 2463 5495; x_wconf 89' lang='lat' dir='ltr'><strong>si</strong></span> <span class='ocrx_word' id='word_1_822' title='bbox 2497 5445 2756 5495; x_wconf 84' lang='lat' dir='ltr'><strong>habentur</strong></span> <span class='ocrx_word' id='word_1_823' title='bbox 2785 5442 2946 5494; x_wconf 87' lang='lat' dir='ltr'><strong>rubea</strong></span> <span class='ocrx_word' id='word_1_824' title='bbox 2977 5442 3335 5494; x_wconf 81' lang='lat' dir='ltr'><strong>calceanienta</strong></span> <span class='ocrx_word' id='word_1_825' title='bbox 3366 5453 3456 5506; x_wconf 53' lang='lat' dir='ltr'><strong>pa.</strong></span> 
     </span>
    </p>
   </div>
   <div class='ocr_carea' id='block_1_116' title="bbox 1875 5532 3456 5602">
    <p class='ocr_par' dir='ltr' id='par_1_116' title="bbox 1875 5532 3456 5602">
     <span class='ocr_line' id='line_1_116' title="bbox 1875 5532 3456 5602; baseline -0.001 -17"><span class='ocrx_word' id='word_1_826' title='bbox 1875 5535 2033 5602; x_wconf 86' lang='lat' dir='ltr'><strong>palia,</strong></span> <span class='ocrx_word' id='word_1_827' title='bbox 2061 5535 2319 5587; x_wconf 86' lang='lat' dir='ltr'><strong>calciatur</strong></span> <span class='ocrx_word' id='word_1_828' title='bbox 2347 5534 2541 5588; x_wconf 86' lang='lat' dir='ltr'><strong>eidem.</strong></span> <span class='ocrx_word' id='word_1_829' title='bbox 2578 5534 2641 5585; x_wconf 82' lang='lat' dir='ltr'><strong>Et</strong></span> <span class='ocrx_word' id='word_1_830' title='bbox 2688 5534 2764 5586; x_wconf 85' lang='lat' dir='ltr'><strong>sic</strong></span> <span class='ocrx_word' id='word_1_831' title='bbox 2790 5532 3088 5584; x_wconf 46' lang='lat' dir='ltr'><strong>cardinales</strong></span> <span class='ocrx_word' id='word_1_832' title='bbox 3130 5548 3319 5584; x_wconf 73' lang='lat' dir='ltr'><strong>omnes</strong></span> <span class='ocrx_word' id='word_1_833' title='bbox 3365 5546 3456 5597; x_wconf 87' lang='lat' dir='ltr'><strong>per</strong></span> 
     </span>
    </p>
   </div>
   <div class='ocr_carea' id='block_1_117' title="bbox 1872 5621 3455 5694">
    <p class='ocr_par' dir='ltr' id='par_1_117' title="bbox 1872 5621 3455 5694">
     <span class='ocr_line' id='line_1_117' title="bbox 1872 5621 3455 5694; baseline -0.006 -15"><span class='ocrx_word' id='word_1_834' title='bbox 1872 5626 2134 5690; x_wconf 90' lang='lat' dir='ltr'><strong>ordinem,</strong></span> <span class='ocrx_word' id='word_1_835' title='bbox 2167 5631 2337 5694; x_wconf 77' lang='lat' dir='ltr'><strong>primo</strong></span> <span class='ocrx_word' id='word_1_836' title='bbox 2365 5626 2631 5694; x_wconf 69' lang='lat' dir='ltr'><strong>episcopi,</strong></span> <span class='ocrx_word' id='word_1_837' title='bbox 2673 5623 2910 5678; x_wconf 87' lang='lat' dir='ltr'><strong>secundo</strong></span> <span class='ocrx_word' id='word_1_838' title='bbox 2943 5623 3263 5691; x_wconf 74' lang='lat' dir='ltr'><strong>presbyteri.</strong></span> <span class='ocrx_word' id='word_1_839' title='bbox 3297 5621 3455 5674; x_wconf 76' lang='lat' dir='ltr'><strong>tertio</strong></span> 
     </span>
    </p>
   </div>
   <div class='ocr_carea' id='block_1_118' title="bbox 1874 5712 3454 5784">
    <p class='ocr_par' dir='ltr' id='par_1_118' title="bbox 1874 5712 3454 5784">
     <span class='ocr_line' id='line_1_118' title="bbox 1874 5712 3454 5784; baseline -0.007 -14"><span class='ocrx_word' id='word_1_840' title='bbox 1874 5717 2116 5782; x_wconf 75' lang='lat' dir='ltr'><strong>diaconi,</strong></span> <span class='ocrx_word' id='word_1_841' title='bbox 2171 5717 2388 5772; x_wconf 86' lang='lat' dir='ltr'><strong>veniunt</strong></span> <span class='ocrx_word' id='word_1_842' title='bbox 2437 5731 2612 5772; x_wconf 89' lang='lat' dir='ltr'><strong>coram</strong></span> <span class='ocrx_word' id='word_1_843' title='bbox 2644 5731 2708 5772; x_wconf 86' lang='lat' dir='ltr'><strong>eo</strong></span> <span class='ocrx_word' id='word_1_844' title='bbox 2752 5714 2900 5770; x_wconf 76' lang='lat' dir='ltr'><strong>flexis</strong></span> <span class='ocrx_word' id='word_1_845' title='bbox 2936 5714 3190 5784; x_wconf 79' lang='lat' dir='ltr'><strong>genibus;</strong></span> <span class='ocrx_word' id='word_1_846' title='bbox 3233 5724 3281 5766; x_wconf 89' lang='lat' dir='ltr'><strong>et</strong></span> <span class='ocrx_word' id='word_1_847' title='bbox 3315 5712 3454 5764; x_wconf 83' lang='lat' dir='ltr'><strong>idem</strong></span> 
     </span>
    </p>
   </div>
  </div>
