4006 6294
581 256 712 313 ΗΞἹ

1263 247 1597 306 API'ENDIX
1646 247 1734 301 AD
1775 246 1832 300 S.
1877 245 2202 301 GREGORII
2246 247 2453 301 MAch
2497 249 2859 306 LITURGICA
2901 251 3133 310 OPERA

3713 241 3848 312 itas

575 377 780 432 electus
813 375 954 441 ipsos
1001 371 1242 424 ordinate
1274 369 1337 421 ad
1374 366 1558 442 pedem
1607 365 1791 432 recipit
1832 372 1887 417 et
1916 363 1980 416 ad
2012 364 2154 431 pacis
2185 369 2229 426 Λ
2262 364 2472 430 ponitur
2514 367 2894 432 pretiosissima
2929 370 3082 424 mitra
3117 372 3168 426 in
3216 372 3412 442 capite,
3446 383 3498 428 et
3541 375 3705 430 datur
3750 379 3856 434 sibi

575 461 836 521 osculum,
870 458 1074 513 necnon
1102 467 1153 509 et
1183 453 1369 509 utnues
1401 453 1533 506 alios
1565 451 1874 519 capellanas
1915 466 2059 513 suos,
2091 464 2154 502 ac

576 567 800 610 czeleros
831 551 1055 605 clericos
1087 558 1138 601 et
1163 548 1323 601 laicus
1353 547 1631 598 venientes
1659 544 1722 596 ad
1757 537 1875 610 ejus
1903 557 2154 596 reveren-

573 649 724 709 tiam,
757 645 986 704 intimos,
1019 639 1247 706 majores
1269 649 1319 689 et
1350 630 1666 690 mediocres.
1703 633 1905 700 Quibus
1935 631 2153 700 expedi-

573 737 661 792 tis,
693 748 850 784 cruce
881 737 1149 798 praeeunte
1181 727 1352 795 papali
1381 727 1590 778 ducitur
1622 723 2090 792 processionaliter
2118 737 2148 775 a

572 823 946 881 cardinalibus,
991 831 1044 873 et
1075 834 1103 871 a
1136 829 1239 871 tota
1268 819 1412 871 curia
1459 816 1525 868 ad
1556 815 1940 876 cathedralem,
1974 816 2053 867 vel
2086 813 2150 865 ad

573 913 726 962 aliam
761 912 1016 977 majorem
1053 908 1332 962 ecclesiam
1366 905 1491 969 loci,
1534 904 1587 957 in
1628 918 1734 972 quo
1779 913 1860 957 est
1898 905 2079 966 curia,
2111 902 2156 954 si

573 1000 720 1054 locus
764 1001 814 1053 iu
843 1016 948 1067 quo
989 999 1200 1066 eligitur
1228 999 1413 1049 civitas
1445 1012 1547 1046 non
1593 994 1807 1056 existit;
1855 993 1906 1045 in
1937 1007 2036 1059 qtta
2068 1005 2159 1045 ec-

574 1091 736 1144 clesia
767 1091 831 1142 ad
863 1092 1029 1143 altare
1071 1087 1300 1150 ducitur,
1351 1100 1402 1140 et
1432 1087 1554 1139 ante
1601 1086 1772 1152 ip5um
1821 1085 1991 1138 altare
2039 1098 2162 1151 pro-

574 1190 775 1235 stratus
801 1192 913 1233 orat
937 1178 1171 1243 diutius;
1207 1190 1258 1231 et
1288 1181 1412 1230 dum
1437 1187 1576 1240 urat,
1606 1171 1679 1228 Te
1708 1176 1866 1228 Deum
1891 1176 2163 1226 laudamus

575 1274 644 1328 ab
673 1273 916 1326 omnibus
944 1271 1154 1324 clericis
1195 1267 1506 1321 solemniLer
1535 1267 1885 1328 dccantatur;
1917 1280 2022 1332 quo
2053 1263 2151 1317 de-

576 1372 810 1424 cantato,
840 1364 980 1429 prior
1006 1363 1374 1428 episeopm-um
1406 1357 1535 1409 dicit
1563 1354 1720 1407 Pater
1751 1366 1940 1416 noster,
1971 1361 2025 1408 et
2053 1351 2165 1406 sul-

579 1456 742 1522 lragia
776 1463 1051 1514 consueta,
1084 1464 1137 1505 et
1163 1453 1468 1503 Uratiuuem
1496 1449 1830 1516 Omnipotens
1855 1447 2164 1513 sempiterna

579 1545 742 1609 Deus,
773 1561 820 1595 m
844 1559 1007 1597 serere
1031 1543 1187 1596 electo
1219 1549 1410 1594 nostra.
1439 1541 1550 1605 Qua
1585 1540 1752 1597 liuila,
1786 1538 1925 1590 idem
1958 1542 2166 1590 eiectus

579 1650 801 1703 surgens
829 1635 898 1686 ab
928 1633 1184 1686 Oratione
1214 1633 1345 1684 dicit
1379 1631 1462 1684 Sit
1494 1645 1674 1682 nomen
1723 1629 1929 1681 Domini
1960 1628 2166 1680 benedi-

583 1732 740 1788 ctum,
776 1735 827 1778 et
852 1723 980 1777 facit
1001 1723 1454 1782 benedctiom-m;
1481 1733 1582 1787 qua
1603 1721 1834 1786 eapleta,
1859 1723 2167 1770 reverenter

2253 460 2481 510 annulus
2512 462 2831 527 pantilicalis
2863 478 2956 530 per
3000 465 3249 520 eumdem
3292 468 3637 536 episc0pum;
3678 479 3736 524 et
3764 487 3860 524 cu-

2268 552 2558 606 bicularius
2602 556 2830 619 primum
2881 560 3139 612 annulum
3174 563 3401 629 imponit
3445 565 3615 630 digito
3662 570 3858 620 διιπειηί

2261 646 2550 712 pontificis.
2583 650 2644 700 Iit
2673 649 2800 701 dum
2829 650 3077 705 dominus
3098 669 3230 722 papa
3262 655 3603 711 dalmaticam
3643 675 3718 712 rei
3738 661 3862 728 ipit,

2261 734 2379 802 ipse
2433 737 2718 805 episcopus
2762 739 2936 793 induit
2985 757 3044 795 se
3090 747 3491 812 superpellicio,
3533 750 3760 814 amictu,
3811 763 3863 804 et

2271 827 2486 892 pluviali
2539 828 2732 882 coloris
2777 830 2912 892 diei,
2961 839 3017 886 et
3063 843 3238 898 portat
3268 836 3482 888 mitram
3531 840 3859 905 simplicem.

2264 917 2398 968 Cum
2447 932 2622 971 amem
2671 920 2920 974 dominus
2970 938 3103 990 papa
3159 925 3429 992 planctam
3485 914 3684 993 induit,
3716 941 3862 982 venit

2269 1007 2407 1062 idem
2438 1012 2720 1076 episCOpus
2749 1014 2812 1063 ad
2843 1013 2978 1066 latus
2999 1017 3193 1067 summi
3228 1018 3530 1084 pontificis;
3558 1029 3611 1071 et
3638 1033 3863 1087 ειεεριινο

2268 1102 2466 1153 annulo
2496 1103 2562 1154 de
2596 1119 2752 1156 manu
2803 1106 3061 1174 aculytlii,
3109 1107 3256 1174 ponit
3303 1124 3428 1162 eum
3477 1111 3532 1163 itt
3578 1127 3738 1164 manu
3770 1115 3862 1167 do-

2271 1191 2399 1244 mini
2433 1208 2586 1260 papa:
2621 1195 2787 1259 parati
2827 1197 3073 1250 omnibus
3114 1203 3439 1266 paramentis
3490 1212 3544 1253 et
3575 1203 3734 1255 mitra
3778 1219 3862 1256 so-

2275 1283 2413 1337 lemn
2443 1287 2559 1349 bus,
2583 1299 2631 1338 et
2661 1289 3023 1344 cuhiCularius
3050 1293 3198 1356 ponit
3233 1295 3460 1359 primum
3493 1295 3776 1348 annulum.
3804 1297 3863 1350 Et

2271 1376 2573 1442 cpiscopus,
2618 1390 2833 1442 act-epla
2882 1381 3122 1433 navicula
3153 1396 3270 1435 cum
3323 1385 3542 1440 incenso
3591 1386 3661 1438 de
3707 1404 3858 1439 manu

2273 1467 2526 1536 aeolythi,
2581 1469 2800 1539 porrigit
2845 1484 2964 1523 eam
3008 1487 3177 1538 papze,
3223 1481 3278 1527 et
3327 1480 3605 1527 osculatur
3651 1492 3854 1530 manum

2273 1557 2477 1626 ipsius;
2512 1567 2563 1611 ct
2608 1561 2857 1625 imposito
2901 1563 3120 1616 incenso
3164 1566 3216 1616 in
3257 1565 3595 1619 tlturihulum
3650 1583 3743 1632 per
3776 1585 3858 1637 pa-

2274 1663 2414 1716 pam,
2448 1649 2730 1718 episcopus
2754 1652 2904 1705 vadit
2933 1654 2998 1705 ad
3034 1654 3046 1706 l
3087 1669 3205 1707 cum
3237 1655 3324 1708 ubi
3356 1665 3481 1709 sunt
3509 1652 3603 1710 alii
3628 1659 3854 1727 episcOpi

2272 1740 2571 1792 eardiuales
2615 1743 3081 1806 proressionalter
3118 1745 3376 1810 ordinati,
3409 1747 3565 1799 lactis
3614 1750 3858 1816 impensis

580 1817 856 1869 OSculatur
892 1816 1079 1877 altare,
1112 1823 1167 1866 et
1207 1822 1263 1864 ut
1303 1812 1548 1862 ordinate
1578 1810 1722 1907 venit
1764 1810 1828 1908 ad
1855 1808 2161 1907 ecetesiam,
2200 1832 2242 1889 Β
2271 1831 2544 1899 “bsequiis
2589 1850 2708 1901 qua,
2754 1837 2866 1887 ﬁeri
2911 1836 3088 1890 sum“
3131 1848 3185 1890 el
3231 1839 3468 1906 impendi
3519 1843 3737 1908 quam“
3767 1839 3857 1893 Ro.

581 1908 662 1960 sic
693 1907 830 1958 redit
864 1907 928 1956 ad
971 1916 1238 1956 cameram
1283 1905 1456 1962 suam,
1489 1911 1540 1951 et
1570 1898 1832 1967 signando
1863 1911 2074 1964 temper
2115 1897 2167 1949 in

582 1998 761 2051 eundo
799 2006 852 2047 et
883 1993 1175 2047 redeundo.
1213 1993 1271 2044 Et
1308 1999 1585 2059 postquam
1634 1987 1855 2042 redierit
1885 1988 1949 2038 ad
1983 1997 2164 2039 came-

584 2101 721 2148 ram,
751 2084 971 2151 deponit
1004 2081 1234 2148 pluviale
1264 2088 1318 2133 et
1348 2080 1580 2141 mitram,
1614 2087 1666 2130 et
1695 2077 1916 2130 assumit
1947 2077 2168 2128 ruheum

584 2174 916 2236 mantellum,
950 2188 1013 2226 ac
1039 2174 1238 2226 habere
1265 2171 1423 2224 debet
1475 2170 1673 2238 caligas
1700 2169 1767 2221 de
1791 2180 1965 2236 panno
2007 2166 2171 2218 iubeo

583 2269 703 2322 Sine
732 2267 1011 2335 pedulibus
1041 2277 1094 2320 et
1124 2263 1572 2332 constaphiltbus,
1605 2271 1658 2315 et
1705 2260 1924 2313 infulata
1953 2259 2170 2313 rubeant

584 2362 652 2413 de
693 2358 940 2422 Sesitleto,
967 2357 1022 2411 et
1050 2365 1231 2425 postea
1278 2368 1470 2422 parvos
1522 2354 1731 2406 calceus
1758 2352 1826 2405 de
1873 2365 2048 2420 panno
2079 2351 2170 2403 eo;

586 2453 730 2515 dem,
763 2460 812 2503 et
843 2449 1057 2503 caICeos
1089 2448 1367 2516 religiosos
1400 2459 1568 2514 usque
1597 2445 1663 2498 ad
1695 2444 1927 2498 medium
1957 2451 2077 2496 crus
2104 2443 2171 2497 de

587 2543 736 2598 curio
768 2544 954 2606 rubeo,
985 2551 1039 2595 et
1066 2542 1270 2595 tuuitas
1297 2549 1347 2594 et
1381 2549 1555 2595 vestes
1584 2538 1650 2593 de
1691 2538 1924 2592 scarleto
1951 2538 2093 2605 albo,
2124 2549 2179 2592 et

589 2637 822 2706 desuper
863 2649 1063 2703 pannos
1090 2633 1264 2687 albam
1293 2633 1599 2698 camisiam;
1633 2642 1686 2686 et
1726 2631 1828 2685 erit
1865 2630 2177 2685 subcinctus

587 2729 802 2796 cingulo
825 2728 890 2780 de
920 2727 1094 2780 serico
1123 2726 1289 2780 rubeo
1329 2741 1491 2796 super
1517 2724 1826 2789 camisiam;
1856 2731 1911 2776 et
1939 2722 2050 2790 ipsa
2079 2739 2174 2778 ca-

586 2819 736 2873 misia
766 2817 870 2873 erit
898 2820 967 2872 ita
997 2819 1171 2887 longa,
1204 2817 1342 2886 quod
1370 2819 1572 2873 elevata
1599 2823 1967 2887 cumpetenler
2005 2825 2172 2882 super

589 2912 762 2979 ipsum
790 2911 1058 2980 cingulum
1090 2910 1416 2965 reﬂectatur.

587 3023 680 3076 XI.
719 3023 794 3074 De
824 3021 1235 3089 pronuntiatione
1275 3021 1496 3094 nominis
1539 3024 1787 3094 assumpti
1822 3040 1923 3094 per
1961 3025 2176 3077 electum

664 3095 717 3144 in
745 3109 926 3161 papam
953 3095 1123 3158 [iendu
1146 3091 1332 3160 populo
1355 3107 1444 3159 per
1468 3093 1685 3159 priorem
1710 3091 2040 3148 diaconatum
2063 3110 2177 3146 rar-

661 3163 913 3214 dinaltum
946 3164 1206 3213 narrando
1246 3163 1453 3212 modum
1481 3164 1759 3214 electionis.

2278 1928 2415 1978 mani.
2470 1927 2749 1994 pontiﬁces
2791 1925 3070 1997 parantur,
3103 1924 3255 1985 salvo
3297 1931 3441 2001 quod
3491 1944 3622 1986 tunc
3673 1934 3724 1985 in
3754 1935 3858 2001 ipsa

2274 2019 2622 2073 Prucessione
2664 2037 2767 2072 nou
2810 2032 2989 2089 purtat
3021 2024 3264 2088 pallium,
3298 2025 3467 2093 quod,
3507 2036 3566 2078 ut
3611 2024 3746 2077 infra
3775 2041 3853 2079 se-

2280 2109 2482 2178 quitur,
2523 2111 2752 2178 aet-ipiet
2797 2111 2849 2164 in
2878 2111 3065 2183 altari;
3108 2127 3264 2180 quam
3298 2114 3706 2181 pri-cessionem
3733 2116 3858 2167 ordi-

2276 2210 2365 2253 nat
2391 2200 2822 2266 archidiaconus,
2853 2203 2932 2255 vel
2960 2202 3105 2271 priur
3127 2203 3472 2257 diaConorum
3502 2203 3641 2257 infra
3668 2205 3860 2274 scripto

2279 2289 2461 2344 tundo.

2381 2401 2541 2471 255
2571 2401 2706 2456 .\'lll'.
2739 2401 2815 2456 De
2841 2408 3161 2473 processione
3185 2404 3403 2469 Qualiter
3430 2405 3550 2474 ﬁeri
3597 2407 3759 2459 debet.

2353 2510 2600 2566 Procedit
2629 2513 2986 2568 subdiaconus
3017 2528 3136 2568 cum
3159 2529 3341 2580 cruce,
3367 2516 3593 2571 indutus
3620 2519 3860 2572 tunieelta

2280 2615 2498 2673 propter
2553 2607 2972 2662 solemnitatem.
3033 2605 3182 2660 l‘lttnc
3244 2619 3547 2676 schttttttur
3608 2611 3856 2673 ablutas,

2279 2695 2516 2765 episcopi
2541 2705 2596 2751 et
2625 2697 3031 2768 archiepiscopi.
3065 2699 3188 2752 Post
3213 2697 3311 2752 hos
3340 2700 3542 2752 vadunt
3573 2698 3857 2771 presbyteri

2279 2789 2607 2855 cardinales,
2632 2805 2766 2858 quos
2793 2801 3087 2858 sequuntur
3103 2793 3335 2861 episcopi
3357 2808 3386 2846 c
3405 2793 3671 2848 .rilinales
3684 2809 3863 2850 secun~

2278 2881 2404 2933 dum
2435 2881 2744 2949 priuritates
2769 2897 2915 2937 suas.
2944 2883 3068 2937 Post
3100 2884 3198 2939 hos
3243 2885 3449 2939 vadunt
3477 2887 3720 2957 acolythi
3751 2903 3861 2942 curn

2283 2971 2528 3026 navicula
2558 3012 2574 3035 ,
2609 2973 2879 3026 tlmribulo
2907 2983 2960 3028 et
3013 2978 3271 3040 incenso;
3306 2984 3428 3044 post
3468 2976 3619 3045 ipsos
3669 2982 3863 3044 septeni

2282 3063 2592 3118 subdiaconi
2618 3080 2738 3118 cum
2773 3066 3056 3128 tuuicellis,
3085 3078 3356 3133 portantes
3383 3078 3595 3138 septem
3621 3072 3863 3124 candela-

2287 3154 2381 3205 bra
2403 3168 2522 3207 cum
2557 3155 2762 3219 facula;
2788 3154 2838 3206 in
2873 3156 3050 3209 medio
3079 3171 3304 3224 quorum
3338 3159 3490 3212 vadit
3512 3160 3603 3213 il'e
3631 3163 3720 3227 qui
3754 3162 3863 3213 dic.-

663 3275 794 3326 Cum
823 3279 1002 3326 autem
1034 3271 1302 3340 mmmam
1333 3269 1589 3325 Romamn
1631 3272 1882 3327 Ecclesia,
1912 3270 2070 3328 fuerit
2109 3275 2177 3330 de
2204 3225 2248 3283 (ἶ
2287 3253 2438 3296 turus
2460 3253 2543 3298 est
2577 3245 2891 3313 Epistulam,
2925 3257 3144 3315 portans
3182 3250 3373 3303 librum
3417 3250 3862 3320 Evangeliorum,

594 3376 806 3435 pastore
835 3365 1122 3432 provisum,
1171 3363 1315 3430 prior
1344 3363 1695 3417 diacuuurnm
1729 3365 1926 3419 dictam
1957 3367 2177 3420 electio-

594 3473 714 3510 nem
744 3457 936 3525 popqu
959 3454 1260 3518 attnmitiat,
1287 3453 1470 3508 diecns
1495 3472 1507 3507 :
1536 3454 1595 3508 Si
1623 3455 1788 3526 placet
1815 3464 1905 3508 ave
1930 3456 2178 3510 annuntio

591 3549 730 3602 vobis
753 3547 1000 3618 gaudium
1041 3547 1309 3616 magnum,
1341 3547 1427 3601 vel
1461 3547 1604 3599 aliud
1637 3547 1814 3601 thema
1839 3549 1976 3602 sicut
2005 3551 2180 3618 place-

592 3641 698 3705 bit;
720 3648 771 3693 et
803 3648 983 3692 narrat
1014 3639 1282 3706 quomodo
1303 3630 1466 3709 255,
1495 3639 1852 3701 concorditer,
1879 3641 1959 3692 Vel
1987 3655 2016 3693 a
2048 3643 2179 3694 dua-

592 3732 692 3785 bus
723 3730 958 3797 partibus
999 3728 1344 3780 cardinalium
1394 3742 1488 3795 per
1532 3729 1671 3781 viam
1720 3730 1980 3794 scrutitzii,
2025 3745 2175 3783 com.

595 3821 878 3890 promissi,
911 3819 995 3874 vel
1027 3819 1259 3888 Spiritus
1304 3820 1473 3872 Sancti
1516 3818 1585 3872 de
1614 3819 1861 3888 collegio,
1907 3823 1990 3874 vel
2031 3831 2181 3876 extra

592 3914 875 3981 Collegium
906 3912 1182 3979 elegerunt
1202 3948 1218 3975 ,
1250 3911 1576 3964 nominando
1607 3919 1661 3964 et
1693 3911 1958 3965 laudando
1997 3927 2180 3980 perso-

592 4008 714 4058 nam
742 4004 916 4067 cleczi,
950 4013 1002 4056 et
1031 4003 1422 4071 pronuntiando
1447 4007 1640 4056 numen
1682 4003 1751 4058 de
1797 4019 1935 4058 ιιονυ
1967 4020 2178 4058 assunt-

595 4107 766 4167 ptum.

597 4191 716 4265 ΧΗ.
742 4208 818 4261 De
841 4208 1076 4278 cpi-.mp0
1108 4207 1160 4260 in
1191 4224 1373 4276 papam
1407 4188 1584 4289 electo,
1611 4219 1656 4262 et
1686 4210 1796 4278 ejus
1824 4201 2186 4263 Benedictione

1171 4287 1218 4330 et
1249 4287 1596 4331 corouatione.

669 4367 962 4438 Epicurius
993 4368 1079 4438 qu'i
1113 4368 1163 4420 iii
1193 4371 1380 4436 papam
1411 4367 1612 4421 electus
1642 4377 1746 4430 est,
1771 4383 1873 4419 non
1901 4372 2184 4421 consecra-

602 4472 688 4517 tur
719 4465 918 4525 dcuuo,
944 4461 1036 4514 sed
1070 4455 1404 4513 benedicitur
1430 4459 1609 4526 aliquo
1639 4457 1724 4512 die
1755 4455 2048 4524 ltomiuicn,
2079 4473 2185 4526 quo

2282 3341 2487 3387 etcum
2529 3350 2595 3388 eo
2645 3336 2732 3402 qui
2787 3337 3023 3390 lecturus
3066 3349 3149 3392 est
3189 3341 3476 3407 epistolam
3511 3341 3792 3406 Grzecam;
3819 3357 3870 3399 et

2287 3432 2406 3490 post
2433 3438 2527 3477 eos
2556 3425 2645 3493 qui
2679 3425 2909 3481 lecturus
2931 3436 3014 3481 est
3046 3429 3395 3498 Evangelium
3441 3447 3705 3500 graacnm.
3751 3433 3864 3486 Dia;

2283 3518 2404 3569 coni
2437 3517 2738 3571 cardinales
2763 3529 3063 3586 sequuntur
3111 3522 3299 3576 ordine
3347 3536 3446 3576 suo
3478 3563 3493 3587 ,
3545 3525 3686 3577 inter
3741 3540 3867 3592 quos

2284 3621 2370 3669 est
2397 3615 2486 3669 ille
2511 3617 2598 3683 qui
2629 3615 2866 3668 dicturus
2888 3625 2969 3670 ist
2995 3619 3357 3687 Evangelium,
3388 3620 3610 3673 ultimus
3641 3621 3722 3674 vel
3753 3636 3866 3672 tum

2285 3708 2472 3761 ultimo
2500 3706 2605 3759 duo
2623 3707 3164 3773 diaeouicardinales,
3187 3725 3324 3764 unus
3345 3727 3373 3765 a
3398 3711 3631 3778 dextris,
3655 3724 3710 3764 et
3739 3713 3868 3765 alius

2283 3811 2312 3846 a
2345 3797 2608 3861 sinistris,
2655 3798 2859 3852 ducunt
2910 3799 3110 3852 dctum
3144 3816 3330 3868 papam
3360 3843 3374 3866 ,
3433 3805 3580 3856 circa
3612 3820 3750 3870 quos
3795 3813 3869 3856 est

2285 3888 2642 3941 subdiaconus
2671 3889 2762 3957 qui
2796 3891 2960 3944 servit
3007 3891 3073 3945 de
3123 3892 3278 3945 mitra
3309 3905 3530 3960 portans
3581 3894 3862 3948 tohaleam.

2395 3999 2532 4054 XIV.
2563 4000 2638 4053 De
2661 3998 3024 4055 Benedictione
3044 4003 3214 4085 danda
3246 4020 3335 4072 per
3361 4003 3551 4075 papam
3585 4005 3637 4057 in
3671 4004 3804 4058 Pro;

2947 4085 3193 4126 εεςδιοησ.

2362 4159 2662 4234 l’t‘ut‘etlehs
2686 4183 2859 4236 autem
2895 4182 3141 4236 dominus
3173 4191 3304 4252 papa
3346 4186 3424 4238 sic
3457 4175 3828 4253 prOCPSsioual
3850 4215 3868 4225 ο

2293 4273 2375 4320 ter
2397 4285 2490 4334 per
2534 4272 2842 4330 rcclesiam.
2885 4275 3138 4326 continue
3182 4275 3468 4329 tnenedicit.
3517 4273 3653 4330 Cum
3694 4288 3867 4329 autem

2292 4366 2597 4427 pcheucrit
2626 4366 2689 4416 ad
2723 4364 2944 4418 diosum
2978 4407 2992 4428 ,
3036 4367 3258 4419 obviaut
3308 4365 3357 4420 ei
3408 4377 3518 4420 tres
3573 4369 3865 4438 presbyteri

2291 4455 2611 4520 cardinales,
2647 4457 2734 4523 qui
2781 4466 2965 4518 aptant
3003 4459 3051 4511 ei
3085 4459 3348 4526 plauetam
3371 4499 3384 4518 .
3419 4475 3556 4527 quos
3587 4465 3656 4514 ad
3690 4477 3861 4530 pacem

594 4561 651 4606 et
687 4567 1008 4614 coronatur;
1051 4560 1103 4602 et
1157 4549 1490 4602 descendens
1539 4548 1604 4599 de
1655 4547 1850 4615 palatio
1897 4555 1995 4601 suo
2040 4549 2180 4615 apud
2213 4521 2264 4581 ί)
2293 4544 2518 4610 recipit,
2554 4551 2606 4598 ct
2661 4546 2760 4612 ipsi
2816 4553 3126 4601 osenlantur
3167 4565 3285 4602 cum
3327 4554 3637 4604 reveret-tla
3687 4564 3863 4618 peetus

593 4653 836 4696 sanctum
880 4641 1116 4700 Petrum,
1150 4639 1311 4690 intrat
1355 4637 1636 4692 ecclesiam
1687 4653 1835 4691 more
1864 4639 2026 4690 solito
2056 4654 2176 4690 cum

595 4733 760 4786 rubea
793 4729 1030 4798 pluviali,
1061 4737 1115 4781 et
1147 4729 1304 4780 n'titra
1339 4728 1388 4779 in
1442 4729 1558 4780 loco
1605 4729 1782 4781 solito.
1815 4727 2068 4780 Oratione
2099 4727 2177 4778 fa-

595 4832 705 4886 cta,
737 4823 965 4888 receptis
994 4818 1240 4870 otunibus
1271 4819 1630 4872 cardinalihus
1657 4827 1713 4872 et
1743 4819 1975 4886 priBlaliS
2005 4821 2068 4871 ad
2095 4826 2180 4874 re;

596 4913 908 4970 verentiam,
931 4919 984 4964 et
1006 4911 1147 4963 dieto
1178 4909 1258 4964 Sit
1289 4926 1473 4962 nomon
1525 4908 1732 4962 Domini
1761 4911 2099 4976 benedictum,
2126 4921 2182 4966 et

600 5019 858 5074 responso
891 5001 973 5056 Ea:
1010 5001 1105 5054 hoc
1136 5016 1269 5053 nunc
1299 5009 1344 5053 et
1373 5017 1529 5069 usque
1552 5002 1602 5053 in
1632 4999 1896 5063 swculum,
1929 5013 1982 5054 et
2013 5003 2179 5055 Beric-

599 5094 830 5146 dictioue
851 5091 994 5153 data,
1024 5089 1166 5141 vadit
1188 5089 1253 5143 ad
1286 5089 1616 5153 vestiarium,
1648 5090 1902 5156 capellam
1933 5090 2180 5144 videlicet

597 5188 763 5240 sancti
792 5182 1070 5254 Gregorii;
1099 5189 1154 5235 et
1183 5181 1253 5234 ibi
1283 5183 1515 5236 servitur
1565 5181 1613 5234 ei
1662 5197 1755 5248 per
1783 5181 2093 5251 episcopum
2124 5192 2180 5236 et

599 5275 879 5328 diaconum
905 5274 1204 5327 cardinales
1227 5272 1290 5324 ad
1319 5272 1419 5325 hoc
1441 5273 1809 5336 aSs-muendus,
1842 5282 1896 5328 et
1925 5289 2017 5342 per
2047 5277 2182 5342 prio-

600 5382 710 5420 rem
759 5367 1125 5428 diacunorum,
1156 5379 1248 5418 seu
1284 5379 1376 5431 per
1422 5363 1652 5432 priorem
1697 5364 1952 5427 basilicae,
2007 5364 2094 5430 qui
2128 5373 2182 5417 et

601 5463 778 5524 portat
822 5457 1030 5510 mitram
1056 5499 1070 5519 ,
1123 5465 1174 5508 et
1221 5454 1475 5508 annulum
1504 5494 1520 5520 ,
1551 5465 1605 5508 et
1638 5455 1794 5508 habet
1841 5454 2095 5519 ferulam;
2128 5463 2183 5508 et

602 5545 797 5599 ibidem
824 5545 1023 5601 electus
1054 5547 1105 5599 in
1132 5560 1317 5614 papam
1347 5543 1586 5597 induitur
1619 5543 1866 5597 omnibus
1900 5558 2179 5610 paramcn-

604 5636 672 5688 tis
703 5634 949 5704 pretiosis
976 5643 1028 5689 et
1051 5635 1382 5689 solemnibus
1432 5636 1568 5703 aptis
1609 5635 1831 5702 tempori
1877 5644 1929 5688 et
1959 5635 2082 5701 diei,
2125 5645 2180 5689 et

2287 4635 2424 4704 ejus.
2461 4635 2586 4689 lude
2620 4639 2911 4705 procedens
2944 4639 3083 4691 vadit
3118 4641 3583 4705 processionaliter
3616 4657 3786 4709 usque
3806 4641 3862 4693 ad

2287 4731 2473 4792 altare,
2509 4733 2600 4781 set
2633 4744 2735 4782 non
2767 4731 3007 4783 ascendit
3035 4734 3099 4783 ad
3147 4733 3332 4787 altare.
3367 4732 3520 4787 Tunc
3560 4735 3700 4788 facta
3740 4752 3859 4788 con-

2287 4814 2522 4872 ᾕδεις-ηε
2551 4806 2791 4873 ascendit
2813 4822 2994 4875 sedem
3029 4827 3377 4889 prarp'at'ataut
3415 4841 3518 4876 non
3545 4827 3859 4878 eminentia-

2288 4912 2540 4973 rem,sed
2573 4913 2723 4965 Sedet
2768 4914 2816 4966 iu
2862 4915 3156 4967 l‘aldisturio
3211 4916 3259 4966 in
3305 4916 3459 4983 plano
3511 4928 3688 4982 posti
3733 4919 3860 4970 ittlt'r

2285 5001 2474 5066 altare,
2504 5012 2558 5054 et
2608 5003 2788 5055 sudem
2845 5005 3250 5059 eminentiorem
3278 5024 3292 5069 ;
3324 5017 3376 5059 et
3411 5007 3479 5060 ibi
3526 5024 3709 5060 curam
3759 5012 3861 5076 ipsa

2287 5094 2513 5144 veniunt
2541 5094 2878 5157 Albaucnsis,
2911 5098 3215 5148 I‘Ortuensis
3240 5108 3294 5152 et
3317 5100 3579 5151 Ostiensis
3611 5102 3857 5167 epistola,

2288 5184 2371 5235 vel
2422 5185 2666 5252 archipre
2699 5187 2849 5255 hyter
2876 5186 3135 5242 OStieusis
3159 5227 3174 5252 ,
3220 5190 3263 5241 si
3300 5207 3401 5241 non
3449 5193 3518 5242 sit
3551 5195 3856 5259 cpiscop'u-z

2283 5273 2368 5342 qui
2403 5275 2716 5328 Albaueusis
2745 5277 2836 5328 dat
2867 5278 2999 5344 prim
3022 5293 3089 5330 nn
3123 5279 3448 5340 Orationem,
3478 5283 3722 5335 scilicet:

2359 5365 2594 5418 Oremus.
2630 5397 2700 5407 —
2731 5366 2890 5428 Deus,
2921 5369 3007 5436 qui
3035 5371 3215 5422 adesse
3255 5388 3354 5423 non
3403 5373 3706 5441 dedignaris
3756 5376 3857 5424 ταινία

2283 5472 2484 5524 cunque
2510 5456 2691 5509 devota
2719 5467 2882 5510 mente
2909 5459 3164 5511 invocari:
3191 5500 3203 5518 ,
3255 5458 3431 5512 adesto
3456 5503 3470 5524 ,
3529 5477 3820 5528 qua’sumus
3847 5503 3854 5520 ,

2284 5548 2688 5601 invocationibtts
2718 5550 2929 5615 nostris,
2959 5558 3005 5602 ct
3033 5549 3152 5600 huic
3181 5549 3374 5617 {umqu
3407 5561 3493 5604 luo
3531 5553 3602 5607 Ν.
3629 5571 3771 5623 quem
3800 5555 3854 5602 al

2287 5641 2484 5693 cutmcn
2533 5641 2871 5711 apostolicum
2931 5656 3195 5694 commune
3245 5643 3504 5711 judicium
3555 5658 3657 5699 intr
3709 5647 3856 5714 pleri:
