4006 6298
184 343 318 399 11Ξ9

1379 341 1635 398 ROMANI
1675 286 1991 398 ORDINES:
2033 372 2102 382 —
2143 341 2278 397 XIV.

3300 342 3435 394 113‘)

180 457 345 528 elegit,
369 454 644 508 nbertatem
659 471 890 523 superna:
916 453 1288 509 Benedictionis
1309 456 1541 524 infunde,
1563 465 1618 509 ut
1639 473 1756 509 sen-
1788 474 1835 520 Α
1862 457 1992 522 tiﬁci
2018 467 2064 512 et
2096 460 2371 512 uniuersali
2414 474 2560 526 papa:
2602 459 2738 523 vita;
2769 466 2823 510 et
2876 457 2951 511 sic
2997 457 3211 520 dicitur,
3254 467 3305 508 ct
3356 472 3438 509 re-

84 578 102 601 .
180 549 270 601 tiat
292 562 343 601 se
374 556 458 598 tuo
480 561 687 600 munere
709 548 775 598 ad
799 548 932 600 hunc
952 549 1147 617 apicem
1176 549 1473 615 pervenisse.
1496 547 1622 612 Per,
1647 562 1749 601 etc.

253 637 547 692 Secundam
577 638 863 704 episcopus
894 639 1222 695 Parmensis.

254 729 451 783 Oratio.
500 757 565 770 --
615 729 1090 798 Sttpplicotionibus
1125 772 1141 796 ,
1202 731 1522 799 omnipotens
1576 730 1749 794 Deus,

177 819 407 884 ellectum
436 829 695 872 consueta:
738 820 937 885 pietatis
986 821 1256 887 impende,
1289 821 1452 891 256
1496 831 1544 873 et
1584 821 1751 890 gratia

180 912 404 983 Spiritus
434 913 598 966 sancti
636 914 768 965 hunc
797 914 1047 981 famulum
1075 923 1220 966 tuum
1253 914 1326 967 Ν.
1377 913 1665 982 perfunde;
1695 923 1750 965 ut

178 1011 265 1067 qui
294 1010 343 1061 in
367 1009 532 1075 capite
585 1006 930 1060 Ecclesiarum
983 1018 1170 1062 nostra:
1216 1008 1470 1061 seruitutis
1513 1009 1751 1072 mysterio

177 1100 516 1163 constituitur,
550 1108 650 1151 tute
677 1098 873 1151 virtutis
896 1098 1155 1150 soliditate
1178 1096 1455 1149 roboretur.
1500 1096 1623 1152 Per.

250 1190 479 1243 Tertiam
508 1190 790 1256 episcopus
824 1187 908 1241 vel
938 1187 1365 1257 archipresbyter
1391 1187 1672 1240 Ostiensis.

252 1278 446 1331 Oratio.
475 1306 542 1316 —
568 1276 727 1338 Deus,
755 1278 843 1346 qui
886 1279 1173 1345 apostolum
1203 1283 1346 1328 tuum
1382 1275 1593 1327 Petrum
1622 1276 1748 1327 inter

177 1376 379 1420 ca'teros
427 1367 745 1434 coapostolos
789 1367 1066 1436 primatum
1103 1375 1268 1419 tenere
1314 1366 1519 1418 voluisti
1542 1405 1556 1427 ,
1608 1366 1751 1433 eique

179 1458 417 1509 universa:
439 1455 837 1509 Christianitatis
863 1455 1044 1509 molem
1068 1456 1525 1525 superimposuisti,
1553 1459 1749 1522 respice

180 1549 444 1618 propitius,
474 1562 788 1612 qua’sumus,
813 1546 948 1599 hunc
969 1545 1221 1616 famulum
1242 1555 1383 1598 tuum
1415 1544 1487 1599 Ν.
1512 1560 1660 1613 quem
1684 1543 1749 1597 de

178 1638 354 1691 humili
370 1637 613 1690 cathedra
639 1637 883 1690 uiolenter
909 1636 1234 1690 sublimatum
1252 1635 1307 1688 in
1331 1635 1572 1688 thronum
1600 1636 1745 1705 ejus-

179 1730 293 1781 dem
315 1726 665 1795 apostolorum
688 1726 935 1795 principis
974 1724 1347 1790 sublimamus;
1375 1733 1429 1778 ut
1460 1725 1591 1779 sicut
1628 1738 1747 1792 pro-

1857 551 2151 618 spondetur
2175 562 2274 605 ter.
2305 550 2436 606 Item
2466 550 2601 605 idem
2632 551 2778 618 prior
2807 550 2934 602 dicit
2965 550 3205 603 Salvator
3236 548 3437 609 mundi,

1854 640 2062 706 judices
2090 650 2143 695 et
2170 640 2432 696 scriniarii
2465 640 2791 709 respondent
2839 640 2913 691 Tu
2946 641 3091 692 illum
3133 657 3162 717 ᾳ
3194 642 3354 708 juva;
3383 648 3438 690 et

1858 732 1935 785 sic
1962 732 2162 785 faciunt
2195 744 2297 787 ter.
2333 733 2461 787 Item
2489 732 2627 786 idem
2666 733 2814 799 prior
2840 732 2969 785 dicit
2995 732 3076 786 bis
3105 731 3295 785 Sancta
3324 730 3438 782 illa-

1855 821 1969 885 ria;
1997 830 2051 874 et
2080 822 2156 874 illi
2190 822 2518 889 respondent
2546 821 2623 874 Tu
2648 822 2798 875 illum
2818 822 3027 891 adjuva.
3056 822 3256 875 Eodem
3278 820 3436 873 modo

1855 912 1982 964 dicit
2006 923 2208 966 tantum
2238 912 2441 977 semel,

1928 1005 2114 1058 Sancte
2146 1004 2391 1068 Michael,
2418 1005 2771 1074 respondetur
2802 1004 2879 1057 Tu
2906 1006 3053 1058 illum
3075 1006 3285 1076 atljuva.

1927 1094 2116 1149 Sancte
2144 1094 2370 1159 Gabriel,
2404 1111 2547 1164 resp.
2580 1095 2655 1148 Tu
2682 1097 2827 1149 illum
2852 1099 3061 1167 adjutus.

1926 1185 2117 1238 Sancte
2141 1186 2391 1255 κυρήσει,
2424 1200 2568 1252 resp.
2592 1184 2671 1238 Tu
2694 1188 2841 1239 illum
2870 1189 3081 1250 adiuva.

1925 1274 2116 1327 Sancte
2140 1273 2367 1327 Joannes
2394 1274 2651 1343 Baptista,
2682 1290 2825 1342 resp.
2856 1274 2933 1327 Tu
2964 1277 3110 1327 illum
3136 1275 3343 1345 adjuua.

1926 1366 2120 1419 Sancte
2153 1365 2321 1431 Petre,
2351 1381 2494 1435 resp.
2530 1365 2607 1418 Tu
2626 1365 2774 1417 illum
2801 1365 3011 1435 adjuva.

1926 1457 2119 1511 Sancte
2148 1455 2330 1517 Paule,
2366 1472 2507 1523 resp.
2545 1456 2621 1509 Tu
2652 1457 2801 1508 illum
2828 1458 3038 1526 adjuva.

1926 1545 2115 1607 Sancte
2142 1546 2369 1610 Andrea,
2404 1560 2546 1615 resp.
2580 1545 2657 1598 Tu
2682 1547 2828 1598 illum
2850 1547 3061 1614 adjuua.

1924 1635 2115 1692 Sancte
2136 1635 2421 1703 Stephttne,
2456 1650 2603 1703 resp.
2631 1634 2705 1688 Tu
2734 1637 2882 1689 illum
2913 1636 3125 1706 adjuva.

1922 1725 2116 1780 Sancte
2144 1724 2268 1792 Leo,
2299 1742 2442 1796 resp.
2478 1726 2552 1780 Tu
2581 1729 2728 1780 illum
2756 1728 2968 1798 adjuua.

180 1821 384 1888 {cotibus
413 1827 572 1873 tautte
599 1820 863 1889 dignitatis
886 1806 1139 1888 augetur,
1179 1818 1252 1871 ita
1279 1817 1524 1870 virtutum
1554 1813 1746 1869 meritis
1779 1820 1821 1878 Β
1919 1818 2111 1873 Sancte
2140 1817 2378 1888 Gregori,
2410 1834 2553 1888 resp.
2579 1819 2657 1872 Tu
2685 1819 2833 1872 illum
2854 1820 3064 1888 adjuva.

179 1911 489 1975 cumuletur;
517 1917 769 1979 quatenus
792 1910 1147 1964 ecclesiasticae
1174 1907 1518 1961 universitatis
1542 1921 1671 1961 onus
1700 1913 1749 1958 te

180 2002 449 2072 adjuvante
474 2002 626 2071 digne
654 2002 806 2070 ferat,
829 2009 877 2054 et
905 2018 937 2054 a
966 2009 1033 2065 te,
1061 2001 1149 2069 qui
1175 2014 1228 2053 es
1251 1997 1503 2053 beatitudo
1520 2006 1746 2062 tuorum,

180 2094 399 2145 meritam
424 2094 579 2145 uicem
601 2091 835 2161 recipiat.
867 2090 967 2156 Qui
995 2091 1136 2145 vittis.

248 2181 310 2234 Et
338 2195 466 2235 vero
494 2181 634 2250 quod
678 2180 1011 2250 primicerius
1049 2195 1169 2235 cum
1197 2179 1378 2236 schola
1405 2221 1421 2246 ,
1464 2185 1745 2248 postquam

180 2271 347 2335 primo
379 2286 510 2339 papa
538 2272 780 2340 perienit
806 2278 931 2326 ante
958 2272 1127 2326 altare
1150 2310 1166 2336 ,
1188 2270 1423 2326 cantabit
1466 2269 1745 2323 lntroitum

178 2373 226 2416 rt
246 2362 423 2432 Kyric,
441 2364 648 2429 eleison,
672 2374 830 2417 cantu
854 2362 1121 2428 Romano;
1150 2371 1205 2417 et
1219 2368 1365 2417 Stans
1381 2362 1432 2415 in
1455 2359 1747 2414 faldistorio

180 2452 232 2506 in
266 2454 417 2519 plano
444 2455 618 2522 posito
647 2452 832 2521 recipit
860 2451 1110 2507 dominus
1139 2466 1271 2520 papa
1298 2451 1543 2505 dominas
1564 2449 1743 2505 cardi-

177 2544 324 2598 nales
354 2558 565 2609 omnes,
605 2553 711 2597 tam
759 2544 1053 2610 diaconos,
1105 2558 1263 2613 quam
1296 2543 1639 2613 presbyteros
1689 2548 1745 2596 et

176 2636 450 2702 episcopos
470 2644 525 2689 et
554 2633 821 2702 praelatos,
852 2634 917 2688 ad
948 2635 1137 2704 pedem
1167 2644 1220 2689 et
1249 2636 1514 2692 osculum.

176 2738 286 2794 XV.
331 2740 406 2795 De
444 2740 605 2811 pallio
634 2742 807 2795 dando
832 2758 979 2812 papa:
1016 2759 1104 2809 per
1145 2743 1368 2811 priorem
1408 2742 1743 2796 diaconorum

766 2813 1130 2867 cardinalium.

242 2901 446 2968 Quibus
475 2903 726 2973 receptis,
755 2904 899 2959 venit
926 2906 993 2958 ad
1034 2904 1202 2960 altare
1226 2945 1242 2969 ,
1270 2903 1361 2959 ubi
1391 2913 1474 2959 est
1512 2904 1744 2972 desuper

170 2994 384 3066 pallium
427 3005 692 3065 paratum,
745 3012 840 3064 per
870 2998 1100 3065 priorem
1132 2997 1475 3051 diaconorum
1504 2996 1740 3065 capella-

169 3102 380 3156 uorum,
404 3087 514 3143 sive
538 3101 634 3156 per
660 3088 891 3157 priorem
920 3086 1149 3142 basilicae
1168 3085 1377 3142 Sancta:
1401 3095 1739 3151 sanctorum;

167 3190 220 3234 et
250 3179 357 3234 duo
400 3180 609 3250 priores
659 3178 867 3234 diaconi
922 3178 1226 3233 cardinales
1277 3185 1463 3233 tenent
1514 3176 1735 3247 pallium
1766 3195 1812 3256 ρ

165 3274 361 3339 ipsum,
391 3279 445 3327 et
464 3279 589 3326 tunc
616 3270 763 3341 prior
792 3270 1002 3325 illorum
1048 3270 1275 3325 duorum
1323 3270 1471 3324 solus
1499 3269 1591 3325 dat
1622 3269 1738 3337 pal-

164 3366 294 3418 lium
325 3362 559 3431 pontilici
585 3363 685 3417 sub
716 3363 798 3415 his
827 3362 1008 3416 verbis
1037 3378 1051 3414 :
1082 3362 1267 3431 Accipe
1304 3361 1544 3428 pallium,
1576 3361 1741 3429 pleni-

162 3454 390 3507 tudinem
413 3452 600 3506 scilicet
628 3450 938 3521 pontiﬁcalis
969 3450 1150 3520 oﬁicii,
1188 3451 1257 3504 ad
1297 3450 1540 3504 honorem
1570 3451 1738 3503 omni-

160 3544 381 3614 potentis
407 3542 522 3607 Dei,
548 3542 785 3612 gloriosu:
823 3541 1007 3594 Maria:
1051 3540 1256 3610 virginis
1285 3541 1396 3609 ejus
1439 3540 1698 3612 genitricis
1719 3579 1736 3604 ,

158 3639 421 3690 biatorum
448 3634 585 3689 Petri
610 3642 658 3687 et
686 3631 861 3696 Pauli,
891 3648 953 3685 ac
979 3639 1170 3685 sancta:
1200 3630 1447 3683 Romam:
1474 3629 1735 3685 Ecclesia.

161 3727 231 3780 Et
261 3733 444 3796 aptato
475 3724 636 3795 pallio
666 3724 781 3792 ipso
810 3738 970 3793 super
998 3737 1118 3777 eum
1146 3735 1266 3775 cum
1300 3720 1471 3774 tribus
1509 3719 1739 3789 spinulis

155 3817 374 3884 aureis,
420 3826 476 3870 ut
516 3826 598 3871 est
644 3815 828 3881 moris,
881 3812 1121 3867 ascendit
1144 3824 1383 3865 summus
1412 3811 1645 3879 pontifex
1670 3811 1736 3864 ad

151 3909 351 3972 altare,
383 3907 589 3962 etfacit
620 3907 926 3969 incensum;
977 3912 1031 3959 et
1068 3903 1281 3958 demum
1326 3904 1468 3959 redit
1496 3904 1563 3958 ad
1603 3904 1739 3958 emi-

153 4009 375 4052 nentem
406 3998 608 4062 sedem,
642 4005 696 4051 et
728 3999 917 4064 recipit
944 4010 1133 4051 omnes
1158 3996 1460 4051 cardinales
1486 3996 1552 4050 ad
1575 4010 1736 4051 oscu-

151 4092 267 4141 lum
299 4087 445 4156 pedis
478 4097 532 4143 et
560 4089 669 4141 oris
694 4127 707 4152 ,
761 4096 814 4140 et
843 4086 976 4141 dicit
1027 4085 1279 4139 Dominus
1322 4085 1580 4139 uobiscum
1604 4123 1620 4148 .
1653 4086 1736 4139 vel

150 4178 278 4232 Pas:
304 4178 459 4242 vobis,
489 4181 602 4233 sive
624 4176 805 4232 Gloria
827 4180 878 4230 in
907 4178 1115 4231 excelsis
1138 4175 1270 4244 Deo,
1309 4185 1369 4230 ut
1399 4177 1513 4232 dies
1554 4176 1734 4244 requi-

147 4281 271 4334 ret;
306 4278 359 4324 et
386 4268 517 4323 dicit
544 4270 851 4324 Orationem
884 4270 1174 4322 Dominicae
1201 4270 1326 4330 alte.
1352 4277 1405 4323 et
1424 4269 1584 4323 aliam
1605 4269 1737 4324 dicit

145 4376 255 4429 pro
285 4376 345 4415 se
386 4372 633 4427 secreto;
663 4376 766 4430 qua
817 4361 1068 4415 Oratione
1116 4362 1379 4427 completa
1406 4402 1420 4425 ,
1453 4371 1510 4415 et
1554 4370 1734 4414 secuta

145 4455 508 4523 responsione
534 4457 731 4519 Amen,
780 4470 915 4523 papa
946 4454 1143 4508 residet
1192 4453 1433 4519 insede,
1484 4464 1539 4509 et
1592 4456 1738 4523 prior

1922 1907 2114 1963 Sancte
2143 1907 2438 1973 Benedicta,
2473 1924 2613 1976 resp.
2649 1907 2727 1961 Tu
2754 1910 2904 1962 illum
2933 1912 3147 1979 adjuva.

1921 2000 2111 2056 Sancte
2138 1999 2298 2065 Saba,
2323 2016 2465 2068 resp.
2498 2001 2579 2052 Tu
2608 2001 2757 2053 illum
2777 2000 2988 2068 adjuva.

1920 2091 2116 2146 Sancta
2140 2090 2331 2160 Agnes,
2365 2105 2509 2157 resp.
2544 2090 2618 2143 Tu
2644 2090 2797 2143 illum
2821 2090 3021 2160 adjuva.

1922 2183 2118 2239 Sancta
2147 2183 2374 2248 Caecilia,
2404 2197 2552 2253 resp.
2584 2181 2662 2235 Tu
2681 2182 2830 2235 illum
2844 2182 3053 2251 adjuvat

1921 2274 2120 2330 Sancta
2142 2273 2325 2338 Lucia,
2357 2288 2501 2342 resp.
2530 2271 2609 2327 Tu
2628 2273 2777 2327 illum
2796 2275 3007 2343 adjuuo.

1919 2366 2111 2422 Sancte
2138 2364 2319 2429 Basili,
2352 2381 2494 2434 resp.
2521 2365 2600 2418 Tu
2630 2366 2779 2419 illum
2802 2384 2833 2419 a
2856 2374 3015 2436 'Juva.

1920 2460 2055 2515 Dicit
2086 2458 2244 2528 Kyrie
2269 2459 2456 2513 eleison
2493 2469 2595 2523 ter,
2643 2469 2697 2511 et
2752 2458 3104 2528 respondetur
3158 2470 3239 2516 ter
3268 2460 3429 2530 Kyria

1846 2550 2057 2605 eleison.

1850 2658 2018 2717 XVII.
2039 2659 2115 2716 De
2135 2658 2372 2730 Epistula
2392 2659 2577 2713 Latina
2598 2667 2643 2713 et
2668 2659 2868 2725 Gra’ca,
2888 2669 2934 2713 et
2960 2658 3235 2730 Evangelia
3247 2658 3426 2713 Latina

2113 2742 2160 2785 et
2181 2729 2385 2796 Grteco,
2409 2731 2671 2784 cantandts
2701 2746 2854 2799 super
2883 2729 3156 2798 pulpitum.

1923 2819 1991 2875 Et
2028 2828 2211 2889 postea
2249 2833 2438 2873 omnes
2487 2819 2646 2873 simul
2679 2833 2782 2871 una
2831 2827 2886 2873 et
2933 2819 3035 2872 alta
3066 2832 3198 2872 voce
3243 2816 3425 2871 dicunt

1848 2910 2008 2981 Kyrie
2054 2908 2264 2972 eleison,
2305 2907 2469 2978 258
2492 2916 2547 2961 et
2574 2906 2816 2961 laudibus
2842 2906 3034 2973 (initis,
3068 2906 3260 2974 legitur
3301 2907 3426 2974 Epi-

1847 3001 1983 3055 stula
2005 2998 2191 3053 Latina
2224 3005 2277 3051 et
2305 2997 2489 3052 Graeca
2521 2996 2905 3064 subsequenter
2930 3010 3094 3063 super
3130 2994 3386 3064 pulpitum
3406 3030 3427 3061 ,

1845 3091 1926 3147 sic
1953 3090 2114 3144 etiam
2149 3087 2498 3156 Evangelium
2528 3086 2771 3140 Latinum
2798 3098 2851 3140 et
2874 3084 3137 3140 Grtecum.

2022 3182 2207 3238 XVIII.
2243 3180 2322 3235 De
2346 3179 2658 3234 indumentis
2685 3177 2911 3247 episcOpi
2940 3175 3246 3229 cardinalis.

1918 3277 2009 3332 Ille
2051 3290 2180 3331 vero
2224 3275 2507 3343 episcopus
2538 3272 2839 3326 .cardinaIis
2896 3271 2987 3340 qui
3050 3270 3216 3325 servit
3273 3284 3422 3338 papas

1843 3369 2005 3422 debet
2029 3381 2150 3421 esse
2172 3366 2390 3419 indutus
2411 3363 2807 3432 superpellicio,
2838 3363 3035 3415 amictu
3076 3371 3130 3415 et
3161 3361 3423 3430 pluviale,

1842 3468 1898 3515 et
1922 3460 2119 3515 habere
2140 3461 2351 3515 mitram
2376 3458 2699 3527 simplicem,
2730 3466 2784 3511 et
2810 3457 2886 3510 sic
2916 3457 3071 3511 Missa
3113 3471 3210 3510 suo
3235 3456 3422 3511 ordine

1844 3552 2081 3621 procedit
2134 3565 2303 3622 usque
2366 3549 2436 3604 ad
2486 3550 2687 3610 linem;
2736 3558 2791 3603 et
2839 3549 3254 3603 communicabit
3299 3563 3421 3601 cum

1844 3642 2210 3708 solemnitate,
2239 3656 2343 3696 non
2369 3656 2531 3711 super
2558 3642 2761 3706 altare,
2806 3640 2899 3695 sed
2942 3642 3009 3694 ad
3058 3641 3240 3696 sedem
3292 3642 3423 3697 emi.

1845 3743 2086 3789 nentem.

1842 3841 1984 3896 XIX.
2034 3840 2108 3893 De
2155 3857 2343 3894 corona
2368 3880 2383 3905 ,
2411 3856 2526 3908 qua:
2572 3850 2786 3895 uocatur
2830 3858 3082 3911 regnum,
3114 3844 3422 3909 imponenda

2001 3926 2151 3979 papte
2180 3927 2266 3980 per
2286 3914 2508 3981 priorem
2530 3911 2865 3967 diaconorum
2887 3913 3254 3966 cardinalium.

1912 4024 2040 4079 Post
2071 4023 2283 4079 Missam
2315 4024 2455 4078 idem
2496 4038 2739 4077 summus
2770 4022 3003 4089 pontifex
3054 4023 3187 4076 dicit
3218 4022 3298 4077 Sit
3326 4040 3419 4075 no—

1839 4131 1955 4169 men
1989 4114 2195 4167 Domini
2213 4113 2551 4177 benedictum,
2582 4124 2635 4166 et
2664 4114 3017 4180 respondetur
3050 4112 3130 4165 Ere
3159 4114 3253 4165 ltoc
3283 4129 3419 4165 nunc

1839 4218 1887 4260 et
1910 4222 2065 4275 usque
2099 4205 2151 4257 in
2173 4203 2438 4258 sa'culum.
2473 4203 2784 4273 Ilnjosmodi
2816 4213 2993 4257 autem
3021 4205 3300 4272 cpi-copus
3331 4203 3419 4270 qui

1842 4295 2007 4349 servit
2034 4308 2138 4347 non
2170 4294 2297 4347 dicit
2326 4292 2520 4345 Multos
2537 4306 2730 4353 annos;
2759 4290 2851 4345 sed
2893 4290 3140 4344 omnibus
3171 4291 3267 4344 rite
3294 4306 3411 4359 prr-

1838 4387 1992 4451 actis,
2036 4385 2150 4453 ipse
2194 4398 2437 4438 summus
2468 4382 2703 4450 pontifex
2742 4390 2795 4435 et
2825 4395 3014 4434 omnes
3041 4381 3336 4434 cardinales
3364 4393 3417 4436 et

1840 4477 1931 4531 alii
1977 4478 2177 4541 prtelati
2209 4482 2266 4529 et
2305 4473 2614 4528 subtliaconi
2642 4515 2656 4533 .
2694 4472 2914 4541 quilibet
2965 4474 3014 4527 in
3059 4476 3225 4543 gradu
3279 4488 3417 4539 suo,

138 4546 502 4601 diaconorum
532 4547 876 4601 cartlinalium
903 4558 1120 4615 portans
1150 4546 1376 4602 ferulam
1410 4550 1461 4603 in
1487 4549 1733 4603 manibus

1852 4565 2131 4620 inducatur
2156 4565 2487 4619 vestimentis
2520 4566 2764 4634 pretiosis
2794 4566 2896 4619 albi
2928 4566 3121 4620 coloris
3142 4607 3156 4630 ,
3182 4568 3417 4635 epist-cpi

141 4641 318 4713 257
335 4656 454 4694 cum
479 4641 711 4695 diaconis
739 4650 792 4695 et
819 4642 1160 4695 subdiaconis
1183 4643 1491 4706 scriniariis,
1523 4652 1577 4697 et
1591 4643 1732 4711 judi-

137 4734 330 4797 cibus,
360 4732 608 4785 omnibus
640 4732 842 4786 indutis
883 4732 1225 4794 solemniter,
1280 4731 1557 4787 descendit
1610 4744 1734 4785 ante

132 4823 345 4888 altare,
377 4834 427 4877 et
460 4824 586 4876 facit
634 4823 767 4878 duas
815 4824 958 4879 acies
1001 4822 1117 4879 sive
1149 4823 1296 4886 tilas,
1330 4838 1488 4876 unam
1532 4838 1600 4878 ex
1633 4838 1734 4877 una

138 4933 151 4980 ι
178 4922 332 4977 aite,
354 4923 407 4968 et
434 4930 592 4968 unam
627 4930 694 4969 ex
730 4914 958 4982 reliqua,
987 4913 1264 4981 aequaliter
1290 4913 1579 4968 dividendo
1599 4954 1613 4979 ,
1655 4914 1725 4967 ita

130 5004 377 5071 quodin
421 5005 656 5073 qualibet
705 5004 820 5059 acie
871 5005 978 5058 sint
1016 5003 1084 5058 de
1136 5004 1374 5073 quolibet
1422 5005 1647 5069 ordine;
1678 5016 1733 5060 et

132 5094 303 5163 punit
331 5096 501 5162 primo
530 5096 784 5151 diaconos
808 5095 958 5163 juxta
990 5095 1156 5148 altare
1184 5135 1199 5159 ,
1243 5096 1479 5149 secundo
1506 5096 1731 5150 subdia-

126 5199 339 5249 conos,
373 5188 531 5239 tertio
554 5185 787 5255 iudices,
818 5196 1010 5255 quarto
1034 5185 1345 5241 scriniarios
1376 5187 1426 5240 in
1450 5187 1657 5241 ordine.

132 5295 294 5350 XVI.
332 5293 411 5350 De
456 5296 631 5351 Laude
673 5299 958 5367 incipienda
1001 5315 1092 5365 per
1140 5299 1357 5365 priorem
1396 5298 1730 5354 diaconorum

656 5369 994 5421 cardinalium
1021 5368 1241 5422 rubrica.

208 5471 377 5527 Tunc
407 5473 523 5543 ipse
571 5475 718 5543 prior
762 5475 1110 5531 diaconorum
1160 5476 1346 5545 incipit
1394 5477 1602 5530 laudem
1651 5477 1730 5530 sic

125 5566 254 5619 alta
293 5581 447 5631 voce,
479 5571 625 5637 quasi
651 5568 898 5637 legendo,
932 5566 1162 5632 Exaudi,
1190 5568 1411 5631 Christe,
1444 5576 1498 5622 el.
1522 5567 1730 5637 judices

111 5669 175 5707 et
215 5656 497 5709 scriniarii
550 5654 873 5726 respondent
919 5657 1165 5713 similiter
1222 5658 1274 5712 itt
1331 5666 1529 5723 cantu,
1574 5659 1729 5725 quasi

112 5744 382 5814 legendo
407 5762 421 5797 :
456 5744 675 5799 Domino
693 5758 865 5801 nostra
892 5749 942 5801 Ν
950 5791 963 5802 .
989 5766 1020 5802 a
1047 5748 1152 5802 Deo
1174 5749 1374 5803 decreto
1387 5765 1580 5803 summa
1601 5766 1731 5819 pon-

519 5840 789 5899 Ρδτιιοιη
839 5843 1184 5903 LXXVIII.

1848 4658 2184 4727 pluvialibus,
2219 4658 2512 4727 presbyteri
2554 4658 2754 4717 casulis
2774 4698 2788 4721 ,
2816 4659 3021 4711 diaconi
3069 4658 3365 4713 daltnaticis
3391 4698 3407 4720 .

1844 4748 2155 4803 sulidiacoid
2188 4749 2487 4812 tunicellis,
2535 4749 2765 4819 acolythi
2818 4750 3205 4817 superpelliciis
3250 4759 3305 4804 et
3332 4750 3419 4809 alii

1842 4838 2099 4907 capellani
2123 4855 2137 4902 ;
2160 4839 2569 4906 archiepiscopi.
2602 4838 2863 4907 episcOpi,
2896 4839 3115 4893 alibates
3142 4881 3155 4902 ,
3187 4841 3417 4906 patriar-

1842 4929 1955 4984 cha:
1990 4928 2344 4996 pluvialibus;
2376 4927 2657 4997 etjudices
2686 4935 2741 4982 et
2768 4927 3027 4982 scriniarii
3052 4970 3067 4992 ,
3096 4929 3340 4982 similiter
3369 4939 3418 4985 ct

1843 5018 2086 5073 advocati
2114 5028 2271 5073 erunt
2300 5019 2466 5075 induti
2515 5020 2861 5087 pluvialibus;
2892 5028 2945 5074 et
2987 5019 3318 5088 primicerius
3366 5021 3416 5073 in

1843 5111 2056 5179 pluviali
2086 5120 2141 5163 et
2171 5111 2344 5177 mitra,
2382 5119 2438 5165 et
2492 5122 2740 5166 cantores
2789 5111 2841 5165 in
2893 5112 3302 5179 supcrpelliciis.
3353 5113 3418 5169 Et

1843 5215 1973 5270 papa
2003 5201 2179 5255 omnia
2204 5201 2436 5270 pretiosa
2464 5211 2778 5256 ornamenta
2804 5202 3035 5264 habebit,
3078 5213 3131 5255 et
3161 5203 3376 5269 pallium
3401 5245 3416 5265 ,

1839 5306 1893 5351 et
1920 5295 2134 5349 mitram
2162 5293 2420 5360 Optimam
2442 5302 2495 5347 et
2515 5293 2873 5357 cliirothecas,
2892 5293 3214 5347 etannulum
3243 5302 3415 5359 pasto.

1841 5386 2038 5451 ralem;
2073 5392 2129 5439 et
2155 5388 2233 5439 sic
2254 5398 2377 5438 cum
2403 5385 2651 5439 omnibus
2678 5383 2824 5439 venit
2850 5384 2933 5437 vel
2956 5385 3019 5435 ad
3054 5395 3258 5451 portam
3286 5423 3302 5448 ,
3331 5384 3413 5437 vel

1839 5476 1905 5529 ad
1935 5475 2131 5544 gradus
2159 5474 2439 5539 ecclesiae;
2468 5481 2523 5528 et
2552 5473 2621 5527 ibi
2652 5473 2796 5542 prior
2837 5472 3185 5527 diaconorum
3239 5474 3416 5536 cardi-

1838 5567 2038 5621 nalium
2078 5566 2314 5620 extrahit
2340 5565 2441 5629 sibi
2487 5566 2731 5629 mitram;
2778 5574 2832 5619 et
2879 5564 3025 5633 ponit
3068 5564 3117 5618 ei
3164 5578 3415 5619 coronant

1838 5674 1956 5728 quas
1983 5669 2204 5712 vocator
2228 5673 2470 5728 regnum,
2506 5659 2557 5711 in
2586 5658 2759 5727 capite
2784 5697 2801 5724 ,
2840 5666 2950 5712 toto
2998 5658 3194 5727 pepulo
3243 5660 3415 5711 acela-

1840 5759 2018 5805 mante
2050 5748 2211 5819 Hyrie
2245 5752 2464 5816 eleison;
2494 5762 2545 5806 et
2575 5752 2654 5807 sic
2698 5766 2817 5806 cum
2849 5751 2991 5803 omni
3035 5758 3222 5803 orna-tu
3254 5751 3410 5815 quili-
