4006 6290
580 330 708 385 Ηὸί

1244 321 1588 378 ΑΡΝΜΝΧ
1628 323 1719 375 AD
1760 321 1815 377 s.
1861 286 2163 375 GIiECont

2272 316 2440 372 lAGNI
2483 314 2852 373 LITURGICA
2893 312 3074 367 OPER
3096 314 3148 363 \.

3724 304 3858 355 “5‘2

580 444 669 497 bet
692 438 978 496 cardinalis
1002 446 1057 493 et
1085 436 1336 506 prmlatus
1378 436 1579 505 equitat
1610 450 1803 504 equum
1839 444 2148 502 coopertum
2181 436 2229 495 Λ
2255 434 2438 486 solium
2470 432 2648 500 gloria:
2686 440 2868 483 teneat.
2922 429 2986 482 Et
3016 427 3154 479 idem
3186 422 3434 476 dominus
3480 435 3622 488 papi
3668 418 3861 472 stando

584 548 760 602 panno
794 530 953 593 albo;
981 526 1290 582 subdiaconi
1323 541 1451 579 vero
1472 567 1488 590 ,
1516 526 1775 593 capellani
1802 566 1817 589 ,
1848 522 2112 578 scriniarii
2134 563 2150 588 ,

2252 526 2400 594 juxta
2426 524 2594 593 ipsam
2618 523 2821 585 sedem,
2846 518 3044 587 accipit
3063 527 3169 571 tres
3192 515 3475 585 pugillatas
3497 510 3859 566 denariorum

581 601 635 679 et
677 622 765 678 alii
808 621 1050 690 equitant
1098 624 1287 671 ornate
1336 616 1546 679 vestiti,
1607 631 1711 669 non
1762 623 1940 669 tamen
1988 626 2156 682 equos
2254 619 2321 672 de
2347 617 2551 687 gremio
2580 613 2893 677 canterarii,
2920 619 2976 664 et
3005 608 3216 679 proiicit
3265 609 3408 661 inter
3439 604 3750 674 p0pulum,
3782 601 3860 653 di-

579 722 881 783 coopertos.
937 712 1073 780 Papa
1145 710 1348 780 equitat
1395 724 1591 778 equum
1654 706 1935 763 faleratum
1968 744 1983 769 ,
2050 718 2153 758 non

580 815 889 877 coepertum
919 818 949 857 a
973 811 1123 870 parte
1149 800 1428 865 anteriori,
1454 814 1517 854 ex
1543 808 1697 868 parte
1718 812 1844 852 vero
1866 795 2154 865 posteriori

580 908 894 969 coopertum
925 893 993 950 de
1022 894 1274 949 scarleto.
2135 887 2137 889 ’

579 1008 743 1079 259
772 1004 891 1059 XX.
926 1003 1000 1079 De
1022 1003 1200 1079 ordine
1226 999 1573 1079 Procesaioni:
1603 1008 1715 1065 post
1745 996 1993 1079 issam,
2025 1009 2161 1063 spec-

741 1086 879 1129 tante
912 1076 978 1127 ad
1006 1076 1231 1143 priorem
1273 1073 1603 1124 diaconorum
1632 1068 1995 1120 cardinalium.

653 1190 744 1245 Sic
768 1190 1018 1245 omnibus
1042 1202 1209 1257 equos
1248 1185 1693 1248 ascendentibus,
1725 1183 1872 1251 prior
1912 1180 2164 1235 diacono-

585 1296 702 1337 rum
733 1297 856 1337 cum
902 1280 1070 1335 ferula
1119 1279 1331 1331 ordinat
1374 1277 1773 1331 Processionem
1834 1274 1934 1327 hoc
1984 1272 2161 1324 modo.

589 1372 767 1427 Primo
840 1370 1098 1441 praecedit
1169 1383 1338 1439 equus
1406 1368 1605 1421 domini
1659 1379 1808 1433 papa:
1864 1363 2161 1424 laleratus;

588 1463 822 1519 secundo
852 1465 993 1516 vadit
1036 1460 1391 1515 subdiaconus
1434 1473 1555 1518 cum
1593 1470 1780 1521 cruce;
1828 1455 1987 1509 tertio
2035 1454 2164 1507 duo-

589 1556 759 1612 decim
784 1553 1096 1607 bandonarii
1148 1566 1268 1605 cum
1307 1549 1585 1603 duodecim
1635 1546 1849 1600 vexillis
1877 1544 2076 1607 rubeis,
2113 1550 2167 1596 et

590 1648 691 1702 duo
740 1645 829 1699 alii
877 1658 999 1697 cum
1045 1641 1254 1695 duobus
1300 1638 1557 1693 cherubin
1606 1636 1658 1689 in
1717 1632 1913 1689 cameri
1958 1629 2163 1702 [Forte,

591 1734 898 1805 camurinis]
928 1736 977 1788 in
1022 1732 1259 1797 lanceis;
1290 1739 1478 1798 quarto
1522 1728 1665 1791 duo,
1710 1725 1798 1794 qui
1854 1724 2012 1777 hodie
2058 1736 2162 1774 non

592 1841 733 1898 sunt,
768 1827 1002 1898 prtcfecti
1061 1825 1307 1886 navales,
1357 1820 1524 1875 induti
1572 1817 1931 1886 pluvialibus;
1973 1816 2161 1882 quinto

593 1920 856 1985 scrinarii,
888 1927 1042 1972 sexto
1082 1912 1365 1974 advocati,
1397 1911 1626 1978 septimo
1673 1908 1879 1978 iudices
1908 1948 1921 1971 ,
1972 1916 2162 1959 octavo

593 2022 839 2066 cantores
869 2050 883 2074 ,
935 2020 1076 2061 nono
1127 2003 1335 2058 diaconi
1406 2002 1495 2070 qui
1552 2001 1733 2069 legunt
1771 1998 2062 2065 Epistulam
2110 2006 2165 2051 et

592 2100 933 2168 Evangelium
973 2096 1026 2150 in
1074 2092 1297 2157 Graeco;
1349 2092 1559 2146 decimo
1610 2092 1828 2144 abbates
1878 2090 2119 2144 forenses
2147 2128 2162 2153 ,
2192 2112 2212 2140 ο

597 2190 879 2243 undecimo
900 2184 1158 2254 episcopi,
1181 2183 1498 2238 duodecimo
1516 2181 1936 2250 archiepiscopi,
1955 2181 2164 2233 decimo

595 2281 751 2335 tertio
779 2277 998 2331 abbates
1035 2273 1219 2340 Urbis,
1257 2272 1468 2328 decimo
1508 2282 1698 2341 quarto
1744 2269 2081 2343 patriarchae,
2113 2278 2168 2324 et

591 2370 822 2439 episcopi
852 2366 1176 2431 cardinales,
1206 2365 1413 2419 decimo
1435 2366 1619 2433 quinto
1654 2364 1949 2433 presbyteri
1992 2361 2168 2416 cardi-

593 2457 996 2525 uales,,decimo
1021 2464 1177 2509 sexto
1200 2454 1413 2509 diaconi
1440 2454 1763 2519 cardinales,
1791 2454 2002 2507 decimo
2044 2466 2167 2520 sep-

596 2556 725 2608 timo
754 2550 1001 2605 dominus
1021 2560 1177 2616 papa,
1209 2553 1263 2600 et
1290 2546 1645 2600 subdiaconus
1670 2559 1790 2599 cum
1836 2543 2045 2597 tobalea
2068 2581 2085 2607 ,
2114 2550 2170 2596 et

594 2642 833 2697 serviens
879 2639 967 2708 qui
1001 2645 1175 2703 portat
1200 2636 1586 2690 umbraculum.
1640 2635 1730 2691 Sic
1762 2635 1905 2689 venit
1948 2647 2167 2702 proces—

594 2731 867 2788 sionaliter
899 2742 1065 2797 usque
1104 2728 1169 2781 ad
1207 2728 1527 2781 Lateranum
1561 2725 1626 2779 ad
1671 2725 1850 2779 sedeat
1900 2735 2168 2780 stercora-

594 2825 750 2889 riam,
781 2820 869 2873 ubi
895 2834 1014 2874 cum
1041 2817 1316 2872 descendit
1344 2817 1411 2872 de
1431 2831 1591 2886 equo,
1622 2815 1843 2883 deponit
1868 2829 2089 2885 regnum
2117 2824 2171 2869 et

598 2911 819 2962 assumit
845 2910 1077 2963 mitram.

664 2996 1143 3053 Processionaliter
1187 3006 1363 3052 autem
1411 2996 1706 3066 procedens
1751 3009 1780 3048 a
1823 2996 1980 3050 scalis
2026 2994 2168 3050 beati

565 3090 758 3153 .Petri,
790 3097 1069 3157 postquam
1095 3086 1412 3156 equitaverit
1440 3100 1608 3155 usque
1636 3085 1701 3139 ad
1745 3084 1939 3139 dictam
1987 3085 2168 3138 sedem

597 3180 965 3236 stercorariam
1007 3193 1104 3248 per
1143 3178 1280 3231 viam
1312 3176 1529 3231 Sacram
1579 3190 1674 3230 seu
1720 3189 1906 3243 papas,
1942 3176 2072 3228 fiunt
2117 3176 2169 3229 in
2197 3146 2243 3206 ο
2276 3157 2483 3248 relicui,
2511 3164 2728 3248 εξρεψε

597 3271 783 3326 eodem
816 3268 933 3323 loco
980 3267 1320 3337 equitationis
1364 3275 1482 3333 post
1506 3280 1630 3319 eum
1662 3280 1757 3333 per
1803 3264 2166 3319 senescalcum

602 3362 677 3414 iel
710 3360 871 3433 alium
904 3368 985 3413 ter
1014 3357 1234 3412 missilia
1260 3372 1353 3411 seu
1381 3357 1554 3424 jactus
1583 3356 1840 3423 pecuniae,
1866 3362 1923 3408 ut
1959 3354 2091 3407 alias
2118 3354 2169 3406 in

600 3452 769 3504 tribus
818 3449 948 3504 locis
992 3449 1123 3501 fiunt
1176 3446 1396 3501 missilia
1428 3485 1442 3510 ,
1490 3446 1692 3499 scilicet
1747 3444 1813 3499 ad
1871 3443 2058 3497 turrim
2103 3444 2172 3498 de

598 3541 819 3608 Campo,
853 3537 942 3592 ubi
968 3553 1105 3592 unus
1133 3536 1200 3590 de
1225 3536 1419 3590 familia
1452 3549 1600 3603 papae.
1630 3536 1755 3588 facit
1776 3534 1938 3588 alium
1966 3532 2168 3601 jactum

600 3630 792 3683 stando
821 3630 873 3683 in
922 3628 1042 3683 loco
1089 3628 1266 3697 aliquo
1315 3626 1682 3692 eniiuentiori;
1714 3635 1767 3681 et
1812 3624 1884 3679 ibi
1923 3626 2170 3680 dominus

600 3737 731 3791 papa
763 3731 889 3785 stat,
915 3731 966 3775 et
996 3721 1212 3775 veniunt
1239 3719 1362 3773 illuc
1384 3718 1549 3773 ,ιιιᾱωί
1572 3734 1691 3774 cum
1725 3719 1841 3786 lege
1869 3759 1882 3783 ,
1916 3717 2171 3771 facientes

600 3814 647 3866 ei
679 3812 909 3876 laudem,
942 3820 998 3866 et
1024 3810 1253 3865 ofl‘erunt
1297 3809 1346 3863 ei
1378 3809 1568 3878 legem,
1600 3818 1654 3863 ut
1686 3810 1909 3875 adoret;
1948 3818 2003 3864 et
2048 3817 2173 3863 tunc

602 3917 735 3970 papa
777 3901 1115 3955 commendat
1158 3901 1329 3970 legem
1356 3940 1371 3965 ,
1421 3908 1476 3954 et
1518 3901 1734 3954 damnat
1777 3902 2169 3957 observantiam

600 3993 902 4047 Iudaeorum
925 3991 1038 4046 sive
1065 3991 1413 4054 intellectum,
1443 3994 1563 4059 quia
1587 4006 1745 4058 quem
1774 3989 1959 4044 dicunt
1984 3999 2173 4045 ventu-

601 4099 739 4149 rum,
774 4082 1009 4137 Ecclesia
1056 4081 1215 4135 docet
1244 4089 1299 4134 et
1329 4081 1580 4148 praedicat
1599 4079 1708 4147 jam
1740 4080 1954 4134 venisse
1982 4080 2169 4135 Domi-

599 4191 723 4229 num
752 4175 929 4230 Jesum
972 4172 1262 4228 Christum.
1315 4173 1572 4228 Similiter
1599 4188 1719 4228 cum
1773 4174 2075 4241 pervenerit
2102 4175 2167 4228 ad

599 4268 849 4335 palatium
878 4266 1058 4321 Cencii
1113 4265 1290 4320 Musca
1320 4265 1373 4334 in
1422 4264 1600 4334 Punga
1628 4303 1643 4328 ,
1676 4280 1814 4318 unus
1859 4264 1927 4320 de
1972 4265 2174 4320 familia

603 4373 748 4426 rapa:
772 4356 897 4410 facit
915 4371 1076 4409 unum
1096 4355 1319 4424 jactum.
1343 4354 1597 4408 Similiter
1624 4353 1753 4408 facit
1771 4355 1932 4408 alium
1950 4354 2172 4422 jactum,

599 4464 718 4503 cum
762 4449 1061 4516 pervenerit
1089 4447 1154 4500 ad
1205 4455 1444 4499 sanctum
1477 4444 1729 4498 Marcum.
1766 4445 2024 4500 Similiter
2048 4459 2169 4500 cum

600 4540 911 4606 pervenerit
938 4539 1000 4590 ad
1034 4548 1273 4591 sanctum
1296 4536 1591 4590 Adrianum
1615 4537 1739 4589 facit
1766 4536 1925 4589 alium
1945 4536 2168 4605 iactum,

598 4631 787 4685 stando
834 4632 886 4684 in
941 4629 1171 4683 fenestra
1224 4628 1405 4696 palatii
1455 4638 1653 4681 sancta:
1698 4626 1975 4692 Martinte;
2006 4636 2061 4681 et
2090 4630 2172 4681 sic

600 4725 742 4777 venit
768 4722 832 4776 ad
858 4723 1083 4792 plateam
1115 4721 1549 4789 Lateranensem,
1579 4730 1634 4775 et
1662 4721 1873 4774 ducitur
1899 4722 1965 4775 ad
1999 4723 2167 4789 parti-

598 4830 718 4869 cuin
748 4829 866 4884 qua:
920 4813 1064 4868 vadit
1092 4814 1156 4866 ad
1188 4814 1465 4867 ecclesiam
1497 4813 1665 4867 sancti
1701 4812 1921 4867 Joannis
1955 4813 2171 4868 Latera-

598 4908 810 4973 ncnsis;
834 4918 888 4961 et
914 4906 986 4960 ibi
1014 4917 1137 4960 ante
1168 4906 1429 4973 porticum
1472 4922 1612 4960 nunc
1641 4906 1965 4960 destructam
1995 4909 2171 4961 statim

601 5000 986 5053 Lateranenses
1026 4997 1273 5051 canonici
1302 5012 1422 5052 cum
1462 5012 1646 5052 eorum
1688 4999 1968 5063 comitiva,
2003 4999 2172 5053 induti

600 5091 932 5155 siilcmniter,
962 5096 1016 5143 et
1043 5102 1163 5142 cum
1192 5100 1351 5142 cruce
1379 5086 1758 5155 processionali
1785 5088 1946 5157 260
1987 5104 2172 5155 papam

601 5179 861 5249 recipiunt
882 5220 898 5246 ,
925 5193 1046 5234 cum
1089 5177 1366 5234 descendit
1391 5194 1405 5241 ;
1437 5177 1526 5246 qui
1575 5176 1852 5232 descendit
1882 5180 1946 5231 ad
1974 5179 2170 5232 dictam

599 5272 781 5329 sedem
803 5273 1210 5337 stercorariain,
1242 5281 1299 5327 et
1344 5270 1563 5339 deponit
1589 5285 1809 5339 regnum
1833 5309 1847 5335 ,
1879 5281 1933 5324 et
1979 5271 2174 5338 accipit

601 5366 841 5429 mitram;
867 5376 920 5420 et
950 5374 1223 5434 postquam
1258 5377 1389 5432 papa
1418 5362 1714 5425 descendit,
1746 5360 1899 5415 sedet
1928 5361 1980 5414 in
2032 5362 2171 5417 dicta
2246 5348 2260 5369 ’

601 5454 728 5509 sede
753 5454 1070 5529 marmorea,
1098 5470 1216 5523 quae
1245 5463 1465 5508 vocatur
1494 5452 1833 5517 stercoraria,
1868 5461 1921 5506 et
1954 5454 2174 5507 veniunt

604 5555 790 5596 nnines
817 5543 1136 5605 cardinales,
1160 5550 1213 5595 et
1239 5542 1529 5595 honorifice
1557 5540 1772 5595 elevant
1794 5556 1937 5603 eum,
1963 5550 2017 5594 ut
2048 5556 2173 5594 vcrc

604 5630 782 5683 dicere
806 5631 1004 5696 possit:
1038 5630 1263 5685 Suscilat
1291 5633 1354 5683 de
1392 5634 1596 5699 pulvere
1617 5618 1826 5702 egenum
1844 5672 1858 5697 ,
1886 5640 1933 5684 et
1957 5632 2023 5684 de
2042 5641 2172 5684 ster-

606 5739 717 5775 core
769 5724 913 5791 erigit
959 5739 1255 5792 pauperem,
1307 5736 1359 5776 ut
1390 5726 1558 5776 sedeat
1597 5740 1711 5776 cmn
1745 5725 2058 5793 principibus
2084 5767 2097 5789 ,
2131 5735 2176 5778 et

2255 721 2412 771 cens,
2444 707 2716 775 Argmtum
2747 714 2793 757 et
2824 718 3005 754 aurum
3048 717 3151 753 non
3196 712 3271 753 est
3298 696 3454 759 mihi,
3509 694 3661 763 quod
3692 701 3861 744 om

2261 803 2443 866 habeo,
2475 806 2567 853 hoc
2589 799 2676 850 tibi
2696 799 2783 849 do.
2817 797 2881 848 Et
2907 806 3031 847 tunc
3059 794 3163 846 duo
3194 791 3497 844 cardinales
3541 786 3861 839 ministrant

2262 892 2308 947 ei
2338 931 2352 954 ,
2400 902 2455 945 et
2488 889 2813 956 accipientes
2841 900 2961 939 eum
3001 884 3200 937 ducunt
3234 883 3299 935 ad
3348 880 3648 933 ecclesiam
3681 875 3855 929 sancti

2261 982 2553 1037 Salvaturis
2579 994 2675 1048 per
2704 978 2866 1040 viam,
2896 976 2984 1028 ubi
3016 984 3130 1028 erat
3152 972 3293 1026 dicta
3325 967 3603 1039 porticus;

2338 1070 2689 1126 Venientibus
2734 1077 2908 1120 autem
2940 1065 3019 1119 eis
3065 1079 3092 1115 a
3146 1062 3288 1115 dicta
3331 1059 3462 1114 sede
3491 1056 3859 1115 stercoraria,

2263 1164 2586 1217 acclamatur
2617 1158 2683 1212 D.
2722 1156 2793 1211 N.
2824 1165 3027 1210 sanctus
3073 1152 3261 1206 Petrus
3281 1152 3448 1222 eligit.
3478 1148 3690 1215 Sicque
3716 1147 3848 1198 duci-

2267 1267 2353 1308 tur
2387 1268 2480 1321 per
2510 1252 2684 1307 dictos
2725 1249 3023 1304 cardinales
3051 1260 3221 1313 usque
3266 1254 3386 1313 post
3431 1243 3609 1296 altare
3632 1280 3649 1303 ,
3700 1248 3761 1293 et
3787 1239 3854 1293 ibi

2268 1357 2384 1398 orat
2412 1362 2425 1408 ;
2456 1359 2563 1413 quo
2591 1344 2820 1397 intrante
2849 1350 2903 1395 et
2926 1348 3113 1393 orante
3137 1378 3153 1400 ,
3178 1345 3425 1390 cantatur
3470 1350 3501 1387 a
3551 1332 3853 1397 canonicis,

2269 1437 2339 1490 Te
2374 1436 2534 1488 Deum
2576 1434 2865 1486 laudamus.
2901 1432 3186 1497 l’o-tquatu
3231 1440 3359 1479 vero
3406 1424 3655 1478 oraverit
3680 1463 3697 1483 ,
3730 1423 3854 1474 dicit

2269 1543 2430 1592 super
2457 1528 2627 1581 altare
2677 1532 2733 1579 et
2778 1537 2937 1591 super
2986 1520 3237 1589 pepulum
3278 1518 3360 1573 Sit
3406 1532 3601 1570 nomen
3650 1513 3853 1567 Domini

2269 1621 2606 1686 benedictum,
2638 1626 2692 1671 et
2721 1614 3071 1683 respondetur
3113 1610 3194 1664 Ex
3219 1610 3313 1663 hoc
3342 1625 3481 1663 nunc
3525 1617 3579 1660 et
3619 1621 3780 1659 uxore
3804 1609 3853 1656 in

2269 1710 2548 1772 saxulum;
2592 1718 2647 1762 et
2696 1716 2877 1775 postea
2929 1703 3141 1757 ducitur
3187 1700 3252 1753 ad
3282 1698 3470 1753 sedem
3521 1697 3856 1751 eminentem

2200 1790 2239 1846 Β
2270 1812 2649 1861 marmoream,
2695 1806 2750 1851 et
2781 1796 2849 1849 ibi
2902 1792 3090 1861 recipit
3120 1792 3516 1845 Lateranenses
3564 1787 3854 1842 canonicos

2265 1890 2331 1945 ad
2371 1890 2561 1959 pedem
2591 1899 2639 1941 et
2673 1886 2952 1951 osculum;
2983 1898 3087 1953 quo
3118 1883 3280 1945 facto,
3308 1881 3380 1935 du
3415 1881 3525 1935 itur
3561 1896 3659 1944 per
3689 1879 3857 1930 cardi-

2267 1980 2415 2033 nales
2442 1978 2507 2031 ad
2536 1977 2787 2045 palatium
2819 1973 3097 2027 Zachariae
3144 1987 3293 2039 papa:
3316 2011 3333 2034 ,
3379 1970 3524 2037 quod
3574 1970 3855 2038 vulgarizer

2267 2072 2458 2126 dicitur
2479 2070 2612 2123 Casa
2646 2067 2831 2136 Major,
2881 2075 2937 2120 ct
2976 2066 3123 2120 venit
3151 2064 3217 2117 ad
3249 2070 3458 2131 portam
3495 2062 3701 2128 palatii.
3737 2060 3856 2112 Inde

2268 2163 2434 2217 intrat
2465 2160 2717 2229 palatium
2769 2172 2863 2226 per
2909 2156 3213 2209 ecclesiam.
3264 2155 3403 2205 lntia
3456 2161 3671 2218 portam
3700 2191 3717 2212 ,
3762 2166 3859 2219 qua

2267 2250 2575 2306 ascenditur
2604 2249 2669 2302 ad
2696 2247 2895 2302 dictum
2928 2246 3198 2314 palatium,
3230 2254 3284 2298 et
3308 2255 3520 2311 prtam
3566 2242 3742 2303 ipsius
3772 2255 3859 2308 pa-

2272 2343 2405 2405 latii,
2443 2341 2651 2408 poniur
2682 2338 3057 2401 faldistoriutn,
3102 2336 3188 2389 tibi
3218 2335 3371 2389 sedet
3396 2333 3656 2388 dominus
3684 2348 3817 2400 papa
3847 2372 3860 2393 ,

2271 2435 2325 2489 in
2366 2431 2473 2487 illis
2525 2431 2734 2485 scilicet
2774 2428 3026 2498 gradibus
3073 2427 3161 2481 ubi
3215 2426 3353 2481 solet
3412 2426 3615 2479 sedere
3660 2424 3862 2492 quando

2270 2531 2514 2578 cantatur
2548 2522 2747 2584 Gloria,
2782 2521 2919 2584 laus,
2953 2528 3084 2584 etc.,
3112 2517 3249 2572 etibi
3279 2530 3412 2585 papa
3437 2514 3691 2576 sedente,
3715 2513 3858 2578 prior

2271 2614 2705 2683 presbyterorum
2749 2608 3135 2670 cardinaliutn,
3188 2605 3455 2660 ordinatis
3498 2603 3779 2670 judicib-is
3817 2612 3864 2653 et

2270 2699 2566 2756 scriniariis
2596 2698 2648 2752 in
2683 2698 2793 2763 filo,
2820 2696 2946 2751 facit
2967 2695 3163 2750 ibidem
3191 2693 3425 2756 laudem,
3450 2692 3498 2745 si
3535 2692 3865 2745 utdiaconus

2271 2793 2559 2849 cardinalis
2588 2791 2786 2846 fecerat
2810 2792 2860 2844 in
2891 2789 3048 2844 Missa
3089 2796 3213 2842 ante
3258 2786 3554 2854 Epistulam
3594 2795 3716 2852 post
3741 2783 3865 2837 Οεδν

2273 2884 2473 2935 tionem
2508 2882 2562 2934 in
2608 2880 2828 2933 basilica
2879 2880 3048 2933 saneti
3089 2877 3249 2930 Petri.
3300 2876 3495 2929 Postea
3526 2874 3749 2928 ducitur
3803 2875 3865 2925 ab

2273 2968 2404 3041 ipsis
2431 2971 2793 3026 cardiualibus
2827 2985 2921 3037 per
2943 2969 3191 3037 palatium
3223 2982 3391 3036 usque
3419 2966 3489 3019 ad
3538 2974 3752 3032 ponam
3782 2979 3867 3019 ec-

2272 3062 2450 3118 clesia:
2480 3063 2649 3116 sancti
2681 3060 2954 3125 Silvestri,
2983 3059 3070 3112 ubi
3108 3066 3235 3112 sunt
3273 3058 3393 3110 dua:
3422 3056 3590 3111 sedes
3634 3056 3867 3125 porphy-

2759 3154 2909 3207 sedet
2932 3151 2983 3204 in
3012 3150 3100 3203 illa
3123 3165 3239 3218 quae
3260 3158 3345 3204 est
3365 3149 3430 3200 ad
3463 3149 3716 3201 dextram
3733 3188 3751 3214 ,
3783 3149 3869 3201 ubi

2279 3247 2424 3316 prior
2453 3245 2686 3300 basilica:
2728 3244 2897 3297 sancti
2932 3240 3203 3296 Laurentii
3234 3239 3325 3293 dat
3379 3238 3431 3291 ei
3466 3237 3725 3301 ferulam,
3756 3252 3870 3305 qua:

2274 3346 2360 3392 est
2386 3335 2592 3403 signum
2624 3335 2924 3387 correction
2948 3346 2974 3385 s
3004 3340 3059 3384 et
3083 3328 3383 3399 regiminis,
3407 3336 3465 3381 et
3492 3330 3681 3381 claves
3711 3328 3871 3395 ipsius

2275 3425 2515 3479 basilicae
2555 3432 2608 3477 et
2653 3423 2792 3476 sacri
2850 3421 3029 3490 palatii
3084 3419 3501 3482 Lateranensis,
3562 3419 3617 3471 in
3680 3416 3871 3485 quibus

2275 3515 2602 3585 significatur
2631 3521 2867 3583 potestas
2897 3510 3178 3566 claudendi
3227 3518 3283 3563 et
3306 3510 3595 3578 aperiendi
3621 3548 3639 3572 ,
3676 3508 3870 3574 ligandi

2276 3619 2435 3677 atque
2463 3606 2734 3671 solvendi;
2763 3615 2818 3660 et
2844 3619 2966 3659 cum
2984 3604 3097 3672 ipsa
3121 3601 3288 3656 ferula
3317 3610 3371 3655 et
3391 3600 3646 3654 clavibus
3667 3600 3875 3653 accedit

2277 3697 2345 3750 ad
2374 3696 2532 3751 aliam
2564 3697 2744 3750 sedem
2776 3695 3002 3749 similem
3030 3732 3047 3758 ,
3077 3705 3197 3760 quae
3225 3700 3310 3745 c,t
3348 3691 3417 3743 ad
3462 3690 3749 3743 sinistram
3774 3728 3795 3753 ,
3824 3700 3875 3743 et

2277 3796 2405 3840 tunc
2435 3786 2669 3861 restituit
2688 3784 2860 3839 eidem
2894 3784 3057 3853 priori
3090 3781 3318 3837 ferulam
3343 3791 3398 3835 et
3424 3780 3635 3844 claves,
3666 3788 3719 3833 et
3749 3780 3875 3834 iud~

2280 3876 2358 3944 pit
2383 3876 2570 3931 sedere
2599 3874 2651 3928 in
2683 3874 2773 3929 illa
2798 3874 2925 3928 sede
2945 3873 3199 3927 seruuda.
3224 3870 3288 3924 Et
3319 3885 3386 3938 po
3420 3878 3609 3939 tquam
3632 3870 3874 3937 aliquan-

2280 3970 2446 4023 tulum
2498 3968 2739 4032 sederit,
2799 3966 2938 4020 idem
2972 3968 3117 4032 prior
3156 3978 3317 4031 super
3368 3964 3653 4031 planctum
3708 3962 3874 4028 cingit

2277 4058 2451 4113 eidem
2475 4056 2698 4112 domino
2727 4070 2876 4125 papze
2906 4067 3093 4107 zonam
3128 4053 3282 4123 261
3314 4051 3381 4106 de
3432 4051 3618 4104 serico
3662 4051 3833 4104 rubea
3854 4086 3871 4112 ,

2282 4150 2334 4202 in
2361 4162 2465 4216 quo
2514 4147 2747 4215 pendere
2789 4144 2951 4199 debet
3000 4144 3161 4197 bursa
3206 4156 3477 4212 purpurea
3512 4141 3569 4194 in
3620 4155 3729 4209 qua
3769 4140 3871 4194 sint

2279 4240 2561 4295 duodecim
2594 4239 2800 4308 lapides
2824 4237 3046 4306 pretiosi
3076 4251 3196 4291 cum
3227 4235 3420 4305 sigillis
3445 4274 3462 4299 ,
3521 4245 3578 4289 et
3631 4248 3869 4288 muscus.

2283 4331 2349 4385 Et
2376 4331 2501 4385 dum
2527 4330 2580 4383 in
2604 4330 2716 4397 ipsa
2744 4331 2874 4383 sedc
2896 4328 3065 4391 sedet,
3098 4326 3287 4394 recipit
3309 4324 3573 4378 officiales
3597 4325 3785 4392 palatii
3806 4322 3869 4376 ad

2283 4420 2471 4490 pedem
2520 4429 2572 4473 et
2600 4419 2875 4481 osculum;
2933 4428 2988 4471 et
3042 4416 3283 4471 sedensi
3323 4416 3339 4468 i
3383 4412 3585 4480 accipit
3611 4414 3691 4468 de
3719 4428 3867 4467 manu

2203 4506 2252 4567 Ι)
2282 4509 2563 4564 camerarii
2591 4509 2841 4562 denarios
2868 4518 3151 4573 argenteos
3180 4498 3420 4560 valentes
3448 4505 3646 4559 decem
3675 4503 3868 4557 solidos

2282 4600 2624 4665 Provesiuos,
2654 4610 2707 4652 et
2738 4597 2945 4667 projicit
2988 4613 3149 4663 super
3183 4597 3469 4664 populum;
3496 4576 3563 4649 ’et
3613 4596 3728 4649 hoc
3755 4595 3869 4647 facit

2280 4699 2384 4753 ter,
2415 4689 2639 4743 dicendo
2672 4687 2895 4757 singulis
2926 4687 3166 4741 vicibus:
3198 4684 3475 4754 Dispersit,
3511 4686 3657 4737 dedit
3684 4700 3864 4753 paupe-

2277 4780 2441 4844 ribus,
2463 4779 2669 4850 justitia
2691 4781 2801 4849 ejus
2839 4786 3003 4831 manet
3034 4779 3086 4829 in
3124 4776 3369 4830 saeculum
3410 4776 3613 4827 surculi.
3656 4775 3715 4827 In
3757 4774 3869 4826 istis

2280 4870 2487 4924 duabus
2517 4869 2735 4924 sedibus
2765 4869 2925 4922 debet
2954 4883 3086 4936 papa
3119 4867 3293 4919 taliter
3316 4880 3374 4918 se
3399 4864 3603 4917 habere
3627 4904 3646 4929 ,
3684 4875 3745 4917 ut
3774 4877 3864 4929 po-

2281 4965 2384 5017 tius
2415 4962 2651 5015 videatur
2675 4962 2857 5031 jacere
2883 4976 3044 5027 quam
3089 4959 3277 5012 sedere
3300 4997 3316 5021 ,
3369 4965 3425 5009 et
3463 4956 3607 5009 nulla
3643 4955 3719 5007 ist
3753 4969 3864 5007 rum

2276 5053 2484 5106 sedium
2514 5055 2617 5106 erit
2641 5059 2894 5120 cooperta
2922 5051 3007 5105 vel
3034 5058 3239 5118 parata,
3268 5062 3366 5103 nec
3393 5046 3563 5101 etiam
3593 5045 3865 5100 Stercore-

2278 5150 2379 5210 ria,
2410 5143 2504 5198 sed
2538 5144 2700 5197 nuda.

2276 5255 2419 5311 XXI.
2464 5254 2683 5320 Quando
2720 5268 2854 5321 papa
2891 5252 3099 5304 ducitur
3143 5252 3213 5305 ad
3258 5257 3495 5303 sanctum
3547 5255 3846 5301 sanctorum

2350 5363 2548 5419 Deinde
2578 5362 2790 5421 ducitur
2809 5361 2874 5414 ad
2898 5370 3081 5416 sancta
3104 5370 3410 5415 sanctorum
3436 5373 3531 5427 per
3555 5357 3730 5425 ipsam
3753 5367 3846 5422 por

2276 5453 2438 5509 ticum
2467 5452 2568 5507 sub
2600 5454 2782 5505 iconas
2820 5460 3122 5504 sanctorum
3164 5448 3553 5517 apostolorum,
3606 5458 3733 5513 qua:
3770 5456 3865 5511 per

2276 5558 2422 5598 mare
2444 5548 2702 5598 venerunt
2723 5539 2935 5595 nemine
2957 5540 3214 5602 ducente;
3238 5546 3294 5592 et
3314 5538 3477 5590 intrat
3502 5536 3710 5589 dictam
3736 5531 3866 5584 basi-

2276 5632 2436 5687 licam
2457 5632 2629 5686 sancti
2658 5629 2953 5695 Laurentii,
2985 5644 3101 5699 qutc
3136 5629 3426 5696 vulgariter
3454 5627 3649 5679 dicitur
3689 5630 3867 5677 sancta

2283 5733 2617 5788 sanctorum;
2651 5731 2705 5777 ct
2724 5731 2851 5776 ante
2867 5722 3033 5777 altare
3060 5735 3207 5775 suam
3229 5718 3546 5772 Orationem
3572 5717 3724 5783 facit,
3744 5728 3869 5768 caa-
