4006 6330
154 349 294 404 1153

1327 339 1587 397 ROMANI
1629 339 1946 394 OllI)I.\'ES.
1988 368 2055 379 —
2096 338 2231 392 XIV.

3286 342 3413 395 IISI

154 459 387 514 tantibus
435 456 610 525 priore
658 464 713 511 et
757 455 1030 511 canonicis
1075 454 1305 509 basilica:
1334 457 1498 523 ipsius
1525 455 1734 508 Sancta!
1766 457 1811 515 Α
1845 452 2219 506 Benedictione
2246 451 2388 513 data,
2419 451 2649 507 divertet
2676 451 2739 505 ad
2773 452 2945 506 locum
2976 451 3061 506 ubi
3092 451 3307 507 debebit
3332 454 3413 507 in-

152 551 464 603 Sanctorum
496 546 569 600 Te
608 546 772 599 Deum
800 546 1109 612 laudamus;
1167 554 1221 599 et
1250 556 1431 614 postea
1465 546 1735 600 reducitur

155 640 219 692 ad
247 638 504 707 capellam
538 638 707 690 sancti
737 636 996 701 Silvestri,
1028 637 1079 690 in
1101 652 1202 706 qua
1236 638 1394 690 intrat
1422 647 1475 689 et
1505 635 1655 688 sedet
1683 636 1734 687 iu

158 734 272 785 loco
304 740 489 799 parato
519 744 637 783 eum
660 730 987 782 ornamentis
1009 730 1142 789 suis,
1171 738 1384 783 tenente
1414 742 1478 779 eo
1500 737 1735 779 mantum

159 839 320 895 super
348 821 615 890 scapulas,
648 828 700 873 et
732 820 940 872 mitram
983 833 1141 884 super
1181 818 1429 871 fanonetn
1478 832 1571 869 seu
1618 832 1738 868 ora-

158 918 323 981 riutn;
353 923 408 969 et
429 915 519 968 dat
548 913 956 981 presbyterium.
988 912 1175 966 Postea
1202 911 1337 964 redit
1359 910 1422 963 ad
1447 924 1739 972 cameram,

161 1006 213 1058 in
229 1019 328 1074 qua
345 1003 561 1071 deponit
582 1002 812 1054 casulam
833 1010 887 1052 et
905 1002 1136 1066 pallium,
1162 1009 1214 1052 et
1232 1000 1453 1051 assumit
1472 1008 1736 1060 mantutn,

159 1106 215 1149 ct
236 1094 710 1168 vaditcomedere.
746 1092 962 1144 Solebat
993 1099 1102 1143 tum
1136 1090 1306 1155 primo
1330 1089 1571 1154 recipere
1591 1086 1739 1153 jura-

162 1196 396 1241 mentum
422 1201 450 1237 a
472 1197 718 1239 senatore
738 1183 1027 1237 secundum
1053 1181 1300 1241 formam,
1327 1178 1437 1247 Ego
1455 1178 1592 1242 talis,
1611 1187 1740 1239 etc.,

162 1294 343 1333 verum
399 1277 696 1346 hujuunodi
742 1275 1027 1344 juratnenti
1075 1271 1310 1340 receptio
1362 1270 1452 1324 diu
1495 1269 1743 1336 estquod

162 1370 257 1423 fuit
279 1370 498 1422 omissa.

162 1478 325 1535 XXII.
372 1479 446 1533 De
482 1480 653 1550 ofﬁcio
690 1487 981 1550 senatorum
1021 1474 1175 1529 Urbis
1202 1475 1254 1527 in
1287 1474 1401 1545 ipsa
1428 1471 1749 1524 solemnitate

833 1548 1059 1599 rubrica.

235 1662 361 1716 Item
392 1660 680 1714 notandum
705 1658 844 1727 quod
876 1667 1154 1712 senatores
1181 1666 1467 1725 postquam
1498 1654 1750 1707 dominus

165 1767 297 1818 papa
326 1752 395 1805 de
425 1766 563 1819 equo
595 1750 814 1801 faleran
842 1746 1121 1801 descendit
1142 1746 1295 1814 juxta
1326 1744 1507 1798 sedem
1550 1755 1750 1795 Stercu—

163 1843 379 1905 rariatn,
413 1841 582 1907 ipsum
631 1854 825 1907 equum
884 1835 1149 1905 recipiunt
1178 1844 1231 1887 et
1256 1835 1550 1900 adducunt,
1595 1848 1751 1899 queui

163 1930 438 1984 curialiter
466 1927 694 1983 reddunt
722 1941 1043 1990 canterario,
1069 1936 1125 1978 ut
1148 1935 1230 1978 est
1253 1924 1436 1977 moris.

244 2020 372 2072 Item
398 2017 685 2070 notandqu
732 2015 872 2084 quod
897 2030 928 2067 a
958 2023 1144 2067 sancto
1167 2013 1325 2067 Petro
1349 2012 1413 2064 ad
1442 2012 1758 2066 Lateranum

168 2109 304 2162 fiunt
329 2107 546 2161 domino
580 2120 727 2175 papae
774 2119 928 2157 arcus
958 2103 1327 2171 triumphales,
1358 2113 1410 2156 et
1435 2103 1613 2155 clerici
1658 2102 1763 2156 Ro-

169 2199 312 2252 mani
338 2207 627 2252 occurrunt
658 2197 829 2249 cidem
863 2193 1033 2249 induti
1062 2197 1112 2247 in
1134 2195 1215 2247 via
1247 2194 1433 2259 Sacra,
1463 2194 1762 2261 ubicunque

170 2303 416 2361 possunt,
436 2309 554 2347 cum
581 2292 864 2347 tlturibulis
885 2301 938 2345 et
962 2292 1202 2354 incenso,
1227 2299 1280 2343 et
1298 2291 1349 2342 in
1371 2288 1764 2342 renuntiatione
1854 2310 1869 2321 ι

172 2389 369 2442 dantur
409 2387 668 2457 Romanis
717 2400 813 2454 pro
841 2385 1072 2439 arcubus
1104 2399 1242 2438 xxxv
1272 2383 1444 2448 librae,
1475 2393 1529 2437 et
1555 2383 1763 2436 clericis

170 2493 269 2545 pro
293 2477 574 2532 thuribulis
604 2491 696 2530 xui
727 2476 875 2530 libra:
900 2484 955 2529 et
982 2473 1226 2528 dimidia.

172 2592 336 2713 233
397 2588 581 2645 XXIII.
641 2589 875 2653 Qualiter
936 2588 1174 2641 dominus
1231 2603 1366 2653 papa
1423 2585 1491 2637 ad
1542 2601 1765 2638 mensam

341 2662 532 2713 ucilur.
574 2670 620 2713 et
659 2662 721 2713 de
758 2660 936 2712 ordine
974 2657 1184 2711 sedendi
1222 2659 1276 2709 in
1315 2674 1373 2710 ea
1408 2656 1633 2709 rubrica.

341 2662 532 2726 ucilur,
574 2670 620 2714 et
659 2662 721 2714 de
758 2660 936 2712 ordine
974 2657 1184 2711 sedendi
1222 2659 1276 2709 in
1315 2674 1373 2710 ea
1408 2656 1633 2709 rubrica.

248 2749 378 2804 Cum
403 2756 585 2804 autem
609 2750 758 2803 vadit
779 2747 1085 2812 comedere,
1107 2747 1212 2800 duo
1236 2746 1443 2799 diaconi
1469 2745 1766 2799 cardinales

173 2841 378 2896 ducunt
420 2841 592 2909 ipsum
624 2840 689 2894 ad
723 2854 998 2903 mensam;
1031 2846 1086 2892 et
1114 2852 1180 2892 eo
1209 2838 1450 2900 sedente,
1482 2836 1767 2906 episc0pus

173 2929 465 2984 eardinalis
496 2930 586 2983 dat
608 2928 709 2984 sibi
732 2943 923 2997 aquam
949 2927 1155 2980 duobus
1176 2925 1486 2980 diaconibns
1514 2924 1758 2978 cardina-

176 3026 322 3080 libus
347 3025 653 3080 teneniibus
681 3023 954 3086 tobaliam,
996 3035 1096 3076 nec
1139 3019 1298 3075 debet
1330 3030 1513 3074 tenere
1544 3019 1768 3072 mantel-

176 3116 326 3181 lum;
373 3131 478 3182 quo
526 3116 644 3169 loco
692 3113 829 3168 facta
864 3098 1264 3175 Benedltctione,
1297 3110 1496 3163 vadunt
1525 3108 1589 3161 ad
1618 3124 1770 3162 men-

177 3221 335 3271 sam;
365 3206 417 3259 in
471 3215 619 3274 parte
660 3203 847 3259 dextra
899 3200 1088 3256 sedent
1128 3200 1364 3268 episcopi
1392 3208 1445 3253 et
1472 3197 1770 3268 presbyteri

177 3297 477 3351 cardinales
502 3312 517 3361 ;
548 3295 600 3349 in
631 3293 846 3348 sinistra
876 3306 1004 3347 vero
1027 3291 1261 3345 diaconi.
1294 3290 1359 3343 Et
1383 3287 1597 3343 attende
1621 3287 1763 3356 quod

182 3390 431 3443 dominus
457 3403 611 3455 papa,
635 3386 761 3439 dum
785 3383 937 3439 estin
956 3398 1164 3449 mensa,
1188 3380 1405 3434 indutus
1426 3388 1509 3434 est
1526 3379 1773 3433 omnibus

181 3478 510 3547 paramentis
551 3475 898 3541 mensalibus,
933 3481 1154 3541 excepto
1182 3471 1322 3540 quod
1363 3479 1507 3524 tenet
1534 3478 1771 3521 mantum

182 3567 249 3619 ad
273 3565 517 3634 scapulas
539 3574 594 3620 et
617 3564 894 3629 fanonem;
927 3563 978 3616 in
1001 3563 1171 3631 capite
1186 3576 1313 3615 vero
1336 3561 1488 3613 mitra
1510 3558 1772 3623 desuper;

182 3657 490 3711 cardinales
513 3671 640 3710 vero
659 3669 844 3709 omnes
867 3653 1064 3708 habent
1081 3650 1455 3721 snperpellicia
1478 3665 1597 3703 cum
1626 3664 1777 3701 man-

184 3752 351 3813 tellis,
381 3758 435 3803 et
463 3748 649 3829 nﬁtras
679 3745 969 3814 simplices.
993 3743 1125 3798 Cum
1153 3752 1329 3796 autem
1362 3740 1528 3794 lavari
1555 3739 1776 3802 debent,

184 3842 361 3910 surgit
393 3842 676 3908 episcOpns
707 3845 761 3891 et
796 3837 904 3890 duo
942 3834 1151 3890 diaconi
1187 3831 1507 3895 cardinales,
1556 3840 1610 3884 et
1652 3829 1782 3882 dant

193 3946 394 3998 aquam
428 3940 483 3983 nt
515 3930 692 3999 prius;
722 3942 825 3996 qna
846 3927 967 3980 data
992 3927 1217 3979 redeunt
1245 3922 1307 3974 ad
1339 3920 1553 3990 propria
1584 3919 1693 3972 loca
1726 3915 1779 3969 in

188 4018 427 4082 mensis;
456 4028 511 4072 et
544 4026 667 4085 potu
698 4024 935 4084 recepto,
982 4013 1229 4081 dictoque
1264 4009 1343 4062 Tu
1386 4018 1574 4071 autem,
1615 4005 1783 4073 surgit

190 4112 482 4173 diaconus,
511 4119 564 4162 et
588 4113 733 4160 tenet
757 4105 1060 4166 thunitiam,
1093 4102 1216 4156 dum
1246 4100 1430 4168 gratiae
1453 4095 1778 4151 referuntur.

197 4199 413 4266 Quibus
441 4196 625 4253 finitis.
665 4194 1031 4249 dextrantibus
1060 4206 1182 4246 eum
1222 4188 1430 4244 duobus
1474 4184 1784 4240 diaconibus

194 4294 367 4344 intrat
394 4303 682 4353 cameram,
718 4286 803 4342 ubi
838 4301 933 4354 per
964 4285 1268 4351 capellanos
1297 4282 1509 4335 exuitur
1539 4276 1785 4331 omnibus

192 4382 547 4442 paramentls.
573 4381 775 4432 Omnes
806 4390 932 4432 vero
957 4373 1256 4429 cardinales
1279 4373 1339 4424 ad
1370 4370 1578 4439 prepria
1598 4382 1784 4421 rever-

191 4480 404 4530 tuntur,
436 4470 573 4522 sicut
598 4468 650 4520 in
670 4479 879 4529 mensa,
908 4464 1002 4519 sed
1021 4470 1152 4518 eunt
1175 4462 1361 4515 induti.
1390 4458 1781 4514 Attendendum

1841 543 1971 607 dui;
2020 553 2073 596 et
2115 543 2255 597 dicta
2296 543 2473 597 Tertia
2511 557 2633 598 cum
2662 544 2972 613 capellanis,
3001 544 3283 600 assistente
3313 546 3415 601 sibi

1842 635 2092 702 episcopo
2138 636 2405 690 cardinale
2447 635 2534 704 qui
2590 645 2770 691 tenere
2816 636 2975 691 debet
3025 638 3237 704 librum,
3294 654 3417 693 cum

1842 725 2021 780 Oratio
2049 728 2245 781 dicitur
2267 744 2294 779 a
2327 743 2361 797 p
2381 743 2460 795 ipa
2493 730 2544 782 in
2578 730 2682 784 line
2710 729 2922 795 Τετιὶειξ,
2953 732 3267 786 calciabitur
3293 733 3424 787 cali-

1843 818 1925 886 gis
1952 826 2007 872 et
2033 819 2286 872 sandaliis
2333 834 2362 872 a
2411 821 2742 875 subdiacono
2784 830 2836 875 et
2878 838 2984 876 uno
3021 838 3087 877 ex
3133 824 3420 893 acolythis.

1846 910 2148 964 dicentibus
2202 912 2488 977 capellanis
2544 911 2778 967 vicissim
2834 912 3119 981 Psalmos,
3174 914 3426 970 videlicet

1849 998 2013 1061 Quam
2040 997 2300 1060 amabilia,
2341 1013 2461 1052 cum
2491 1000 2647 1069 263
2674 1001 2881 1055 caeteris
2924 1017 3043 1071 quas
3082 1002 3185 1058 dici
3223 1005 3417 1059 solent.

1846 1087 2046 1152 Quibus
2079 1090 2306 1156 expletis
2343 1106 2464 1144 cutn
2512 1092 2859 1148 Orationibus
2905 1096 3196 1161 consuetis,
3232 1098 3427 1153 Iuvabit

1850 1190 2037 1228 manus
2072 1178 2323 1231 fundente
2363 1180 2462 1232 sibi
2496 1194 2685 1248 aquam
2727 1182 2978 1251 episcopo
3009 1185 3297 1254 cardinale,
3334 1189 3425 1256 qui

1847 1264 2023 1317 eidem
2050 1267 2101 1319 in
2129 1266 2309 1320 officio
2335 1269 2588 1324 assistere
2616 1270 2849 1327 debebit.
2876 1274 3164 1330 Ablntione
3186 1276 3343 1343 facta,
3375 1288 3432 1333 et

1849 1354 2104 1421 episcopo
2132 1357 2403 1411 cardinale
2428 1359 2494 1412 ad
2526 1360 2698 1414 locum
2730 1377 2881 1416 suum
2913 1380 3149 1429 reverso,
3178 1366 3431 1424 induetur

1850 1442 2096 1497 omnibus
2118 1447 2445 1499 ornamentis
2466 1448 2742 1513 viridibus,
2766 1452 3011 1519 pretiosis
3033 1465 3085 1508 et
3104 1456 3433 1512 solemnibus

1855 1533 1999 1601 (quia
2050 1534 2165 1588 dies
2209 1535 2512 1591 Doniinicus
2541 1539 2642 1592 hoe
2672 1540 2916 1611 requirit)
2941 1546 3133 1612 quibus
3166 1546 3436 1603 Romanus

1855 1624 2091 1691 pontifex
2126 1626 2201 1679 uti
2244 1628 2382 1681 solet
2414 1628 2465 1681 in
2498 1629 2779 1684 Missurum
2809 1634 3102 1702 solemniis,
3137 1652 3230 1701 per
3257 1640 3435 1693 diaco-

1857 1729 1981 1765 num
2033 1714 2359 1771 cardinalem
2386 1727 2439 1770 et
2464 1717 2869 1782 subdiaconum,
2900 1721 3103 1777 eisdem
3137 1741 3231 1791 per
3259 1730 3438 1799 acoly-

1788 1806 1833 1864 Β
1862 1807 1981 1859 thos
2014 1807 2347 1862 ministratis.
2379 1809 2510 1863 Cum
2540 1821 2716 1865 autem
2746 1813 2993 1867 dominus
3020 1815 3302 1883 episcenos
3323 1835 3439 1874 car-

1860 1898 2055 1952 dinalis
2077 1899 2141 1950 ad
2168 1899 2342 1953 locum
2369 1914 2521 1953 suum
2552 1917 2801 1955 reversus
2832 1903 3011 1969 fuerit,
3044 1915 3100 1960 ut
3129 1910 3440 1975 praedictum

1861 2000 1960 2051 est,
1994 1990 2241 2045 induetur
2282 1993 2679 2061 supcrpellicio,
2727 1995 2921 2049 amictu
2962 2006 3014 2051 et
3045 1999 3258 2065 pluviali
3286 2004 3439 2058 viridi

1861 2092 1979 2131 cum
2011 2081 2164 2133 mitra
2187 2080 2434 2149 simplici.

1866 2167 2027 2244 XXV.
2064 2169 2139 2222 De
2168 2172 2319 2244 mitra
2348 2171 2659 2244 imponenda
2691 2191 2836 2243 papa:
2849 2192 2938 2244 per
2968 2178 3244 2234 diaconum
3268 2187 3441 2237 cardi-

1934 2239 2121 2323 nalqn.
2156 2252 2203 2323 et
2228 2241 2290 2293 de
2318 2242 2508 2295 annulo
2536 2239 2820 2312 pontiﬁcali
2847 2239 3022 2300 dando
3047 2267 3094 2319 p.
3111 2267 3137 2302 r
3155 2253 3442 2323 episcopum

1934 2309 2271 2363 cardmalcm.

1943 2398 2289 2455 P05tmodum
2321 2401 2568 2469 imposita
2601 2403 2754 2457 mitra
2789 2407 3016 2474 pretiosa
3048 2408 3265 2465 domino
3297 2428 3443 2482 papae

1868 2500 1962 2552 per
1989 2488 2270 2543 diaconum
2300 2490 2643 2553 cardinalem.
2670 2494 2884 2548 dabitur
2924 2492 3020 2551 sibi
3052 2501 3277 2555 annulus
3310 2519 3444 2571 pon-

1868 2577 2080 2632 tificalis
2111 2595 2206 2646 per
2233 2582 2481 2635 eumdem
2504 2583 2810 2651 episcopum
2838 2589 2925 2654 qui
2955 2587 3052 2642 sibi
3096 2592 3312 2655 serviet,
3339 2609 3444 2648 uno

1867 2683 1935 2722 ex
1967 2669 2308 2724 cubiculariis
2333 2670 2499 2740 digito
2523 2672 2719 2726 domini
2756 2689 2902 2741 papa:
2936 2675 3242 2743 praedictum
3274 2696 3445 2736 annu-

1870 2761 1979 2814 lum
2013 2762 2338 2828 imponente.
2374 2763 2575 2817 Deinde
2611 2775 2825 2826 acrepta
2878 2768 3115 2823 navicula
3170 2768 3261 2826 de
3289 2791 3445 2832 manu

1870 2850 2103 2920 acolythi
2128 2866 2223 2921 per
2252 2854 2558 2921 episcopum
2599 2856 2686 2924 qui
2710 2855 2810 2910 sibi
2845 2858 3187 2925 ministrabit,
3217 2878 3447 2931 prasen-

1871 2942 2002 2997 tabit
2022 2958 2139 2997 eam
2163 2943 2382 2997 domino
2405 2959 2573 3013 papm,
2589 2954 2642 2997 et
2663 2945 2990 3001 osculabitur
3012 2963 3224 3008 manum
3245 2952 3443 3021 ipsius;

1871 3041 1926 3087 et
1970 3033 2216 3101 imposito
2263 3033 2483 3087 incenso
2529 3034 2582 3087 in
2623 3035 2891 3090 thuribulo
2924 3051 3017 3104 per
3044 3036 3315 3094 dominum
3352 3059 3447 3110 pa-

1874 3140 2017 3192 pam,
2050 3127 2329 3191 episcopus
2360 3123 2460 3178 ibit
2494 3124 2557 3177 ad
2599 3125 2771 3179 locum
2795 3140 2970 3191 suum,
3006 3126 3091 3181 ttbi
3140 3129 3333 3185 fuerint
3360 3133 3449 3187 alii

1873 3216 2113 3284 episcoiii
2145 3216 2442 3269 cardinales
2496 3217 2964 3283 processionaliter
3010 3219 3261 3275 ordinati.
3305 3223 3451 3278 Pric-

1876 3309 2053 3363 missis
2083 3307 2263 3377 itaque
2309 3308 2557 3362 omnibus
2599 3307 2701 3364 rite
2743 3311 3042 3379 completis,
3075 3327 3193 3381 qua:
3244 3313 3357 3367 ﬁeri
3400 3324 3453 3371 et

1877 3400 2113 3469 impendi
2144 3402 2315 3453 so‘ent
2346 3400 2561 3468 quando
2590 3401 2946 3457 revestiuntur
2972 3403 3193 3458 Romani
3241 3406 3455 3473 pontill-

1876 3505 1967 3545 ces
1993 3499 2048 3545 et
2093 3501 2368 3560 parantur,
2404 3501 2628 3559 excepto
2669 3493 2809 3560 quod
2856 3494 2905 3547 in
2949 3494 3296 3552 Processione
3335 3514 3455 3565 quas

1878 3583 2141 3650 sequitur,
2174 3597 2281 3636 non
2312 3582 2543 3650 portabit
2571 3583 2812 3650 pallium,
2844 3585 2936 3639 sed
2989 3585 3167 3655 ipsum
3204 3590 3455 3657 recipiet;

1878 3673 2032 3737 alias,
2082 3682 2139 3727 ut
2191 3673 2409 3727 inferius
2450 3673 2809 3738 descrihetur,
2859 3676 2997 3731 dicta
3043 3677 3318 3733 Processio
3365 3696 3456 3749 per

1880 3763 2115 3830 priorem
2146 3764 2491 3818 diaconorum
2521 3764 2869 3819 cardinalium
2909 3768 3069 3821 modo
3095 3767 3227 3822 infra
3258 3771 3459 3839 scripto

1880 3853 2233 3908 Ordinabitur.

1958 3961 2148 4015 XXVI.
2181 3962 2323 4016 Ordo
2356 3961 2699 4017 Processionis
2724 3973 2841 4017 ante
2881 3964 3155 4020 Introitum
3193 3967 3385 4024 Missa.

1959 4076 2139 4129 Primo
2185 4074 2426 4144 procedit
2474 4076 2831 4129 subdiaconus
2872 4091 2994 4130 cum
3041 4093 3199 4133 cruce
3247 4080 3461 4135 indutus

1890 4165 2165 4229 tunicella,
2196 4174 2251 4218 et
2272 4176 2390 4234 post
2420 4180 2541 4219 eum
2571 4174 2868 4233 sequuntur
2905 4167 3121 4222 abbates
3140 4211 3154 4234 ,
3182 4169 3415 4239 episcopi
3442 4210 3460 4235 ,

1888 4255 2294 4325 archiepiscopi,
2316 4255 2481 4309 induti
2504 4256 2820 4323 pluvialibus
2834 4265 2886 4309 et
2908 4258 3078 4312 mitris
3099 4260 3457 4328 simplicibus;

1888 4356 1942 4400 et
1993 4347 2330 4415 postmodum
2357 4357 2649 4415 sequuntur
2681 4347 2976 4418 presbyteri
3014 4349 3312 4404 cardinales
3346 4351 3462 4420 pla-

1892 4440 2027 4492 netis
2057 4437 2222 4491 induti
2252 4453 2371 4492 cum
2406 4437 2578 4492 mitris
2614 4438 2976 4505 simplicibus;
3006 4440 3201 4497 deinde
3226 4441 3462 4512 epi.copi

189 4560 343 4629 quod
375 4527 425 4614 in
457 4559 640 4613 ultima
689 4527 886 4611 lotione
926 4554 1225 4609 cardinales
1252 4553 1445 4605 debent
1468 4547 1706 4603 sedendo
1732 4547 1785 4599 in
1818 4538 1866 4597 D
1893 4529 2189 4629 οπάίκῇίθε
2220 4527 2390 4581 indu“
2422 4527 2738 4594 Ριιινίθηδίιε
2772 4543 2892 4581 cum
2920 4530 3088 4583 πιίῑτῖε
3106 4529 3456 4598 είῐηβπίοίιιηε.

193 4664 385 4703 mensa
417 4648 602 4713 lavari,
629 4656 682 4700 et
705 4660 841 4701 unus
861 4645 951 4698 alii
982 4656 1164 4699 tenere
1188 4642 1473 4705 tobaleam,
1501 4638 1785 4695 domicello

196 4738 464 4792 fundente
492 4752 705 4805 aquam.

191 4847 393 4905 XXIV.
458 4846 533 4901 De
578 4848 907 4899 coronatione
956 4858 1102 4913 papa:
1150 4850 1295 4895 extra
1358 4839 1567 4913 Urbem,
1623 4845 1671 4891 et
1700 4837 1787 4913 __de

271 4934 444 5039 ρνιηῖιι
480 4920 759 4970 reverentia
789 4914 961 4984 ﬂenda
996 4909 1088 4966 sibi
1130 4928 1217 4982 per
1256 4912 1541 4963 cardinales
1579 4918 1625 4960 et
1656 4909 1786 4960 alios

281 5005 385 5042 vro:
409 4992 540 5040 alas.

284 5098 338 5152 In
364 5098 547 5165 primis
577 5110 787 5150 summo
810 5108 966 5147 mane
992 5092 1122 5145 hora
1152 5091 1359 5146 decenti
1383 5090 1629 5143 dominus
1656 5102 1785 5156 papa

200 5193 429 5249 indutus
477 5189 692 5258 pluviali
741 5187 911 5241 rubco
961 5200 1083 5239 cum
1134 5185 1288 5237 mitra
1335 5182 1538 5250 frigiata
1572 5179 1789 5232 intrabit

199 5286 491 5343 ecclesiam
522 5284 690 5337 sancti
718 5281 958 5343 Joannis,
1009 5278 1096 5332 ubi
1146 5275 1421 5331 coronatio
1461 5273 1619 5327 debet
1652 5272 1791 5324 cele-

204 5380 380 5434 brari.
433 5378 564 5432 Cum
604 5382 783 5429 autem
821 5372 1016 5425 dictam
1067 5369 1349 5424 ecclesiam
1391 5364 1686 5424 intraverit,
1738 5362 1789 5414 in

203 5472 395 5525 medio
417 5468 658 5524 ecclesiae
687 5476 871 5535 parato
891 5464 990 5518 sibi
1017 5461 1307 5517 faldistorio
1323 5458 1515 5511 orabit.
1541 5454 1792 5508 Oratione

206 5562 375 5625 facta,
404 5560 614 5624 stando,
646 5558 875 5629 receptis
901 5556 1147 5610 omnibus
1187 5549 1549 5615 cardinalibus
1576 5555 1630 5601 et
1659 5559 1796 5614 prte—

209 5654 341 5705 Iatis
369 5652 433 5705 ad
466 5651 818 5705 reverentiam
845 5646 1033 5700 ordine
1062 5659 1181 5703 suo.
1208 5644 1348 5696 dicet
1375 5640 1455 5695 Sit
1483 5653 1664 5691 nomen
1695 5635 1796 5687 Do-

209 5744 343 5795 mini
370 5743 705 5804 benedictum,
736 5750 790 5793 et
836 5737 1186 5806 respondetur
1230 5732 1311 5785 Ex
1344 5731 1438 5783 hoc
1480 5744 1632 5791 nunc,
1687 5735 1793 5780 etc.

1890 4626 1943 4671 et
1970 4616 2197 4684 quilibet
2233 4617 2421 4670 ordine
2448 4630 2581 4680 suo;
2630 4616 2965 4684 postmodum
3015 4629 3310 4687 sequuntur
3354 4621 3462 4675 duo

1889 4706 2119 4777 acolythi
2149 4706 2477 4773 cerolerarii,
2508 4716 2563 4760 et
2586 4707 2720 4761 alius
2748 4722 2870 4762 cum
2900 4710 3160 4776 navicula,
3193 4712 3463 4765 thuribulo

1889 4808 1943 4852 et
1973 4797 2392 4859 incenso,'nduti
2410 4798 2818 4866 soperpelliciis.
2843 4798 2969 4852 Post
2988 4799 3162 4854 dictos
3182 4801 3462 4870 acolythus

1890 4887 2277 4941 crdinabnntur
2304 4896 2507 4955 septem
2538 4887 2846 4942 subdiaconi
2893 4902 3014 4941 cum
3054 4888 3313 4942 tunicellis
3340 4905 3464 4959 por-

1895 4987 2068 5031 tantes
2107 4988 2311 5046 septcm
2362 4977 2712 5042 candelabra;
2765 4987 2819 5032 et
2874 4979 2927 5030 in
2981 4978 3156 5032 medio
3196 4978 3462 5033 dictorum

1892 5080 2098 5139 septem
2130 5069 2292 5140 265,
2315 5070 2415 5123 erit
2451 5069 2828 5132 subdiaconus,
2853 5070 2939 5136 qui
2965 5068 3202 5122 dicturus
3227 5078 3309 5122 est
3342 5070 3465 5138 Epi-

1894 5163 2106 5224 stulam,
2155 5173 2371 5229 portans
2415 5161 2607 5214 librum
2663 5161 3066 5227 Evangeliorum
3087 5175 3210 5215 ante
3240 5172 3465 5231 pectus;

1896 5262 1950 5306 et
1974 5252 2126 5321 juxta
2159 5253 2360 5306 dictum
2396 5252 2774 5306 subdiaconum
2804 5252 2897 5305 ibit
2926 5267 3060 5306 unus
3088 5254 3224 5308 alius
3249 5254 3468 5309 subdia-

1896 5358 2063 5397 conus
2083 5343 2169 5411 qui
2195 5343 2433 5396 dicturus
2457 5352 2535 5396 est
2570 5342 2858 5410 Epistolam
2890 5345 3152 5398 Graecam.
3184 5345 3308 5399 Post
3342 5360 3476 5411 prae»

1896 5438 2068 5490 dictos
2096 5436 2449 5489 subdiaconos
2470 5434 2811 5502 subsequitur
2838 5436 3093 5493 diaconus
3121 5434 3215 5505 qui
3237 5438 3469 5492 lecturus

1897 5536 1981 5580 cst
2025 5526 2366 5594 Evangeliutn
2418 5528 2469 5579 in
2522 5523 2731 5578 Grzeco.
2784 5526 3181 5595 Subscqucnter
3223 5526 3474 5580 incedcnt

1902 5618 2109 5673 diaconi
2131 5616 2427 5670 cardinales
2448 5616 2636 5670 ordine
2661 5630 2780 5679 suo,
2806 5616 2973 5669 induti
2996 5618 3308 5680 dalinaticis,
3336 5619 3473 5672 inter

1905 5732 2038 5787 quos
2067 5724 2151 5769 est
2177 5715 2264 5768 ille
2286 5682 2687 5777 cardinali‘s‘qui
2717 5708 2954 5763 dicturus
2993 5718 3074 5763 est
3129 5709 3471 5776 Ernngelinin
