4006 6298
588 313 721 369 115ῗί
1255 308 1593 362 Al‘l‘liNlTlX
1640 308 1728 361 AD
1768 306 1825 361 S.
1867 304 2196 361 GREGORII
2237 304 2452 359 MAGNI
2498 302 2860 358 LITUBGICA
2902 301 3154 355 OI‘ERA.
3720 300 3852 351 "Titi

588 432 822 485 ultimus.
884 424 1082 480 Deinde
1132 421 1236 477 duo
1292 423 1498 475 diaconi
1553 421 1887 484 cardinales,
1942 432 2075 472 unus
2128 431 2157 470 a
2187 419 2233 476 Α
2264 416 2502 469 osculum
2535 416 2749 469 iterato.
2774 415 2885 479 Qua
2917 415 3222 481 receptione
3250 412 3419 475 finita,
3444 411 3646 465 stando
3668 412 3858 475 inc.pt

588 523 806 584 dextris,
831 529 884 576 et
923 519 1060 572 alius
1099 529 1129 568 a
1158 514 1409 579 sinistris,
1439 513 1639 568 ducunt
1666 513 1940 567 dominum
1970 524 2158 579 papam
2262 503 2444 558 Gloria
2472 505 2522 557 in
2549 505 2761 558 excelsis
2786 502 2933 569 Deo;
2962 518 3067 571 quo
3100 503 3309 572 Hymno
3341 502 3605 572 Angelico
3639 507 3856 554 cantato

588 630 803 672 extensa
848 625 1036 679 mappa
1068 623 1225 675 super
1266 616 1421 674 caput
1448 605 1584 673 ejus,
1631 612 1687 659 ut
1731 604 1894 658 moris
1945 613 2059 665 est;
2107 609 2163 656 et
2263 607 2292 645 a
2315 594 2639 657 cantoribus,
2664 593 2807 647 dicet
2837 593 2890 646 in
2925 593 3110 647 eadem
3140 592 3271 647 sede
3296 589 3414 644 Pax
3441 591 3609 654 vobis,
3639 597 3726 655 et,
3752 604 3857 642 res-

588 708 771 760 nltimo
796 700 1136 768 Subsequitur
1165 697 1521 751 subdiaconus
1542 696 1632 764 qui
1662 696 1858 749 serviet
1882 693 1950 749 de
1977 695 2159 759 mitra,

587 814 703 851 rum
734 793 939 847 tobalca
971 788 1265 859 procedens
1293 797 1436 841 ante.
1490 786 1748 840 Dominus
1777 799 1909 854 papa
1940 784 2017 838 sic
2040 797 2162 851 pro-

587 885 957 943 cessionaliter
989 898 1080 951 per
1111 880 1394 934 ecclesiam
1422 879 1674 934 continue
1704 876 1998 932 benedicet.
2029 874 2161 929 Cum

586 993 758 1035 autem
804 977 871 1031 ad
916 975 1163 1029 thronum
1217 970 1539 1039 pervenerit,
1595 968 1884 1022 obviabunt
1920 966 2020 1020 sibi
2056 976 2163 1021 tres

588 1068 882 1141 presbyteri
914 1064 1237 1127 cardinales,
1263 1077 1396 1132 quos
1416 1061 1481 1114 ad
1504 1074 1685 1129 pacem
1716 1059 1958 1127 recipiet,
1987 1067 2041 1113 et
2063 1057 2165 1127 ipsi

588 1158 969 1213 osculabantur
998 1170 1117 1208 cum
1145 1153 1439 1208 reverentia
1469 1158 1654 1220 pectus
1678 1149 1814 1218 ejus,
1862 1157 1915 1202 et
1950 1147 2164 1202 ultimus

588 1251 789 1316 a..t:ibit
816 1250 1077 1319 plauelatu
1113 1261 1278 1316 papae.

521 1405 529 1416 ι
592 1378 801 1434 XXVII.
841 1375 920 1430 De
956 1374 1268 1439 confessione
1304 1388 1416 1437 ante
1442 1372 1500 1441 [it
1529 1372 1595 1423 ad
1622 1371 1803 1432 altare,
1844 1378 1891 1423 et
1937 1368 2159 1423 lntroitu

660 1447 853 1511 Missae,
905 1456 951 1499 et
1007 1444 1343 1497 Orationibus
1393 1458 1506 1511 quia
1555 1443 1795 1494 dicuntur
1852 1455 2003 1509 super
2050 1456 2166 1493 cum

660 1538 706 1584 ρ’
724 1535 818 1587 ope
853 1518 1034 1570 altare.

658 1632 1057 1697 Subsequenter
1078 1624 1370 1696 procedens
1390 1623 1486 1678 ibit
1510 1622 1974 1691 processionalitcr
2000 1634 2166 1689 usque

591 1724 657 1777 ad
686 1722 873 1787 altare,
898 1719 995 1774 sed
1023 1734 1126 1773 non
1156 1715 1393 1771 ascendit
1424 1723 1552 1767 tunc
1575 1712 1639 1766 ad
1669 1713 1839 1765 altare
1864 1729 1878 1773 ;
1918 1710 2011 1764 sed
2042 1711 2165 1763 abs-

592 1824 760 1869 tracta
802 1813 901 1867 sibi
953 1813 1107 1865 mitra
1152 1822 1247 1877 per
1298 1806 1418 1860 diac

590 1905 1000 1965 confessionem,
1036 1909 1092 1955 ut
1118 1906 1203 1954 est
1242 1897 1425 1950 moris.
1480 1895 1547 1948 Et
1595 1892 1720 1946 dum
1775 1890 1834 1943 fit
1879 1890 2165 1953 confessio,

592 1997 852 2064 incipiunt
876 2000 1120 2045 cantores
1160 1986 1458 2051 lntroitum,
1496 1993 1550 2038 et
1594 1984 1979 2051 subsequenter
2008 1978 2171 2049 Kyrie

591 2089 799 2142 sleison.
850 2083 915 2139 Et
965 2081 1101 2136 facta
1152 2079 1510 2141 confessione,
1538 2075 1785 2129 dominus
1813 2088 1944 2141 papa
1979 2073 2168 2140 recipit

593 2178 827 2239 mitram,
856 2182 912 2229 et
931 2170 1027 2228 ibit
1050 2171 1115 2225 ad
1145 2168 1327 2224 sedem
1349 2181 1523 2233 suam,
1551 2180 1656 2220 non
1687 2165 2032 2228 eminentem,
2072 2161 2167 2217 sed

591 2264 796 2320 sedi-bit
824 2262 878 2318 ln
909 2260 1205 2317 faldistorio
1229 2258 1283 2314 in
1311 2259 1469 2328 plano
1497 2256 1670 2326 posito
1696 2256 1837 2310 inter
1865 2254 2085 2307 chorum
2116 2260 2171 2308 et

592 2360 759 2412 altare
790 2363 1004 2427 propter
1029 2351 1434 2423 dispositionem
1485 2348 1748 2412 ecclesiae,
1794 2360 1946 2401 versa
1990 2354 2167 2399 tamen

594 2449 723 2503 facie
744 2448 810 2502 ad
836 2446 1024 2501 altare.
1052 2444 1273 2500 Domino
1295 2457 1430 2512 papa
1453 2442 1529 2497 sic
1550 2440 1793 2504 sedente,
1819 2438 2033 2493 venient
2062 2448 2170 2492 tres

593 2542 828 2610 episcOpi
857 2538 1154 2595 cardinales
1184 2550 1365 2591 coram
1400 2535 1542 2605 ipso,
1575 2533 1781 2589 scilicet
1827 2532 2169 2595 Albaneusis,

595 2633 898 2689 I’ortuensis
927 2641 982 2686 et
1008 2628 1304 2692 Ostiensis;
1343 2626 1536 2696 quibus
1564 2626 1644 2679 sic
1670 2623 1966 2679 astantibus
1989 2638 2169 2677 coram

598 2739 755 2792 papa,
800 2719 1115 2777 Albanensis
1160 2718 1292 2773 dicit
1330 2717 1553 2785 primam
1583 2715 2168 2781 Orationem,.scilicet,

597 2814 731 2867 Deus
752 2808 841 2880 qui
867 2811 1044 2864 adesse
1071 2808 1321 2878 dignaris,
1348 2815 1476 2868 etc.,
1502 2814 1559 2859 ut
1586 2818 1767 2872 supra.

664 2903 964 2962 Secundam
993 2901 1134 2955 dicet
1160 2901 1443 2968 episcopus
1472 2895 1776 2950 l’ortuensis
1798 2893 1879 2948 vel
1902 2893 2018 2961 ejus
2045 2891 2173 2948 sub-

598 3007 849 3068 rogatus,
902 2993 1124 3062 scilicet,
1172 2989 1644 3061 Supplicationibus
1684 2988 1891 3055 nostris,
1937 2997 2067 3052 etc.,
2116 2994 2174 3039 ut

595 3102 775 3158 supra.

669 3175 903 3233 ’lertiam
932 3174 1074 3230 dicet
1112 3172 1395 3241 episcopus
1424 3167 1707 3235 Ostiensis,
1749 3167 1977 3233 scilicet,
2012 3166 2170 3232 Deus,

596 3269 683 3338 qui
708 3266 994 3337 apostolum
1019 3272 1158 3319 totum
1186 3259 1418 3325 Petrum,
1452 3268 1579 3325 etc.,
1609 3268 1667 3313 ut
1686 3272 1865 3327 supra.

731 3376 970 3433 XXVIII.
1013 3373 1092 3429 De
1127 3372 1349 3429 secutufa
1375 3370 1654 3426 reverentia
1683 3369 2036 3441 pra'fatorum.

668 3487 956 3547 Sciendum
984 3496 1068 3541 est
1097 3494 1272 3539 tamen
1300 3480 1443 3552 quod
1469 3480 1684 3552 quando
1711 3478 1865 3535 dicta:
1894 3478 2177 3533 Orationes

596 3582 863 3645 dicentur,
890 3577 1140 3633 deminus
1165 3587 1303 3644 papa
1328 3586 1435 3628 non
1475 3569 1704 3638 sedebit,
1735 3569 1832 3625 sed
1871 3568 2033 3624 stabit
2059 3570 2176 3623 sine

598 3669 789 3732 mitra;
834 3674 890 3722 et
930 3662 1265 3737 postmodum
1314 3660 1472 3733 εδδ
1516 3658 1765 3714 dominus
1796 3672 1949 3727 papa,
1981 3656 2175 3712 sedens

601 3762 652 3815 iu
695 3757 992 3813 faldistorio
1029 3756 1084 3809 in
1111 3753 1286 3824 planis
1314 3752 1507 3822 posito,
1538 3749 1759 3818 recipiet
1784 3748 2030 3803 dominos
2057 3761 2174 3803 car-

599 3848 805 3904 dinales
831 3855 885 3903 et
912 3845 1160 3914 praelatos
1185 3856 1374 3896 omnes
1403 3840 1467 3896 ad
1500 3839 1690 3910 pedem
1719 3845 1773 3893 et
1800 3837 2065 3892 osculum.

560 3950 563 3953 1
602 3957 791 4015 XXIX.
826 3956 902 4016 De
930 3954 1089 4025 pallio
1120 3952 1291 4075 danti:
1320 3967 1409 4074 pett:
1434 3951 1657 4018 priorem
1686 3948 2018 4002 diaconorum
2052 3960 2171 4000 car-

1283 4038 1367 4075 ina
1391 4037 1515 4075 tum.

1283 4037 1515 4075 matrum.

576 4224 579 4225 ν
673 4143 876 4212 Quibus
901 4141 1148 4212 receptis,
1182 4138 1360 4195 veniet
1386 4136 1451 4192 ad
1481 4137 1666 4201 altare,
1696 4134 1786 4190 ubi
1816 4134 1920 4189 erit
1954 4133 2169 4202 pallium

604 4247 845 4307 paratum
876 4249 970 4305 per
996 4233 1232 4304 priorem
1259 4229 1706 4286 subdiaconorum
1735 4226 2127 4296 capellanorum
2154 4240 2167 4288 ;

598 4339 652 4383 ct
699 4328 805 4383 duo
854 4327 1062 4396 priores
1116 4323 1468 4381 diaconorum
1514 4317 1861 4374 cardinalium
1917 4316 2170 4371 tenebunt

604 4418 819 4486 pallium
849 4417 1057 4487 ipsum;
1087 4421 1142 4469 et
1166 4422 1289 4467 tunc
1316 4410 1461 4480 prior
1487 4408 1697 4465 illorum
1726 4407 1953 4462 duorum
1978 4406 2170 4461 diaco-

2267 697 2435 751 ponso
2477 681 2685 735 Etcum
2727 683 2913 750 spiritu
2957 690 3066 747 tuo,
3097 681 3281 749 incipit
3324 683 3641 736 Orationem
3678 680 3858 734 Domi-

2267 773 2400 826 nica:
2430 772 2571 836 alte;
2601 788 2700 841 qua
2726 774 2977 828 Oratione
2998 775 3291 842 completa,
3322 782 3377 826 et
3410 781 3599 827 secuta
3630 786 3857 838 respon-

2266 863 2418 915 sione
2445 863 2626 928 Amcn,
2677 872 2850 931 potest
2876 863 3055 918 dicere
3081 862 3240 918 aliam
3284 862 3596 917 Orationem
3644 872 3858 917 secrete

2266 970 2366 1024 pro
2388 971 2447 1010 se
2478 960 2613 1025 ipso,
2640 958 2684 1011 si
2711 956 2959 1011 voluerit.
2983 956 3327 1026 Exprimatur
3348 966 3529 1011 tamen
3550 957 3742 1012 Oratio
3763 973 3857 1027 per

2266 1058 2578 1113 extensum;
2609 1050 2949 1117 poSImodum
2980 1048 3236 1104 residebit
3262 1049 3316 1103 in
3339 1049 3489 1103 sede.

2268 1159 2457 1214 XXXI.
2495 1160 2569 1213 De
2595 1162 2743 1213 rebus
2779 1171 3003 1213 statuunt
3041 1162 3342 1215 ordinandi:
3368 1178 3459 1230 per
3486 1162 3725 1231 priore-ri
3748 1163 3857 1213 dm-

2339 1247 2580 1281 conormn
2612 1232 2973 1300 (ordino/ium,
3002 1242 3049 1284 rt
3080 1232 3312 1285 laudibus
3339 1248 3429 1300 per
3466 1235 3709 1286 eumdem
3737 1234 3858 1284 inci-

2338 1301 2537 1368 piendis
2564 1309 2682 1353 ante
2714 1298 3017 1370 Epistolam.

2340 1409 2459 1478 Ipso
2487 1411 2644 1478 igitur
2672 1410 2889 1468 domino
2919 1425 3049 1479 papa
3092 1412 3169 1464 sic
3197 1412 3249 1466 in
3274 1426 3369 1464 sua
3398 1410 3529 1465 sede
3562 1410 3853 1473 residente,

2268 1504 2416 1570 prior
2458 1503 2802 1556 diaconorum
2836 1512 3053 1571 portans
3100 1502 3321 1557 ferulam
3368 1504 3418 1556 in
3452 1502 3709 1556 manibus
3739 1518 3856 1556 cum

2268 1595 2581 1649 diaconibus
2612 1604 2665 1647 et
2691 1594 3127 1661 subdiaconibus,
3160 1594 3459 1649 scriniariis
3485 1604 3542 1649 et
3563 1594 3855 1662 jndicihus,

2269 1686 2517 1739 omnibus
2557 1684 2876 1753 pluvialibus
2923 1686 3239 1738 soletnniter
3285 1684 3507 1749 indutis,
3563 1685 3858 1739 descendet

1422 1818 1579 1859 unum
1630 1802 1957 1855 cardinalem
1982 1840 1997 1862 ο
2039 1799 2165 1853 facit
2200 1775 2242 1834 Β
2268 1787 2391 1829 ante
2419 1777 2604 1838 altare,
2632 1784 2683 1828 et
2709 1775 2867 1829 faciet
2891 1774 3026 1828 duas
3046 1776 3209 1840 acies,
3240 1776 3402 1846 266
3423 1790 3589 1829 unam
3614 1791 3679 1829 ex
3717 1786 3860 1841 parte

2276 1881 2401 1928 una,
2435 1876 2488 1920 et
2517 1866 2676 1919 aliam
2706 1880 2774 1921 ex
2801 1877 2951 1934 parte
2979 1866 3102 1929 alia,
3134 1867 3410 1934 aequaliter
3443 1866 3765 1934 dividendo,
3792 1868 3857 1919 ita

2271 1955 2410 2025 quod
2442 1957 2491 2008 in
2520 1956 2757 2022 qualibet
2785 1957 2896 2009 acie
2919 1956 2989 2009 sit
3013 1956 3079 2010 de
3102 1956 3338 2026 quolibet
3359 1955 3587 2019 ordine;
3620 1965 3677 2009 ct
3700 1966 3857 2022 ponet

2274 2045 2449 2115 primo
2477 2047 2731 2101 diaconos
2747 2044 2901 2115 juxta
2935 2047 3125 2110 altare,
3151 2046 3241 2116 qui
3270 2055 3526 2118 poterunt
3551 2057 3743 2103 tenere
3771 2050 3857 2103 mi-

2273 2144 2406 2200 tras,
2433 2134 2481 2190 si
2508 2136 2809 2202 voluerint;
2838 2136 3076 2191 secundo
3111 2137 3493 2202 subdiaconus,
3523 2137 3690 2193 tertio
3714 2138 3857 2207 judi-

2271 2243 2383 2293 ces,
2418 2236 2610 2298 quarto
2639 2225 2968 2284 scriniarios.
3000 2227 3204 2295 Quibus
3223 2228 3443 2285 aciebus
3471 2229 3552 2284 sic
3579 2228 3860 2293 ordinatis,

2273 2319 2421 2388 prior
2450 2317 2799 2372 diaconorum
2847 2319 3035 2388 incipit
3079 2318 3289 2373 laudem
3342 2318 3449 2373 alta
3499 2333 3667 2386 voce,
3717 2324 3860 2389 quad

2274 2406 2520 2478 legendo,
2552 2417 2607 2463 et
2632 2407 2789 2461 stabit
2820 2408 2937 2462 sine
2964 2407 3144 2475 mitra,
3175 2406 3405 2476 Exaudi,
3440 2407 3667 2474 Christe,
3703 2419 3762 2463 et.
3786 2412 3861 2478 jn-

2273 2502 2419 2555 dices
2447 2509 2503 2556 et
2548 2500 2812 2555 scriniarii
2843 2500 3093 2555 similiter
3131 2500 3536 2569 respondebunt
3587 2500 3641 2553 in
3681 2513 3861 2561 cantu,

2273 2593 2422 2659 quasi
2452 2589 2679 2661 legendo
2710 2607 2721 2643 :
2752 2588 2970 2644 Domino
2992 2598 3165 2643 nostro
3193 2588 3268 2643 N.
3296 2606 3329 2642 a
3351 2588 3464 2643 Deo
3494 2590 3701 2643 decreto
3733 2607 3863 2642 sani—

2272 2697 2356 2733 mo
2384 2680 2614 2751 pontiﬁci
2641 2689 2688 2734 et
2712 2678 2986 2733 universali
3010 2694 3158 2748 papa:
3182 2678 3317 2743 vita;
3344 2687 3401 2732 et
3427 2679 3508 2733 sic
3535 2678 3607 2730 di.
3628 2688 3753 2732 etur
3790 2687 3864 2730 tes

2273 2786 2372 2839 per
2395 2770 2594 2823 dictum
2626 2769 2857 2840 priorem
2886 2768 3210 2822 cardinalem
3232 2783 3247 2831 ;
3273 2777 3327 2821 et
3348 2768 3713 2835 respondetur
3738 2776 3822 2821 ter
3840 2784 3865 2819 a

2271 2859 2537 2928 judicibus
2563 2869 2615 2913 et
2645 2858 2955 2913 scriniariis.
2977 2857 3376 2925 Subrejuenter
3404 2857 3546 2912 idem
3578 2858 3729 2927 prior
3758 2858 3866 2911 dia-

2275 2965 2531 3004 conorum
2562 2951 2703 3005 dicet
2735 2949 2974 3005 Salvator
2991 2950 3192 3015 mundi,
3214 2955 3269 3003 et
3285 2948 3499 3017 judices
3525 2959 3579 3001 et
3604 2949 3869 3003 scriniarii

2275 3040 2673 3121 respondebunt
2701 3039 2780 3093 Tu
2803 3042 2950 3094 illum
2979 3040 3198 3108 adjuva;
3231 3049 3286 3094 et
3321 3040 3402 3093 sic
3428 3040 3650 3094 dicetur
3681 3050 3793 3100 ter,
3821 3052 3869 3093 et

2201 3132 2249 3196 C
2280 3132 2687 3201 respondebitur
2718 3142 2819 3185 ter.
2849 3129 2977 3184 Item
3003 3131 3141 3184 idem
3172 3130 3317 3199 prior
3338 3130 3701 3184 diaconorum
3729 3131 3870 3185 dicet

2277 3222 2472 3279 Sancta
2504 3222 2697 3288 Maria,
2727 3231 2780 3275 et
2812 3220 3051 3289 praedicti
3082 3218 3486 3288 reSpondebunt
3509 3220 3593 3273 bis
3618 3219 3699 3273 Tu
3726 3222 3871 3274 illm

2274 3314 2484 3381 adiuva.
2511 3312 2711 3368 Eodem
2744 3313 2902 3367 modo
2922 3313 3063 3366 dicet
3089 3312 3228 3367 idem
3251 3313 3421 3382 prior,
3438 3322 3654 3367 tantum
3680 3318 3870 3377 semel,

2275 3402 2466 3459 Sancte
2488 3402 2732 3468 Michael,
2764 3412 2895 3468 etc.,
2928 3411 2987 3456 ut
3011 3417 3194 3472 supra.

2345 3494 2548 3562 Quibus
2564 3493 2751 3560 finitis,
2770 3496 2917 3564 prior
2929 3494 3273 3549 diaconorutn
3289 3493 3433 3551 dicet
3444 3492 3639 3565 Kgrie,
3657 3495 3873 3561 ιιάωι,

2275 3596 2331 3640 et
2356 3586 2591 3656 praedicti
2621 3585 2833 3656 judices
2855 3595 2911 3639 et
2938 3583 3207 3640 scriniarii
3245 3586 3657 3656 respondebunt
3686 3585 3872 3656 Kgn‘e,

2275 3677 2502 3741 cleison,
2545 3686 2600 3732 et
2646 3678 2748 3731 hoc
2796 3685 2877 3731 ter
2923 3675 3151 3742 dicetur,
3193 3685 3245 3732 et
3285 3685 3368 3731 ter
3411 3677 3872 3742 respondebitur;

2277 3769 2615 3838 postmodum
2662 3783 2852 3825 omnes
2900 3768 3061 3825 simul
3107 3770 3286 3825 dicent
3322 3785 3429 3824 una
3469 3768 3528 3826 ἃ
3574 3771 3689 3825 alta
3745 3785 3873 3825 voce

2278 3859 2438 3930 Kyrie
2488 3860 2698 3913 elcison.

2278 3970 2494 4026 XXXII.
2526 3971 2601 4023 De
2628 3969 2864 4041 Epist_ola
2890 3969 3074 4041 Latina
3097 3977 3143 4023 et
3172 3968 3375 4041 (ἔπεσα,
3405 3981 3451 4023 et
3485 3969 3801 4039 Evangelia,
3830 3981 3875 4023 et

2756 4039 3034 4105 Graduali,
3062 4049 3107 4093 et
3138 4040 3387 4094 Alleluia.

2349 4133 2619 4188 Laudibus
2664 4132 2743 4187 sic
2793 4131 2974 4194 finitis,
3025 4130 3223 4185 dicitur
3266 4129 3505 4199 Epistula
3560 4130 3779 4194 Latius,
3820 4142 3870 4183 et

2275 4225 2662 4293 subsequenter
2716 4222 2899 4277 Graeca
2957 4235 3118 4291 super
3170 4219 3431 4288 pulpitum
3494 4221 3867 4276 eminentem;

2274 4316 2467 4385 quibus
2518 4313 2692 4379 lectis,
2746 4312 3047 4367 cantabitur
3099 4310 3362 4365 Graduale
3412 4316 3468 4364 et
3515 4308 3869 4370 Alleluia;et

2274 4408 2614 4473 postmodum
2646 4404 2854 4458 dicetur
2904 4401 3249 4470 Evangelium
3280 4400 3556 4466 Latinum,
3582 4411 3639 4453 et
3685 4402 3869 4454 subsc-

602 4525 787 4563 norutn
815 4494 1160 4562 cardinalium
1190 4504 1336 4558 solus
1365 4501 1511 4557 dabit
1555 4501 1772 4571 pallium
1809 4499 2041 4570 pontifici
2071 4498 2175 4554 sub
2203 4499 2255 4560 1)
2278 4505 2501 4565 quenter
2529 4495 2795 4560 Graecum,
2820 4494 2871 4547 in
2903 4491 3161 4545 eminenti
3195 4489 3399 4559 pulpito
3422 4498 3473 4543 ct
3496 4491 3863 4549 convenienti,

603 4603 683 4655 liis
710 4600 885 4656 verbis
909 4617 921 4652 :
948 4599 1128 4667 Accipe
1145 4597 1380 4666 pallium,
1401 4595 1771 4665 plenitudinem
1789 4591 1980 4646 scilicet
2004 4593 2172 4662 ponti-

601 4692 765 4760 ﬁcalis
793 4689 973 4760 ofﬁcii,
1013 4686 1081 4738 ad
1118 4684 1359 4737 honorem
1398 4682 1753 4751 omnipotentis
1781 4680 1897 4747 Dei,
1932 4680 2173 4750 gloriosae

602 4784 786 4837 Maria:
825 4782 1031 4851 virginis
1057 4779 1166 4848 ejus
1188 4775 1468 4849 genitricis,
1491 4778 1752 4829 beatorum
1769 4772 1919 4840 Petri
1943 4783 1990 4828 et
2011 4771 2173 4827 Pauli

601 4896 662 4932 ac
689 4884 880 4932 sanctw
912 4874 1154 4927 Romanae
1182 4867 1447 4923 Ecclesiae.

605 5014 771 5072 XXX.
799 5011 875 5066 De
896 5026 1110 5065 ascensu
1140 5022 1283 5075 papa:
1305 5006 1372 5058 ad
1395 5003 1579 5067 altare,
1607 5011 1652 5057 et
1678 5003 2019 5075 incensatione
2044 5001 2173 5075 alta-

672 5088 766 5151 ris,
796 5093 845 5137 et
874 5083 937 5135 de
968 5082 1116 5135 tertia
1140 5071 1434 5151 ire'ceptione
1462 5073 1802 5151 cardinalium
1833 5083 1893 5151 _et
1930 5071 2172 5151 prwlato-

670 5144 785 5211 rum
810 5155 877 5208 ad
906 5144 1401 5213 reuerentiam,dum
1428 5155 1500 5198 est
1525 5147 1577 5198 in
1604 5144 1842 5197 eminenti
1862 5145 1996 5195 sede.

676 5268 742 5321 Et
757 5275 937 5335 aptato
963 5262 1121 5333 pallio
1145 5260 1257 5329 ipso
1284 5271 1442 5327 super
1469 5270 1588 5309 eum
1610 5269 1728 5307 cum
1756 5254 1923 5306 tribus
1949 5251 2172 5321 spinults

604 5359 784 5415 aureis
815 5372 908 5427 per
933 5356 1215 5411 diaconum
1247 5347 1571 5404 cardinalem
1606 5355 1656 5400 et
1681 5343 2085 5407 subdiaconutn,
2116 5352 2175 5395 ut

602 5452 766 5503 moris
796 5456 899 5512 est,
927 5444 1168 5500 ascendit
1194 5442 1441 5497 dominus
1471 5452 1606 5508 papa
1657 5437 1721 5492 ad
1765 5435 1952 5501 altare,
2001 5443 2054 5486 et
2095 5434 2175 5487 iu-

600 5538 841 5595 seusalzit
870 5538 1071 5600 altare;
1100 5549 1205 5605 quo
1231 5534 1526 5596 iucensato,
1556 5529 1810 5584 ascendet
1838 5526 1902 5579 ad
1931 5525 2173 5579 eminen-

603 5644 707 5685 tcn.
752 5628 971 5691 sedem;
1001 5635 1077 5691 et,
1107 5625 1303 5681 sedens
1328 5626 1380 5679 in
1409 5623 1549 5691 dicta
1575 5620 1703 5675 sede
1733 5617 2000 5688 palliatus,
2031 5614 2170 5669 reci-

610 5725 723 5790 piet
753 5732 939 5775 omnes
967 5716 1263 5776 cardinales
1300 5724 1352 5770 et
1392 5713 1647 5783 praelatos
1690 5711 1754 5765 ad
1801 5709 1950 5778 pedis
1978 5715 2032 5763 et
2061 5706 2171 5760 oris

2279 4597 2337 4642 ut
2383 4586 2547 4640 moris
2600 4596 2706 4650 est,
2751 4594 2957 4652 septem
3007 4582 3425 4637 subdiaconibus
3475 4595 3605 4634 cum
3664 4592 3865 4649 septem

2279 4680 2468 4733 faculis
2512 4678 2937 4748 praecedeiixibus
2981 4676 3153 4729 dictos
3188 4676 3465 4736 diaconos
3495 4682 3554 4726 et
3592 4673 3866 4725 litoriliqu

2277 4786 2398 4826 cum
2429 4772 2669 4832 incenso.
2716 4779 2769 4822 ut
2812 4777 2895 4823 est
2940 4768 3051 4821 fieri
3082 4780 3430 4827 consuetum;
3482 4772 3541 4816 et
3583 4764 3668 4818 sic
3712 4763 3866 4816 uisis

2280 4862 2516 4929 procedit
2545 4859 2731 4914 ordine
2757 4874 2853 4912 sun
2884 4872 3050 4927 usque
3079 4857 3143 4910 ad
3179 4859 3358 4910 linem.

2278 4968 2514 5025 XXXIII.
2558 4970 2633 5023 De
2670 4968 3124 5023 communicatione
3165 4965 3358 5018 domini
3402 4980 3557 5034 papa
3594 4964 3671 5017 ad
3699 4966 3865 5017 sedeat

2687 5041 2988 5093 eminentem
3018 5036 3189 5105 ﬂenda
3214 5036 3436 5088 rubrica.

2345 5151 2777 5208 Commttnicabit
2804 5161 2980 5205 tamen
3011 5148 3262 5202 dominus
3294 5163 3425 5217 papa
3453 5162 3704 5217 congrue
3734 5158 3865 5201 tem-

2279 5259 2406 5312 pore
2434 5257 2558 5296 cum
2588 5241 2949 5305 solemnitate,
2980 5255 3083 5294 nou
3128 5247 3305 5293 tamen
3336 5253 3497 5304 super
3523 5239 3721 5303 altare,
3766 5237 3863 5291 sed

2276 5334 2341 5386 ad
2371 5331 2552 5387 sedem
2599 5334 2943 5385 eminentem.
2991 5326 3313 5382 Solemnitas
3341 5336 3520 5381 autem
3554 5326 3863 5394 bnjusmodi

2274 5424 2666 5482 communionis
2696 5422 3018 5485 servabitur,
3050 5434 3171 5489 qua:
3197 5421 3401 5474 servari
3450 5420 3503 5471 in
3533 5418 3659 5472 aliis
3692 5417 3865 5470 Missis

2273 5516 2604 5575 solemnibus
2630 5512 2928 5569 consuevit.
2953 5512 3110 5566 Missa
3135 5525 3261 5565 vero
3290 5510 3578 5579 completa,
3611 5509 3866 5561 dominas

2276 5628 2409 5683 papa
2452 5611 2583 5666 dicit
2630 5610 2713 5665 Sit
2750 5622 2935 5660 nomen
2987 5604 3192 5659 Domini
3228 5604 3573 5664 benedictum,
3615 5601 3781 5671 267
3812 5612 3865 5653 et

2279 5701 2630 5775 respondetur
2656 5698 2737 5753 Ex
2765 5699 2859 5751 Itoc
2888 5711 3021 5750 nunc
3048 5706 3094 5750 et
3121 5710 3280 5763 usque
3306 5694 3359 5747 in
3386 5694 3657 5756 siccatum,
3689 5700 3742 5745 et
3776 5690 3869 5743 dat
