4006 6296
180 320 312 371 ΗόἹ

1351 335 1609 393 ROMANI
1649 342 1961 398 OIiDINES.
2005 375 2072 384 —
2113 346 2253 400 XIV.

3306 359 3432 419 itas

175 439 629 496 ltencdictioucm.
661 443 724 497 Et
765 446 1141 506 lieuedictiune
1171 452 1314 518 data,
1347 461 1630 528 episcopus
1664 459 1751 528 qui
1780 467 1828 521 Α
1859 460 2099 516 XXXIX.
2136 463 2212 533 De
2227 465 2376 534 jactu
2396 469 2624 537 pecunia;
2642 468 2906 538 quinquies
2931 468 3165 539 faciendo
3191 475 3239 526 in
3271 477 3431 528 diaer-

169 529 398 583 servivit
422 547 526 585 nou
555 533 693 588 dicet
725 535 940 593 domino
971 555 1119 610 papa:
1147 543 1344 604 Multos
1373 565 1556 605 annos.

170 658 391 750 XXXIV?
432 663 524 743 .De
548 666 625 718 his
655 683 770 733 qua:
805 669 1066 750 [ξφα-ροσε
1099 676 1332 741 Missam,
1361 690 1408 733 et
1445 687 1755 750 paramentis

246 734 442 786 domini
495 752 664 802 pupis,
709 734 1070 814 cardinalium,
1121 734 1470 816 prwlatorumr,
1498 734 1754 808 etin-lio-

239 819 353 856 rum
364 843 377 857 .

240 915 532 978 Omnibus,
585 926 643 972 ut
691 922 1022 988 prmmissum
1064 935 1180 990 est,
1213 929 1314 984 rite
1355 931 1603 998 peractis,
1641 936 1754 1003 ipse

165 1005 418 1059 dominus
459 1023 592 1077 papa
624 1021 677 1063 et
706 1026 894 1066 omnes
922 1016 1241 1082 cardinales,
1271 1031 1324 1074 et
1352 1021 1439 1074 alii
1472 1024 1672 1089 praelati
1698 1037 1753 1081 et

163 1095 497 1162 aubdiaconi,
517 1097 722 1166 judices
741 1110 791 1154 et
815 1102 1100 1169 scriniarii,
1122 1105 1344 1174 quilibet
1368 1110 1418 1163 in
1435 1113 1602 1180 gradu
1627 1129 1746 1182 suo,

161 1183 426 1251 depositis
451 1191 772 1255 paramentis
806 1191 1082 1259 viridibus,
1111 1196 1395 1252 iuduentur
1418 1203 1750 1259 vestimentis

160 1279 300 1333 albis
344 1282 566 1349 pretiosi
601 1283 817 1348 coloris,
853 1288 896 1339 si
931 1286 1244 1354 habuerint;
1289 1292 1523 1361 episcopi
1554 1295 1751 1363 pluvia-

161 1368 321 1433 libus,
368 1372 594 1440 presbyt-
617 1374 659 1426 ri
692 1375 894 1440 casula,
927 1377 1140 1432 diaconi
1182 1381 1502 1449 dalmaticis,
1532 1387 1749 1440 subdia-

159 1460 281 1508 coni
308 1458 594 1525 tunicellis,
609 1462 841 1531 acolylhi
861 1473 915 1517 et
935 1466 1020 1518 alii
1047 1469 1307 1536 capellani
1325 1474 1744 1542 superpclliciis;

160 1545 494 1611 patriarchae,
526 1550 940 1622 archiepiscopi,
965 1556 1187 1613 abbates
1219 1561 1568 1630 pluvialibus;
1596 1565 1745 1634 judi-

156 1649 250 1688 ees
279 1645 334 1690 et
363 1638 626 1693 scriniarii
653 1643 970 1710 pluvialibus
995 1657 1152 1703 erunt
1192 1650 1385 1719 induti,
1419 1662 1475 1709 et
1496 1667 1745 1712 cantores

157 1730 566 1797 superpelliciis.

2525 543 2592 591 sis
2625 540 2770 593 locis.

1810 619 1852 676 ὁ
1930 618 2280 675 Processione
2312 622 2488 677 taliter
2508 625 2773 693 ordinata,
2807 627 3056 682 dominus
3091 644 3219 698 papa
3250 648 3435 688 ascen-

1856 708 1934 762 dit
1953 724 2167 776 equum.
2198 711 2252 765 In
2278 713 2466 768 eodem
2490 715 2607 769 loco
2636 728 2752 786 post
2779 734 2898 772 eum
2927 736 3021 788 per
3043 726 3433 791 mareseallum,

1858 798 1939 851 vel
1986 799 2170 867 alium,
2195 801 2322 855 fient
2349 811 2428 857 ter
2457 806 2677 860 missilia
2709 809 2788 862 vel
2813 809 2988 877 jactus
3014 814 3270 878 pecuniae.
3300 814 3432 868 Cum

1854 901 2030 943 autem
2063 895 2366 959 pervenerit
2390 895 2456 948 ad
2491 898 2744 965 plateam,
2777 909 2903 955 ante
2943 904 3224 959 ecclesiam
3263 911 3431 963 sancti

1856 980 2075 1044 Nicenii,
2103 984 2292 1052 aliquis
2317 985 2589 1042 familiaris
2613 992 2811 1045 domini
2838 1008 2984 1061 papa:
3009 1004 3157 1052 stans
3181 1000 3232 1052 in
3256 1000 3434 1071 aliquo

1855 1070 1975 1125 loco
2022 1075 2276 1128 eminenti
2327 1076 2487 1131 faciet
2527 1080 2689 1134 alium
2736 1083 2938 1150 jactum
2970 1093 3230 1156 pecuniae,
3256 1104 3310 1146 et
3349 1070 3432 1148 ibi

1853 1164 2101 1215 dominus
2124 1179 2256 1232 papa
2275 1167 2448 1220 trahet
2476 1169 2709 1237 aliquam
2738 1188 2966 1230 moram.

1855 1250 1965 1305 XL.
2014 1250 2093 1304 De
2139 1253 2248 1323 lege
2299 1255 2558 1320 offerenda
2596 1278 2686 1330 per
2739 1261 2984 1332 Judwos,
3015 1279 3065 1321 et
3108 1278 3432 1341 responsione

2559 1346 2725 1399 papw.

1923 1407 1992 1461 Et
2022 1409 2240 1464 venient
2266 1410 2432 1466 Judaei
2463 1431 2583 1469 cum
2615 1420 2730 1488 lege
2760 1435 2875 1487 sua,
2902 1432 2955 1477 et
2996 1424 3194 1481 facient
3232 1430 3280 1484 ei
3330 1432 3432 1484 lau-

1848 1495 1995 1563 dem,
2026 1506 2082 1552 et
2110 1497 2335 1554 ofl'crent
2382 1505 2429 1556 ei
2465 1503 2632 1571 legem
2666 1517 2723 1558 ut
2750 1509 2954 1564 adoret.
2992 1514 3058 1566 Et
3097 1523 3223 1569 tunc
3260 1517 3430 1570 domi-

1849 1605 1954 1644 nus
1987 1605 2120 1660 papa
2155 1596 2550 1651 commendabit
2604 1599 2796 1669 legem,
2827 1614 2881 1656 et
2923 1607 3195 1662 damnabit
3242 1610 3428 1666 obser-

1851 1682 2080 1737 vantiam
2128 1683 2465 1753 Iudaeorum,
2522 1689 2636 1744 sive
2686 1692 3046 1763 intellectum,
3097 1699 3224 1766 quia
3269 1716 3426 1769 quem

1848 1772 2031 1827 dicunt
2061 1785 2365 1838 venturum,
2391 1780 2625 1835 Ecclesia
2655 1783 2814 1838 docet
2838 1795 2892 1840 et
2923 1788 3178 1855 praedicat
3199 1789 3310 1858 jam
3343 1808 3427 1846 vc-

158 1857 375 1917 χχχν,
409 1861 488 1918 οε
513 1867 841 1923 coronamus
870 1872 1065 1926 domi,"-
1094 1891 1242 1944 ραρω
1260 1893 1352 1947 per
1370 1880 1594 1950 priorem
1622 1883 1737 1936 dia,
1775 1859 1818 1918 Β
1847 1864 1992 1919 uisse
2016 1867 2296 1921 Dominum
2322 1868 2502 1924 Jesum
2540 1871 2835 1929 Christum.
2862 1875 3117 1933 Similiter
3145 1857 3266 1933 cum
3309 1895 3426 1947 per-

683 1954 931 1994 eonorum
957 1945 1212 2013 facienda.

225 2043 482 2104 Dominus
524 2065 658 2121 papa
687 2055 866 2110 omnia
895 2058 1129 2126 pretiosa
1155 2063 1471 2119 vestimenta
1500 2065 1739 2136 habebit,

154 2139 373 2206 pallium
397 2150 451 2195 et
476 2144 690 2199 mitram
713 2149 1026 2218 pretiosam,
1048 2152 1389 2212 chirothecas
1406 2165 1461 2214 et
1483 2161 1737 2217 annulum

151 2232 542 2302 pontificalem;
589 2246 646 2293 et
672 2239 750 2295 sic
776 2251 998 2298 ornatus
1028 2259 1150 2300 cum
1185 2249 1436 2305 omnibus
1464 2251 1644 2306 veniet
1670 2253 1736 2307 ad

151 2331 358 2390 portam
393 2325 476 2380 vel
514 2327 582 2380 ad
607 2328 807 2397 gradus
855 2331 1120 2401 ecclesiae,
1147 2345 1200 2392 et
1228 2339 1486 2395 ascendet
1509 2341 1741 2414 cadafal-

153 2427 280 2466 cum
310 2429 407 2470 seu
437 2416 697 2486 pulpitum
721 2419 979 2492 ligneum,
1004 2424 1092 2480 ubi
1122 2425 1359 2485 inveniet
1381 2431 1563 2486 sedem
1585 2446 1735 2488 suam

152 2505 464 2560 solemniter
493 2519 877 2578 prmparatam;
907 2522 962 2568 et
981 2515 1186 2572 sedenti
1214 2517 1266 2572 in
1296 2520 1430 2575 sedo
1445 2523 1592 2591 prior
1616 2522 1736 2577 dia-

151 2611 408 2651 cunorum
457 2601 806 2657 cardinalium
851 2605 1098 2661 extrahet
1146 2610 1247 2664 sibi
1279 2611 1512 2677 mitram,
1545 2621 1602 2668 et
1646 2613 1737 2667 im-

151 2699 310 2756 ponet
339 2691 499 2760 capiti
532 2708 628 2746 suo
657 2709 907 2750 coronam
933 2713 1051 2764 qua:
1091 2709 1310 2756 vocatur
1340 2717 1587 2773 regnum,
1622 2714 1734 2760 tuto

151 2781 346 2849 papqu
367 2783 628 2838 clamante
652 2784 834 2855 Kyrie,
859 2786 1068 2840 eleison.

365 2892 603 2951 XXXVI.
648 2894 727 2950 De
758 2898 1077 2968 indulgentia
1105 2901 1277 2955 danda
1307 2905 1517 2974 papula.

216 3004 282 3057 Et
334 3005 526 3062 ibidem
559 3023 654 3076 per
690 3011 920 3076 priorem
963 3013 1333 3083 episc0porum
1380 3019 1727 3076 cardinalium

149 3099 473 3151 auctoritate
498 3099 701 3154 domini
734 3116 884 3170 papze
915 3103 1241 3173 indulgentia
1270 3110 1467 3178 populo
1491 3111 1726 3180 dabitur,

148 3193 299 3252 prout
333 3186 548 3240 domino
587 3203 738 3257 papa:
765 3191 1016 3260 placebit.

272 3279 538 3352 XXXVII.
573 3299 648 3354 De
673 3312 854 3356 ornatu
879 3320 1124 3374 equorum
1153 3307 1206 3361 in
1245 3307 1598 3369 Processione.

217 3408 334 3476 Quo
359 3408 518 3476 facto,
549 3412 878 3470 descendent
908 3417 1192 3487 pulpitum,
1234 3429 1291 3476 et
1317 3421 1538 3490 quilibet
1566 3425 1731 3482 cardi-

145 3502 282 3557 nalis
326 3514 378 3557 et
421 3506 672 3571 prmlatus
693 3523 813 3564 cum
842 3512 988 3566 omni
1014 3523 1204 3569 ornatu
1244 3517 1505 3585 equitabit
1529 3534 1726 3589 equum

142 3604 453 3662 coopertum
501 3611 679 3666 panno
706 3599 866 3665 albo;
896 3601 1209 3660 subdiaconi
1254 3621 1404 3673 vero,
1435 3608 1720 3679 capellani,

141 3684 380 3755 iudices,
427 3689 690 3768 scriniarii
719 3701 774 3747 et
824 3692 914 3748 alii
966 3695 1128 3766 268
1174 3699 1491 3768 equitabunt
1536 3713 1725 3761 ornate

143 3777 343 3844 vestiti,
381 3794 484 3832 non
503 3767 692 3836 tamen
730 3797 899 3854 equos
927 3767 1237 3855 c00pertos.
1260 3789 1402 3860 Papa
1427 3807 1556 3849 vero
1584 3795 1724 3864 equi-

141 3867 275 3921 tabit
303 3884 493 3938 equum
523 3886 772 3944 magnum
804 3875 1081 3934 faleratum
1128 3895 1194 3936 ex
1241 3893 1393 3952 parte
1438 3888 1722 3954 posteriori

138 3957 208 4011 de
237 3960 491 4016 scarleto.

135 4069 423 4127 XXXVIII.
459 4074 602 4130 Ordo
638 4077 998 4157 Processionis
1026 4083 1266 4142 solemnis
1297 4098 1411 4157 post
1438 4092 1722 4147 coronatio-

670 4165 782 4203 nem
805 4150 999 4207 domini
1019 4172 1185 4224 papae.

205 4253 466 4312 Omnibus
501 4273 668 4328 equos
696 4267 774 4317 sic
804 4265 1238 4333 ascendentibus,
1271 4270 1419 4338 prior
1462 4273 1718 4329 diacono-

127 4357 255 4397 rum
289 4356 505 4413 portans
535 4348 760 4406 ferulam
788 4355 840 4407 in
866 4355 1112 4410 manibus
1138 4357 1541 4416 Processionem
1573 4367 1715 4420 ordi-

127 4434 284 4488 uabit
317 4435 416 4491 hoc
448 4439 629 4494 modo.
664 4441 844 4497 Primo
865 4448 1118 4513 prmeedit
1141 4463 1310 4516 equus
1337 4451 1539 4509 domini
1565 4471 1713 4526 papae

124 4522 420 4593 falcratus;
449 4532 686 4585 secundo
727 4531 826 4588 ibit
851 4536 1211 4593 subdiaconus
1236 4555 1358 4595 cum
1388 4558 1573 4611 cruce;
1607 4557 1712 4601 ter-

128 4617 206 4668 tiu
238 4615 628 4687 subsequentur
651 4623 933 4678 duodecim
953 4626 1248 4684 bandalarii
1275 4645 1396 4686 cum
1423 4634 1708 4692 duodecim

123 4706 342 4761 vexillis
375 4708 573 4772 rubeis,
619 4720 675 4765 et
701 4712 805 4767 duo
835 4715 923 4769 alii
955 4731 1073 4770 cum
1106 4718 1313 4776 duobus
1355 4723 1612 4780 cherubin
1655 4736 1712 4783 et

122 4795 358 4860 lanceis;
393 4811 582 4868 quarto
603 4802 708 4856 duo
739 4804 973 4873 praefecti
1005 4811 1224 4864 navales
1267 4813 1435 4868 induti
1464 4817 1712 4883 pluviali-

121 4888 266 4952 bus;
295 4891 478 4957 quinto
508 4893 803 4958 scriniarii;
834 4908 987 4952 sexto
1006 4900 1278 4967 advocati;
1311 4905 1540 4972 septimo
1566 4907 1714 4978 judi-

119 4991 254 5041 ces;
279 4989 465 5033 octavo
491 4996 769 5050 cantores;
804 5002 946 5041 uono
969 4990 1180 5044 diaconi
1205 5003 1258 5047 et
1280 4996 1590 5053 subdiaconi
1618 5003 1708 5068 qui

116 5067 373 5134 legerunt
399 5069 694 5139 Epistulam
721 5084 776 5131 et
805 5077 1149 5148 Evangelimn
1174 5083 1226 5137 iu
1253 5082 1468 5153 Graeco;
1496 5087 1708 5146 decimo

115 5156 378 5224 abbates;
428 5163 709 5218 undecimo
749 5169 1020 5237 episcopi;
1059 5172 1377 5229 duodecimo
1417 5179 1709 5249 archiepis-

111 5250 245 5316 copi
266 5267 279 5314 ;
304 5252 512 5308 decimo
541 5258 698 5311 tertio
719 5260 1032 5323 patriarcha:
1050 5273 1102 5318 et
1122 5265 1360 5337 episcopi
1375 5273 1704 5338 cardinales;

111 5339 334 5394 decimo
364 5354 553 5412 quarto
584 5349 882 5419 presbyteri
906 5354 1241 5420 cardinales;
1287 5361 1498 5415 decimo
1519 5365 1706 5432 quinte

107 5429 334 5484 diaconi
375 5437 702 5504 cardinales;
735 5442 947 5497 decimo
992 5456 1143 5501 sexto
1190 5449 1550 5508 subdiaconus
1579 5471 1700 5510 cum

109 5523 356 5588 tobalea,
392 5529 632 5584 serviens
659 5548 779 5588 cum
811 5536 1139 5607 umbraculo,
1169 5544 1257 5611 qui
1288 5545 1396 5599 duo
1429 5549 1577 5602 ibunt
1601 5550 1697 5603 ali-

105 5615 438 5680 quantulum
476 5627 794 5691 sequestrati
822 5643 849 5681 a
882 5645 1050 5699 papa;
1093 5633 1304 5689 decimo
1331 5640 1558 5705 septimo
1603 5641 1697 5696 d0-

103 5719 294 5760 mnus
326 5724 480 5781 papa.

1846 1959 2052 2012 venerit
2089 1957 2156 2012 ad
2191 1960 2443 2030 plateam,
2473 1961 2561 2016 ubi
2591 1973 2828 2019 moratur
2859 1966 2919 2020 D.
2947 1967 3007 2024 P.
3034 1969 3100 2022 de
3144 1969 3425 2035 Columna,

1845 2048 2010 2118 269
2040 2064 2175 2104 unus
2221 2051 2289 2106 de
2335 2052 2687 2109 familiaribus
2729 2057 2928 2112 domini
2974 2074 3144 2128 papae,
3174 2063 3254 2115 vel
3281 2061 3424 2115 idem

1843 2137 2122 2195 familiaris
2165 2139 2294 2197 facit
2330 2142 2531 2212 jactum
2561 2147 2835 2214 pecuniae;
2883 2148 3127 2204 similiter
3154 2165 3274 2204 cum
3307 2166 3422 2220 per-

1842 2231 2053 2286 venerit
2088 2232 2156 2287 ad
2194 2235 2555 2304 quadrivium,
2587 2239 2674 2292 ubi
2724 2250 2966 2294 moratur
2996 2241 3198 2296 electus
3250 2243 3421 2298 Viter-

1842 2319 2063 2389 biensis,
2096 2322 2238 2378 idem
2265 2324 2544 2382 familiaris
2580 2327 2706 2384 facit
2733 2330 2893 2384 alium
2917 2331 3120 2400 jactum
3160 2335 3420 2402 pecuniaa.

1841 2409 2246 2481 Subsequeuter
2273 2430 2396 2469 cum
2446 2421 2746 2486 pervenerit
2783 2420 2838 2475 in
2891 2422 3168 2478 introitum
3215 2425 3418 2494 palatii,

1841 2499 1980 2555 idem
2011 2500 2287 2560 familiaris
2325 2506 2450 2562 facit
2480 2510 2640 2564 alium
2665 2511 2896 2581 jactum.

1842 2589 1983 2672 XLI.
2013 2593 2085 2647 De
2112 2596 2191 2672 liis
2217 2614 2333 2672 qua:
2359 2599 2488 2666 ﬁunt
2519 2613 2632 2671 post
2661 2604 3067 2672 Processionem,
3099 2620 3202 2662 tam
3228 2611 3292 2664 de
3318 2612 3414 2664 lau-

1910 2665 2060 2750 dibus
2113 2665 2294 2750 ﬂendis
2340 2665 2431 2750 per
2475 2665 2696 2744 priorem
2734 2665 3098 2746 diaconoruni,
3147 2694 3303 2750 quam
3357 2685 3416 2734 de

1908 2738 2223 2804 presbyterio
2253 2740 2446 2795 dando.

1916 2823 2010 2881 Via
2040 2827 2203 2898 igitur
2225 2831 2304 2885 sic
2332 2833 2618 2902 completa,
2650 2847 2907 2905 pet-vento
2932 2840 2998 2894 ad
3025 2839 3294 2896 introitum
3322 2858 3414 2912 pa-

1838 2913 1974 2983 latii,
2008 2932 2104 2973 seu
2135 2920 2325 2977 domus
2348 2923 2782 2994 Praedicatoruin,
2817 2931 3008 2987 fratres
3032 2933 3414 2992 Praedicatorcs

1837 3005 2008 3063 induti
2035 3010 2346 3070 solemniter
2394 3032 2514 3071 cum
2545 3033 2722 3086 cruce,
2756 3021 2973 3076 incenso
3004 3031 3058 3076 et
3078 3038 3212 3093 aqua
3246 3025 3410 3079 bene-

1835 3099 1978 3156 dicta
2005 3141 2020 3168 ,
2074 3104 2348 3160 dominum
2408 3123 2596 3178 papam
2643 3113 3111 3179 processionaliter
3153 3116 3412 3184 recipient

1754 3225 1803 3288 ο
1836 3203 2172 3260 reverenter,
2196 3195 2269 3250 Te
2290 3195 2454 3251 Deum
2477 3200 2747 3254 laudamus
2771 3203 3125 3260 decantando.
3149 3203 3280 3259 Cum
3310 3220 3407 3260 au-

1837 3287 1944 3338 tem
1967 3283 2213 3340 dominus
2236 3302 2368 3357 papa
2394 3291 2778 3359 perveneritad
2798 3293 3103 3362 ecclesiam,
3124 3304 3408 3366 antequam

1832 3372 2124 3454 descenda‘t
2149 3375 2217 3432 de
2245 3393 2402 3448 equo,
2433 3380 2578 3448 prior
2598 3384 3031 3454 presbyterorum
3060 3385 3405 3442 cardinaiium

1832 3433 2471 3536 ordinatigjudicibus’et
2500 3433 3042 3540 vili-61;,
3064 3433 3238 3530 'faciet
3263 3475 3403 3530 idem

1831 3552 2069 3622 laudem,
2096 3557 2238 3613 sicut
2282 3557 2538 3616 diaconus
2585 3561 2871 3620 cardiualis
2914 3561 3118 3626 fecerat
3161 3566 3214 3619 in
3244 3565 3403 3621 Missa

1829 3654 1955 3700 ante
1979 3645 2272 3715 Epistolam
2295 3661 2410 3720 post
2430 3649 2760 3709 Orationem.
2788 3655 2850 3710 Et
2875 3665 3152 3726 postquam
3175 3656 3243 3711 de
3261 3670 3404 3725 eqtio

1829 3735 2188 3807 descenderit,
2217 3741 2367 3808 prior
2389 3742 2736 3800 diaconorum
2758 3747 3133 3820 cardinalium,
3150 3748 3237 3818 qui
3261 3749 3405 3806 ducit

1828 3839 1973 3893 eum,
2001 3829 2221 3898 deponit
2257 3831 2360 3887 sibi
2391 3849 2614 3903 regnum
2642 3836 2710 3892 de
2757 3839 2954 3906 capite,
2984 3847 3040 3896 et
3083 3841 3305 3909 imponit
3353 3841 3403 3895 ei

1829 3918 2074 3982 mitram;
2107 3928 2161 3974 et
2205 3920 2349 3977 idem
2378 3925 2524 3992 prior
2551 3927 2655 3981 erit
2678 3941 2707 3980 a
2734 3927 2964 3996 dextris,
2996 3938 3052 3985 et
3079 3931 3238 3985 ducet
3277 3946 3399 3987 eum

1826 4024 1996 4080 usque
2022 4013 2087 4066 ad
2111 4013 2298 4079 altare,
2324 4024 2376 4069 et
2396 4014 2531 4071 alius
2554 4032 2584 4070 a
2615 4018 2867 4085 sinistris,
2901 4021 2989 4075 ubi
3018 4022 3192 4077 orabit
3218 4023 3269 4076 in
3301 4022 3400 4075 fal-

1824 4102 2052 4158 distorio
2094 4105 2197 4160 sibi
2227 4118 2542 4176 praeparato.
2591 4109 2844 4164 Oratione
2865 4111 3025 4177 facta,
3054 4112 3199 4167 dabit
3229 4113 3400 4168 Bene-

1826 4198 2135 4263 dictionem,
2167 4200 2350 4256 dicens
2391 4202 2473 4258 Sit
2513 4218 2695 4258 nomen
2728 4203 2935 4258 Domini
2962 4207 3318 4270 benedictum;
3347 4217 3398 4262 et

1824 4290 2180 4356 respondetur
2209 4289 2293 4344 Ea:
2320 4293 2416 4346 hoc
2457 4309 2591 4347 nunc
2619 4305 2664 4348 et
2696 4311 2854 4365 usque
2891 4297 2945 4349 in
2985 4297 3246 4352 arculum.
3280 4297 3400 4362 Qttu

1825 4378 1982 4445 facto,
2016 4379 2238 4436 ducetur
2282 4384 2348 4438 ad
2397 4385 2580 4440 sedem
2623 4387 2969 4454 eminentem,
3010 4397 3062 4443 et
3105 4389 3316 4444 sedebit
3348 4391 3397 4442 in

1821 4467 1940 4522 loco
1973 4481 2158 4538 parato
2199 4487 2317 4527 cum
2351 4479 2682 4531 ornamentis
2725 4478 2857 4546 suis,
2889 4489 3064 4534 amota
3105 4480 3315 4550 planetu
3346 4491 3398 4533 et

1823 4559 1982 4628 pallio
2011 4569 2064 4615 et
2107 4561 2451 4630 chirotliecis,
2487 4575 2700 4623 tenente
2746 4584 2812 4623 eo
2838 4584 3054 4624 manum
3083 4586 3246 4640 super
3284 4586 3397 4626 sca-

1822 4650 1995 4718 pulas,
2023 4662 2076 4706 et
2120 4653 2334 4709 mitram
2380 4673 2544 4726 super
2585 4658 2834 4716 fanonem
2883 4677 2980 4717 seu
3027 4663 3298 4729 orarium;
3346 4673 3398 4718 et

1819 4741 1968 4797 dabit
1996 4743 2216 4802 cuilibet
2246 4749 2500 4804 cardinali
2525 4752 2913 4823 presbyterium
2948 4754 3050 4809 hoc
3075 4754 3252 4810 modo.
3280 4756 3398 4824 Ipse

1819 4835 2065 4892 dominus
2095 4855 2228 4908 papa
2274 4845 2467 4899 sedens
2498 4846 2552 4901 in
2580 4848 2731 4916 sede,
2760 4858 2814 4905 et
2843 4851 3067 4920 quilibet
3108 4853 3396 4907 cardiualis

1816 4935 1871 4980 et
1914 4930 2182 4998 praelatus,
2212 4945 2450 4995 extnacta
2469 4938 2683 4995 sibimet
2709 4944 2888 5008 mitra,
2918 4941 3164 5000 deferens
3193 4960 3312 5000 eam
3345 4947 3395 4999 iu

1813 5035 1996 5086 manu,
2029 5023 2175 5078 vadit
2201 5040 2385 5082 coram
2414 5044 2510 5095 eo;
2541 5041 2594 5086 et
2625 5032 2779 5089 ﬂexis
2803 5036 3029 5105 genibus
3059 5038 3262 5093 tenebit
3291 5040 3395 5092 mi-

1815 5121 1950 5167 tram
1981 5125 2218 5183 apertam
2249 5129 2375 5175 ante
2403 5137 2616 5192 papam,
2649 5129 2739 5196 qui
2785 5131 2932 5198 ponit
2962 5129 3012 5184 in
3042 5131 3186 5186 iIlam
3235 5149 3396 5202 pecu-

1814 5204 1958 5260 niam
1989 5223 2150 5276 quam
2182 5215 2524 5279 praesentabit
2553 5216 2601 5272 ei
2642 5219 2696 5272 in
2728 5235 2832 5275 uno
2860 5221 3012 5276 bacili
3042 5229 3392 5292 catnerarius,

1815 5310 1972 5364 prout
2000 5299 2052 5352 iu
2084 5301 2220 5358 libro
2247 5318 2476 5360 camera:
2503 5311 2791 5365 invenitur.
2815 5311 2883 5366 Et
2912 5315 2985 5368 illi
3016 5318 3103 5386 qui
3131 5320 3392 5391 recipient

1813 5393 2089 5455 pecuuiatu
2149 5394 2206 5450 in
2275 5398 2434 5452 mitra
2489 5401 2941 5460 deosculabuntur
2996 5422 3134 5477 genu
3189 5413 3391 5494 domini

1810 5493 1868 5545 pa
1879 5497 1977 5547 pm.

1810 5570 1963 5627 XLII.
2023 5572 2099 5628 De
2162 5577 2459 5633 deductione
2515 5599 2661 5649 pupie
2711 5589 2779 5637 ad
2830 5604 3083 5644 cameram
3136 5611 3278 5646 suum
3342 5607 3390 5648 cf

2479 5668 2722 5708 mensam.

1882 5737 1996 5805 ipse
2037 5754 2162 5795 vero
2198 5747 2528 5801 camerarius
2558 5758 2611 5804 et
2639 5749 2817 5807 clerici
2851 5769 3079 5810 camera:
3111 5774 3169 5810 in
3195 5773 3380 5825 super-
