4006 6300
612 327 741 381 HS)

1278 325 1616 379 Al’PliNlilX
1661 327 1750 381 AD
1792 326 1847 379 S.
1890 323 2223 380 GREGORII
2264 326 2475 381 MAGNI
2514 327 2878 382 LITUliGICA
2917 329 3171 383 OPERA.

3740 335 3869 388 “t3

612 440 830 507 pellicii~
877 440 1124 491 assistcnt
1170 436 1386 489 domino
1433 454 1599 504 pnpze.
1636 440 1767 491 Dato
1807 440 2163 508 presbyterio,
2197 440 2243 499 Α
2474 440 2677 516 Incipit
2705 443 2843 516 ordo
2878 446 3093 516 qualiter
3145 446 3402 499 Romanus
3442 449 3692 516 pontifex
3735 454 3869 515 apud

608 535 851 589 dominus
901 547 1028 598 papa
1076 531 1299 583 ducetur
1350 532 1510 600 270
1547 547 1576 584 a
1621 532 1826 585 duobus
1869 533 2175 585 iliaconibus

608 622 963 678 cardinaltbus
993 620 1058 674 ad
1090 635 1354 674 cameram
1387 635 1533 673 suam
1556 663 1569 683 ,
1600 634 1655 675 et
1678 621 1901 676 ducetur
1936 624 2000 675 ad
2030 639 2175 676 men-

604 730 718 768 sam
766 711 870 766 sibi
920 712 1228 766 solemnitcr
1274 722 1651 779 praeparatam;
1700 721 1753 766 et
1804 728 1870 767 eo
1925 714 2171 779 sedente,

605 806 888 872 episcopus
917 803 1221 866 cardinalis,
1249 802 1453 857 scilicet
1476 803 1643 871 prior,
1668 804 1815 857 dabit
1838 804 1935 857 sibi
1960 819 2172 870 aquam,

599 894 807 948 duobus
837 894 1147 947 diaconibus
1175 894 1534 947 cardinalibus
1557 894 1858 949 tenentibus
1888 895 2172 959 tobaleam,

604 1002 703 1059 nec
726 986 923 1041 debent
946 995 1129 1040 tenere
1157 985 1488 1040 mantellum.

601 1093 782 1150 XLIII.
831 1094 905 1148 De
949 1096 1377 1157 solemnitatibus,
1429 1097 1739 1150 indumentis
1771 1104 1816 1150 et
1869 1097 2175 1161 paramentis

673 1166 866 1217 domini
896 1182 1069 1235 papa},
1108 1175 1156 1219 et
1186 1167 1555 1230 cardinulium,
1587 1175 1631 1219 et
1674 1172 1996 1236 priuatorum
2019 1208 2032 1229 ,
2065 1182 2176 1235 quin

672 1236 803 1303 ﬁunt
832 1238 882 1288 in
906 1252 1097 1289 mensa.

675 1348 791 1412 Quo
836 1347 975 1407 loco,
1010 1348 1251 1414 factaque
1296 1348 1675 1403 Benedictione
1721 1363 1939 1415 mensae,
1981 1349 2177 1401 vadunt

606 1436 669 1489 ad
704 1450 962 1499 mensam,
997 1448 1045 1489 et
1082 1435 1130 1487 in
1165 1445 1312 1503 parte
1353 1436 1541 1490 dextra
1572 1437 1770 1489 domini
1815 1452 1960 1505 papae
1988 1436 2179 1491 sedent

605 1541 671 1594 cp
694 1526 840 1591 scorti
869 1536 921 1579 et
952 1526 1241 1596 presbyteri
1270 1527 1595 1592 cardinales,
1627 1537 1681 1581 et
1722 1529 1773 1581 in
1806 1528 2018 1582 sinistra
2050 1544 2177 1583 vero

605 1621 833 1674 diaconi.
870 1621 931 1673 Et
970 1620 1183 1674 attende
1208 1621 1346 1689 qttod
1386 1621 1632 1675 dontinus
1663 1634 1791 1689 papa
1813 1662 1828 1687 ,
1856 1621 1980 1674 dum
2011 1630 2092 1676 est
2123 1623 2174 1675 in

610 1725 810 1771 mensa,
843 1720 926 1765 est
967 1711 1184 1764 indutus
1213 1710 1461 1765 omnibus
1501 1712 1820 1777 paramentis
1850 1712 2172 1775 missalibus,

2276 509 2535 562 basilicam
2550 513 2679 563 beati
2704 511 2845 565 Petri
2861 509 3074 581 apostoli
3092 515 3265 568 debeat
3283 509 3607 570 consecrari:
3620 509 3867 573 Rubri“.

2348 622 2402 674 In
2457 624 2636 689 primis
2685 624 2798 691 ipse
2839 626 2926 691 qui
2986 629 3380 683 consecrandus
3422 639 3507 682 est
3549 644 3722 684 mane
3768 630 3867 684 diei

2278 711 2565 765 Dominicre
2596 715 2772 767 veniat
2812 714 2877 767 ad
2929 715 3196 770 basilicam
3248 717 3388 771 beati
3443 720 3618 784 Petri,
3676 720 3735 773 in
3764 736 3860 786 qua

2277 804 2743 869 processionaliter
2769 820 2797 857 a
2845 808 3113 859 canonicis
3141 808 3447 875 recipietur.
3500 811 3568 863 Et
3602 810 3751 865 facta
3786 826 3864 865 re-

2275 896 2512 949 verentia
2534 894 2710 950 eidem
2738 911 2767 949 a
2795 895 3150 951 cardinalibus
3181 908 3235 951 et
3264 899 3527 967 praelatis,
3566 901 3719 954 sicut
3750 902 3860 955 ﬁeri

2274 987 2410 1039 solet
2454 985 2690 1039 [totttano
2739 986 3005 1053 pontifici,
3049 997 3196 1041 stans
3245 989 3297 1041 in
3347 990 3527 1041 medio
3579 990 3736 1042 dicat
3782 992 3856 1043 Sit

2278 1092 2458 1129 nomen
2493 1074 2695 1128 Domini
2724 1076 3058 1139 benedictum,
3081 1086 3132 1129 et
3160 1092 3298 1144 resp.
3334 1077 3415 1129 Ex
3434 1077 3534 1129 hoc
3564 1094 3734 1141 mc,
3766 1089 3862 1133 etc.

2280 1167 2477 1220 Deinde
2506 1166 2660 1220 vadat
2683 1166 2731 1218 in
2757 1168 3011 1233 capellam
3040 1167 3207 1220 sancti
3257 1166 3525 1237 Gregorii,
3580 1168 3701 1231 ubi,
3734 1169 3865 1221 dicta

2278 1257 2478 1317 Tertia,
2506 1256 2815 1309 calciabitur
2847 1256 3031 1325 caligis
3053 1266 3104 1310 et
3137 1257 3413 1321 sandaliis,
3446 1257 3689 1310 dicendo
3714 1258 3860 1310 l'sal-

2279 1362 2394 1400 mos
2427 1346 2591 1413 Quam
2630 1346 2894 1412 amabilia,
2940 1360 3068 1412 etc.,
3116 1350 3203 1413 qui
3244 1348 3417 1401 solt-nt
3454 1349 3585 1402 dici.
3640 1349 3863 1411 Deinde,

2278 1438 2403 1493 lotis
2433 1439 2694 1499 manibus,
2728 1438 2973 1492 induatur
3000 1438 3247 1492 omnibus
3292 1440 3635 1494 ornamentis
3678 1443 3862 1505 quibus

2280 1532 2553 1586 Romanus
2584 1530 2819 1601 pontifex
2851 1532 2927 1584 uti
2966 1532 3105 1585 solet
3133 1532 3184 1584 in
3236 1531 3516 1584 Missarum
3560 1532 3860 1595 soletnniis,

2278 1621 2514 1689 exceptis
2545 1620 2802 1673 duntaxat
2832 1618 2990 1687 pallio
3017 1629 3070 1671 et
3119 1617 3315 1669 annulo
3346 1617 3668 1685 pontificali.
3703 1618 3857 1671 Erunt

2278 1725 2453 1767 autem
2482 1712 2795 1767 vestimenta
2825 1710 3020 1765 coloris
3043 1711 3267 1777 tetnpori
3294 1710 3670 1780 canguueutis.
3709 1712 3857 1763 Dein-

604 1802 840 1870 rxceptis
891 1802 1097 1865 casula,
1155 1801 1313 1868 pallio
1362 1809 1415 1855 et
1465 1801 1816 1867 cltirotltecis;
1868 1810 1923 1854 et
1976 1802 2176 1856 tenebit
2210 1787 2255 1846 Β
2281 1806 2347 1859 de
2373 1805 2611 1857 ordinata
2642 1802 2868 1857 Solemni
2902 1802 3259 1870 processione,
3294 1801 3346 1853 itt
3379 1818 3482 1866 qua
3509 1801 3715 1855 debent
3745 1816 3856 1851 esse

606 1907 840 1950 mantom
866 1898 929 1948 ad
962 1896 1224 1964 scapulas,
1252 1904 1305 1948 et
1325 1892 1571 1950 fanonem
1600 1896 1651 1948 in
1678 1896 1852 1964 capite
1873 1910 1991 1948 cum
2020 1897 2174 1950 mitra

607 1988 853 2050 desuper.
884 1985 1192 2039 Cardinales
1227 2000 1352 2039 vero
1379 2000 1565 2039 omnes
1595 1985 1861 2040 habebunt
1892 1990 2177 2056 superpel-

608 2076 782 2129 liciam
817 2075 955 2144 (Sic)
992 2084 1114 2127 ‘cum
1163 2074 1460 2143 mantellis,
1492 2082 1548 2129 ct
1576 2075 1760 2129 mitras
1788 2078 2055 2146 simplices
2077 2119 2092 2142 ,
2125 2087 2178 2133 et

606 2183 791 2221 omnes
819 2167 977 2233 pri-la
1007 2170 1018 2218 i
1044 2166 1307 2221 similiter.
1333 2168 1523 2223 Coram
1547 2168 1761 2221 dontino
1787 2183 1916 2238 papa
1942 2171 2178 2223 servient

607 2258 724 2311 laici
757 2258 1064 2321 nobiliores,
1096 2257 1184 2325 qui
1216 2269 1503 2324 pra-sentes
1533 2266 1709 2321 erunt,
1743 2269 1794 2313 et
1827 2268 1943 2326 post
1966 2274 2178 2313 mensas

607 2347 951 2400 cardinalium
1002 2356 1159 2401 erunt
1205 2363 1402 2402 mensae
1450 2350 1686 2402 omnium
1738 2348 2075 2417 prrelatorum
2125 2358 2179 2402 et

607 2440 831 2491 aliorum
855 2438 1130 2491 noliflium.
1155 2438 1495 2493 Come~tione
1515 2448 1746 2508 sumpta,
1771 2438 2016 2491 dominus
2042 2453 2177 2505 papa

611 2530 804 2583 lavabit
851 2545 1038 2583 manus
1084 2539 1140 2583 ut
1171 2531 1346 2595 prius,
1394 2530 1812 2583 ministrantibus
1840 2529 1941 2583 sibi
1972 2530 2179 2583 duolms

611 2622 922 2675 dicionibus
976 2621 1364 2687 cardinalibus,
1398 2620 1648 2675 fundente
1688 2621 1788 2674 sibi
1830 2635 2019 2689 aquam
2064 2620 2178 2685 epi-

611 2729 774 2781 scopo
792 2713 1068 2767 cardinali.
1096 2713 1159 2766 Et
1175 2713 1421 2767 similiter
1442 2711 1662 2782 quilibet
1680 2711 1960 2765 cardinalis
1983 2710 2180 2763 lavabit

610 2819 818 2868 manus,
847 2803 1133 2857 domicello
1164 2802 1418 2857 fundente
1448 2817 1639 2871 aquam
1667 2800 1922 2855 cardinali
1960 2800 2175 2854 lavanti.

611 2896 919 2949 Cardinales
956 2905 1132 2949 autem
1182 2896 1269 2961 qui
1307 2894 1581 2957 assistunt,
1628 2902 1842 2946 teneant
1890 2890 2177 2951 tobaleam,

616 3000 748 3036 unus
777 3000 844 3036 ex
878 2994 1028 3051 parte
1061 2984 1301 3047 lavantis,
1335 2993 1387 3037 et
1413 2985 1548 3037 alter
1575 2998 1639 3037 ex
1668 2983 1862 3047 altera;
1892 2991 1948 3035 et
1976 2982 2053 3035 s‘c
2078 2979 2177 3033 sibi

615 3077 680 3128 ad
727 3076 949 3128 invicem
1002 3074 1131 3127 fiunt
1170 3085 1371 3127 mutuo.
1414 3074 1614 3139 Quibus
1651 3073 1897 3127 omnibus
1946 3073 2095 3131 lotis.
2126 3081 2179 3127 et

2280 1904 2484 1963 septem
2515 1892 2833 1948 candelabra
2865 1907 2983 1947 cum
3011 1904 3215 1960 septem
3245 1890 3457 1954 facitis,
3484 1895 3626 1945 sicut
3650 1894 3705 1945 in
3734 1907 3857 1960 pne.

2279 1985 2447 2054 cipuis
2497 1984 2643 2038 festis
2676 1983 2789 2037 fieri
2820 1980 2976 2048 solet,
3024 1978 3274 2036 videlicet
3302 1981 3683 2047 cardinalimn,
3729 1997 3857 2050 prt-

2280 2074 2506 2127 latorum
2555 2080 2611 2127 et
2646 2082 2960 2125 cancrorum
3004 2071 3248 2125 ordinum
3272 2114 3286 2137 ,
3329 2071 3419 2140 qui
3451 2086 3643 2124 omnes
3672 2072 3859 2125 debent

2282 2162 2477 2217 habere
2498 2164 2801 2216 indumenta
2832 2162 3028 2216 coloris
3057 2163 3277 2229 tempori
3322 2162 3702 2231 congruentis,
3732 2176 3854 2213 con-

2281 2256 2574 2309 secrandus
2605 2255 2737 2322 ipse.
2770 2266 2990 2308 extensa
3020 2264 3180 2321 super
3206 2262 3328 2307 eum
3359 2269 3575 2322 mappa,
3610 2255 3857 2322 procedat

2283 2346 2562 2415 signando,
2598 2354 2653 2399 ut
2700 2345 2865 2398 moris
2892 2353 2996 2407 est,
3038 2345 3103 2397 ad
3151 2343 3320 2413 majus
3353 2345 3562 2411 altare,
3616 2354 3670 2399 et
3717 2353 3857 2399 stans

2282 2448 2404 2507 post
2442 2441 2612 2507 ipsum
2643 2438 2813 2491 altare
2845 2437 3001 2489 faciat
3028 2436 3447 2490 confessionem.

2356 2528 2651 2582 Notandum
2676 2540 2803 2580 vero
2830 2536 2913 2580 est
2940 2527 3080 2595 quod
3113 2525 3164 2578 in
3192 2526 3603 2580 consecratione
3643 2524 3857 2581 Romani

2284 2625 2552 2695 pontificis
2580 2622 2839 2676 omittitur
2868 2623 2955 2675 illa
2984 2620 3304 2675 examinatio
3331 2636 3448 2685 quze
3498 2622 3743 2684 superius
3772 2636 3860 2687 po-

2272 2716 2383 2768 sita
2408 2724 2491 2768 est
2521 2716 2575 2767 in
2600 2714 3004 2767 consecratione
3032 2713 3254 2765 aliorum
3298 2711 3681 2779 episcoimrum
3704 2751 3719 2772 ,
3748 2726 3859 2779 qua

2285 2806 2467 2871 incipit
2506 2804 2729 2872 Antiqua
2755 2811 3039 2855 sanctorum
3089 2799 3324 2865 Patrum,
3372 2810 3478 2854 etc.
3528 2800 3692 2854 Facta
3741 2816 3860 2854 vero

2283 2893 2638 2956 confessione,
2667 2894 2779 2961 ipse
2821 2892 3213 2947 consecrandus
3263 2894 3446 2946 sedeat
3476 2892 3533 2944 in
3568 2891 3861 2945 faldistorio

2284 2998 2383 3038 suo
2411 2994 2706 3054 praeparato
2736 2984 2873 3036 inter
2899 2983 3065 3035 altare
3094 2990 3147 3034 et
3174 2980 3369 3049 gradus
3397 2981 3723 3047 pontificalis
3778 2995 3862 3034 se-

2284 3075 2387 3140 dis,
2419 3084 2473 3130 et
2500 3076 2680 3128 schola
2711 3083 2887 3127 cantet
2912 3073 3207 3134 lntroitunt,
3242 3071 3423 3141 Kyrie,
3454 3072 3671 3125 eleison.
3703 3073 3863 3143 272

618 3165 840 3219 redditis
888 3166 1091 3233 gratiis,
1135 3165 1379 3217 dominus
1428 3180 1561 3233 papa
1608 3165 1892 3219 reducetur
1919 3181 1947 3216 a
1977 3165 2182 3219 duobus
2209 3146 2255 3206 (ί
2290 3165 2501 3218 Interim
2536 3164 2814 3232 episcopus
2853 3163 3133 3225 Ostiensis,
3178 3163 3266 3231 qui
3306 3163 3609 3216 Romanum
3657 3164 3861 3234 pantle

617 3252 926 3306 diaconibus
954 3253 1311 3306 cardinalibns
1341 3253 1404 3306 ad
1435 3268 1700 3306 cameram
1738 3268 1908 3317 suam,
1941 3268 2183 3320 assump-

612 3345 680 3399 tis
732 3346 1029 3408 tttantellis;
1060 3346 1147 3397 ubi
1187 3356 1376 3399 exutus
1418 3348 1583 3401 sacris
1615 3344 1868 3409 vestibus,
1902 3357 1955 3398 et
1992 3345 2179 3398 discal-

614 3446 794 3491 ceatus
815 3437 1065 3491 sandaliis
1093 3452 1122 3490 a
1153 3436 1439 3491 subdiacon
1466 3459 1498 3499 ι,
1524 3437 1762 3502 quiescit.

612 3546 795 3603 XLIV.
834 3548 910 3601 De
951 3548 1235 3601 reversione
1273 3545 1616 3613 cardinalinm
1660 3558 1705 3599 et
1746 3544 2077 3616 prwlatorutn
2116 3543 2183 3596 ad

1146 3620 1405 3670 dominum
1447 3633 1652 3686 papam.

686 3716 990 3772 Cardinales
1019 3733 1147 3772 vero
1172 3729 1221 3772 et
1250 3719 1335 3771 alii
1362 3720 1560 3786 praelati
1590 3717 1836 3770 redilmnt
1860 3718 1923 3767 ad
1954 3714 2182 3782 hospitia

614 3822 707 3861 sua
730 3821 894 3874 eques
915 3808 1051 3876 (δίε)
1076 3824 1194 3860 cum
1219 3808 1412 3873 mitris,
1435 3809 1597 3875 parati
1627 3806 1763 3860 sicut
1786 3807 1836 3859 in
1858 3807 2184 3859 comestione

614 3907 895 3963 steterunt,
918 3875 1068 3966 equis
1086 3907 1261 3953 tamen
1288 3913 1390 3953 noo
1413 3896 2013 3964 coopertis.Notandum
2042 3894 2182 3963 quod

614 3988 900 4041 nobiliores
948 3990 1087 4054 laici,
1119 3988 1325 4042 etiamsi
1376 4003 1524 4056 reges
1573 3996 1775 4049 essent,
1808 3986 2183 4039 consiieverint

611 4081 890 4134 adcittrare
918 4097 1103 4150 papam
1126 4082 1471 4150 equitantem,
1499 4092 1547 4132 et
1582 4080 1877 4147 partiunur
1901 4079 2014 4131 loca
2047 4078 2183 4130 inter

611 4187 670 4227 se
714 4174 944 4227 vicissim
984 4175 1273 4226 secundum
1309 4172 1451 4243 quod
1482 4173 1746 4225 voluerint
1783 4181 1837 4223 et
1882 4170 2181 4222 ordinatum

611 4262 793 4327 fuerit,
822 4272 876 4316 ιιι
906 4263 1090 4331 primis
1113 4263 1517 4317 adextrantibus
1544 4262 1931 4316 άίιιιίιιυιιιὶυυε
1962 4261 2050 4314 alii
2074 4260 2181 4314 bini

608 4355 916 4410 succedant.

678 4447 835 4516 271
888 4445 943 4498 ln
999 4460 1181 4500 mensa
1224 4445 1450 4513 primum
1497 4443 1749 4497 ferculum
1801 4441 1950 4511 ponit
2002 4454 2180 4493 coram

2287 3274 2401 3312 cem
2432 3271 2746 3311 consecrare
2769 3255 2956 3316 debet,
2990 3254 3041 3307 in
3073 3254 3247 3321 aliquo
3285 3265 3407 3321 apto
3436 3254 3555 3306 loco
3587 3268 3756 3320 prope
3783 3251 3862 3304 al-

2289 3359 2401 3403 tare
2431 3350 2619 3403 calciet
2645 3363 2701 3401 se
2725 3347 2908 3416 caligis
2938 3358 2990 3400 et
3018 3346 3293 3408 sandaliis,
3324 3345 3555 3400 dicendo
3586 3345 3857 3399 Psalmum

2290 3438 2457 3504 Quam
2484 3438 2745 3502 amabilia,
2767 3447 2872 3491 etc.
2900 3435 3135 3503 Accipiat
3154 3434 3312 3489 etiam
3336 3436 3517 3488 omnia
3548 3434 3863 3503 pontiﬁcalia

2286 3538 2619 3592 ornamenta,
2650 3543 2710 3580 ac
2735 3528 2778 3582 si
2802 3526 3015 3580 Missam
3046 3526 3355 3579 solemniter
3377 3526 3659 3578 celebrare
3702 3526 3863 3577 debe-

2284 3632 2390 3684 ret,
2420 3620 2622 3687 absque
2666 3616 2859 3671 baculo
2898 3617 3192 3684 pastorali;
3236 3616 3461 3680 accipiat
3491 3627 3711 3682 quoque
3762 3612 3864 3665 n;i-

2288 3722 2423 3767 tram
2452 3712 2743 3780 simplicem
2772 3710 2850 3764 vel
2874 3710 3159 3777 pretiosam
3204 3706 3495 3761 secundum
3542 3706 3868 3775 exigentiam

2286 3801 2584 3871 temporis;
2642 3808 2734 3865 et,
2774 3800 3003 3854 cantatis
3048 3799 3273 3853 lntroitu
3327 3807 3380 3851 et
3413 3795 3598 3866 Hyrie,
3649 3798 3864 3859 eteison,

2284 3901 2630 3949 consent-ator
2672 3902 2725 3945 et
2768 3892 2945 3946 caeteri
2989 3891 3224 3959 episcopi
3270 3888 3597 3947 cardinales.
3634 3902 3863 3941 necnon

2287 3987 2373 4040 alii
2406 3983 2785 4053 archiepiscopi
2811 3990 2864 4035 et
2894 3982 3152 4049 episc0pi,
3202 3992 3254 4034 et
3298 3980 3384 4045 qui
3434 3979 3503 4031 de
3538 3978 3865 4048 presbyteris

2290 4086 2577 4146 pra-sentes
2606 4084 2747 4140 sunt,
2775 4074 3031 4127 accedant
3058 4073 3121 4125 ad
3148 4070 3562 4138 exsequendum
3583 4082 3866 4123 conm

2288 4171 2446 4222 tionis
2468 4167 2721 4239 cilicium.

2358 4258 2643 4313 Sciendum
2673 4264 2754 4309 est
2782 4252 2922 4323 quod
2952 4253 3003 4307 in
3030 4250 3440 4305 consecratione
3469 4247 3711 4302 Romani
3736 4262 3861 4315 pon-

2290 4347 2444 4403 tificis
2489 4361 2591 4399 non
2642 4342 3012 4412 pronuntiatur
3055 4341 3182 4395 illud
3209 4380 3225 4405 ,
3276 4340 3590 4409 Episcopum
3632 4347 3861 4404 oportet.

2285 4450 2418 4502 etc.,
2446 4451 2545 4491 nec
2566 4436 2755 4489 dicitur
2785 4434 2871 4487 illa
2900 4434 3103 4497 Oratio,
3149 4432 3385 4494 Oremus,
3408 4430 3737 4484 dilectissimi
3774 4444 3861 4483 tto-

607 4548 740 4603 papa
790 4534 979 4603 aliquis
1021 4535 1088 4588 de
1133 4532 1593 4601 principalioribus
1643 4532 1941 4593 nobilibus,
1972 4531 2179 4583 etiamsi
2213 4509 2258 4566 ί)
2287 4533 2381 4589 bis,
2409 4544 2523 4598 qua:
2552 4528 2800 4582 dicuntur
2828 4525 2880 4579 in
2928 4525 3331 4578 consecratione
3378 4523 3609 4575 aliorum
3659 4522 3856 4588 episco-

608 4638 701 4679 rex
746 4634 917 4687 esset;
974 4638 1079 4691 quo
1120 4622 1311 4690 posito,
1362 4636 1457 4676 rex
1509 4622 1654 4674 vadit
1693 4621 1760 4675 ad
1804 4621 2096 4673 sedendum
2128 4619 2179 4672 in

607 4729 809 4770 mensa.
843 4714 945 4767 Alii
995 4722 1169 4767 autem
1222 4714 1424 4766 nobiles
1470 4712 1720 4781 majores,
1763 4711 1969 4766 etiamsi
1999 4719 2181 4764 essent

606 4805 697 4858 lilii
729 4819 933 4872 regum,
966 4804 1203 4857 serviunt
1230 4819 1376 4869 papa:
1421 4802 1473 4856 in
1520 4818 1722 4864 mensa,
1772 4815 1906 4854 unus
1940 4800 2183 4853 videlicet

606 4894 672 4948 de
703 4907 861 4960 cupa,
888 4894 1023 4947 alius
1053 4893 1121 4948 de
1149 4894 1363 4947 cultello
1391 4892 1456 4946 ad
1486 4891 1825 4945 incidendum
1846 4931 1860 4955 ,
1883 4892 1975 4945 alii
2001 4902 2176 4946 astant

603 4984 930 5050 comedenti,
962 4985 1052 5038 alii
1083 4994 1375 5053 sequuntur
1417 4992 1717 5051 portantem
1765 4980 1963 5035 fercula
1990 5022 2006 5046 ,
2048 4997 2175 5050 por-

609 5088 783 5134 tantes
812 5088 865 5132 et
896 5076 995 5147 ipsi
1044 5076 1288 5131 incisoria
1318 5090 1465 5144 papa:
1511 5084 1567 5130 et
1609 5074 1991 5136 cardinalibus,
2024 5081 2180 5139 prout

606 5172 907 5224 ordinatum
937 5169 1058 5223 erit.

682 5262 867 5317 Utrum
891 5272 1066 5316 autent
1108 5259 1265 5328 aliqui
1296 5273 1359 5313 ex
1394 5256 1655 5327 praedictis
1705 5252 2064 5309 servientibus
2089 5266 2178 5319 pa-

612 5369 690 5423 pa:
720 5349 1007 5417 no'bilibus,
1042 5362 1164 5420 puta
1194 5351 1288 5404 filii
1322 5365 1526 5418 regum,
1558 5348 1640 5402 vel
1682 5363 1745 5400 ex
1774 5345 2059 5408 similibus,
2096 5359 2182 5397 se-

611 5447 790 5511 deant,
821 5446 903 5499 vel
932 5459 1039 5499 non
1068 5444 1291 5498 sedeant
1320 5443 1371 5496 in
1402 5454 1604 5506 mensa,
1638 5446 1692 5492 et
1729 5437 1815 5492 tibi
1846 5445 1905 5491 et
1932 5436 2180 5506 qualiter,

616 5554 752 5591 nunc
780 5537 957 5592 dicere
982 5538 1312 5593 omittamus.

686 5626 1083 5680 Memorandum
1107 5628 1246 5695 quod
1276 5626 1474 5682 .Ittdzeis
1498 5639 1602 5681 non
1621 5622 1723 5678 .fiat
1750 5622 1925 5692 aliqua
1965 5634 2183 5691 oppres-

614 5719 717 5784 sio,
747 5733 869 5772 cum
897 5718 1118 5771 oﬂerent
1144 5717 1333 5785 legem.

2289 4635 2515 4688 porum;
2544 4620 2638 4673 sed
2669 4616 3063 4671 consecrandus
3102 4628 3253 4669 versa
3286 4613 3425 4667 facie
3454 4613 3520 4665 ad
3552 4614 3759 4675 altare,
3780 4625 3860 4663 as-

2285 4712 2601 4766 sistentibus
2624 4709 2669 4762 ei
2692 4707 2901 4761 duobus
2922 4706 3234 4760 diaettntbns
3258 4702 3645 4764 Cardinalibus,
3671 4701 3861 4753 incum-

2289 4804 2414 4857 bere
2443 4801 2600 4854 debet
2626 4813 2787 4868 supt-r
2814 4796 3167 4850 futilistorium
3202 4801 3555 4861 przeparatum
3589 4794 3731 4843 inter
3753 4807 3858 4859 ga-

2282 4895 2387 4949 dus
2432 4893 2751 4962 pontiﬁcalis
2797 4888 2937 4944 sedis
2982 4898 3038 4942 et
3089 4886 3261 4955 majus
3290 4887 3477 4938 altare.
3506 4882 3856 4936 Consecrator

2282 4986 2444 5041 etiam
2495 4993 2551 5038 et
2600 4982 2778 5035 cteteri
2827 4978 3060 5046 episcopi
3105 4976 3432 5038 cardinales,
3477 4988 3581 5027 nec
3620 4986 3732 5026 non
3778 4969 3856 5023 ali

2282 5077 2517 5146 episcOpi
2540 5089 2570 5127 a
2608 5073 2808 5128 dextris
2834 5082 2887 5124 et
2908 5085 2936 5122 a
2967 5067 3196 5122 sinistris
3234 5080 3398 5132 super
3424 5078 3518 5116 sua
3538 5062 3855 5123 faldistoria,

2286 5168 2394 5231 vel,
2424 5169 2467 5220 si
2489 5180 2551 5218 ea
2584 5178 2688 5216 non
2717 5162 2936 5225 habent,
2968 5172 3128 5227 super
3158 5164 3355 5223 tapeta,
3390 5152 3748 5219 procumbere
3768 5149 3856 5202 de-

2286 5261 2451 5324 bent;
2499 5267 2555 5312 et
2605 5255 2749 5325 prior
2777 5252 3044 5314 basilicas,
3092 5248 3172 5303 vel
3215 5249 3351 5300 alios
3378 5244 3693 5313 capellanus
3721 5242 3854 5311 prior

2283 5349 2752 5404 subdiaconorum.
2781 5341 2998 5408 incipiat
3024 5347 3076 5392 et
3098 5347 3450 5405 prosequatur
3477 5334 3718 5386 litaniam
3742 5344 3855 5385 cun

2284 5448 2464 5502 cantu,
2496 5432 2939 5503 respondentibus
2964 5429 3081 5483 aliis
3109 5427 3398 5496 capellanis
3418 5438 3471 5479 et
3497 5424 3711 5478 caeteris
3727 5463 3745 5488 ,
3769 5423 3853 5489 qui

2288 5529 2563 5583 assistunt.
2595 5523 2726 5577 Cum
2778 5529 2955 5574 autem
2999 5517 3242 5572 venerint
3291 5515 3357 5568 ad
3384 5514 3561 5568 locum
3595 5512 3765 5573 illum,
3793 5509 3857 5562 Ut

2290 5619 2423 5671 hunc
2444 5610 2842 5668 consecrandum
2864 5608 3176 5671 benedicere,
3204 5615 3335 5669 etc.,
3358 5603 3519 5658 debet
3545 5602 3650 5657 hoc
3676 5602 3853 5655 dicere

2292 5708 2409 5773 bis,
2459 5715 2512 5759 et
2556 5711 2662 5757 tam
2705 5708 3045 5757 consecrator
3085 5712 3242 5768 quam
3276 5710 3465 5752 omnes
3492 5694 3583 5748 alii
3619 5688 3856 5762 episcopi
