4006 6290
233 258 429 349 ιιίι⁸

1416 282 1670 339 ROMANI
1708 279 2016 335 ORDINES.
2060 311 2121 320 ——
2166 281 2298 335 XIV.

3349 289 3477 338 Illi

226 410 421 462 a~siste
444 414 565 467 .tes,
610 404 816 457 elevata
849 416 1004 455 manu
1035 412 1224 455 versus
1255 395 1700 457 consecrandum,
1730 390 1810 445 fa-
1840 397 1883 450 Λ
1913 395 2103 463 papqu
2127 394 2376 447 universo.
2414 391 2595 447 Potens
2622 403 2693 447 est
2719 395 2874 458 enim,
2897 404 3027 459 etc.,
3060 404 3115 448 ut
3140 408 3317 462 supra.
3355 398 3479 451 Post

226 501 375 551 ciunt
408 508 569 562 super
595 508 717 547 eum
769 493 851 546 bis
878 493 1087 561 signum
1133 489 1327 545 crucis.
1382 486 1554 541 Finita
1602 485 1805 548 litauia,

227 587 437 653 erigant
465 598 523 636 se
559 596 771 645 omnes,
801 589 855 637 et
881 588 1223 637 consecrator
1250 585 1357 633 stet
1386 577 1438 630 in
1471 576 1655 629 intimo
1676 588 1809 642 gra-

226 675 300 731 du
325 676 427 729 sub
453 674 582 727 sede
610 671 803 738 papali,
833 686 952 738 qute
980 678 1063 726 est
1089 679 1208 738 post
1235 668 1399 722 altare
1420 705 1438 732 ,
1470 678 1625 721 verso
1661 663 1806 718 vultu

229 764 296 817 ad
331 766 502 832 ipsum
540 762 729 817 altare.
772 762 1183 817 Consecrandus
1228 774 1354 815 vero
1388 766 1496 814 stet
1517 757 1618 812 sub
1647 755 1809 825 gradu

231 852 509 921 praedicto,
542 864 693 905 versa
737 849 871 905 facie
899 850 963 903 ad
1014 851 1188 918 ipsum
1227 856 1677 908 consecratorem,
1713 857 1812 898 as-

231 941 548 996 sistentibus
576 939 675 1009 ipsi
723 940 1086 993 consecrando
1112 939 1421 993 diaconibus
1447 936 1811 991 cardinalibus

231 1044 288 1088 et
314 1031 590 1101 acolythis.
627 1030 855 1085 Stabunt
883 1035 1059 1083 autem
1083 1027 1234 1097 juxta
1259 1028 1567 1095 episcopum
1596 1023 1811 1080 Ostien-

233 1137 346 1176 sem
374 1136 408 1173 a
435 1122 638 1175 dextris
665 1133 713 1174 et
746 1135 774 1173 a
824 1120 1055 1173 sinistris
1083 1117 1365 1187 episcopus
1392 1116 1727 1182 Albanensis,
1756 1124 1814 1171 et

231 1213 517 1280 episcopus
546 1211 875 1273 Portueusis,
899 1210 1065 1263 induti
1105 1207 1439 1276 pluvialibus,
1469 1216 1524 1261 et
1554 1208 1812 1260 habentes

239 1301 444 1364 orsria,
468 1300 580 1355 sive
604 1300 770 1355 stolas
794 1316 811 1365 ;
842 1309 896 1354 et
916 1314 1107 1354 omnes
1135 1298 1221 1352 alii
1253 1297 1488 1366 episcopi
1510 1296 1563 1350 in
1584 1297 1809 1351 circuitu

235 1393 446 1445 stabunt
475 1392 538 1445 ad
560 1393 727 1446 instar
747 1406 976 1455 coronae,
1002 1400 1241 1446 tenentes
1262 1390 1458 1459 singuli
1486 1391 1652 1444 libros
1679 1404 1813 1458 pou-

234 1481 476 1545 tillcales,
510 1481 562 1533 iu
589 1481 779 1549 quibus
801 1482 1055 1548 scriptum
1080 1488 1164 1535 est
1206 1481 1630 1535 consecrationis
1695 1480 1813 1533 olli-

236 1571 414 1632 cium,
465 1569 605 1639 quod
649 1570 843 1639 singuli
888 1569 1067 1624 dicere
1120 1568 1315 1623 debent
1361 1570 1623 1622 submissa
1661 1583 1808 1622 vote.

237 1654 385 1713 Tunc
411 1661 694 1728 episcopus
724 1660 1042 1714 Albanensis
1090 1659 1182 1713 dat
1231 1658 1457 1727 primam
1503 1659 1813 1713 Orationem

238 1753 360 1801 cum
391 1757 535 1815 nota,
570 1749 756 1803 dicens
781 1766 795 1802 :

314 1838 513 1892 Oratio.
536 1870 607 1879 —
631 1841 816 1893 Adesto
846 1840 1303 1909 supplicationibus
1334 1841 1542 1905 nostris,
1583 1840 1815 1909 omnipo-

238 1941 348 1985 lens
374 1929 528 1991 Deus,
559 1939 614 1981 ut
656 1931 790 1997 quod
816 1929 975 1999 273
1004 1929 1302 1983 humilitatis
1330 1940 1516 1983 nostra:
1541 1931 1817 1999 gerendum

240 2033 314 2075 est
341 2021 640 2081 ministaio,
665 2030 764 2073 tute
789 2021 986 2073 virtutis
1018 2020 1288 2087 impleatur
1315 2020 1519 2087 e/fectu.
1550 2019 1672 2075 Per.

308 2110 513 2165 Deinde
537 2111 816 2179 episcopus
848 2108 1155 2164 Portuensis
1185 2111 1273 2164 dat
1295 2110 1603 2165 Orationem
1642 2124 1815 2176 suam,

251 2200 429 2254 licens
458 2215 577 2253 cum
611 2209 732 2254 nota
761 2216 775 2252 :

310 2290 635 2344 0remus.—
674 2290 961 2359 Propitiare
986 2330 1003 2356 ,
1062 2290 1273 2346 Domine
1296 2331 1312 2356 ,
1362 2290 1818 2360 supplicationibus

238 2380 445 2445 nostris,
494 2388 540 2434 et
592 2379 865 2433 inclinatus
899 2396 1050 2449 super
1088 2380 1225 2433 hunc
1250 2380 1500 2449 famulum
1544 2391 1692 2434 tuum
1741 2380 1814 2434 Ν.

238 2471 418 2537 gratia:
462 2469 794 2523 sacerdotalis
835 2468 1211 2525 Benedictionis
1255 2478 1357 2524 tute
1384 2470 1438 2523 in
1470 2471 1821 2539 euminfunde

239 2563 495 2618 virtutem.
520 2560 640 2616 Per.

312 2654 439 2710 Post
461 2658 573 2708 haec
594 2653 874 2722 episcopus
898 2651 1157 2708 Ostiensis
1184 2653 1331 2722 ponit
1350 2661 1592 2722 apertum
1625 2652 1819 2708 librum

239 2745 648 2814 Evangeliorum
696 2760 857 2814 super
901 2746 1166 2800 cervicem
1195 2745 1566 2811 consecrandi,
1600 2745 1739 2799 sicut
1765 2744 1823 2797 lit

240 2837 294 2889 in
340 2836 744 2891 consecratione
786 2835 1013 2890 aliorum
1057 2837 1466 2905 episcoporum,
1514 2837 1822 2893 tenentibus

240 2928 416 2996 ipsum
448 2926 654 2982 duobus
680 2926 1041 2981 cardinalibus
1069 2940 1237 2997 usque
1258 2928 1321 2980 ad
1350 2928 1817 2983 consecrationem

242 3020 470 3075 tinitam.
508 3020 669 3073 Libro
712 3019 793 3074 sic
821 3018 1138 3088 praeposito,
1188 3026 1315 3073 tunc
1338 3028 1683 3075 consecratur
1712 3020 1825 3072 im-

1914 486 2026 539 lnec
2051 484 2454 540 archidiaconus
2484 485 2720 554 imponat
2760 484 2809 540 ei
2841 486 3078 554 pallium,
3123 486 3341 543 dicens:
3376 492 3478 542 Ac-

1911 575 2020 643 cipe
2043 574 2292 643 pallium,
2329 573 2521 628 scilicet
2550 575 2869 643 pontiﬁcalis
2907 577 3067 641 ofﬁcii
3089 618 3102 639 ,
3133 578 3201 630 ad
3241 578 3485 636 honorem

1912 667 2266 738 omnipotentis
2293 668 2404 733 Dei,
2431 667 2593 739 274
2618 680 2665 723 et
2706 670 3087 738 gloriosissima:
3112 672 3321 741 virginis
3362 673 3477 728 Ma-

1910 759 2000 811 ria:
2025 761 2133 828 ejus
2157 759 2431 829 genitricis,
2458 769 2504 813 et
2527 762 2782 815 beatorum
2804 760 2947 815 Petri
2966 773 3011 816 et
3040 761 3217 828 Pauli,
3245 774 3292 817 et
3320 764 3381 820 S.
3415 766 3480 819 RV.

1912 847 1980 902 E.
2024 851 2224 904 Deinde
2263 852 2503 906 ascendit
2547 867 2680 921 papa
2726 852 2791 906 ad
2848 853 3054 919 sedem,
3105 861 3161 908 et
3204 855 3391 923 recipit
3418 858 3482 908 ad

1912 943 2150 997 osculum
2183 944 2332 1013 pedis
2360 952 2413 997 et
2438 945 2545 997 oris
2570 959 2757 999 omnes
2808 946 3108 1012 episcopus,
3144 947 3485 1016 presbyteros

1913 1030 2238 1085 etdiaconos
2266 1033 2582 1098 cardinales,
2612 1045 2665 1088 ct
2693 1035 2826 1087 alios
2860 1036 3106 1100 pctelatos
3137 1051 3150 1088 :
3184 1051 3289 1105 quo
3318 1037 3479 1100 l‘actu,

1913 1120 2049 1175 dicat
2076 1120 2257 1176 Gloria
2286 1124 2341 1175 in
2366 1122 2579 1177 excelsis
2604 1122 2731 1186 Deo,
2776 1123 2889 1179 sive
2920 1124 3168 1177 Dominus
3210 1126 3487 1190 vobiscum,

1916 1220 1974 1263 ut
2002 1219 2211 1279 tempus
2257 1214 2493 1280 requirit.
2532 1213 2619 1266 Ille
2661 1226 2835 1267 autem
2882 1217 3164 1282 episcopus
3204 1216 3489 1270 cardinalis

1914 1301 2001 1369 qui
2030 1315 2216 1367 papam
2247 1303 2597 1367 consecravit,
2625 1304 3025 1356 consecratione
3057 1302 3226 1366 ﬁnita,
3268 1304 3488 1370 deponit

1916 1390 2234 1458 pontiﬁcalia
2271 1400 2582 1451 ornamenta
2609 1431 2625 1455 ,
2678 1403 2730 1445 et
2776 1400 3047 1460 assumpto
3080 1393 3486 1460 superpellicio,

1918 1480 2129 1548 pluviali
2153 1490 2207 1534 et
2234 1481 2387 1533 mitra
2420 1480 2667 1549 simplici,
2698 1483 2861 1534 servit
2888 1482 3085 1545 eidem,
3111 1492 3169 1535 ut
3191 1486 3353 1538 moris
3379 1498 3481 1544 est.

1916 1572 1969 1625 in
2006 1570 2183 1624 Missa.
2215 1570 2356 1638 Papa
2390 1585 2518 1625 vero
2554 1580 2671 1637 post
2711 1569 2960 1624 Dominus
2985 1571 3262 1637 vobiscum,
3290 1582 3343 1626 et
3365 1572 3488 1626 Glo-

1916 1662 1997 1714 ria
2023 1662 2076 1715 in
2102 1662 2333 1727 excelsis,
2356 1662 2398 1715 si
2427 1670 2508 1715 est
2536 1660 2842 1724 dicendum,
2875 1661 3003 1715 dicit
3046 1660 3355 1717 Orationem
3389 1663 3493 1717 Du-

1846 1747 1891 1805 B
1920 1752 2128 1806 mihiea:
2153 1755 2280 1817 alte,
2312 1760 2363 1806 et
2390 1751 2547 1806 aliam
2579 1767 2674 1819 pro
2702 1767 2761 1805 se
2809 1762 3051 1816 secrete;
3084 1750 3275 1821 quibus
3297 1751 3456 1807 dictis
3476 1795 3489 1815 ,

1919 1843 2113 1898 residet
2155 1843 2208 1896 in
2239 1843 2404 1908 sede,
2446 1852 2498 1897 et
2548 1842 2693 1910 prior
2737 1841 3087 1898 diaconorum
3134 1841 3480 1895 cardinalium

1920 1944 2134 2005 portans
2164 1934 2386 1989 ferulam
2417 1934 2473 1988 in
2505 1933 2748 1988 manibus
2774 1947 2895 1988 cum
2922 1932 3258 1997 diaconibus,
3285 1931 3495 1986 subdia-

1917 2025 2158 2089 conibus,
2215 2024 2536 2090 scriniariis,
2584 2024 2852 2093 judicibus
2901 2025 3151 2079 omnibus
3184 2023 3494 2078 solemnitcr

1919 2115 2195 2171 descendit
2222 2123 2346 2170 ante
2371 2115 2558 2177 altare,
2591 2113 2795 2168 etfacit
2836 2113 2970 2167 duas
2996 2111 3164 2176 acies,
3216 2126 3374 2166 unam
3425 2127 3490 2165 es

1920 2214 2071 2274 parte
2098 2219 2223 2270 una,
2250 2213 2316 2260 et
2340 2219 2499 2258 unam
2525 2219 2589 2259 ex
2613 2204 2834 2274 reliqua,
2866 2203 3148 2272 aequaliter
3173 2202 3483 2263 dividendo,

1923 2312 2122 2367 ponens
2146 2297 2317 2366 primo
2345 2296 2601 2351 diaconos
2623 2294 2772 2364 juxta
2799 2296 2990 2359 altare,
3019 2293 3255 2349 secundo
3279 2291 3491 2346 subdiu—

1920 2402 2107 2454 conos,
2149 2386 2306 2441 tertio
2326 2386 2579 2441 deorsum
2610 2385 2664 2440 in
2708 2386 2876 2439 choro
2900 2384 3124 2454 iudices,
3152 2392 3343 2454 quarto
3363 2383 3493 2437 scri-

1922 2478 2119 2534 niarius
2147 2475 2426 2541 ordinate;
2454 2490 2559 2544 quo
2588 2475 2747 2539 Iacto,
2800 2475 2912 2542 ipse
2954 2474 3101 2543 prior
3146 2474 3492 2529 diaconuruni

1924 2570 2104 2640 incipit
2134 2570 2339 2625 laudem
2370 2568 2449 2625 sic
2477 2570 2579 2623 alta
2610 2583 2741 2624 voce
2784 2569 2837 2623 in
2857 2578 3036 2633 cantu,
3066 2569 3215 2636 quasi
3248 2567 3493 2636 legendo,

1924 2664 2152 2729 Exaudi,
2177 2662 2415 2726 Christe;
2441 2670 2496 2717 et
2519 2661 2724 2731 judices
2772 2671 2827 2717 et
2869 2658 3128 2715 scriniarii
3173 2660 3494 2727 respondent

1923 2755 2167 2811 similiter
2192 2756 2245 2810 in
2275 2764 2456 2820 cantu,
2486 2752 2636 2821 quasi
2667 2752 2924 2822 legendo:
2960 2750 3180 2805 Domino
3199 2762 3371 2804 nostra
3396 2750 3494 2813 N.,

1923 2862 1954 2898 a
1990 2844 2101 2899 Deo
2134 2847 2337 2899 decreto
2378 2861 2577 2900 summo
2641 2843 2867 2913 pontiﬁci
2912 2850 2963 2897 et
3008 2840 3279 2896 universali
3324 2856 3495 2911 papw,

1925 2938 2045 2991 vita.
2068 2938 2195 2991 Item
2220 2936 2357 2991 idem
2378 2935 2521 3003 prior
2539 2934 2884 2989 diaconorum
2908 2932 3144 2988 secundo
3166 2931 3295 2986 dicit
3323 2931 3497 2986 Exau-

1928 3030 2002 3093 di,
2031 3027 2247 3090 Christe,
2282 3037 2334 3082 et
2358 3027 2567 3097 judicm
2591 3034 2646 3080 et
2680 3024 2941 3080 scriniarii
2970 3022 3298 3090 respondent
3326 3022 3403 3074 Tu
3434 3022 3499 3074 it-

239 3119 406 3179 ponat
434 3125 647 3164 manum
674 3110 914 3165 dextram
959 3123 1120 3176 super
1143 3121 1301 3178 caput
1336 3111 1705 3176 consecrandi,
1738 3111 1817 3165 ni-

1927 3121 2033 3174 lum
2058 3120 2269 3188 adjuva,
2307 3128 2362 3173 et
2390 3116 2470 3171 sic
2511 3115 2637 3171 facit
2667 3116 2841 3170 tertio.
2874 3113 3005 3169 Item
3052 3113 3190 3168 idem
3220 3112 3367 3181 prior
3386 3112 3499 3165 dia-

242 3200 315 3253 hil
343 3199 567 3253 ducendo
594 3215 608 3263 ;
636 3207 689 3254 et
716 3197 961 3254 similiter
992 3197 1188 3253 faciant
1214 3213 1401 3254 omnes
1429 3198 1666 3268 episcopi
1699 3216 1817 3256 car-

240 3291 470 3355 dinales,
494 3300 549 3345 et
572 3289 659 3344 alii
683 3288 1067 3359 archiepiscopi
1082 3300 1140 3344 et
1162 3291 1397 3360 episcopi
1425 3292 1515 3360 qui
1538 3295 1816 3347 assistunt.

241 3380 374 3436 Post
401 3381 515 3435 haec
546 3382 657 3450 ipse
677 3380 936 3436 Ostiensis
979 3381 1261 3450 episcopus
1290 3382 1495 3437 elevata
1532 3396 1664 3438 voce
1691 3382 1818 3438 dicit

242 3475 297 3527 in
328 3472 545 3527 modum
578 3472 904 3544 prtel'ationis
928 3472 1029 3526 Per
1055 3473 1225 3526 omnia
1253 3474 1444 3527 saecula
1490 3475 1816 3542 steculorum,

242 3565 602 3633 respondetur
630 3566 832 3629 Amen;
867 3570 922 3619 et
969 3564 1309 3632 prosequitur
1354 3563 1717 3633 praefationem
1750 3566 1817 3619 il—

243 3656 374 3722 lam,
403 3655 585 3709 Honor
613 3658 838 3710 omnium
859 3656 1185 3726 dignitatum,
1214 3666 1340 3724 etc.,
1371 3672 1490 3726 qua;
1517 3667 1544 3697 ι
1574 3660 1819 3728 superius

243 3752 300 3804 in
346 3752 751 3806 consecratione
799 3751 1024 3807 aliorum
1069 3753 1441 3822 episcOporum
1490 3756 1661 3824 posita
1714 3767 1815 3822 est,

242 3850 472 3909 excetIu
498 3840 637 3909 quod
670 3841 755 3896 ubi
799 3841 993 3897 dicitur
1025 3841 1090 3897 Et
1124 3843 1317 3896 idcirco
1345 3844 1463 3898 huic
1498 3844 1696 3910 famqu
1734 3853 1820 3898 tuo

245 3930 325 3984 N.
356 3971 370 3993 ,
400 3932 453 3984 in
477 3932 878 3988 consecratione
910 3931 1136 3988 Romani
1167 3935 1431 3999 pontificis
1461 3935 1735 4005 eleganter
1764 3939 1822 3990 lit

245 4020 366 4075 [nec
389 4022 613 4091 additiu,
646 4031 700 4078 et
748 4022 941 4078 dicitur
986 4028 1098 4079 sic:
1134 4024 1204 4078 Et
1240 4026 1432 4079 idcirco
1473 4026 1595 4080 huic
1628 4028 1822 4096 [amulo

243 4122 338 4166 tuo
368 4111 443 4167 Ν.
468 4130 617 4182 quem
638 4116 937 4183 apostolicae
975 4116 1109 4170 sedis
1134 4117 1402 4187 prcesulem
1421 4157 1437 4185 ,
1470 4128 1518 4173 et
1555 4119 1823 4189 primatem

242 4205 473 4257 omnium
508 4207 598 4273 qui
615 4207 665 4259 in
686 4206 803 4260 orbe
824 4216 1075 4261 terrarum
1100 4216 1219 4262 sunt
1248 4210 1591 4273 sacerdotum,
1624 4228 1684 4264 ac
1711 4215 1826 4265 uni-

243 4296 455 4363 versalis
480 4294 724 4350 Ecclesiae
744 4298 999 4353 doctorem
1020 4299 1224 4363 dedisti,
1264 4311 1310 4354 et
1348 4301 1417 4354 ad
1450 4318 1703 4356 summum
1743 4319 1828 4357 sa-

243 4387 459 4440 cerdotii
485 4388 818 4467 ministerium
845 4390 1060 4462 elegisti,
1084 4390 1558 4461 Itauc,qutesumus,
1584 4393 1822 4463 Domine,

1922 3222 2177 3268 co’norum
2218 3211 2461 3265 Salvator
2510 3209 2721 3274 mundi,
2772 3216 2825 3262 et
2871 3206 3078 3276 iudices
3124 3214 3179 3260 et
3232 3204 3498 3260 scriniarii

1924 3302 2252 3369 respondent
2283 3300 2359 3353 Tu
2387 3298 2537 3353 illum
2584 3298 2811 3368 adjuva,
2857 3305 2913 3350 et
2949 3295 3027 3348 sic
3070 3293 3270 3349 faciunt
3313 3293 3495 3347 tertio.

1922 3392 2052 3445 Item
2084 3390 2224 3446 idem
2258 3390 2401 3456 prior
2426 3388 2556 3442 dicit
2581 3388 2662 3441 bis
2691 3386 2883 3442 Sancta
2914 3383 3102 3445 Maria,
3132 3391 3188 3439 et
3216 3382 3494 3449 responde-

1924 3494 2007 3538 tur
2023 3481 2104 3536 Tu
2124 3481 2270 3535 illum
2293 3481 2506 3549 adiuva.
2528 3476 2728 3533 Eodem
2761 3476 2917 3530 modo
2939 3474 3070 3531 dicit
3097 3484 3302 3528 tantum
3324 3474 3488 3528 semel

1921 3577 2112 3635 Sancte
2140 3575 2383 3642 Michael,
2425 3584 2556 3639 etc.,
2587 3584 2644 3627 ut
2671 3588 2851 3641 supra.

1972 3669 2173 3736 Quibus
2196 3667 2379 3731 finitis,
2401 3665 2549 3734 prior
2569 3664 2695 3719 dicit
2718 3663 2900 3733 Kyrie,
2933 3662 3146 3727 eleison,
3174 3671 3227 3714 et
3251 3660 3327 3714 illi
3353 3674 3495 3727 resp.

1926 3758 2106 3828 Kyrie,
2140 3758 2352 3822 eleison,
2382 3766 2437 3811 et
2472 3757 2574 3810 hoc
2622 3756 2817 3810 faciunt
2845 3755 3092 3810 similiter
3119 3753 3395 3818 secundo;
3444 3764 3501 3806 et

1926 3859 2109 3918 postea
2138 3863 2345 3913 omnes,
2375 3848 2599 3914 scilicet,
2631 3849 2776 3915 prior
2818 3847 3163 3901 diaconorutn
3207 3859 3261 3901 et
3288 3847 3500 3902 subdia-

1926 3940 2072 4004 coni,
2101 3949 2155 3993 et
2181 3939 2273 3992 alii
2315 3939 2470 3993 tertio
2498 3937 2655 3991 simul
2683 3939 2867 3991 dicunt
2895 3953 2997 3991 una
3019 3946 3074 3993 et
3097 3937 3202 3991 alta
3232 3953 3364 3995 voce
3389 3936 3500 4007 lig-

1924 4031 2022 4094 rie,
2051 4029 2263 4084 eleison.
2297 4026 2566 4082 Laudibus
2595 4027 2672 4081 sic
2703 4026 2885 4089 ﬁnitis,
2919 4026 3109 4095 legitur
3146 4027 3368 4095 epistola
3399 4027 3497 4081 La-

1926 4122 2037 4175 tina
2065 4130 2122 4175 et
2165 4118 2550 4188 subsequenter
2585 4116 2770 4171 Graeca
2811 4129 2972 4184 super
3003 4115 3293 4184 pulpitum;
3334 4123 3390 4170 et
3431 4117 3501 4170 itu

1928 4214 2087 4268 etiam
2114 4211 2169 4265 lit
2197 4210 2266 4265 de
2308 4208 2613 4278 Evangelio.
2648 4208 2718 4262 Et
2738 4208 2816 4261 sic
2844 4206 3003 4261 Missa
3032 4207 3219 4262 ordine
3253 4222 3351 4261 suo
3379 4222 3498 4276 pro-

1928 4304 2070 4358 cedit
2110 4317 2278 4372 usque
2325 4301 2393 4356 ad
2434 4300 2591 4354 linem
2619 4315 2634 4366 ;
2665 4307 2720 4354 et
2760 4298 3175 4353 communicabit
3201 4312 3335 4368 papa
3382 4312 3502 4353 eum

1929 4398 2287 4461 solemnitate,
2322 4410 2426 4449 non
2451 4407 2610 4462 super
2634 4394 2833 4458 altare,
2860 4391 2954 4446 sed
2984 4392 3050 4446 ad
3084 4391 3289 4446 sedem.

245 4480 465 4547 gratiam
517 4481 775 4551 largioris,
807 4492 937 4548 etc.,
986 4498 1153 4553 usque
1204 4484 1282 4537 De
1326 4486 1555 4555 profectu
1594 4489 1820 4543 omnium
1856 4477 1904 4535 Ι)
2000 4492 2122 4546 Post
2151 4490 2363 4544 Missam
2394 4484 2522 4542 dicit
2547 4499 2681 4556 papa
2732 4484 2815 4540 Sit
2838 4500 3019 4539 nomen
3064 4485 3271 4538 Domini
3294 4485 3501 4539 benedi-

244 4580 604 4637 consequatur.
618 4573 1016 4644 Consequenter
1039 4591 1164 4631 vero
1178 4577 1267 4632 ubi
1289 4578 1483 4633 dicitur
1499 4579 1721 4635 Tribuas
1742 4582 1819 4647 ei,

244 4669 381 4725 etc.,
412 4662 462 4715 iu
492 4665 894 4720 consecratione
919 4666 1142 4721 Romani
1173 4668 1441 4737 pontiﬁcis
1466 4672 1675 4725 dicatur
1701 4674 1817 4729 sic:

247 4746 463 4805 Tribuas
484 4753 551 4818 ei,
584 4752 819 4819 Domine,
851 4756 1149 4810 cathedram
1182 4759 1528 4828 pontiﬁcalem
1548 4765 1619 4815 ad
1644 4778 1823 4833 regen-

245 4844 370 4891 dam
402 4840 681 4898 Ecclesiam
714 4854 875 4911 tuam,
906 4856 953 4900 et
982 4847 1175 4917 plebem
1196 4857 1296 4902 tua:
1314 4852 1468 4903 sortis
1496 4852 1633 4906 intra
1661 4870 1821 4906 mun-

242 4928 504 4987 dilimitrs
524 4936 824 4990 universam.
856 4936 937 4992 Sit
966 4938 1013 4991 ei
1042 4940 1341 5006 auctoritas,
1365 4949 1419 4994 et
1440 4942 1662 5011 reliqua.
1684 4943 1822 4998 Con-

244 5023 546 5080 secratione
573 5041 824 5082 manuum
875 5028 1036 5094 facta,
1063 5043 1404 5085 consecratur
1432 5034 1672 5089 immittit
1722 5051 1819 5091 an-

246 5113 433 5168 nulum
480 5117 530 5168 in
577 5117 797 5185 digitum
846 5120 1154 5174 annularem
1204 5119 1407 5174 dextra:
1438 5136 1625 5177 manus
1669 5139 1821 5193 papae

242 5207 564 5273 consecrati,
592 5206 776 5261 dicens
802 5225 815 5259 :
866 5209 1049 5274 Accipe
1088 5210 1360 5276 annulum,
1395 5211 1517 5278 ﬁdei
1542 5214 1732 5267 scilicet
1753 5215 1823 5267 si-

242 5294 545 5363 gnaculum,
597 5304 843 5364 quatenus
879 5313 1114 5363 sponsam
1159 5298 1283 5364 Dei,
1324 5299 1552 5353 videlicet
1594 5311 1824 5356 sanctam

246 5384 586 5440 uniuersalem
619 5385 925 5454 Ecclesium,
955 5398 1084 5454 etc.,
1117 5401 1170 5444 ut
1208 5405 1365 5459 supra
1391 5408 1404 5454 ;
1431 5402 1482 5445 et
1512 5392 1703 5447 deinde
1732 5394 1823 5449 dat

247 5476 298 5527 ei
321 5476 613 5530 secundum
658 5478 874 5533 modum
919 5480 1286 5547 praescriptum
1330 5480 1524 5534 librum
1577 5483 1818 5551 Evange-

247 5563 462 5628 Iiorutu,
494 5565 715 5622 dicens:
750 5568 930 5637 Accipe
955 5566 1304 5639 Evangelium,
1335 5577 1380 5621 et
1403 5570 1561 5633 vade,
1596 5576 1821 5637 prtcdica

1928 4589 2084 4645 ctum,
2114 4588 2169 4634 et
2195 4593 2342 4648 resp.
2375 4576 2457 4631 Ea:
2496 4577 2590 4630 hoc
2618 4590 2775 4641 nunc,
2805 4584 2937 4641 etc.,
2967 4585 3020 4629 et
3043 4575 3133 4629 dat
3157 4575 3503 4631 Benedictio-

1928 4687 2071 4728 nem.
2094 4670 2293 4739 Quibus
2322 4670 2423 4723 rite
2455 4668 2702 4737 peractis,
2735 4668 2850 4735 ipse
2896 4681 3028 4735 papa
3075 4674 3130 4721 et
3157 4682 3347 4721 omnes
3385 4681 3509 4721 car-

1928 4763 2154 4829 dinales,
2181 4769 2234 4814 et
2272 4758 2364 4813 alii
2412 4759 2615 4826 praelati
2658 4768 2711 4813 et
2760 4757 3108 4825 subdiaconi,
3155 4757 3382 4827 quilibet
3448 4757 3501 4812 in

1929 4854 2095 4924 gradu
2144 4865 2277 4916 suo,
2329 4848 2616 4904 induentur
2662 4849 2995 4904 vestimentis
3056 4846 3300 4917 pretiosis
3342 4847 3505 4920 275

1932 4944 2035 5001 albi
2065 4942 2282 5011 coloris,
2316 4940 2551 5009 episcopi
2580 4940 2913 5010 pluvialibus,
2950 4939 3243 5009 presbyteri
3284 4939 3497 5002 casulis.

1929 5035 2135 5092 diaconi
2165 5034 2479 5097 dalmaticis,
2509 5033 2817 5089 subdiaconi
2849 5031 3133 5097 tunicellis,
3160 5030 3398 5102 aculytlti
3448 5040 3504 5085 et

1927 5126 2013 5179 alii
2040 5124 2298 5193 capellani
2329 5122 2739 5193 superpelliciis,
2772 5119 3107 5189 patriarcha.
3138 5121 3498 5191 archiepisco-

1931 5216 2007 5282 pi,
2036 5214 2272 5283 episcopi
2304 5252 2322 5279 ,
2350 5212 2570 5268 abbates
2599 5211 2947 5281 pluvialibus;
2970 5219 3026 5266 et
3070 5209 3323 5265 similiter
3358 5210 3499 5279 judi-

1928 5318 2038 5366 ces,
2089 5301 2390 5366 scriniarii,
2442 5302 2712 5371 prailecti,
2755 5310 2807 5356 et
2848 5300 3090 5355 advocati
3122 5310 3281 5356 erunt
3333 5300 3500 5355 induti

1931 5396 2243 5464 pluvialibus
2268 5435 2284 5461 ,
2332 5405 2387 5450 et
2414 5394 2728 5449 scholenses
2755 5394 3165 5463 superpelliciis.
3200 5394 3341 5465 Papa
3373 5409 3501 5450 vero

1927 5499 2046 5539 cum
2097 5486 2303 5553 plaueta
2331 5484 2509 5538 omnia
2559 5484 2789 5554 pretiosa
2834 5495 3151 5541 ornamenta
3182 5484 3419 5553 habebit,
3446 5496 3501 5540 et

1928 5576 2168 5643 pallium,
2195 5585 2250 5630 et
2278 5573 2487 5631 mitram
2516 5575 2769 5647 optimam
2790 5616 2803 5642 ,
2834 5583 2895 5633 et
2936 5576 3295 5645 chirothecas,
3327 5588 3388 5634 et
3408 5594 3509 5632 an~

324 5688 351 5715 ⁸
392 5679 443 5734 Id
476 5683 632 5737 estin
671 5684 886 5754 antiquo
912 5683 1109 5738 Ordine
1157 5682 1413 5747 Romano,
1462 5698 1565 5739 non
1607 5685 1661 5741 in
1709 5687 1809 5744 hoc
1846 5690 1982 5746 libro
2010 5690 2279 5746 Gaictani.
