4006 6292
561 257 690 311 Ill?)
744 274 788 310 ,ι

1252 262 1593 318 ΑΡΓΕΝΟΙΧ
1633 266 1724 318 AD
1762 265 1816 319 S.
1863 264 2188 323 GliEGOlill
2231 271 2440 326 MAGNI
2483 258 2847 331 Ll'l‘URC‘lCA
2887 279 3136 336 OPERA.

3686 285 3821 340 HM

551 376 732 426 nulum
785 373 996 438 pontiﬁc
1035 373 1136 425 lem
1167 389 1180 434 ;
1224 384 1279 427 et
1326 380 1400 430 sic
1436 390 1656 435 ornatus
1703 397 1824 436 cum
1878 385 2122 438 omnibus
2151 393 2197 446 Α
2227 399 2339 440 s:im
2371 389 2628 455 panicum
2658 392 2722 444 ad
2751 395 3030 448 ecclesiam
3057 396 3289 450 basilicae
3317 398 3704 454 Lateranensis
3735 401 3822 453 ubi

545 466 692 518 venit
720 465 784 517 ad
814 474 1015 544 portum
1045 469 1155 517 sive
1182 466 1373 532 gradus
1404 470 1665 535 ecclesia},
1697 485 1746 525 et
1781 475 1848 527 ibi
1881 476 2034 528 sedet
2062 476 2115 528 iu

545 556 673 610 sede
701 557 799 608 sibi
829 563 1120 620 praeparata
1148 571 1162 619 ;
1213 566 1266 609 et
1295 560 1438 623 prior
1486 561 1829 617 diacouorum
1875 567 2115 619 cardina-

545 645 670 697 lium
702 641 934 696 extrahit
957 644 1004 695 ei
1039 643 1271 712 mitram,
1307 656 1358 698 et
1389 648 1534 713 ponit
1580 664 1851 715 coronam,
1880 669 1996 721 quae
2024 670 2119 708 vo-

541 742 689 785 catur
718 747 958 799 regnum,
993 733 1043 785 in
1072 733 1262 802 capite,
1291 743 1402 790 tcto
1417 739 1614 807 populo
1639 741 1905 797 clamante
1933 743 2113 814 Ii'yrie,

538 825 743 878 eleison.

605 917 720 982 Quo
750 917 906 981 facto,
940 918 1160 986 quilibet
1203 919 1488 975 cardinalis
1529 930 1582 976 et
1612 924 1862 990 praelatus
1911 927 2116 995 equitat

535 1023 727 1074 equum
761 1018 1066 1074 coopertum
1103 1024 1273 1076 panno
1299 1010 1460 1073 albo;
1494 1012 1803 1068 subdiacoui
1833 1030 1993 1084 vero,
2026 1031 2116 1070 ca-

537 1098 727 1166 pellani
750 1139 764 1161 ,
796 1099 1058 1153 scriniarii
1088 1109 1140 1153 ct
1170 1101 1257 1154 alii
1286 1102 1526 1170 equitant
1554 1115 1738 1161 ornate
1767 1107 1973 1174 vestiti,
2006 1123 2112 1161 non

537 1199 710 1242 tamen
742 1187 1008 1242 habebunt
1052 1205 1218 1258 equos
1266 1202 1567 1262 coopertos,
1599 1210 1729 1263 papa
1759 1211 1886 1251 vero
1915 1199 2114 1265 equitat

532 1293 726 1347 equum
758 1294 1004 1349 magnum
1036 1280 1332 1345 faleratum,
1363 1291 1416 1336 et
1444 1295 1751 1350 coopertum
1798 1297 1997 1342 tantum
2047 1305 2111 1344 ex

533 1378 685 1435 parte
715 1369 993 1436 posteriori
1021 1369 1087 1423 de
1128 1371 1395 1436 scerleto;
1427 1381 1481 1426 et
1527 1390 1803 1442 posiqnam
1835 1379 2109 1446 equitavit,

533 1460 592 1512 lit
621 1458 691 1512 ibi
719 1459 769 1512 in
795 1462 983 1513 eodem
1009 1463 1121 1513 loco
1141 1463 1312 1528 jactus
1337 1477 1416 1530 pet
1435 1464 1572 1518 uniaa
1600 1446 1691 1518 sex
1717 1469 1990 1521 missilium
2018 1485 2109 1538 per

528 1550 917 1613 seuescalcum,
951 1552 1031 1604 vel
1063 1552 1226 1605 alium
1252 1564 1351 1617 ter,
1382 1562 1434 1606 et
1462 1565 1581 1621 post
1606 1570 1733 1624 papa
1764 1559 1994 1627 projicit.
2021 1559 2110 1614 Sic

525 1656 703 1699 autem
735 1646 981 1699 omnibus
1009 1662 1199 1715 equum
1232 1651 1657 1713 ascendentibus,
1686 1650 1828 1718 prior
1857 1653 2110 1706 diacono-

2230 488 2368 544 orat,
2385 479 2542 532 etdat
2562 480 3016 549 Benedictiouem,
3043 487 3226 540 dicens
3252 505 3269 541 :
3294 488 3372 543 Sit
3395 507 3586 543 nomen
3612 490 3820 544 Domini

2219 566 2550 634 benedictum,
2581 581 2632 624 et
2661 587 2802 640 resp.
2835 573 2880 624 E
2894 592 2914 624 ε
2938 575 3032 627 hoc
3058 593 3212 643 nunc,
3242 588 3372 644 etc.,
3398 588 3452 634 et
3483 581 3714 649 deponit
3740 596 3819 634 re-

2216 673 2399 727 gnum,
2430 670 2485 715 et
2512 665 2734 716 assumit
2765 665 3010 733 mitram,
3055 677 3110 721 et
3151 669 3304 724 sedet
3350 671 3399 723 iu
3450 687 3645 741 magna
3691 670 3822 726 sede

2218 763 2334 822 post
2359 756 2526 810 altare
2548 795 2567 824 ,
2599 757 2685 812 ubi
2716 760 2906 828 recipit
2936 762 3220 828 praedictos
3252 767 3480 832 priorem
3513 777 3571 820 et
3595 767 3804 821 canoni-

2215 857 2310 899 cos
2339 845 2731 902 Lateranenses
2777 849 2843 902 ad
2875 852 3060 918 pedem
3090 863 3145 907 et
3171 855 3456 920 osrulum;
3495 871 3605 925 quo
3651 857 3815 922 facto,

2215 934 2422 988 ducitur
2450 936 2512 989 ad
2544 938 2824 1005 palatium;
2857 952 2909 994 et
2929 942 3054 995 dum
3085 944 3370 998 veneritad
3407 955 3618 1010 portam
3659 947 3811 1015 pala-

2216 1022 2298 1087 tii,
2333 1023 2456 1079 inde
2483 1025 2712 1079 intratur
2741 1028 2993 1095 palatium
3026 1046 3119 1098 per
3143 1034 3448 1088 ecclesiam.
3483 1036 3713 1090 Ponitur
3743 1038 3811 1090 ibi

2215 1114 2566 1169 faldistorium
2587 1155 2602 1180 ,
2634 1127 2687 1171 et
2716 1118 2783 1172 ibi
2817 1134 2948 1187 papa
2977 1122 3230 1185 sedente,
3278 1124 3424 1191 prior
3467 1129 3814 1195 presbytero-

2215 1218 2332 1257 rum
2364 1204 2735 1271 cardinalium,
2768 1221 2890 1261 cum
2923 1209 3052 1276 ipsis
3084 1212 3409 1282 presbyteris
3457 1223 3512 1268 et
3535 1214 3814 1279 judicibus

2214 1304 2268 1347 et
2296 1294 2588 1348 scriniariis
2607 1295 2864 1351 ordinatis
2885 1299 2937 1350 in
2960 1299 3072 1362 filo,
3100 1299 3223 1353 facit
3251 1301 3479 1364 laudem,
3497 1303 3644 1356 sicut
3664 1305 3810 1369 prior

2213 1384 2558 1438 diacouorum
2581 1386 2924 1440 cardinalium
2954 1388 3154 1444 fecerat
3175 1391 3223 1442 in
3256 1390 3411 1445 Missa
3440 1401 3571 1446 ante
3595 1393 3808 1460 Episto-

2213 1474 2319 1528 lam
2351 1483 2471 1542 post
2499 1476 2827 1532 Orationem.
2863 1476 3054 1532 Postea
3085 1478 3296 1532 ducitur
3327 1495 3462 1549 papa
3491 1497 3520 1533 a
3554 1482 3808 1535 cardina-

2213 1564 2351 1620 libus
2385 1581 2477 1634 per
2507 1567 2756 1634 palatium
2795 1583 2962 1637 usque
2990 1569 3054 1621 ad
3106 1581 3309 1636 portam
3356 1571 3607 1625 ecclesia:
3636 1573 3803 1625 sancti

2213 1656 2478 1719 Silvestri,
2512 1657 2598 1710 ubi
2628 1667 2754 1711 sunt
2782 1659 2903 1709 dua:
2925 1658 3082 1711 sedes
3105 1658 3525 1728 porphyreticze;
3554 1671 3611 1714 et
3640 1661 3804 1726 primo

529 1752 646 1788 rum
695 1752 812 1790 cum
859 1736 1030 1792 ferula
1078 1739 1285 1792 ordinat
1333 1739 1735 1796 Processiouem
1785 1743 1885 1796 hoc
1929 1744 2105 1796 modo.
2145 1748 2185 1805 Β
2211 1745 2361 1799 sedet
2392 1747 2440 1798 iu
2473 1762 2572 1799 uua
2605 1762 2723 1816 qua:
2753 1755 2835 1801 est
2865 1747 2916 1801 in
2946 1747 3210 1815 dextera,
3261 1750 3347 1802 ubi
3379 1751 3524 1818 prior
3568 1750 3804 1803 basilica

525 1825 706 1882 Primo
737 1829 978 1897 procedit
999 1844 1166 1897 equus
1187 1829 1389 1884 domini
1412 1845 1564 1901 papae
1595 1832 1881 1897 faleratus;
1913 1847 2107 1887 secon-

523 1922 617 1991 do,
650 1923 792 1975 vadit
819 1923 1174 1978 subdiaconus
1203 1939 1321 1978 cum
1353 1940 1547 1991 cruce;
1596 1928 1776 1993 tertio,
1826 1928 2104 1982 duodecim

523 2014 855 2068 branderarii
881 2029 1000 2067 cum
1029 2015 1304 2069 duodecim
1333 2017 1536 2075 vexillis
1562 2017 1741 2071 rubeis
1759 2057 1774 2082 ,
1810 2026 1865 2072 et
1886 2017 1991 2072 duo
2017 2020 2104 2073 alii

527 2116 647 2157 cum
677 2104 881 2156 duobus
907 2104 1024 2156 aliis
1051 2103 1356 2158 cherubinis
1385 2116 1436 2160 et
1466 2107 1697 2173 lanceis;
1745 2118 1957 2177 quarto,
1997 2108 2105 2165 duo

523 2193 756 2262 praefecd
783 2197 996 2248 navales
1019 2195 1184 2249 induti
1208 2196 1556 2265 pluvialibus;
1577 2200 1780 2267 quinto,
1805 2200 2100 2265 scriniarii;

519 2289 691 2353 s'exto,
724 2287 1000 2351 advocati;
1033 2289 1279 2357 septimo,
1307 2289 1544 2358 judices;
1573 2302 1785 2356 octavo,
1817 2301 2100 2358 cantores;

522 2389 683 2439 nouo,
714 2375 920 2430 diaconi
944 2387 996 2431 et
1016 2359 1330 2434 sdbdiaconi
1351 2380 1440 2447 qui
1467 2381 1708 2450 legerunt
1735 2381 2025 2450 Epistolam
2048 2391 2103 2438 et

519 2467 856 2537 Evangelium
903 2471 952 2523 in
1000 2471 1226 2534 Grieco;
1275 2472 1504 2538 decimo,
1556 2474 1776 2530 abbates
1825 2475 2098 2539 forenses;

521 2561 819 2626 undecimo,
844 2562 1106 2629 episcopi;
1131 2562 1469 2630 duodecimo,
1500 2565 1919 2636 archiepiscopi;
1948 2567 2099 2621 deci-

522 2672 607 2706 mo
637 2654 792 2708 tertio
810 2694 825 2718 ,
853 2655 1071 2708 abbates
1098 2654 1285 2721 Urbis;
1314 2656 1521 2712 decimo
1548 2667 1754 2726 quarto,
1783 2657 2099 2728 patriarchae

518 2755 570 2798 et
591 2744 823 2813 episcopi
849 2744 1176 2811 cardinales;
1200 2745 1409 2801 decimo
1431 2748 1638 2816 quinto,
1664 2748 1960 2821 presbyteri
1981 2763 2100 2804 car-

515 2834 759 2899 dinales;
803 2834 1011 2890 decimo
1057 2845 1210 2892 sexto
1233 2881 1247 2906 ,
1281 2838 1490 2892 diaconi
1527 2840 1855 2906 cardinales;
1889 2840 2098 2897 decimo

515 2924 758 2991 septimo,
790 2924 1036 2978 dominus
1065 2941 1220 2994 papa,
1241 2937 1296 2980 et
1323 2928 1678 2982 subdiaconus
1711 2944 1830 2982 cum
1864 2929 2091 2998 tohalea,

516 3025 571 3066 ct
596 3015 834 3068 serviens
863 3015 954 3083 qui
993 3024 1165 3084 portat
1196 3019 1579 3072 umbraculum.
1603 3018 1952 3076 Processioue
1976 3020 2094 3076 tali-

2211 1835 2376 1887 sancti
2407 1834 2677 1889 Laurentii
2707 1836 2800 1889 dat
2828 1836 2876 1890 ei
2903 1836 3147 1902 feruhm,
3180 1855 3297 1907 qua:
3323 1849 3406 1892 est
3435 1841 3649 1909 signum
3678 1855 3802 1895 cor-

2209 1925 2459 1979 reetionis
2500 1934 2556 1979 et
2601 1927 2906 1995 regimiuis,
2958 1937 3013 1983 et
3049 1930 3226 1983 claves
3273 1929 3442 1999 ipsius
3486 1930 3726 1986 basilica:
3753 1943 3800 1986 et

2207 2015 2344 2069 sacri
2377 2016 2753 2071 Lateranensis
2803 2019 3001 2086 palatii,
3047 2019 3098 2072 in
3136 2021 3327 2088 quibus
3357 2021 3674 2090 designatur
3708 2035 3802 2087 po-

2208 2114 2372 2160 testas
2403 2109 2681 2162 claudendi
2712 2119 2767 2162 et
2796 2110 3093 2178 aperiendi,
3119 2112 3313 2181 ligandi
3337 2124 3499 2180 atque
3520 2113 3798 2175 solvendi;

2206 2205 2260 2249 et
2289 2211 2409 2249 cum
2449 2196 2562 2265 ipsa
2597 2198 2759 2251 ferula
2791 2209 2843 2252 et
2873 2199 2991 2252 aliis
3019 2200 3259 2255 clavibus
3288 2217 3414 2255 acce
3437 2202 3498 2256 iit
3523 2204 3592 2254 ad
3639 2203 3798 2254 aliam

2203 2286 2384 2341 sedem
2414 2290 2642 2342 similem
2665 2330 2678 2352 ,
2707 2303 2826 2358 quae
2853 2299 2937 2344 est
2965 2289 3033 2343 ad
3061 2291 3363 2356 sinistram;
3402 2301 3459 2346 et
3490 2302 3618 2345 tunc
3646 2294 3801 2346 rcsti

2205 2382 2305 2434 tuit
2333 2382 2506 2435 eidem
2542 2382 2701 2451 priori
2731 2383 2955 2436 ferulam
2997 2392 3050 2437 et
3076 2384 3280 2450 claves,
3311 2394 3365 2438 et
3396 2384 3585 2451 incipit
3613 2384 3798 2438 sedere

2203 2472 2256 2528 in
2289 2471 2378 2526 illa
2401 2472 2632 2527 secunda
2661 2473 2810 2527 sede.
2843 2472 2908 2526 Et
2932 2484 3208 2541 postquam
3230 2475 3622 2544 aliquantulum
3647 2473 3798 2528 sede-

2201 2565 2301 2629 rit,
2335 2563 2472 2618 idem
2504 2563 2648 2632 prior
2677 2564 2841 2634 cingit
2871 2565 3045 2619 eidem
3075 2565 3290 2619 domino
3329 2581 3480 2633 papa:
3506 2580 3708 2619 zonam
3734 2565 3797 2619 dc

2203 2657 2377 2711 serico
2406 2655 2602 2721 rubeo,
2635 2657 2686 2710 in
2717 2672 2816 2726 qua
2847 2656 3006 2711 debet
3037 2657 3269 2726 pendere
3298 2657 3459 2711 bursa
3495 2672 3797 2725 purpurea,

2199 2747 2255 2802 in
2285 2761 2387 2814 qua
2417 2755 2542 2800 sunt
2571 2746 2853 2801 duodecim
2885 2747 3089 2816 lapides
3119 2748 3342 2816 pretiosi
3375 2748 3536 2818 277
3571 2763 3702 2801 cum
3730 2749 3797 2800 si-

2198 2835 2340 2903 gillis
2369 2845 2421 2888 et
2454 2835 2684 2899 muscis;
2715 2845 2768 2889 et
2797 2836 2922 2888 dum
2955 2837 3005 2889 in
3055 2838 3165 2905 ipsa
3204 2836 3335 2890 sede
3382 2837 3558 2899 sedet,
3614 2837 3797 2903 recipit

2199 2922 2456 2979 ofﬁciales
2497 2924 2676 2991 palatii
2704 2924 2770 2977 ad
2799 2925 2984 2993 pedem
3015 2935 3069 2978 et
3099 2926 3360 2978 osculum.
3394 2924 3606 2992 Recipit
3637 2926 3796 2977 etiam

2200 3021 2268 3076 de
2297 3036 2456 3076 manu
2485 3019 2762 3074 camerarii
2797 3029 2976 3088 postea
3014 3020 3267 3074 denarios
3295 3031 3582 3089 argenteos
3615 3022 3797 3072 valen-

516 3115 596 3174 ter
637 3105 876 3159 ordinata
902 3147 917 3170 ,
965 3107 1212 3162 dominus
1245 3123 1378 3177 papa
1407 3125 1526 3165 cum
1556 3126 1616 3165 ea
1651 3127 1742 3179 per
1774 3113 1908 3166 viam
1940 3130 2089 3182 papa:
2121 3112 2167 3173 C
2203 3120 2282 3166 tes
2310 3111 2492 3166 decem
2521 3109 2722 3165 solidos
2751 3110 3181 3169 Provesinorum.
3206 3121 3259 3164 et
3283 3110 3490 3178 projicit
3515 3123 3616 3162 eos
3637 3122 3798 3176 super

516 3195 769 3248 incedens
802 3199 1081 3252 revertitur
1106 3198 1171 3253 ad
1196 3199 1546 3267 Lateranum;
1575 3201 1669 3257 sed
1693 3218 1811 3258 cum
1845 3221 2093 3272 pervene-

514 3283 583 3337 rit
611 3284 676 3336 ad
705 3287 888 3338 turrim
920 3286 1175 3357 Stephani
1221 3305 1340 3358 qua:
1366 3302 1447 3346 est
1475 3292 1527 3345 in
1557 3291 1816 3358 Parione,
1849 3303 1904 3349 et
1935 3295 2092 3352 hodie

514 3374 705 3428 dicitur
743 3375 924 3431 Turris
949 3380 1015 3433 de
1042 3377 1262 3449 Campo,
1293 3397 1430 3436 unus
1459 3383 1526 3439 de
1550 3383 1750 3439 familia
1781 3401 1927 3454 papa.-
1970 3385 2094 3441 facit

514 3466 585 3520 ibi
615 3467 778 3520 alium
800 3468 1029 3537 jactuui,
1060 3473 1249 3526 stando
1275 3473 1327 3526 iu
1364 3474 1541 3543 aliquo
1571 3475 1688 3530 loco
1715 3477 2004 3543 eminenti;
2037 3487 2093 3532 et

514 3561 585 3613 ibi
614 3560 862 3614 dominus
887 3576 1016 3630 papa
1047 3570 1174 3628 stat,
1202 3578 1254 3618 et
1277 3565 1349 3618 ibi
1375 3567 1592 3620 veniunt
1616 3566 1782 3621 JUdiBl
1805 3584 1924 3622 cum
1953 3569 2088 3638 lege,

513 3652 768 3706 facienses
796 3653 844 3706 ei
867 3654 1104 3721 laudem;
1135 3666 1188 3734 et
1215 3657 1442 3712 offerunt
1473 3660 1639 3728 legem
1669 3660 1767 3714 sibi
1801 3671 1856 3715 ut
1881 3661 2086 3716 adoret.

516 3746 770 3802 Similiter
800 3748 922 3802 dum
955 3752 1193 3818 pervenit
1222 3752 1288 3805 ad
1321 3754 1569 3821 palatium
1619 3755 1782 3808 Ciutae
1811 3754 1987 3810 Musca
2017 3756 2088 3810 .iu

515 3836 691 3906 l‘unga
711 3876 728 3902 ,
757 3853 892 3891 unus
922 3843 986 3894 de
1015 3840 1211 3896 familia
1245 3857 1390 3910 papa:
1417 3844 1484 3897 de
1531 3844 1672 3898 dicto
1722 3846 1916 3914 palatio
1963 3847 2089 3901 facit

514 3943 673 3980 unum
697 3927 914 3997 jactuin.
949 3932 1204 3986 Similiter
1232 3929 1355 3986 facit
1383 3934 1540 3987 alium
1563 3935 1787 4004 jactum,
1816 3952 1935 3990 cum
1970 3953 2091 4007 per-

513 4023 715 4074 venerit
764 4020 831 4074 ad
873 4033 1114 4077 sanctum
1157 4025 1411 4079 Marcum.
1468 4027 1724 4082 Similiter
1751 4029 1914 4098 276
1963 4044 2082 4082 cum

515 4111 812 4176 pervenerit
841 4110 906 4164 ad
932 4123 1171 4166 sanctum
1196 4115 1506 4182 Adrianum,
1535 4115 1660 4172 facit
1682 4117 1845 4172 alium
1885 4119 2083 4186 jactum

509 4204 575 4255 de
604 4203 797 4271 palatio
822 4215 1016 4257 sanctae
1047 4204 1303 4259 Martium.

581 4297 844 4352 Perveuto
865 4310 1039 4352 autem
1064 4300 1130 4352 ad
1161 4301 1384 4367 plateam
1414 4299 1848 4365 Lateranensem,
1872 4302 2081 4356 ducitur

509 4388 827 4454 apostolicu~
857 4392 924 4443 ad
953 4393 1233 4456 porticum,
1257 4408 1373 4460 quae
1404 4394 1545 4446 vadit
1567 4393 1632 4446 ad
1657 4395 1938 4447 ecclesiam
1963 4410 2085 4447 san-

2201 3213 2470 3268 astautes;
2502 3212 2555 3258 et
2585 3202 2686 3256 hoc
2715 3202 2838 3257 facit
2867 3211 2976 3267 ter,
3011 3202 3240 3256 dicendo
3279 3203 3506 3270 singulis
3533 3202 3751 3256 visibus
3785 3219 3798 3255 :

2196 3293 2448 3359 Dispersit
2466 3333 2482 3358 ,
2509 3293 2646 3346 dedit
2678 3293 3020 3362 pauperibus;
3041 3293 3250 3364 justitia
3278 3295 3392 3362 ejus
3417 3303 3590 3345 manet
3619 3294 3675 3344 in
3704 3308 3799 3345 sa-

2195 3383 2367 3436 culum
2392 3385 2608 3449 swculi;
2639 3382 2769 3438 etin
2811 3383 2925 3436 istis
2960 3382 3166 3436 duabus
3204 3384 3420 3436 sedibus
3461 3382 3632 3436 debet
3661 3396 3796 3449 papa

2198 3473 2374 3530 taliter
2394 3473 2601 3536 sedere,
2626 3483 2686 3526 ut
2711 3472 2955 3526 videatur
2978 3474 3152 3540 potius
3169 3470 3350 3540 jacere
3370 3487 3532 3538 quam
3561 3471 3790 3535 sedere;

2193 3573 2250 3616 et
2281 3562 2420 3616 nulla
2452 3565 2669 3616 istarum
2699 3562 2901 3617 sedium
2925 3601 2942 3626 ,
2974 3576 3073 3617 nec
3111 3563 3271 3618 etiam
3300 3563 3626 3616 stercoraria
3649 3601 3664 3626 ,
3693 3563 3796 3614 erit

2194 3667 2443 3726 c00perta
2476 3655 2560 3710 vel
2590 3663 2791 3724 parata,
2823 3653 2917 3708 sed
2947 3653 3110 3709 nuda.

2267 3769 2467 3824 Deinde
2493 3783 2717 3839 surgens
2761 3770 2971 3824 ducitur
3005 3769 3070 3822 ad
3116 3767 3388 3823 basilicam
3428 3767 3604 3820 sancti
3653 3764 3793 3818 Lau-

2196 3861 2352 3914 rentii
2373 3902 2387 3924 ,
2427 3876 2544 3928 quae
2573 3861 2764 3914 dicitur
2795 3861 2988 3915 Sancta
3021 3859 3364 3919 Sanctorum,
3393 3856 3483 3910 ubi
3512 3855 3710 3916 imm,
3742 3863 3794 3908 et

2193 3960 2316 4004 ante
2344 3952 2514 4005 altare
2553 3965 2701 4004 suam
2733 3951 3036 4003 Orationem
3068 3948 3228 4012 facit;
3262 3955 3316 4001 et
3357 3956 3544 4014 postea
3577 3944 3794 3997 reduci-

2193 4052 2279 4096 tur
2300 4044 2365 4096 ad
2389 4043 2647 4111 capellam
2676 4043 2844 4096 sancti
2867 4041 3133 4102 Silveslri,
3157 4041 3208 4094 in
3233 4054 3335 4107 qua
3358 4039 3556 4102 intrat;
3584 4036 3792 4102 ibique.

2191 4135 2446 4200 depositis
2491 4133 2692 4201 pallia,
2739 4132 2916 4186 casula
2968 4139 3021 4185 et
3065 4129 3427 4190 chirothecis,
3459 4137 3515 4180 et
3564 4135 3794 4191 accepto

2194 4236 2373 4278 manto
2415 4226 2480 4276 ad
2509 4226 2785 4291 scapulas,
2819 4224 2973 4275 sedet
3003 4223 3053 4274 in
3087 4221 3202 4274 loco
3233 4228 3564 4288 pr.cparato,
3612 4226 3669 4268 et
3701 4217 3794 4266 dat

2190 4313 2406 4368 cuilibet
2428 4311 2682 4365 cardinali
2707 4324 2759 4366 et
2783 4314 2999 4378 praelato
3023 4310 3412 4379 presbyterium
3437 4309 3662 4360 solitum
3691 4307 3792 4358 hoc

2191 4406 2366 4458 modo.
2403 4405 2516 4472 Ipse
2549 4418 2678 4470 papa
2709 4403 2858 4456 sedet
2890 4404 2943 4455 in
2978 4402 3136 4466 sede,
3166 4413 3221 4454 et
3242 4399 3464 4468 quilibet
3493 4398 3791 4451 cardiualis

507 4480 576 4531 cti
608 4477 827 4534 Joannis
859 4480 1227 4536 Lateranensis
1253 4500 1268 4548 ;
1316 4495 1370 4538 et
1401 4483 1471 4538 ibi
1497 4495 1621 4538 aute
1655 4485 1911 4550 porticum
1945 4494 2085 4538 stant
2119 4484 2167 4543 D
2191 4509 2245 4549 et
2271 4494 2549 4561 praelatus,
2583 4503 2817 4545 extracta
2848 4492 3059 4544 sibimet
3090 4491 3265 4554 mitra,
3296 4489 3548 4541 defert-ns
3576 4503 3702 4540 eam
3736 4487 3788 4540 iu

508 4569 651 4635 prior
704 4569 1078 4627 Lateranensis
1122 4583 1178 4628 et
1205 4575 1444 4627 canonici
1474 4590 1592 4629 cum
1624 4592 1806 4628 eorum
1837 4577 2082 4628 comitiva

504 4662 673 4716 induti
703 4663 1035 4730 solemuiter,
1056 4674 1108 4718 et
1134 4680 1251 4718 cum
1283 4681 1439 4719 cruce
1472 4667 1846 4733 processiouali
1873 4683 2084 4735 papam,

504 4767 625 4807 cum
656 4754 961 4818 descendit,
993 4755 1280 4822 recipiunt,
1311 4766 1361 4809 et
1406 4756 1603 4810 faciunt
1632 4773 1750 4810 eum
1780 4756 1850 4810 ibi
1896 4758 2084 4812 sedere

505 4845 558 4899 in
584 4847 810 4915 quadam
839 4846 967 4900 sede
998 4861 1311 4909 marmorea,
1345 4862 1462 4913 qua:
1489 4860 1703 4900 vocatur
1731 4849 2081 4914 stercoraria;

505 4940 570 4992 ad
599 4955 756 5006 quam
785 4942 1057 4992 venientes
1087 4954 1272 4992 omnes
1313 4938 1610 4993 cardinales
1655 4939 1945 4992 honorifice
1973 4941 2079 4993 ele-

504 5041 630 5084 vaut
657 5046 778 5085 eum
798 5071 810 5094 ,
844 5042 899 5084 ut
944 5045 1066 5084 vere
1092 5029 1273 5083 dicere
1304 5030 1505 5096 poesit:
1539 5031 1761 5085 Suscilut
1790 5032 1852 5082 de
1879 5031 2082 5099 pulvere

505 5139 737 5190 egenum,
767 5133 811 5176 et
841 5124 905 5175 de
932 5132 1148 5174 stercore
1185 5123 1332 5189 erigit
1363 5137 1656 5190 pauperem,
1689 5131 1744 5172 ut
1772 5123 1939 5173 sedeat
1968 5137 2082 5174 cum

504 5214 837 5283 principibus,
864 5226 909 5267 et
938 5215 1122 5266 solium
1149 5213 1324 5281 gloria:
1355 5223 1538 5266 teneat.
1567 5213 1682 5280 Ipse
1710 5223 1884 5266 autem
1909 5213 2079 5267 domi-

505 5317 606 5356 nus
631 5321 758 5370 papa
802 5306 991 5357 s:audo
1016 5305 1162 5372 justa
1199 5305 1364 5371 ipsam
1393 5305 1596 5368 sedem,
1629 5319 1670 5356 ae
1690 5305 1817 5371 cipit
1848 5315 1954 5358 tres
1981 5321 2078 5373 pu-

505 5393 712 5462 gillalas
756 5396 1096 5449 denariorum
1130 5397 1194 5449 de
1223 5411 1427 5464 gremio
1456 5397 1752 5462 camerarii,
1785 5409 1838 5451 et
1869 5397 2079 5465 projicit

507 5485 644 5539 inter
675 5488 924 5553 populum
944 5527 958 5550 ,
990 5490 1171 5541 dicens
1203 5504 1214 5538 :
1249 5490 1521 5557 Argentum
1562 5498 1608 5541 et
1655 5505 1839 5542 aurum
1884 5506 1981 5540 non
2009 5499 2081 5542 est

506 5579 667 5641 mihi;
698 5579 832 5642 quod
855 5590 1021 5631 autem
1046 5579 1224 5644 Imbro,
1255 5581 1348 5632 hoc
1377 5582 1464 5632 tibi
1491 5582 1574 5632 do.
1605 5580 1668 5633 Et
1694 5581 1883 5634 deinde
1907 5582 2080 5647 priore

506 5679 559 5723 et
588 5670 858 5724 canonicis
903 5679 1020 5737 post
1046 5671 1312 5738 euntibus,
1342 5671 1607 5726 cantando
1635 5673 1843 5725 ducitur
1875 5687 1966 5739 per
1995 5673 2078 5741 ip-

2194 4599 2352 4637 tuauu
2378 4625 2392 4647 ,
2427 4583 2570 4635 vadit
2596 4598 2773 4635 coram
2804 4597 2869 4634 eo
2895 4598 2908 4645 ;
2943 4582 3094 4633 llcxis
3125 4579 3346 4646 genibus
3389 4589 3538 4631 tenet
3570 4578 3786 4630 mitram

2191 4684 2426 4740 apertam
2443 4683 2565 4726 ante
2584 4687 2790 4740 papam,
2807 4670 2895 4739 qui
2919 4674 3067 4737 ponit
3084 4670 3133 4723 in
3154 4670 3293 4723 illam
3313 4670 3602 4737 pecuniam
3621 4683 3786 4734 quam

2189 4766 2281 4818 dat
2309 4769 2354 4818 ei
2387 4765 2435 4817 in
2467 4778 2570 4816 uno
2614 4764 2816 4831 scypho
2849 4771 3101 4828 argenteo
3129 4760 3474 4821 camerarius,
3525 4767 3583 4809 et
3623 4772 3785 4824 quam

2188 4854 2318 4908 dicit
2365 4854 2497 4906 liber
2541 4867 2787 4914 cameras,
2819 4850 2907 4918 qui
2944 4857 3164 4901 vocatur
3209 4847 3300 4901 Pol
3309 4855 3534 4916 yptycus
3562 4862 3577 4910 ;
3608 4857 3662 4899 et
3695 4846 3786 4897 ille

2187 4948 2278 5016 qui
2303 4947 2489 5013 recipit
2522 4945 2798 5011 pecuniam
2828 4943 2878 4995 in
2908 4941 3086 5004 n.itra,
3119 4942 3385 4994 osculatur
3407 4953 3548 5006 genu
3574 4937 3783 4991 domini

2185 5055 2356 5108 papae.
2390 5037 2532 5090 Idem
2582 5052 2709 5089 vero
2739 5035 3064 5087 camerarius
3094 5033 3252 5087 habet
3280 5041 3401 5085 aute
3434 5046 3494 5085 se
3525 5046 3780 5100 magnam

2186 5142 2428 5181 mensam
2457 5136 2761 5194 conpertam
2793 5124 3023 5187 tobalea,
3052 5123 3139 5176 ubi
3165 5132 3287 5176 sunt
3317 5122 3624 5187 liuQusmodi
3660 5134 3782 5173 mo-

2185 5227 2356 5283 netae;
2385 5228 2440 5272 et
2466 5218 2719 5270 assistunt
2750 5215 3176 5284 ipsi~camcrario
3205 5214 3433 5267 clericus
3460 5226 3700 5267 camera:
3726 5221 3782 5264 et

2185 5310 2292 5362 duo
2321 5316 2665 5362 mercatores.
2700 5306 2800 5373 Ipsi
2830 5320 2956 5360 vero
2981 5309 3305 5358 caruerarius
3329 5314 3385 5358 et
3425 5304 3658 5359 κιαι-μους
3689 5319 3781 5357 ca-

2186 5413 2347 5451 mera:
2374 5397 2481 5450 sint
2503 5396 2675 5450 induti
2695 5395 3096 5463 superpelliciis.

2259 5487 2393 5540 Dato
2425 5487 2788 5555 presbyterio,
2834 5487 2972 5541 idem
3014 5486 3260 5540 dominus
3303 5500 3436 5552 papa
3484 5499 3515 5538 a
3563 5485 3778 5539 duobus

2186 5593 2247 5632 ca
2256 5577 2545 5630 rdinalibus
2573 5577 2886 5631 diaconibus
2898 5579 3185 5632 duciturad
3201 5590 3440 5630 mensam
3454 5576 3776 5630 solenmiter

2189 5682 2460 5739 paratam,
2493 5676 2547 5724 ct
2571 5668 2719 5724 sedet
2751 5668 2862 5737 ibi,
2891 5670 3140 5739 episcopo
3169 5668 3439 5724 cardinale
3475 5667 3582 5722 sibi
3610 5669 3774 5721 dante
