4006 6288
184 287 323 344 Ηιὸ

1349 304 1605 360 ROMANI
1646 307 1961 365 OlllllNES.
2004 340 2073 351 --
2113 312 2246 367 XIV.

3301 316 3430 375 ΗΜ

178 420 393 474 aquam,
415 409 624 464 duobus
647 412 950 469 diaconiltus
977 417 1235 472 tobaleam
1261 424 1589 487 tenentibus;
1613 432 1666 476 et
1692 437 1756 477 eo
1785 426 1835 483 Α
1864 422 2039 490 tigerit
2071 426 2404 479 consecratio
2425 437 2479 481 et
2503 429 2777 482 coronatio
2796 429 3073 491 celebrari.
3104 429 3182 484 vel
3211 431 3431 499 pluviale

177 496 321 559 loto,
356 500 593 568 factaque
637 502 1011 562 Benedictione
1041 524 1273 578 mensae,
1325 515 1520 566 vadunt
1566 529 1753 569 omnes

175 587 387 642 sedere.
414 588 577 643 Sedet
599 603 775 647 autem
801 609 931 661 papa
959 596 1009 650 in
1037 613 1138 652 una
1162 600 1288 656 sede
1309 603 1559 658 eminenti
1582 604 1751 669 solus,

172 674 405 731 diversis
434 687 489 732 et
526 682 730 750 magnis
772 684 911 738 vasis
958 688 1134 744 aureis
1179 701 1231 745 et
1280 695 1544 763 argenteis
1593 709 1753 761 super

173 782 414 822 mensam
446 771 653 837 positis.
686 770 740 826 In
765 773 863 826 alia
894 792 1022 830 vero
1045 794 1249 845 mensa,
1274 797 1391 851 quas
1412 791 1495 838 est
1520 785 1584 837 ad
1616 785 1749 839 dex-

170 864 369 919 teram,
400 857 587 912 sedent
612 861 871 927 episcopi,
903 876 951 917 et
985 878 1101 932 post
1127 884 1218 921 eos
1249 873 1544 940 presbyteri
1576 875 1750 925 cat-di.

173 945 358 1009 nales;
391 944 441 998 in
475 955 624 1013 parte
660 948 868 1002 sinistra
899 954 1105 1007 diaconi
1149 959 1482 1023 cardinales;
1527 972 1580 1014 et
1632 975 1749 1028 post

168 1038 734 1093 mensascardinalium
755 1056 908 1095 erunt
931 1059 1130 1099 mensa:
1151 1050 1385 1101 omnium
1408 1053 1745 1119 p'aalatorum

167 1130 224 1176 et
250 1123 479 1177 aliorum
530 1125 805 1183 nobilium.
848 1131 916 1184 Et
956 1134 1168 1187 attende
1205 1137 1343 1203 quod
1389 1154 1518 1205 papa
1563 1142 1744 1209 stabit,

163 1212 295 1266 dum
326 1216 576 1282 comedit,
629 1219 842 1275 indutus
871 1232 925 1276 et
967 1224 1262 1295 calceatus,
1297 1239 1351 1281 ιιι
1391 1228 1588 1284 dictum
1630 1242 1741 1297 est,

162 1320 288 1360 cum
319 1310 498 1364 mitra.
529 1308 840 1367 Cardinales
870 1329 1001 1369 vero
1029 1331 1215 1371 omnes
1262 1318 1530 1375 habebunt
1559 1337 1744 1390 super-

159 1396 374 1463 pellieia
401 1413 521 1452 cum
567 1402 829 1468 camisiis,
863 1415 917 1459 et
948 1407 1244 1475 niantellis,
1293 1420 1347 1463 et
1390 1411 1559 1464 mitris
1607 1412 1740 1467 albis

156 1482 525 1554 simplicibus;
556 1500 607 1542 et
632 1490 702 1543 ita
728 1493 1032 1555 comedent,
1066 1503 1120 1548 et
1145 1510 1329 1550 omnes
1361 1499 1557 1565 przelati
1586 1500 1739 1554 simi-

154 1573 305 1629 liter.
334 1579 495 1648 278
517 1578 702 1633 Coram
728 1595 861 1649 papa
884 1583 1118 1637 servient
1148 1585 1263 1639 laici
1287 1586 1516 1654 maiores
1541 1598 1663 1643 natu
1687 1601 1740 1645 et

151 1664 471 1734 nobiliores,
501 1667 585 1737 qui
619 1681 910 1736 praesentes
938 1682 1114 1727 erunt.
1146 1674 1484 1732 Comestione
1503 1688 1733 1744 sumpta,

1855 515 2142 569 secundum
2164 518 2303 585 quod
2324 527 2530 585 tempus
2553 521 2804 586 requiret.
2822 520 2873 573 Itt
2892 520 3231 575 Processione
3252 528 3429 575 autem

1857 603 2047 659 haheat
2075 608 2305 662 tunicam
2338 617 2391 663 et
2423 610 2760 665 dalmaticam
2793 612 2894 666 albi
2927 613 3120 667 coloris
3148 614 3426 683 pretiosas,

1852 702 1905 745 et
1929 706 2124 762 equum
2149 706 2457 766 coopertum
2489 702 2885 769 cooperimento
2915 704 3055 769 albo,
3082 712 3133 758 et
3162 703 3215 758 in
3248 719 3428 758 mensa

1850 800 1969 839 cum
2000 788 2216 843 domino
2246 805 2378 858 papa
2407 793 2542 858 erit,
2586 796 2723 848 sicut
2758 809 2914 865 supra
2953 797 3207 864 scriptum
3255 804 3338 851 est
3364 794 3429 849 de

1850 875 1968 929 aliis
2000 876 2226 933 dominis
2254 880 2632 937 cardinalibus.

1924 967 2050 1020 Item
2077 969 2303 1036 quilibet
2330 972 2644 1040 episcopus,
2673 974 2786 1028 sive
2814 974 3090 1042 praelatus,
3122 975 3209 1041 qui
3239 988 3417 1041 reper-

1851 1064 1935 1109 tus
1966 1056 2124 1112 fuerit
2152 1057 2204 1112 in
2231 1060 2398 1125 curia,
2429 1062 2619 1117 habeat
2644 1065 2940 1131 camisiam,
2966 1066 3415 1135 superpellicium,

1848 1147 2135 1212 amictum,
2165 1150 2356 1203 stolam
2386 1160 2439 1205 et
2468 1154 2696 1219 pluviale
2739 1154 2934 1208 coloris
2967 1156 3257 1209 secundum
3285 1156 3423 1223 quod

1848 1238 2076 1303 tempori
2121 1239 2369 1292 convenit
2400 1241 2451 1294 in
2484 1240 2662 1294 Missa.
2696 1243 2823 1297 Item
2864 1243 3055 1297 habeat
3096 1243 3422 1296 ordinarium

1844 1334 1897 1377 et
1926 1326 2157 1389 mitram,
2186 1336 2239 1381 et
2270 1328 2323 1380 in
2349 1328 2699 1385 Processione
2729 1332 2957 1399 pluviale
2981 1332 3181 1397 album,
3212 1333 3423 1384 mitram

1843 1425 1891 1466 et
1919 1428 2111 1480 equum
2145 1425 2452 1482 coopertum
2486 1418 2885 1487 cooperimento
2914 1419 3055 1472 albo.
3087 1419 3219 1471 Cum
3246 1426 3422 1472 autem

1843 1503 2047 1555 venerit
2080 1503 2143 1555 ad
2177 1505 2425 1569 palatium
2458 1520 2577 1559 cum
2607 1507 2821 1560 domino
2850 1521 2986 1576 papa
3008 1547 3023 1570 ,
3068 1507 3154 1561 ubi
3182 1516 3420 1576 paratum

1840 1604 1921 1647 est
1953 1594 2017 1646 ad
2061 1594 2481 1661 comedendum,
2532 1597 2765 1665 deponat
2806 1596 3055 1665 pluviale,
3102 1605 3156 1651 et
3204 1596 3420 1666 recipiat

1843 1686 2177 1752 mantellum,
2208 1697 2260 1740 et
2289 1703 2407 1741 cum
2438 1690 2590 1742 mitra
2622 1688 2674 1742 itt
2705 1690 2877 1758 capite
2900 1688 3145 1744 comedat
3170 1702 3293 1742 cum
3319 1687 3419 1743 do-

151 1765 296 1822 papa
327 1754 517 1809 lavabit
561 1771 749 1811 manus
790 1769 847 1813 ut
876 1762 1056 1828 prius;
1099 1771 1153 1815 et
1196 1765 1413 1832 quilibet
1453 1767 1737 1820 cardinalis
1774 1795 1814 1851 Β
1843 1776 1985 1830 ηιξ.ιο
2015 1792 2169 1846 papa.

148 1841 407 1899 similiter
427 1844 659 1900 sedendo
681 1846 872 1901 Iavabit
895 1864 976 1915 se,
996 1852 1258 1908 serviente
1279 1854 1527 1908 fundente
1543 1870 1733 1923 aquam

149 1931 414 1987 cardinali
441 1933 665 1989 lavanti.
695 1934 1004 1992 Cardinales
1030 1947 1207 1993 autem
1238 1941 1325 2011 qui
1350 1943 1623 2008 assisntnt,
1658 1953 1738 1998 te-

147 2028 320 2074 neant
349 2022 629 2086 tobaleam,
660 2037 794 2079 unus
822 2039 888 2079 ex
917 2040 1009 2079 sua
1043 2037 1191 2095 parte
1220 2028 1475 2093 lavantis,
1507 2030 1642 2084 alter
1666 2047 1733 2087 ex

146 2106 347 2172 altera,
376 2116 427 2162 et
460 2109 541 2164 sic
566 2109 669 2164 sibi
697 2112 993 2167 adinvicem
1025 2124 1208 2169 mutuo
1232 2119 1490 2171 serviant.
1531 2119 1733 2184 Quibus

145 2194 398 2248 omnibus
427 2196 570 2263 lotis,
602 2206 657 2252 et
702 2199 926 2255 redditis
969 2203 1174 2271 gratiis,
1226 2220 1357 2273 papa
1404 2208 1672 2261 reducitur
1700 2225 1730 2263 a

147 2280 362 2338 duobus
385 2284 740 2341 cardinalibus
784 2289 849 2341 ad
896 2303 1182 2356 cameram,
1220 2291 1306 2347 ubi
1348 2294 1512 2348 sacris
1542 2309 1730 2350 exutus

143 2370 391 2437 quiescit.
422 2372 734 2430 Caruinalcs
761 2391 890 2431 vero
933 2386 987 2432 et
1018 2379 1105 2433 alii
1138 2380 1340 2449 pra-lati
1390 2383 1611 2438 redeunt
1660 2384 1726 2438 ad

144 2460 381 2531 hospitia
408 2476 502 2516 sua
531 2479 700 2533 eques
720 2482 843 2523 cum
865 2467 1036 2525 mitris
1063 2471 1286 2540 paratis,
1306 2473 1445 2529 sicut
1470 2474 1524 2528 in
1548 2490 1729 2530 come-

141 2548 320 2605 stione
340 2557 622 2607 steterunt.

213 2638 343 2694 Item
370 2641 674 2700 Benedictio
702 2659 849 2715 papa
877 2646 945 2701 de
974 2647 1226 2718 episcopo
1257 2648 1402 2717 facti,
1432 2666 1549 2720 quae
1569 2652 1725 2708 exhi-

141 2726 314 2781 benda
346 2740 429 2783 est
469 2730 521 2784 in
551 2732 739 2787 eodem
775 2736 892 2787 loco
919 2752 933 2801 ;
963 2752 1081 2805 qua:
1108 2741 1442 2792 consecratio
1486 2740 1724 2795 facienda

140 2815 405 2870 videbitur
427 2820 563 2873 inter
586 2822 824 2877 ultimum
845 2822 1029 2893 Kyrie,
1052 2827 1235 2880 eleison
1257 2827 1448 2894 Missae,
1472 2844 1519 2884 et
1544 2828 1725 2884 Gloria

137 2903 190 2955 in
212 2904 428 2957 easelsis
455 2903 566 2959 Deo
583 2947 597 2971 ,
627 2908 715 2963 vel
749 2908 994 2964 Dominus
1022 2913 1291 2966 vobiscum.
1326 2914 1555 2970 Peractis
1582 2931 1640 2970 sc
1660 2917 1725 2971 li-

137 2999 226 3048 cet
256 2994 402 3061 prius
440 2997 686 3053 omnibus
714 3000 833 3055 aliis
874 3018 993 3071 quae
1037 3006 1492 3060 consecrationem
1526 3022 1721 3074 praece-

137 3081 295 3149 dunt,
322 3094 378 3136 ut
400 3099 590 3153 supra;
619 3097 673 3142 et
705 3089 804 3143 hoc
830 3090 1077 3158 amplius,
1108 3094 1228 3162 quia
1258 3108 1393 3162 para
1418 3096 1574 3150 debet
1599 3113 1719 3152 cum

132 3171 262 3225 aliis
290 3176 625 3232 ornamentis
666 3177 863 3233 habere
890 3184 1144 3234 annulum
1176 3183 1553 3252 pontiﬁcalem.
1601 3185 1721 3242 Sta-

124 3259 273 3317 bunt
298 3275 496 3329 autem,
526 3266 651 3322 dum
696 3270 809 3325 lucc
838 3270 1148 3328 Benedictio
1179 3274 1401 3341 legitur,
1448 3284 1554 3329 tam
1587 3292 1717 3346 papa

124 3367 295 3420 quam
338 3356 620 3426 episcopus
664 3360 751 3428 qui
784 3360 1076 3431 benedicit,
1105 3373 1159 3419 et
1185 3364 1274 3419 alii
1320 3367 1621 3422 cardinales
1665 3377 1721 3424 et

122 3446 404 3515 epis-cepi,
436 3449 594 3505 modo
640 3461 691 3505 et
717 3451 908 3508 ordine
939 3456 1130 3510 tradito
1161 3459 1407 3527 superius
1437 3459 1488 3512 in
1531 3474 1717 3515 conse-

120 3540 397 3595 cratione.
423 3542 731 3598 ouationem
761 3545 986 3613 primam
1022 3549 1112 3601 dat
1139 3549 1420 3618 episcopus
1452 3550 1718 3607 Albanen-

118 3630 226 3695 sis,
263 3628 421 3696 Deus,
444 3632 530 3699 qui
557 3634 734 3688 adesse
761 3652 859 3690 non
892 3638 1206 3707 dedignaris,
1240 3649 1365 3704 etc,
1397 3652 1451 3694 ut
1478 3656 1638 3710 supra
1664 3644 1716 3696 iit

116 3722 477 3776 coronatione
505 3722 707 3778 domini
741 3740 910 3794 papze.
943 3728 1244 3782 Secundam
1289 3730 1596 3787 Orationem
1625 3733 1718 3789 dat

117 3810 439 3868 Portuensis
467 3815 779 3886 episcopus,
811 3818 1285 3889 Supplicationibus
1312 3825 1520 3889 nostris,
1552 3827 1717 3880 omni-

114 3913 307 3972 potens
354 3903 514 3974 Deus,
553 3919 660 3964 etc.
692 3911 923 3966 Tertiam
971 3913 1276 3969 Orationem
1324 3915 1416 3971 dat
1456 3916 1715 3972 Ostiensis

114 3996 411 4065 episeopus
438 4000 519 4054 vel
562 4002 1013 4073 archipresbyter,
1045 4006 1089 4059 si
1130 4006 1269 4061 desit
1294 4008 1607 4078 episcopos,
1640 4011 1713 4065 ita

112 4085 331 4152 dicens,
361 4086 523 4156 Deus,
569 4092 658 4157 qui
682 4096 969 4160 apostolum
1018 4106 1161 4148 tuum
1192 4094 1403 4150 Petrum
1425 4139 1441 4163 ,
1471 4109 1576 4152 etc.
1605 4099 1714 4155 Hac

112 4179 507 4236 Benedictione
535 4195 777 4252 peracta,
808 4187 1098 4255 imponitur
1123 4190 1416 4258 apostolico
1459 4191 1710 4259 pallium,

110 4281 173 4328 et
194 4273 451 4329 dicuntur
478 4285 530 4328 et
560 4276 693 4330 fiunt
718 4286 913 4337 caetera
946 4281 1366 4335 consecrationis
1392 4296 1561 4349 papm,
1592 4298 1713 4351 quae

110 4366 377 4434 imposito
404 4367 563 4435 pallio
593 4368 816 4423 dicenda
846 4380 970 4424 sunt
999 4380 1052 4426 et
1080 4372 1281 4441 agenda
1307 4372 1495 4428 ordine
1523 4388 1713 4442 supra-

111 4456 284 4512 dicto.

112 4587 306 4667 XLVI.
334 4589 483 4667 Infra
505 4593 695 4667 scripta
720 4607 837 4649 sum
866 4597 958 4651 illa
985 4614 1100 4667 quw
1124 4599 1317 4651 domini
1345 4600 1634 4653 cardina'es
1662 4610 1709 4654 et

189 4661 283 4711 alii
321 4665 523 4741 praelati
559 4665 621 4741 de
656 4667 833 4741 curia,
867 4661 1179 4741 ca'nérarius
1214 4678 1260 4722 et
1294 4672 1383 4723 alii
1426 4673 1709 4741 [aruiliares

189 4746 363 4797 papae,
390 4732 560 4799 facere
584 4734 765 4788 debent
793 4738 1002 4803 quando
1033 4749 1326 4793 coronatur.

192 4864 376 4919 Primo
400 4868 622 4935 quilibet
647 4870 929 4941 episcopus
951 4882 1006 4927 et
1034 4876 1279 4931 dominos
1306 4877 1593 4933 cardinalis
1618 4895 1709 4935 su-

106 4968 218 5022 per
269 4959 542 5011 camisiam
582 4963 1053 5028 superpellieiutn,
1096 4965 1387 5031 amictum,
1416 4968 1609 5022 stolam
1658 4979 1712 5024 et

106 5045 347 5112 pluviale
369 5048 565 5104 coloris
591 5052 959 5107 convenientis
994 5056 1215 5121 tempori
1246 5055 1460 5122 habeat,
1488 5060 1602 5112 sive
1629 5060 1713 5113 in-

102 5139 287 5204 duat;
329 5139 422 5194 sed
468 5141 519 5193 in
559 5140 910 5198 Processione
951 5145 1130 5199 albani
1183 5146 1409 5202 habeant
1459 5150 1708 5217 pluviale.

106 5231 251 5285 Item
294 5231 488 5287 habeat
515 5234 844 5288 ordinarium
890 5251 1043 5290 suum
1071 5248 1126 5291 et.
1169 5240 1401 5304 mitram,
1434 5250 1488 5294 et
1516 5257 1708 5310 equum

99 5332 431 5390 coopertum
460 5327 864 5394 coeperimento
895 5329 1045 5393 albo;
1077 5339 1129 5384 et
1159 5330 1209 5383 in
1242 5346 1420 5384 menSa
1465 5333 1709 5399 deposito

101 5413 354 5480 pluviali,
386 5417 611 5485 recipiat
646 5420 982 5487 mantellum,
1012 5434 1208 5475 etcum
1242 5424 1497 5477 mantello
1524 5436 1577 5478 et
1606 5428 1705 5479 nti-

100 5516 197 5558 tra
232 5506 282 5557 in
311 5507 487 5575 capite
517 5511 762 5563 comedat
790 5511 841 5565 in
883 5513 1002 5566 aula
1034 5528 1154 5567 eum
1191 5514 1409 5568 domino
1442 5532 1594 5583 papa.

172 5599 343 5670 279
357 5600 482 5654 ltetn
499 5602 717 5670 quilibet
730 5604 792 5657 de
806 5606 1039 5660 dominis
1052 5607 1415 5660 cardinalibds
1432 5608 1645 5662 habebit
1658 5610 1707 5664 in

98 5707 300 5745 mensa
324 5694 559 5747 casulazn
589 5694 783 5749 coloris
805 5699 1151 5769 congruentis
1173 5699 1423 5769 tempori,
1454 5717 1557 5771 quo
1580 5715 1708 5756 cou-

1740 4522 1792 4581 D

1910 1886 2038 1940 Item
2069 1886 2319 1940 dominus
2356 1887 2678 1944 camerarius
2717 1886 2876 1943 debet
2913 1887 3215 1955 praecedere
3244 1886 3417 1941 domi-

1839 1992 1963 2030 num
2016 1992 2204 2047 papam
2250 1992 2373 2032 cum
2417 1993 2613 2043 cruce,
2661 1979 2942 2033 associatis
2986 1977 3086 2033 sibi
3127 1979 3418 2047 capellanis

1837 2084 2004 2137 usque
2032 2071 2105 2133 ad
2148 2070 2465 2135 ecclesiam,
2498 2070 2586 2125 ubi
2629 2070 2791 2125 debet
2838 2070 2950 2125 ﬁeri
2989 2070 3319 2125 consecratio
3364 2080 3417 2123 et

1833 2160 2131 2224 coronatio,
2155 2172 2205 2211 et
2235 2161 2287 2213 in
2311 2159 2471 2214 Missa
2494 2170 2597 2215 stet
2619 2161 2672 2213 in
2699 2162 2818 2215 loco
2841 2169 3113 2215 consueto.
3138 2160 3251 2225 Qua
3272 2160 3414 2212 [inita

1832 2251 2049 2306 accedat
2076 2252 2141 2305 ad
2188 2251 2363 2306 locum
2392 2251 2445 2304 in
2475 2251 2734 2314 ecclesia,
2768 2260 2824 2304 ut
2852 2249 3152 2311 ordinatum
3198 2256 3312 2313 est,
3361 2257 3414 2304 et

1833 2340 1924 2394 ﬁat
1954 2341 2378 2412 presbyterium;
2410 2350 2466 2396 et
2506 2342 2583 2395 sic
2615 2351 2832 2410 paratus
2876 2356 2978 2396 una
3022 2354 3144 2395 cum
3195 2353 3302 2393 uno
3346 2336 3412 2391 de

1831 2429 2043 2484 clericis
2069 2444 2298 2486 camerae
2320 2470 2336 2496 ,
2370 2440 2423 2485 et
2452 2429 2837 2485 mercatoribus
2857 2470 2874 2497 ,
2906 2430 3172 2484 ministret
3196 2426 3411 2483 domino

1833 2532 1982 2587 papas
2009 2518 2248 2575 diversas
2284 2527 2528 2574 monetas
2569 2517 2897 2574 exhibendas
2947 2532 3041 2587 pro
3072 2515 3408 2586 presbyterio

1829 2608 2061 2664 dominis
2098 2611 2459 2666 cardinalibus
2478 2650 2495 2677 ,
2545 2610 2779 2680 praelatis
2800 2650 2816 2673 ,
2856 2619 2911 2664 et
2938 2610 3060 2663 aliis
3080 2649 3096 2673 ,
3127 2609 3193 2662 de
3221 2607 3408 2676 quibus

1828 2713 2141 2755 consuetum
2175 2710 2296 2766 est;
2336 2710 2391 2757 et
2417 2699 2557 2756 idem
2594 2701 2920 2755 camerarius
2961 2710 3013 2752 et
3050 2699 3274 2753 clericus
3303 2696 3406 2749 sint

1829 2788 1997 2844 induti
2020 2790 2410 2859 superpelliciis
2437 2806 2451 2843 :
2482 2805 2588 2859 quo
2619 2788 2781 2854 iacto,
2809 2787 3135 2843 canterarius
3161 2785 3259 2839 erit
3286 2799 3405 2838 cum

1828 2878 2046 2934 domino
2079 2896 2231 2949 papa,
2261 2895 2539 2949 quousque
2566 2879 2813 2934 dominus
2840 2894 2968 2947 papa
3001 2878 3070 2931 sit
3101 2879 3148 2929 in
3182 2889 3360 2928 mensa
3389 2888 3403 2937 ;

1827 2981 1880 3026 et
1904 2983 2085 3041 postea
2115 2972 2272 3025 vadat
2299 2972 2381 3025 vel
2409 2979 2706 3025 revertatur
2748 2969 2814 3022 ad
2842 2982 3107 3022 cameram
3131 2963 3199 3018 ad
3228 2977 3403 3017 come-

1827 3062 2058 3118 dentium
2103 3078 2222 3116 cum
2267 3061 2516 3116 omnibus
2556 3059 2857 3129 capellanis,
2875 3056 3075 3111 domini
3109 3069 3287 3123 papaz,
3317 3051 3404 3120 qui

1747 3151 1797 3217 C
1824 3165 1948 3211 sunt
1978 3157 2032 3210 in
2059 3156 2227 3222 curia,
2276 3151 2681 3224 pmnitentiariis
2720 3161 2775 3205 et
2823 3148 2943 3202 aliis
2988 3144 3225 3215 pluribus
3252 3143 3404 3197 bonis

1824 3246 1976 3311 viris,
2001 3245 2091 3313 qui
2118 3259 2184 3300 ex
2220 3254 2367 3314 parte
2393 3241 2669 3299 camerarii
2702 3240 3012 3295 invitantur.

1896 3362 2025 3415 Item
2051 3359 2270 3428 quilibet
2290 3358 2597 3427 capellanus
2623 3354 2825 3410 domini
2858 3367 3030 3422 papae,
3058 3364 3164 3403 non
3187 3344 3400 3401 subdia-

1825 3469 1994 3509 conus
2041 3453 2241 3507 domini
2287 3465 2458 3521 papaa,
2507 3450 2700 3505 habeat
2724 3446 3195 3517 superpellicium;
3225 3449 3280 3496 et
3322 3439 3399 3494 sic

1821 3546 2084 3615 eqttitabit
2113 3545 2165 3598 in
2199 3543 2567 3611 Processione,
2596 3551 2651 3597 et
2677 3539 2890 3595 studeat
2930 3538 3007 3594 ire
3051 3545 3237 3591 ornate
3279 3547 3399 3588 cum

1820 3635 1969 3690 socio
1990 3635 2092 3689 sibi
2116 3634 2262 3689 dato.

1890 3747 2021 3802 Item
2048 3745 2156 3801 duo
2184 3745 2356 3800 Graeci
2378 3744 2448 3799 de
2477 3752 2657 3799 monte
2675 3742 2885 3812 Cryptaa
2908 3739 3163 3803 Ferrataa,
3186 3734 3395 3792 etiamsi

1818 3848 2001 3894 essent
2028 3838 2079 3891 in
2109 3836 2259 3892 curia
2284 3836 2374 3891 alii
2407 3836 2600 3901 Graeci,
2633 3834 2923 3889 dummodo
2950 3832 3095 3887 curia
3126 3831 3196 3884 sit
3226 3829 3279 3883 in
3307 3827 3397 3882 tali

1818 3932 1959 3996 loco,
1989 3928 2129 3999 quod
2161 3929 2228 3983 de
2256 3930 2371 3997 ipso
2400 3938 2579 3981 monte
2611 3928 2814 3994 possint
2846 3925 3049 3990 haberi,
3074 3923 3307 3990 alioquin
3329 3922 3399 3976 de

1817 4021 1964 4087 aliis,
1998 4020 2134 4074 sicut
2179 4018 2293 4073 lieri
2342 4028 2535 4087 potest,
2584 4016 2793 4071 intersit.
2840 4017 2893 4069 in
2943 4016 3145 4069 Missa:
3177 4029 3397 4080 quorum

1818 4125 1955 4163 unus
2001 4108 2219 4163 indutus
2251 4108 2369 4160 alba
2400 4118 2454 4159 et
2496 4106 2743 4161 tunicella
2780 4107 2921 4174 legat
2948 4104 3224 4173 epistolam
3270 4117 3394 4156 cou-

1815 4209 2091 4268 gruentem
2126 4198 2265 4261 diei;
2294 4197 2431 4250 alios
2451 4197 2521 4249 sit
2548 4195 2762 4249 indutus
2790 4200 3097 4262 paramento
3121 4201 3173 4246 et
3195 4191 3395 4243 dalma—

1817 4293 1942 4355 tica,
1973 4300 2027 4345 et
2055 4297 2234 4345 cantet.
2282 4287 2623 4358 Evangelium
2674 4286 2813 4355 quod
2863 4294 3119 4353 congruat
3162 4282 3295 4345 diei;
3345 4291 3395 4337 et

1818 4380 2049 4434 habeant
2078 4390 2293 4449 paratos
2320 4392 2487 4446 equos
2514 4384 2634 4446 post
2676 4376 2887 4429 Missam
2905 4418 2919 4441 ,
2953 4383 3008 4428 et
3036 4372 3252 4426 veniant
3276 4385 3395 4423 cum

1817 4471 2164 4526 Processione
2189 4455 2357 4539 usque
2385 4468 2451 4522 ad
2484 4468 2734 4535 palatium
2761 4465 2961 4521 domini
2992 4478 3163 4533 papm.

1868 4563 2031 4633 280
2051 4562 2178 4617 Item
2194 4560 2504 4615 tltesaurarii
2520 4558 2750 4613 habeant
2764 4573 2824 4626 pa
2834 4567 3065 4611 ramenta
3090 4562 3272 4625 parata
3290 4566 3397 4620 pre-

1810 4654 1947 4708 tiosa
1967 4671 2061 4722 pro
2080 4652 2297 4707 domino
2320 4667 2449 4720 papa
2472 4651 2823 4718 competentia
2841 4647 3133 4702 secundum
3163 4655 3396 4711 tempus,

1806 4761 1929 4802 cum
1945 4745 2361 4812 consecrabitur,
2378 4753 2431 4797 et
2446 4741 2561 4797 alba
2578 4757 2671 4812 pro
2688 4742 2840 4795 Missa
2854 4739 3169 4795 celebranda
3186 4746 3239 4790 et
3254 4736 3394 4790 Pro-

1810 4836 2077 4899 cessione,
2106 4834 2261 4889 mitra
2280 4872 2296 4897 ,
2328 4847 2551 4903 regnum
2588 4843 2641 4885 et
2670 4842 2873 4899 septem
2902 4827 3220 4884 candelabra
3270 4841 3393 4880 cum

1812 4930 2006 4997 cereis,
2056 4928 2286 4994 tobalea,
2334 4927 2723 4997 caputergium,
2773 4925 3029 4989 chrisma,
3075 4933 3129 4987 et
3169 4921 3271 4976 alia
3318 4921 3396 4977 eis

1813 5021 1975 5076 dicta.

1892 5132 2017 5185 Item
2044 5131 2323 5186 duodecim
2354 5130 2541 5185 vexilla
2570 5140 2624 5185 et
2654 5131 2760 5184 duo
2783 5128 3063 5185 cberubini
3090 5128 3142 5181 in
3175 5127 3394 5185 lanceis.

1816 5222 1907 5293 qui
1937 5222 2202 5277 dabuntur
2226 5223 2621 5293 qnatuordeclm
2649 5222 2976 5284 cursoribus,
3009 5230 3065 5274 ut
3092 5228 3305 5288 portent
3334 5233 3393 5273 ea

1813 5315 1959 5383 juxta
1992 5329 2179 5383 papam
2204 5331 2217 5379 ;
2246 5324 2299 5368 et
2327 5329 2461 5367 unus
2489 5329 2553 5368 ex
2592 5313 2722 5382 ipsis
2749 5312 3109 5375 lhesaurariis,
3142 5326 3266 5366 cum
3297 5312 3393 5365 do-

1810 5406 1984 5460 minus
2016 5420 2146 5474 papa
2189 5404 2560 5469 coronabitur,
2611 5404 2878 5473 assignata
2909 5416 3137 5467 corona,
3174 5401 3393 5471 recipiet

1808 5500 2051 5562 lttilrattt,
2085 5506 2138 5550 et
2169 5496 2462 5562 praecedet,
2494 5506 2548 5550 et
2575 5494 2907 5562 exspectabit
2942 5495 2992 5548 in
3036 5504 3189 5564 porta
3222 5494 3391 5552 eccle-

1806 5589 1921 5653 siae,
1948 5599 1999 5641 et
2028 5588 2175 5641 dabit
2198 5589 2431 5653 mitram,
2456 5597 2509 5641 et
2530 5587 2751 5657 recipiet
2772 5603 3043 5643 coronam.
3071 5587 3199 5641 Item
3234 5584 3395 5639 stabit

1809 5666 2024 5752 paratus
2055 5679 2290 5747 recipere
2321 5678 2536 5749 pallium
2558 5692 2609 5735 et
2633 5682 2889 5751 casulam,
2912 5678 3122 5753 quando
3148 5691 3284 5750 papa
3310 5688 3385 5730 re-
