  <div class='ocr_page' id='page_1' title='image "/cluster/home/n/w/nwhite01/storage/ocr_20150623/78/uva.x000827090/581.png"; bbox 0 0 4006 6292; ppageno 0'>
   <div class='ocr_carea' id='block_1_1' title="bbox 611 285 746 340">
    <p class='ocr_par' dir='ltr' id='par_1_1' title="bbox 611 285 746 340">
     <span class='ocr_line' id='line_1_1' title="bbox 611 285 746 340; baseline -0.03 -1"><span class='ocrx_word' id='word_1_1' title='bbox 611 285 746 340; x_wconf 62' lang='lat' dir='ltr'><strong>5H7</strong></span> 
     </span>
    </p>
   </div>
   <div class='ocr_carea' id='block_1_2' title="bbox 1325 282 3207 346">
    <p class='ocr_par' dir='ltr' id='par_1_2' title="bbox 1325 282 3207 346">
     <span class='ocr_line' id='line_1_2' title="bbox 1325 282 3207 346; baseline 0.003 -7"><span class='ocrx_word' id='word_1_2' title='bbox 1325 284 1668 340; x_wconf 75' lang='lat' dir='ltr'><strong>Al’PENDlX</strong></span> <span class='ocrx_word' id='word_1_3' title='bbox 1713 284 1798 336; x_wconf 78' lang='lat' dir='ltr'><strong>AD</strong></span> <span class='ocrx_word' id='word_1_4' title='bbox 1837 285 1892 337; x_wconf 85' lang='lat' dir='ltr'><strong>S.</strong></span> <span class='ocrx_word' id='word_1_5' title='bbox 1936 282 2260 338; x_wconf 62' lang='lat' dir='ltr'><strong>GllEtLOlill</strong></span> <span class='ocrx_word' id='word_1_6' title='bbox 2302 284 2513 339; x_wconf 76' lang='lat' dir='ltr'><strong>MAGNI</strong></span> <span class='ocrx_word' id='word_1_7' title='bbox 2554 285 2919 342; x_wconf 75' lang='lat' dir='ltr'><strong>LITURGICA</strong></span> <span class='ocrx_word' id='word_1_8' title='bbox 2958 289 3207 346; x_wconf 70' lang='lat' dir='ltr'><strong>OPERA.</strong></span> 
     </span>
    </p>
   </div>
   <div class='ocr_carea' id='block_1_3' title="bbox 3746 292 3869 347">
    <p class='ocr_par' dir='ltr' id='par_1_3' title="bbox 3746 292 3869 347">
     <span class='ocr_line' id='line_1_3' title="bbox 3746 292 3869 347; baseline -0.041 0"><span class='ocrx_word' id='word_1_9' title='bbox 3746 292 3869 347; x_wconf 61' lang='lat'><strong>“$5</strong></span> 
     </span>
    </p>
   </div>
   <div class='ocr_carea' id='block_1_4' title="bbox 613 393 3869 464">
    <p class='ocr_par' dir='ltr' id='par_1_4' title="bbox 613 393 3869 464">
     <span class='ocr_line' id='line_1_4' title="bbox 613 393 3869 464; baseline 0.003 -17"><span class='ocrx_word' id='word_1_10' title='bbox 613 397 776 463; x_wconf 81' lang='lat' dir='ltr'><strong>cipiet</strong></span> <span class='ocrx_word' id='word_1_11' title='bbox 806 405 1076 458; x_wconf 79' lang='lat' dir='ltr'><strong>manium;</strong></span> <span class='ocrx_word' id='word_1_12' title='bbox 1106 401 1159 446; x_wconf 90' lang='lat' dir='ltr'><strong>et</strong></span> <span class='ocrx_word' id='word_1_13' title='bbox 1193 398 1309 460; x_wconf 87' lang='lat' dir='ltr'><strong>post</strong></span> <span class='ocrx_word' id='word_1_14' title='bbox 1351 394 1728 446; x_wconf 81' lang='lat' dir='ltr'><strong>coinestiouem</strong></span> <span class='ocrx_word' id='word_1_15' title='bbox 1782 393 1998 457; x_wconf 90' lang='lat' dir='ltr'><strong>recipiet</strong></span> <span class='ocrx_word' id='word_1_16' title='bbox 2029 394 2189 447; x_wconf 78' lang='lat' dir='ltr'><strong>iudu-</strong></span> <span class='ocrx_word' id='word_1_17' title='bbox 2218 393 2265 451; x_wconf 79' lang='grc' dir='ltr'>Α</span> <span class='ocrx_word' id='word_1_18' title='bbox 2295 394 2393 447; x_wconf 87' lang='lat' dir='ltr'><strong>sub</strong></span> <span class='ocrx_word' id='word_1_19' title='bbox 2423 410 2515 447; x_wconf 91' lang='lat' dir='ltr'><strong>ora</strong></span> <span class='ocrx_word' id='word_1_20' title='bbox 2541 410 2761 464; x_wconf 68' lang='lat' dir='ltr'><strong>cappm;</strong></span> <span class='ocrx_word' id='word_1_21' title='bbox 2792 408 2845 451; x_wconf 92' lang='lat' dir='ltr'><strong>et</strong></span> <span class='ocrx_word' id='word_1_22' title='bbox 2876 400 3139 463; x_wconf 83' lang='lat' dir='ltr'><strong>accipiens</strong></span> <span class='ocrx_word' id='word_1_23' title='bbox 3169 398 3370 455; x_wconf 87' lang='lat' dir='ltr'><strong>duabus</strong></span> <span class='ocrx_word' id='word_1_24' title='bbox 3399 403 3659 456; x_wconf 71' lang='lat' dir='ltr'><strong>manibus</strong></span> <span class='ocrx_word' id='word_1_25' title='bbox 3684 405 3869 459; x_wconf 77' lang='lat' dir='ltr'><strong>librum</strong></span> 
     </span>
    </p>
   </div>
   <div class='ocr_carea' id='block_1_5' title="bbox 613 483 1719 551">
    <p class='ocr_par' dir='ltr' id='par_1_5' title="bbox 613 483 1719 551">
     <span class='ocr_line' id='line_1_5' title="bbox 613 483 1719 551; baseline -0.005 -11"><span class='ocrx_word' id='word_1_26' title='bbox 613 494 790 541; x_wconf 88' lang='lat' dir='ltr'><strong>menta</strong></span> <span class='ocrx_word' id='word_1_27' title='bbox 817 496 871 538; x_wconf 89' lang='lat' dir='ltr'><strong>et</strong></span> <span class='ocrx_word' id='word_1_28' title='bbox 898 483 1156 546; x_wconf 82' lang='lat' dir='ltr'><strong>sandalia,</strong></span> <span class='ocrx_word' id='word_1_29' title='bbox 1184 498 1300 551; x_wconf 65' lang='lat' dir='ltr'><strong>qun</strong></span> <span class='ocrx_word' id='word_1_30' title='bbox 1331 498 1460 551; x_wconf 82' lang='lat' dir='ltr'><strong>papa</strong></span> <span class='ocrx_word' id='word_1_31' title='bbox 1487 483 1719 550; x_wconf 90' lang='lat' dir='ltr'><strong>deponet</strong></span> 
     </span>
    </p>
   </div>
   <div class='ocr_carea' id='block_1_6' title="bbox 686 573 2185 642">
    <p class='ocr_par' dir='ltr' id='par_1_6' title="bbox 686 573 2185 642">
     <span class='ocr_line' id='line_1_6' title="bbox 686 573 2185 642; baseline 0 -14"><span class='ocrx_word' id='word_1_32' title='bbox 686 576 870 628; x_wconf 54' lang='lat' dir='ltr'><strong>Frater</strong></span> <span class='ocrx_word' id='word_1_33' title='bbox 898 574 958 626; x_wconf 85' lang='lat' dir='ltr'><strong>N.</strong></span> <span class='ocrx_word' id='word_1_34' title='bbox 988 574 1338 626; x_wconf 71' lang='lat' dir='ltr'><strong>marescalcus</strong></span> <span class='ocrx_word' id='word_1_35' title='bbox 1370 573 1713 627; x_wconf 71' lang='lat' dir='ltr'><strong>ruarescallize</strong></span> <span class='ocrx_word' id='word_1_36' title='bbox 1740 573 1950 627; x_wconf 88' lang='lat' dir='ltr'><strong>habebit</strong></span> <span class='ocrx_word' id='word_1_37' title='bbox 1973 585 2185 642; x_wconf 85' lang='lat' dir='ltr'><strong>paratos</strong></span> 
     </span>
    </p>
   </div>
   <div class='ocr_carea' id='block_1_7' title="bbox 613 664 2181 737">
    <p class='ocr_par' dir='ltr' id='par_1_7' title="bbox 613 664 2181 737">
     <span class='ocr_line' id='line_1_7' title="bbox 613 664 2181 737; baseline 0.004 -22"><span class='ocrx_word' id='word_1_38' title='bbox 613 681 795 733; x_wconf 62' lang='lat' dir='ltr'><strong>equos,</strong></span> <span class='ocrx_word' id='word_1_39' title='bbox 830 680 948 718; x_wconf 92' lang='lat' dir='ltr'><strong>cum</strong></span> <span class='ocrx_word' id='word_1_40' title='bbox 993 664 1172 718; x_wconf 83' lang='lat' dir='ltr'><strong>faleris</strong></span> <span class='ocrx_word' id='word_1_41' title='bbox 1217 675 1269 717; x_wconf 90' lang='lat' dir='ltr'><strong>et</strong></span> <span class='ocrx_word' id='word_1_42' title='bbox 1314 666 1432 719; x_wconf 89' lang='lat' dir='ltr'><strong>aliis</strong></span> <span class='ocrx_word' id='word_1_43' title='bbox 1481 668 1799 721; x_wconf 86' lang='lat' dir='ltr'><strong>necessariis</strong></span> <span class='ocrx_word' id='word_1_44' title='bbox 1843 682 1980 736; x_wconf 87' lang='lat' dir='ltr'><strong>equo</strong></span> <span class='ocrx_word' id='word_1_45' title='bbox 2026 684 2181 737; x_wconf 89' lang='lat' dir='ltr'><strong>quem</strong></span> 
     </span>
    </p>
   </div>
   <div class='ocr_carea' id='block_1_8' title="bbox 614 756 2185 824">
    <p class='ocr_par' dir='ltr' id='par_1_8' title="bbox 614 756 2185 824">
     <span class='ocr_line' id='line_1_8' title="bbox 614 756 2185 824; baseline 0.003 -17"><span class='ocrx_word' id='word_1_46' title='bbox 614 756 867 823; x_wconf 87' lang='lat' dir='ltr'><strong>equitabit</strong></span> <span class='ocrx_word' id='word_1_47' title='bbox 897 770 1051 823; x_wconf 87' lang='lat' dir='ltr'><strong>papa,</strong></span> <span class='ocrx_word' id='word_1_48' title='bbox 1082 770 1199 808; x_wconf 90' lang='lat' dir='ltr'><strong>cum</strong></span> <span class='ocrx_word' id='word_1_49' title='bbox 1232 757 1626 824; x_wconf 87' lang='lat' dir='ltr'><strong>cooperimento</strong></span> <span class='ocrx_word' id='word_1_50' title='bbox 1659 757 1918 824; x_wconf 78' lang='lat' dir='ltr'><strong>posterius</strong></span> <span class='ocrx_word' id='word_1_51' title='bbox 1948 758 2015 813; x_wconf 90' lang='lat' dir='ltr'><strong>de</strong></span> <span class='ocrx_word' id='word_1_52' title='bbox 2042 773 2185 812; x_wconf 90' lang='lat' dir='ltr'><strong>scar-</strong></span> 
     </span>
    </p>
   </div>
   <div class='ocr_carea' id='block_1_9' title="bbox 615 845 1833 914">
    <p class='ocr_par' dir='ltr' id='par_1_9' title="bbox 615 845 1833 914">
     <span class='ocr_line' id='line_1_9' title="bbox 615 845 1833 914; baseline 0.001 -16"><span class='ocrx_word' id='word_1_53' title='bbox 615 846 757 909; x_wconf 87' lang='lat' dir='ltr'><strong>leto;</strong></span> <span class='ocrx_word' id='word_1_54' title='bbox 789 855 839 898; x_wconf 91' lang='lat' dir='ltr'><strong>et</strong></span> <span class='ocrx_word' id='word_1_55' title='bbox 865 847 1019 898; x_wconf 90' lang='lat' dir='ltr'><strong>faciat</strong></span> <span class='ocrx_word' id='word_1_56' title='bbox 1048 845 1149 899; x_wconf 84' lang='lat' dir='ltr'><strong>a&#39;ia</strong></span> <span class='ocrx_word' id='word_1_57' title='bbox 1173 856 1422 901; x_wconf 89' lang='lat' dir='ltr'><strong>consueta</strong></span> <span class='ocrx_word' id='word_1_58' title='bbox 1452 847 1551 899; x_wconf 88' lang='lat' dir='ltr'><strong>sibi</strong></span> <span class='ocrx_word' id='word_1_59' title='bbox 1581 847 1833 914; x_wconf 75' lang='lat' dir='ltr'><strong>iniuncta.</strong></span> 
     </span>
    </p>
   </div>
   <div class='ocr_carea' id='block_1_10' title="bbox 685 933 2182 1006">
    <p class='ocr_par' dir='ltr' id='par_1_10' title="bbox 685 933 2182 1006">
     <span class='ocr_line' id='line_1_10' title="bbox 685 933 2182 1006; baseline 0.002 -19"><span class='ocrx_word' id='word_1_60' title='bbox 685 933 992 988; x_wconf 86' lang='lat' dir='ltr'><strong>Servienies</strong></span> <span class='ocrx_word' id='word_1_61' title='bbox 1016 934 1120 989; x_wconf 87' lang='lat' dir='ltr'><strong>albi</strong></span> <span class='ocrx_word' id='word_1_62' title='bbox 1143 943 1301 990; x_wconf 88' lang='lat' dir='ltr'><strong>erunt</strong></span> <span class='ocrx_word' id='word_1_63' title='bbox 1321 938 1485 1004; x_wconf 84' lang='lat' dir='ltr'><strong>parati</strong></span> <span class='ocrx_word' id='word_1_64' title='bbox 1508 937 1570 990; x_wconf 92' lang='lat' dir='ltr'><strong>ad</strong></span> <span class='ocrx_word' id='word_1_65' title='bbox 1602 937 1949 991; x_wconf 79' lang='lat' dir='ltr'><strong>dextrandum</strong></span> <span class='ocrx_word' id='word_1_66' title='bbox 1971 953 2182 1006; x_wconf 89' lang='lat' dir='ltr'><strong>equum,</strong></span> 
     </span>
    </p>
   </div>
   <div class='ocr_carea' id='block_1_11' title="bbox 616 1025 2191 1095">
    <p class='ocr_par' dir='ltr' id='par_1_11' title="bbox 616 1025 2191 1095">
     <span class='ocr_line' id='line_1_11' title="bbox 616 1025 2191 1095; baseline 0.005 -20"><span class='ocrx_word' id='word_1_67' title='bbox 616 1032 668 1075; x_wconf 88' lang='lat' dir='ltr'><strong>et</strong></span> <span class='ocrx_word' id='word_1_68' title='bbox 699 1025 763 1075; x_wconf 86' lang='lat' dir='ltr'><strong>ad</strong></span> <span class='ocrx_word' id='word_1_69' title='bbox 815 1026 1133 1092; x_wconf 86' lang='lat' dir='ltr'><strong>portandum</strong></span> <span class='ocrx_word' id='word_1_70' title='bbox 1158 1026 1410 1090; x_wconf 82' lang='lat' dir='ltr'><strong>soleclum</strong></span> <span class='ocrx_word' id='word_1_71' title='bbox 1441 1036 1495 1081; x_wconf 92' lang='lat' dir='ltr'><strong>et</strong></span> <span class='ocrx_word' id='word_1_72' title='bbox 1541 1028 1786 1092; x_wconf 77' lang='lat' dir='ltr'><strong>calcaria,</strong></span> <span class='ocrx_word' id='word_1_73' title='bbox 1830 1030 2087 1095; x_wconf 90' lang='lat' dir='ltr'><strong>capellum</strong></span> <span class='ocrx_word' id='word_1_74' title='bbox 2135 1039 2191 1083; x_wconf 91' lang='lat' dir='ltr'><strong>et</strong></span> 
     </span>
    </p>
   </div>
   <div class='ocr_carea' id='block_1_12' title="bbox 614 1117 1888 1185">
    <p class='ocr_par' dir='ltr' id='par_1_12' title="bbox 614 1117 1888 1185">
     <span class='ocr_line' id='line_1_12' title="bbox 614 1117 1888 1185; baseline 0.002 -18"><span class='ocrx_word' id='word_1_75' title='bbox 614 1130 839 1183; x_wconf 89' lang='lat' dir='ltr'><strong>cappam</strong></span> <span class='ocrx_word' id='word_1_76' title='bbox 867 1124 1049 1169; x_wconf 81' lang='lat' dir='ltr'><strong>cootra</strong></span> <span class='ocrx_word' id='word_1_77' title='bbox 1080 1131 1269 1184; x_wconf 88' lang='lat' dir='ltr'><strong>aquam</strong></span> <span class='ocrx_word' id='word_1_78' title='bbox 1296 1132 1361 1171; x_wconf 90' lang='lat' dir='ltr'><strong>ne</strong></span> <span class='ocrx_word' id='word_1_79' title='bbox 1391 1117 1556 1185; x_wconf 90' lang='lat' dir='ltr'><strong>pluat,</strong></span> <span class='ocrx_word' id='word_1_80' title='bbox 1584 1126 1636 1172; x_wconf 91' lang='lat' dir='ltr'><strong>et</strong></span> <span class='ocrx_word' id='word_1_81' title='bbox 1662 1119 1888 1172; x_wconf 85' lang='lat' dir='ltr'><strong>mitrale.</strong></span> 
     </span>
    </p>
   </div>
   <div class='ocr_carea' id='block_1_13' title="bbox 690 1206 2186 1277">
    <p class='ocr_par' dir='ltr' id='par_1_13' title="bbox 690 1206 2186 1277">
     <span class='ocr_line' id='line_1_13' title="bbox 690 1206 2186 1277; baseline 0.003 -21"><span class='ocrx_word' id='word_1_82' title='bbox 690 1206 817 1257; x_wconf 88' lang='lat' dir='ltr'><strong>Item</strong></span> <span class='ocrx_word' id='word_1_83' title='bbox 848 1208 1139 1259; x_wconf 91' lang='lat' dir='ltr'><strong>servientes</strong></span> <span class='ocrx_word' id='word_1_84' title='bbox 1168 1208 1299 1274; x_wconf 82' lang='lat' dir='ltr'><strong>nigri</strong></span> <span class='ocrx_word' id='word_1_85' title='bbox 1332 1208 1615 1275; x_wconf 90' lang='lat' dir='ltr'><strong>portabunt</strong></span> <span class='ocrx_word' id='word_1_86' title='bbox 1654 1209 1931 1277; x_wconf 87' lang='lat' dir='ltr'><strong>capellam,</strong></span> <span class='ocrx_word' id='word_1_87' title='bbox 1973 1210 2186 1277; x_wconf 85' lang='lat' dir='ltr'><strong>eapitia,</strong></span> 
     </span>
    </p>
   </div>
   <div class='ocr_carea' id='block_1_14' title="bbox 618 1293 2184 1364">
    <p class='ocr_par' dir='ltr' id='par_1_14' title="bbox 618 1293 2184 1364">
     <span class='ocr_line' id='line_1_14' title="bbox 618 1293 2184 1364; baseline 0.003 -18"><span class='ocrx_word' id='word_1_88' title='bbox 618 1293 930 1359; x_wconf 87' lang='lat' dir='ltr'><strong>faldistoria,</strong></span> <span class='ocrx_word' id='word_1_89' title='bbox 964 1296 1191 1349; x_wconf 85' lang='lat' dir='ltr'><strong>scabella</strong></span> <span class='ocrx_word' id='word_1_90' title='bbox 1234 1306 1290 1351; x_wconf 94' lang='lat' dir='ltr'><strong>et</strong></span> <span class='ocrx_word' id='word_1_91' title='bbox 1314 1296 1414 1350; x_wconf 89' lang='lat' dir='ltr'><strong>alia</strong></span> <span class='ocrx_word' id='word_1_92' title='bbox 1462 1305 1744 1363; x_wconf 88' lang='lat' dir='ltr'><strong>consueta,</strong></span> <span class='ocrx_word' id='word_1_93' title='bbox 1774 1297 1984 1364; x_wconf 86' lang='lat' dir='ltr'><strong>quando</strong></span> <span class='ocrx_word' id='word_1_94' title='bbox 2011 1299 2184 1350; x_wconf 89' lang='lat' dir='ltr'><strong>domi-</strong></span> 
     </span>
    </p>
   </div>
   <div class='ocr_carea' id='block_1_15' title="bbox 618 1384 2193 1451">
    <p class='ocr_par' dir='ltr' id='par_1_15' title="bbox 618 1384 2193 1451">
     <span class='ocr_line' id='line_1_15' title="bbox 618 1384 2193 1451; baseline 0.003 -14"><span class='ocrx_word' id='word_1_95' title='bbox 618 1399 718 1437; x_wconf 87' lang='lat' dir='ltr'><strong>nus</strong></span> <span class='ocrx_word' id='word_1_96' title='bbox 750 1399 880 1451; x_wconf 80' lang='lat' dir='ltr'><strong>papa</strong></span> <span class='ocrx_word' id='word_1_97' title='bbox 912 1384 1056 1437; x_wconf 82' lang='lat' dir='ltr'><strong>vadit</strong></span> <span class='ocrx_word' id='word_1_98' title='bbox 1075 1394 1289 1439; x_wconf 89' lang='lat' dir='ltr'><strong>cantare</strong></span> <span class='ocrx_word' id='word_1_99' title='bbox 1314 1386 1366 1439; x_wconf 91' lang='lat' dir='ltr'><strong>in</strong></span> <span class='ocrx_word' id='word_1_100' title='bbox 1395 1386 1720 1440; x_wconf 86' lang='lat' dir='ltr'><strong>solemnibus</strong></span> <span class='ocrx_word' id='word_1_101' title='bbox 1744 1386 1913 1441; x_wconf 88' lang='lat' dir='ltr'><strong>festis.</strong></span> <span class='ocrx_word' id='word_1_102' title='bbox 1943 1386 2068 1441; x_wconf 88' lang='lat' dir='ltr'><strong>Item</strong></span> <span class='ocrx_word' id='word_1_103' title='bbox 2096 1389 2193 1441; x_wconf 84' lang='lat' dir='ltr'><strong>uii-</strong></span> 
     </span>
    </p>
   </div>
   <div class='ocr_carea' id='block_1_16' title="bbox 621 1474 2193 1545">
    <p class='ocr_par' dir='ltr' id='par_1_16' title="bbox 621 1474 2193 1545">
     <span class='ocr_line' id='line_1_16' title="bbox 621 1474 2193 1545; baseline 0.003 -19"><span class='ocrx_word' id='word_1_104' title='bbox 621 1488 737 1527; x_wconf 68' lang='lat' dir='ltr'><strong>cam</strong></span> <span class='ocrx_word' id='word_1_105' title='bbox 785 1474 850 1526; x_wconf 88' lang='lat' dir='ltr'><strong>de</strong></span> <span class='ocrx_word' id='word_1_106' title='bbox 882 1474 1045 1530; x_wconf 89' lang='lat' dir='ltr'><strong>tribus</strong></span> <span class='ocrx_word' id='word_1_107' title='bbox 1095 1475 1338 1543; x_wconf 87' lang='lat' dir='ltr'><strong>panibus.</strong></span> <span class='ocrx_word' id='word_1_108' title='bbox 1390 1477 1517 1530; x_wconf 91' lang='lat' dir='ltr'><strong>Item</strong></span> <span class='ocrx_word' id='word_1_109' title='bbox 1562 1483 1787 1545; x_wconf 87' lang='lat' dir='ltr'><strong>quatuor</strong></span> <span class='ocrx_word' id='word_1_110' title='bbox 1833 1478 2077 1531; x_wconf 79' lang='lat' dir='ltr'><strong>incisoriu</strong></span> <span class='ocrx_word' id='word_1_111' title='bbox 2125 1479 2193 1531; x_wconf 85' lang='lat' dir='ltr'><strong>de</strong></span> 
     </span>
    </p>
   </div>
   <div class='ocr_carea' id='block_1_17' title="bbox 626 1561 2192 1634">
    <p class='ocr_par' dir='ltr' id='par_1_17' title="bbox 626 1561 2192 1634">
     <span class='ocr_line' id='line_1_17' title="bbox 626 1561 2192 1634; baseline 0.005 -20"><span class='ocrx_word' id='word_1_112' title='bbox 626 1577 759 1628; x_wconf 88' lang='lat' dir='ltr'><strong>pane</strong></span> <span class='ocrx_word' id='word_1_113' title='bbox 788 1561 851 1616; x_wconf 84' lang='lat' dir='ltr'><strong>in&#39;</strong></span> <span class='ocrx_word' id='word_1_114' title='bbox 888 1580 988 1616; x_wconf 89' lang='lat' dir='ltr'><strong>una</strong></span> <span class='ocrx_word' id='word_1_115' title='bbox 1035 1566 1237 1620; x_wconf 88' lang='lat' dir='ltr'><strong>tobalea</strong></span> <span class='ocrx_word' id='word_1_116' title='bbox 1270 1581 1365 1634; x_wconf 91' lang='lat' dir='ltr'><strong>pro</strong></span> <span class='ocrx_word' id='word_1_117' title='bbox 1396 1567 1637 1621; x_wconf 82' lang='lat' dir='ltr'><strong>manibus</strong></span> <span class='ocrx_word' id='word_1_118' title='bbox 1667 1566 1939 1622; x_wconf 76' lang='lat' dir='ltr'><strong>lavandis.</strong></span> <span class='ocrx_word' id='word_1_119' title='bbox 1966 1568 2095 1622; x_wconf 89' lang='lat' dir='ltr'><strong>Item</strong></span> <span class='ocrx_word' id='word_1_120' title='bbox 2125 1570 2192 1622; x_wconf 91' lang='lat' dir='ltr'><strong>de</strong></span> 
     </span>
    </p>
   </div>
   <div class='ocr_carea' id='block_1_18' title="bbox 625 1652 2191 1723">
    <p class='ocr_par' dir='ltr' id='par_1_18' title="bbox 625 1652 2191 1723">
     <span class='ocr_line' id='line_1_18' title="bbox 625 1652 2191 1723; baseline 0.005 -20"><span class='ocrx_word' id='word_1_121' title='bbox 625 1667 760 1718; x_wconf 87' lang='lat' dir='ltr'><strong>aqua</strong></span> <span class='ocrx_word' id='word_1_122' title='bbox 812 1652 996 1721; x_wconf 81' lang='lat' dir='ltr'><strong>frigida</strong></span> <span class='ocrx_word' id='word_1_123' title='bbox 1040 1664 1095 1707; x_wconf 87' lang='lat' dir='ltr'><strong>et</strong></span> <span class='ocrx_word' id='word_1_124' title='bbox 1140 1655 1308 1708; x_wconf 86' lang='lat' dir='ltr'><strong>calida</strong></span> <span class='ocrx_word' id='word_1_125' title='bbox 1353 1670 1449 1723; x_wconf 92' lang='lat' dir='ltr'><strong>pro</strong></span> <span class='ocrx_word' id='word_1_126' title='bbox 1492 1658 1733 1709; x_wconf 87' lang='lat' dir='ltr'><strong>manibus</strong></span> <span class='ocrx_word' id='word_1_127' title='bbox 1776 1656 2032 1711; x_wconf 82' lang='lat' dir='ltr'><strong>lavandis.</strong></span> <span class='ocrx_word' id='word_1_128' title='bbox 2068 1658 2191 1712; x_wconf 80' lang='lat' dir='ltr'><strong>ltein</strong></span> 
     </span>
    </p>
   </div>
   <div class='ocr_carea' id='block_1_19' title="bbox 2288 487 3871 559">
    <p class='ocr_par' dir='ltr' id='par_1_19' title="bbox 2288 487 3871 559">
     <span class='ocr_line' id='line_1_19' title="bbox 2288 487 3871 559; baseline 0.008 -23"><span class='ocrx_word' id='word_1_129' title='bbox 2288 487 2663 553; x_wconf 83' lang='lat' dir='ltr'><strong>porrigendum</strong></span> <span class='ocrx_word' id='word_1_130' title='bbox 2690 490 2792 541; x_wconf 87' lang='lat' dir='ltr'><strong>sibi</strong></span> <span class='ocrx_word' id='word_1_131' title='bbox 2826 505 2920 557; x_wconf 90' lang='lat' dir='ltr'><strong>per</strong></span> <span class='ocrx_word' id='word_1_132' title='bbox 2959 491 3187 557; x_wconf 81' lang='lat' dir='ltr'><strong>aliquem</strong></span> <span class='ocrx_word' id='word_1_133' title='bbox 3208 492 3279 547; x_wconf 90' lang='lat' dir='ltr'><strong>de</strong></span> <span class='ocrx_word' id='word_1_134' title='bbox 3305 494 3612 559; x_wconf 87' lang='lat' dir='ltr'><strong>capellanis</strong></span> <span class='ocrx_word' id='word_1_135' title='bbox 3645 500 3871 548; x_wconf 80' lang='lat' dir='ltr'><strong>astanti-</strong></span> 
     </span>
    </p>
   </div>
   <div class='ocr_carea' id='block_1_20' title="bbox 2285 575 3872 653">
    <p class='ocr_par' dir='ltr' id='par_1_20' title="bbox 2285 575 3872 653">
     <span class='ocr_line' id='line_1_20' title="bbox 2285 575 3872 653; baseline 0.009 -26"><span class='ocrx_word' id='word_1_136' title='bbox 2285 575 2402 643; x_wconf 85' lang='lat' dir='ltr'><strong>bus,</strong></span> <span class='ocrx_word' id='word_1_137' title='bbox 2439 579 2486 629; x_wconf 92' lang='lat' dir='ltr'><strong>in</strong></span> <span class='ocrx_word' id='word_1_138' title='bbox 2528 594 2633 647; x_wconf 91' lang='lat' dir='ltr'><strong>quo</strong></span> <span class='ocrx_word' id='word_1_139' title='bbox 2658 579 2880 634; x_wconf 88' lang='lat' dir='ltr'><strong>dicenda</strong></span> <span class='ocrx_word' id='word_1_140' title='bbox 2909 582 3091 635; x_wconf 68' lang='lat' dir='ltr'><strong>Oratio</strong></span> <span class='ocrx_word' id='word_1_141' title='bbox 3118 583 3311 652; x_wconf 84' lang='lat' dir='ltr'><strong>scripta</strong></span> <span class='ocrx_word' id='word_1_142' title='bbox 3342 594 3449 651; x_wconf 88' lang='lat' dir='ltr'><strong>est,</strong></span> <span class='ocrx_word' id='word_1_143' title='bbox 3480 595 3675 640; x_wconf 78' lang='lat' dir='ltr'><strong>teneat</strong></span> <span class='ocrx_word' id='word_1_144' title='bbox 3707 585 3872 653; x_wconf 79' lang='lat' dir='ltr'><strong>ipsum</strong></span> 
     </span>
    </p>
   </div>
   <div class='ocr_carea' id='block_1_21' title="bbox 2283 672 3869 742">
    <p class='ocr_par' dir='ltr' id='par_1_21' title="bbox 2283 672 3869 742">
     <span class='ocr_line' id='line_1_21' title="bbox 2283 672 3869 742; baseline 0.008 -24"><span class='ocrx_word' id='word_1_145' title='bbox 2283 681 2444 734; x_wconf 84' lang='lat' dir='ltr'><strong>super</strong></span> <span class='ocrx_word' id='word_1_146' title='bbox 2471 680 2627 736; x_wconf 91' lang='lat' dir='ltr'><strong>caput</strong></span> <span class='ocrx_word' id='word_1_147' title='bbox 2656 685 2808 724; x_wconf 92' lang='lat' dir='ltr'><strong>suum</strong></span> <span class='ocrx_word' id='word_1_148' title='bbox 2839 682 2961 725; x_wconf 84' lang='lat' dir='ltr'><strong>ante</strong></span> <span class='ocrx_word' id='word_1_149' title='bbox 2991 672 3162 738; x_wconf 87' lang='lat' dir='ltr'><strong>ipsum</strong></span> <span class='ocrx_word' id='word_1_150' title='bbox 3193 674 3530 742; x_wconf 89' lang='lat' dir='ltr'><strong>pontiﬁcem,</strong></span> <span class='ocrx_word' id='word_1_151' title='bbox 3561 676 3702 729; x_wconf 88' lang='lat' dir='ltr'><strong>dum</strong></span> <span class='ocrx_word' id='word_1_152' title='bbox 3748 676 3869 730; x_wconf 76' lang='lat' dir='ltr'><strong>dicit</strong></span> 
     </span>
    </p>
   </div>
   <div class='ocr_carea' id='block_1_22' title="bbox 2289 756 3869 833">
    <p class='ocr_par' dir='ltr' id='par_1_22' title="bbox 2289 756 3869 833">
     <span class='ocr_line' id='line_1_22' title="bbox 2289 756 3869 833; baseline 0.007 -24"><span class='ocrx_word' id='word_1_153' title='bbox 2289 756 2615 811; x_wconf 87' lang='lat' dir='ltr'><strong>Orationem.</strong></span> <span class='ocrx_word' id='word_1_154' title='bbox 2643 758 2701 813; x_wconf 91' lang='lat' dir='ltr'><strong>Si</strong></span> <span class='ocrx_word' id='word_1_155' title='bbox 2751 773 2878 812; x_wconf 85' lang='lat' dir='ltr'><strong>vero</strong></span> <span class='ocrx_word' id='word_1_156' title='bbox 2905 760 2973 813; x_wconf 90' lang='lat' dir='ltr'><strong>sit</strong></span> <span class='ocrx_word' id='word_1_157' title='bbox 3000 760 3115 814; x_wconf 85' lang='lat' dir='ltr'><strong>dies</strong></span> <span class='ocrx_word' id='word_1_158' title='bbox 3145 760 3363 826; x_wconf 81' lang='lat' dir='ltr'><strong>feriatis,</strong></span> <span class='ocrx_word' id='word_1_159' title='bbox 3394 763 3447 817; x_wconf 90' lang='lat' dir='ltr'><strong>in</strong></span> <span class='ocrx_word' id='word_1_160' title='bbox 3479 778 3589 833; x_wconf 87' lang='lat' dir='ltr'><strong>qua</strong></span> <span class='ocrx_word' id='word_1_161' title='bbox 3632 765 3869 831; x_wconf 75' lang='lat' dir='ltr'><strong>pontifex</strong></span> 
     </span>
    </p>
   </div>
   <div class='ocr_carea' id='block_1_23' title="bbox 2285 844 3870 915">
    <p class='ocr_par' dir='ltr' id='par_1_23' title="bbox 2285 844 3870 915">
     <span class='ocr_line' id='line_1_23' title="bbox 2285 844 3870 915; baseline 0.007 -18"><span class='ocrx_word' id='word_1_162' title='bbox 2285 844 2598 899; x_wconf 82' lang='lat' dir='ltr'><strong>incumbens</strong></span> <span class='ocrx_word' id='word_1_163' title='bbox 2626 861 2786 915; x_wconf 84' lang='lat' dir='ltr'><strong>super</strong></span> <span class='ocrx_word' id='word_1_164' title='bbox 2815 848 3164 904; x_wconf 89' lang='lat' dir='ltr'><strong>faldistorium</strong></span> <span class='ocrx_word' id='word_1_165' title='bbox 3197 851 3505 907; x_wconf 81' lang='lat' dir='ltr'><strong>Orationem</strong></span> <span class='ocrx_word' id='word_1_166' title='bbox 3549 854 3747 908; x_wconf 81' lang='lat' dir='ltr'><strong>dicere</strong></span> <span class='ocrx_word' id='word_1_167' title='bbox 3787 869 3870 907; x_wconf 84' lang='lat' dir='ltr'><strong>oe-</strong></span> 
     </span>
    </p>
   </div>
   <div class='ocr_carea' id='block_1_24' title="bbox 2288 936 3869 1011">
    <p class='ocr_par' dir='ltr' id='par_1_24' title="bbox 2288 936 3869 1011">
     <span class='ocr_line' id='line_1_24' title="bbox 2288 936 3869 1011; baseline 0.006 -23"><span class='ocrx_word' id='word_1_168' title='bbox 2288 936 2429 997; x_wconf 86' lang='lat' dir='ltr'><strong>beat,</strong></span> <span class='ocrx_word' id='word_1_169' title='bbox 2461 936 2598 991; x_wconf 90' lang='lat' dir='ltr'><strong>idem</strong></span> <span class='ocrx_word' id='word_1_170' title='bbox 2638 938 2927 991; x_wconf 88' lang='lat' dir='ltr'><strong>cardinalis</strong></span> <span class='ocrx_word' id='word_1_171' title='bbox 2953 954 3091 1007; x_wconf 85' lang='lat' dir='ltr'><strong>genu</strong></span> <span class='ocrx_word' id='word_1_172' title='bbox 3135 939 3277 995; x_wconf 88' lang='lat' dir='ltr'><strong>ﬂexo</strong></span> <span class='ocrx_word' id='word_1_173' title='bbox 3305 954 3488 995; x_wconf 88' lang='lat' dir='ltr'><strong>coram</strong></span> <span class='ocrx_word' id='word_1_174' title='bbox 3520 944 3794 1011; x_wconf 80' lang='lat' dir='ltr'><strong>pontiﬁce</strong></span> <span class='ocrx_word' id='word_1_175' title='bbox 3819 946 3869 997; x_wconf 88' lang='lat' dir='ltr'><strong>li-</strong></span> 
     </span>
    </p>
   </div>
   <div class='ocr_carea' id='block_1_25' title="bbox 2289 1026 3873 1103">
    <p class='ocr_par' dir='ltr' id='par_1_25' title="bbox 2289 1026 3873 1103">
     <span class='ocr_line' id='line_1_25' title="bbox 2289 1026 3873 1103; baseline 0.006 -24"><span class='ocrx_word' id='word_1_176' title='bbox 2289 1026 2441 1079; x_wconf 89' lang='lat' dir='ltr'><strong>brum</strong></span> <span class='ocrx_word' id='word_1_177' title='bbox 2476 1035 2655 1081; x_wconf 88' lang='lat' dir='ltr'><strong>teneat</strong></span> <span class='ocrx_word' id='word_1_178' title='bbox 2681 1027 2746 1082; x_wconf 88' lang='lat' dir='ltr'><strong>ad</strong></span> <span class='ocrx_word' id='word_1_179' title='bbox 2778 1041 2963 1097; x_wconf 89' lang='lat' dir='ltr'><strong>pectus</strong></span> <span class='ocrx_word' id='word_1_180' title='bbox 2992 1045 3146 1084; x_wconf 88' lang='lat' dir='ltr'><strong>suum</strong></span> <span class='ocrx_word' id='word_1_181' title='bbox 3183 1032 3268 1085; x_wconf 86' lang='lat' dir='ltr'><strong>vel</strong></span> <span class='ocrx_word' id='word_1_182' title='bbox 3298 1032 3402 1085; x_wconf 76' lang='lat' dir='ltr'><strong>alio</strong></span> <span class='ocrx_word' id='word_1_183' title='bbox 3425 1034 3615 1097; x_wconf 78' lang='lat' dir='ltr'><strong>modo,</strong></span> <span class='ocrx_word' id='word_1_184' title='bbox 3652 1038 3752 1103; x_wconf 87' lang='lat' dir='ltr'><strong>qui</strong></span> <span class='ocrx_word' id='word_1_185' title='bbox 3787 1051 3873 1102; x_wconf 83' lang='lat' dir='ltr'><strong>pro</strong></span> 
     </span>
    </p>
   </div>
   <div class='ocr_carea' id='block_1_26' title="bbox 2291 1114 3869 1186">
    <p class='ocr_par' dir='ltr' id='par_1_26' title="bbox 2291 1114 3869 1186">
     <span class='ocr_line' id='line_1_26' title="bbox 2291 1114 3869 1186; baseline 0.009 -20"><span class='ocrx_word' id='word_1_186' title='bbox 2291 1114 2405 1181; x_wconf 91' lang='lat' dir='ltr'><strong>ipso</strong></span> <span class='ocrx_word' id='word_1_187' title='bbox 2437 1116 2688 1183; x_wconf 87' lang='lat' dir='ltr'><strong>pontiﬁce</strong></span> <span class='ocrx_word' id='word_1_188' title='bbox 2735 1118 2802 1171; x_wconf 90' lang='lat' dir='ltr'><strong>ad</strong></span> <span class='ocrx_word' id='word_1_189' title='bbox 2834 1118 3111 1186; x_wconf 79' lang='lat' dir='ltr'><strong>legendam</strong></span> <span class='ocrx_word' id='word_1_190' title='bbox 3138 1121 3442 1176; x_wconf 79' lang='lat' dir='ltr'><strong>Orationem</strong></span> <span class='ocrx_word' id='word_1_191' title='bbox 3472 1128 3869 1180; x_wconf 72' lang='lat' dir='ltr'><strong>accommodius</strong></span> 
     </span>
    </p>
   </div>
   <div class='ocr_carea' id='block_1_27' title="bbox 2291 1204 3868 1283">
    <p class='ocr_par' dir='ltr' id='par_1_27' title="bbox 2291 1204 3868 1283">
     <span class='ocr_line' id='line_1_27' title="bbox 2291 1204 3868 1283; baseline 0.008 -26"><span class='ocrx_word' id='word_1_192' title='bbox 2291 1204 2551 1260; x_wconf 88' lang='lat' dir='ltr'><strong>videatur.</strong></span> <span class='ocrx_word' id='word_1_193' title='bbox 2584 1207 2727 1261; x_wconf 87' lang='lat' dir='ltr'><strong>Dicta</strong></span> <span class='ocrx_word' id='word_1_194' title='bbox 2754 1208 3033 1275; x_wconf 89' lang='lat' dir='ltr'><strong>Oratione,</strong></span> <span class='ocrx_word' id='word_1_195' title='bbox 3063 1210 3351 1265; x_wconf 88' lang='lat' dir='ltr'><strong>cardinalis</strong></span> <span class='ocrx_word' id='word_1_196' title='bbox 3384 1214 3581 1268; x_wconf 84' lang='lat' dir='ltr'><strong>reddat</strong></span> <span class='ocrx_word' id='word_1_197' title='bbox 3608 1215 3663 1269; x_wconf 86' lang='lat' dir='ltr'><strong>ei</strong></span> <span class='ocrx_word' id='word_1_198' title='bbox 3698 1230 3729 1269; x_wconf 71' lang='grc' dir='ltr'><strong>ι</strong></span> <span class='ocrx_word' id='word_1_199' title='bbox 3774 1235 3868 1283; x_wconf 77' lang='lat' dir='ltr'><strong>qua</strong></span> 
     </span>
    </p>
   </div>
   <div class='ocr_carea' id='block_1_28' title="bbox 2290 1298 3866 1371">
    <p class='ocr_par' dir='ltr' id='par_1_28' title="bbox 2290 1298 3866 1371">
     <span class='ocr_line' id='line_1_28' title="bbox 2290 1298 3866 1371; baseline 0.008 -22"><span class='ocrx_word' id='word_1_200' title='bbox 2290 1298 2514 1366; x_wconf 87' lang='lat' dir='ltr'><strong>recepit,</strong></span> <span class='ocrx_word' id='word_1_201' title='bbox 2536 1306 2591 1352; x_wconf 90' lang='lat' dir='ltr'><strong>et</strong></span> <span class='ocrx_word' id='word_1_202' title='bbox 2617 1310 2889 1355; x_wconf 84' lang='lat' dir='ltr'><strong>remaneat</strong></span> <span class='ocrx_word' id='word_1_203' title='bbox 2916 1316 3037 1356; x_wconf 91' lang='lat' dir='ltr'><strong>cum</strong></span> <span class='ocrx_word' id='word_1_204' title='bbox 3081 1303 3198 1371; x_wconf 84' lang='lat' dir='ltr'><strong>ipso</strong></span> <span class='ocrx_word' id='word_1_205' title='bbox 3222 1304 3491 1371; x_wconf 88' lang='lat' dir='ltr'><strong>pontiﬁce,</strong></span> <span class='ocrx_word' id='word_1_206' title='bbox 3521 1306 3706 1362; x_wconf 85' lang='lat' dir='ltr'><strong>donec</strong></span> <span class='ocrx_word' id='word_1_207' title='bbox 3731 1308 3866 1362; x_wconf 55' lang='lat' dir='ltr'><strong>ﬁnis</strong></span> 
     </span>
    </p>
   </div>
   <div class='ocr_carea' id='block_1_29' title="bbox 2293 1387 3867 1467">
    <p class='ocr_par' dir='ltr' id='par_1_29' title="bbox 2293 1387 3867 1467">
     <span class='ocr_line' id='line_1_29' title="bbox 2293 1387 3867 1467; baseline 0.011 -31"><span class='ocrx_word' id='word_1_208' title='bbox 2293 1395 2378 1438; x_wconf 92' lang='lat' dir='ltr'><strong>tur</strong></span> <span class='ocrx_word' id='word_1_209' title='bbox 2417 1387 2653 1442; x_wconf 88' lang='lat' dir='ltr'><strong>ofﬁcium</strong></span> <span class='ocrx_word' id='word_1_210' title='bbox 2688 1389 2859 1444; x_wconf 73' lang='lat' dir='ltr'><strong>beata:</strong></span> <span class='ocrx_word' id='word_1_211' title='bbox 2889 1391 3095 1457; x_wconf 68' lang='lat' dir='ltr'><strong>Mariae,</strong></span> <span class='ocrx_word' id='word_1_212' title='bbox 3126 1393 3170 1446; x_wconf 89' lang='lat' dir='ltr'><strong>si</strong></span> <span class='ocrx_word' id='word_1_213' title='bbox 3210 1392 3494 1449; x_wconf 90' lang='lat' dir='ltr'><strong>dicendum</strong></span> <span class='ocrx_word' id='word_1_214' title='bbox 3541 1408 3649 1459; x_wconf 76' lang='lat' dir='ltr'><strong>est.</strong></span> <span class='ocrx_word' id='word_1_215' title='bbox 3695 1400 3750 1451; x_wconf 89' lang='lat' dir='ltr'><strong>in</strong></span> <span class='ocrx_word' id='word_1_216' title='bbox 3777 1414 3867 1467; x_wconf 73' lang='lat' dir='ltr'><strong>qui:</strong></span> 
     </span>
    </p>
   </div>
   <div class='ocr_carea' id='block_1_30' title="bbox 2294 1478 3866 1543">
    <p class='ocr_par' dir='ltr' id='par_1_30' title="bbox 2294 1478 3866 1543">
     <span class='ocr_line' id='line_1_30' title="bbox 2294 1478 3866 1543; baseline 0.009 -15"><span class='ocrx_word' id='word_1_217' title='bbox 2294 1484 2468 1530; x_wconf 89' lang='lat' dir='ltr'><strong>tamen</strong></span> <span class='ocrx_word' id='word_1_218' title='bbox 2499 1478 2630 1532; x_wconf 90' lang='lat' dir='ltr'><strong>liber</strong></span> <span class='ocrx_word' id='word_1_219' title='bbox 2653 1480 2718 1533; x_wconf 88' lang='lat' dir='ltr'><strong>ad</strong></span> <span class='ocrx_word' id='word_1_220' title='bbox 2747 1481 3050 1535; x_wconf 86' lang='lat' dir='ltr'><strong>Orationem</strong></span> <span class='ocrx_word' id='word_1_221' title='bbox 3073 1483 3351 1537; x_wconf 88' lang='lat' dir='ltr'><strong>dicendam</strong></span> <span class='ocrx_word' id='word_1_222' title='bbox 3382 1484 3551 1541; x_wconf 69' lang='lat' dir='ltr'><strong>teni-ri</strong></span> <span class='ocrx_word' id='word_1_223' title='bbox 3578 1503 3690 1540; x_wconf 86' lang='lat' dir='ltr'><strong>non</strong></span> <span class='ocrx_word' id='word_1_224' title='bbox 3719 1491 3866 1543; x_wconf 83' lang='lat' dir='ltr'><strong>solet.</strong></span> 
     </span>
    </p>
   </div>
   <div class='ocr_carea' id='block_1_31' title="bbox 2295 1566 3866 1640">
    <p class='ocr_par' dir='ltr' id='par_1_31' title="bbox 2295 1566 3866 1640">
     <span class='ocr_line' id='line_1_31' title="bbox 2295 1566 3866 1640; baseline 0.009 -21"><span class='ocrx_word' id='word_1_225' title='bbox 2295 1566 2461 1621; x_wconf 87' lang='lat' dir='ltr'><strong>Finita</strong></span> <span class='ocrx_word' id='word_1_226' title='bbox 2494 1570 2652 1635; x_wconf 85' lang='lat' dir='ltr'><strong>llora,</strong></span> <span class='ocrx_word' id='word_1_227' title='bbox 2682 1571 2912 1626; x_wconf 89' lang='lat' dir='ltr'><strong>divertat</strong></span> <span class='ocrx_word' id='word_1_228' title='bbox 2946 1572 3236 1627; x_wconf 89' lang='lat' dir='ltr'><strong>cardinalis</strong></span> <span class='ocrx_word' id='word_1_229' title='bbox 3283 1574 3569 1640; x_wconf 68' lang='lat' dir='ltr'><strong>praedictus</strong></span> <span class='ocrx_word' id='word_1_230' title='bbox 3597 1578 3668 1631; x_wconf 88' lang='lat' dir='ltr'><strong>ad</strong></span> <span class='ocrx_word' id='word_1_231' title='bbox 3702 1580 3866 1633; x_wconf 78' lang='lat' dir='ltr'><strong>locutu</strong></span> 
     </span>
    </p>
   </div>
   <div class='ocr_carea' id='block_1_32' title="bbox 2294 1663 3865 1735">
    <p class='ocr_par' dir='ltr' id='par_1_32' title="bbox 2294 1663 3865 1735">
     <span class='ocr_line' id='line_1_32' title="bbox 2294 1663 3865 1735; baseline 0.008 -22"><span class='ocrx_word' id='word_1_232' title='bbox 2294 1663 2523 1730; x_wconf 83' lang='lat' dir='ltr'><strong>aliquem</strong></span> <span class='ocrx_word' id='word_1_233' title='bbox 2566 1680 2668 1718; x_wconf 90' lang='lat' dir='ltr'><strong>non</strong></span> <span class='ocrx_word' id='word_1_234' title='bbox 2710 1676 2991 1731; x_wconf 88' lang='lat' dir='ltr'><strong>remotum,</strong></span> <span class='ocrx_word' id='word_1_235' title='bbox 3024 1677 3078 1721; x_wconf 91' lang='lat' dir='ltr'><strong>et</strong></span> <span class='ocrx_word' id='word_1_236' title='bbox 3116 1668 3159 1720; x_wconf 91' lang='lat' dir='ltr'><strong>si</strong></span> <span class='ocrx_word' id='word_1_237' title='bbox 3187 1667 3421 1735; x_wconf 80' lang='lat' dir='ltr'><strong>episcopi</strong></span> <span class='ocrx_word' id='word_1_238' title='bbox 3450 1670 3762 1725; x_wconf 80' lang='lat' dir='ltr'><strong>cardinales</strong></span> <span class='ocrx_word' id='word_1_239' title='bbox 3791 1688 3865 1725; x_wconf 84' lang='lat' dir='ltr'><strong>se-</strong></span> 
     </span>
    </p>
   </div>
   <div class='ocr_carea' id='block_1_33' title="bbox 626 1738 3845 1828">
    <p class='ocr_par' dir='ltr' id='par_1_33' title="bbox 626 1738 3845 1828">
     <span class='ocr_line' id='line_1_33' title="bbox 626 1738 3845 1828; baseline 0.007 -35"><span class='ocrx_word' id='word_1_240' title='bbox 626 1742 910 1809; x_wconf 85' lang='lat' dir='ltr'><strong>portabuut</strong></span> <span class='ocrx_word' id='word_1_241' title='bbox 940 1744 990 1796; x_wconf 90' lang='lat' dir='ltr'><strong>in</strong></span> <span class='ocrx_word' id='word_1_242' title='bbox 1020 1746 1245 1798; x_wconf 89' lang='lat' dir='ltr'><strong>ecclesia</strong></span> <span class='ocrx_word' id='word_1_243' title='bbox 1278 1745 1446 1798; x_wconf 89' lang='lat' dir='ltr'><strong>locum</strong></span> <span class='ocrx_word' id='word_1_244' title='bbox 1478 1746 1567 1798; x_wconf 88' lang='lat' dir='ltr'><strong>ubi</strong></span> <span class='ocrx_word' id='word_1_245' title='bbox 1598 1761 1657 1799; x_wconf 91' lang='lat' dir='ltr'><strong>se</strong></span> <span class='ocrx_word' id='word_1_246' title='bbox 1684 1746 1843 1800; x_wconf 86' lang='lat' dir='ltr'><strong>debet</strong></span> <span class='ocrx_word' id='word_1_247' title='bbox 1872 1748 2108 1810; x_wconf 88' lang='lat' dir='ltr'><strong>induere,</strong></span> <span class='ocrx_word' id='word_1_248' title='bbox 2138 1759 2191 1804; x_wconf 90' lang='lat' dir='ltr'><strong>et</strong></span> <span class='ocrx_word' id='word_1_249' title='bbox 2220 1738 2268 1797; x_wconf 89' lang='grc' dir='ltr'>Β</span> <span class='ocrx_word' id='word_1_250' title='bbox 2294 1753 2475 1819; x_wconf 87' lang='lat' dir='ltr'><strong>deant,</strong></span> <span class='ocrx_word' id='word_1_251' title='bbox 2505 1770 2611 1809; x_wconf 92' lang='lat' dir='ltr'><strong>non</strong></span> <span class='ocrx_word' id='word_1_252' title='bbox 2643 1757 2795 1824; x_wconf 87' lang='lat' dir='ltr'><strong>longe</strong></span> <span class='ocrx_word' id='word_1_253' title='bbox 2818 1773 2846 1809; x_wconf 89' lang='lat' dir='ltr'><strong>a</strong></span> <span class='ocrx_word' id='word_1_254' title='bbox 2884 1757 3136 1824; x_wconf 87' lang='lat' dir='ltr'><strong>pontiﬁce</strong></span> <span class='ocrx_word' id='word_1_255' title='bbox 3165 1771 3285 1811; x_wconf 91' lang='lat' dir='ltr'><strong>cum</strong></span> <span class='ocrx_word' id='word_1_256' title='bbox 3308 1758 3388 1812; x_wconf 82' lang='lat' dir='ltr'><strong>eis</strong></span> <span class='ocrx_word' id='word_1_257' title='bbox 3429 1760 3623 1816; x_wconf 86' lang='lat' dir='ltr'><strong>sedere</strong></span> <span class='ocrx_word' id='word_1_258' title='bbox 3650 1765 3845 1828; x_wconf 84' lang='lat' dir='ltr'><strong>poterit</strong></span> 
     </span>
    </p>
   </div>
   <div class='ocr_carea' id='block_1_34' title="bbox 546 1832 2190 1900">
    <p class='ocr_par' dir='ltr' id='par_1_34' title="bbox 546 1832 2190 1900">
     <span class='ocr_line' id='line_1_34' title="bbox 546 1832 2190 1900; baseline 0.007 -20"><span class='ocrx_word' id='word_1_259' title='bbox 546 1848 553 1853; x_wconf 58' lang='grc' dir='ltr'><strong>ε</strong></span> <span class='ocrx_word' id='word_1_260' title='bbox 626 1832 799 1883; x_wconf 89' lang='lat' dir='ltr'><strong>locum</strong></span> <span class='ocrx_word' id='word_1_261' title='bbox 827 1839 949 1900; x_wconf 72' lang='lat' dir='ltr'><strong>post</strong></span> <span class='ocrx_word' id='word_1_262' title='bbox 976 1833 1175 1896; x_wconf 87' lang='lat' dir='ltr'><strong>altare,</strong></span> <span class='ocrx_word' id='word_1_263' title='bbox 1210 1833 1295 1886; x_wconf 91' lang='lat' dir='ltr'><strong>ubi</strong></span> <span class='ocrx_word' id='word_1_264' title='bbox 1326 1834 1481 1888; x_wconf 65' lang='lat' dir='ltr'><strong>debet</strong></span> <span class='ocrx_word' id='word_1_265' title='bbox 1508 1835 1695 1889; x_wconf 85' lang='lat' dir='ltr'><strong>sedere</strong></span> <span class='ocrx_word' id='word_1_266' title='bbox 1722 1851 1737 1888; x_wconf 86' lang='lat'><strong>:</strong></span> <span class='ocrx_word' id='word_1_267' title='bbox 1765 1845 1816 1889; x_wconf 92' lang='lat' dir='ltr'><strong>et</strong></span> <span class='ocrx_word' id='word_1_268' title='bbox 1844 1836 2190 1892; x_wconf 74' lang='lat' dir='ltr'><strong>faldiStorium</strong></span> 
     </span>
    </p>
   </div>
   <div class='ocr_carea' id='block_1_35' title="bbox 622 1921 2194 1993">
    <p class='ocr_par' dir='ltr' id='par_1_35' title="bbox 622 1921 2194 1993">
     <span class='ocr_line' id='line_1_35' title="bbox 622 1921 2194 1993; baseline 0.008 -21"><span class='ocrx_word' id='word_1_269' title='bbox 622 1921 725 1974; x_wconf 88' lang='lat' dir='ltr'><strong>erit</strong></span> <span class='ocrx_word' id='word_1_270' title='bbox 755 1933 988 1988; x_wconf 62' lang='lat' dir='ltr'><strong>paratum</strong></span> <span class='ocrx_word' id='word_1_271' title='bbox 1020 1932 1141 1977; x_wconf 86' lang='lat' dir='ltr'><strong>aute</strong></span> <span class='ocrx_word' id='word_1_272' title='bbox 1184 1923 1352 1979; x_wconf 86' lang='lat' dir='ltr'><strong>altare</strong></span> <span class='ocrx_word' id='word_1_273' title='bbox 1373 1962 1389 1989; x_wconf 89' lang='lat'><strong>,</strong></span> <span class='ocrx_word' id='word_1_274' title='bbox 1434 1926 1482 1977; x_wconf 91' lang='lat' dir='ltr'><strong>in</strong></span> <span class='ocrx_word' id='word_1_275' title='bbox 1514 1940 1615 1993; x_wconf 90' lang='lat' dir='ltr'><strong>quo</strong></span> <span class='ocrx_word' id='word_1_276' title='bbox 1660 1926 1926 1983; x_wconf 88' lang='lat' dir='ltr'><strong>incumbat</strong></span> <span class='ocrx_word' id='word_1_277' title='bbox 1956 1944 2073 1983; x_wconf 89' lang='lat' dir='ltr'><strong>cum</strong></span> <span class='ocrx_word' id='word_1_278' title='bbox 2106 1930 2194 1984; x_wconf 80' lang='lat' dir='ltr'><strong>lict</strong></span> 
     </span>
    </p>
   </div>
   <div class='ocr_carea' id='block_1_36' title="bbox 623 2011 824 2066">
    <p class='ocr_par' dir='ltr' id='par_1_36' title="bbox 623 2011 824 2066">
     <span class='ocr_line' id='line_1_36' title="bbox 623 2011 824 2066; baseline 0 0"><span class='ocrx_word' id='word_1_279' title='bbox 623 2011 708 2066; x_wconf 78' lang='lat' dir='ltr'><strong>lita</strong></span> <span class='ocrx_word' id='word_1_280' title='bbox 719 2013 824 2066; x_wconf 81' lang='lat' dir='ltr'><strong>nia.</strong></span> 
     </span>
    </p>
   </div>
   <div class='ocr_carea' id='block_1_37' title="bbox 696 2100 2193 2175">
    <p class='ocr_par' dir='ltr' id='par_1_37' title="bbox 696 2100 2193 2175">
     <span class='ocr_line' id='line_1_37' title="bbox 696 2100 2193 2175; baseline 0.009 -23"><span class='ocrx_word' id='word_1_281' title='bbox 696 2100 824 2154; x_wconf 90' lang='lat' dir='ltr'><strong>ltem</strong></span> <span class='ocrx_word' id='word_1_282' title='bbox 856 2102 909 2155; x_wconf 89' lang='lat' dir='ltr'><strong>in</strong></span> <span class='ocrx_word' id='word_1_283' title='bbox 938 2103 1157 2156; x_wconf 80' lang='lat' dir='ltr'><strong>ecclesia</strong></span> <span class='ocrx_word' id='word_1_284' title='bbox 1188 2104 1630 2172; x_wconf 78' lang='lat' dir='ltr'><strong>parabitur‘locus</strong></span> <span class='ocrx_word' id='word_1_285' title='bbox 1654 2106 1718 2159; x_wconf 92' lang='lat' dir='ltr'><strong>ad</strong></span> <span class='ocrx_word' id='word_1_286' title='bbox 1750 2108 2073 2175; x_wconf 88' lang='lat' dir='ltr'><strong>sedendum,</strong></span> <span class='ocrx_word' id='word_1_287' title='bbox 2107 2112 2193 2165; x_wconf 92' lang='lat' dir='ltr'><strong>ubi</strong></span> 
     </span>
    </p>
   </div>
   <div class='ocr_carea' id='block_1_38' title="bbox 624 2191 2194 2262">
    <p class='ocr_par' dir='ltr' id='par_1_38' title="bbox 624 2191 2194 2262">
     <span class='ocr_line' id='line_1_38' title="bbox 624 2191 2194 2262; baseline 0.006 -19"><span class='ocrx_word' id='word_1_288' title='bbox 624 2191 715 2244; x_wconf 86' lang='lat' dir='ltr'><strong>ﬁet</strong></span> <span class='ocrx_word' id='word_1_289' title='bbox 745 2193 1131 2262; x_wconf 78' lang='lat' dir='ltr'><strong>presbyterium</strong></span> <span class='ocrx_word' id='word_1_290' title='bbox 1152 2235 1165 2257; x_wconf 92' lang='lat'><strong>,</strong></span> <span class='ocrx_word' id='word_1_291' title='bbox 1196 2206 1249 2248; x_wconf 92' lang='lat' dir='ltr'><strong>et</strong></span> <span class='ocrx_word' id='word_1_292' title='bbox 1282 2196 1366 2248; x_wconf 92' lang='lat' dir='ltr'><strong>ubi</strong></span> <span class='ocrx_word' id='word_1_293' title='bbox 1396 2197 1497 2250; x_wconf 90' lang='lat' dir='ltr'><strong>erit</strong></span> <span class='ocrx_word' id='word_1_294' title='bbox 1524 2194 1872 2253; x_wconf 78' lang='lat' dir='ltr'><strong>faldistoriuui</strong></span> <span class='ocrx_word' id='word_1_295' title='bbox 1902 2201 1966 2252; x_wconf 90' lang='lat' dir='ltr'><strong>ad</strong></span> <span class='ocrx_word' id='word_1_296' title='bbox 1998 2201 2194 2256; x_wconf 88' lang='lat' dir='ltr'><strong>seden-</strong></span> 
     </span>
    </p>
   </div>
   <div class='ocr_carea' id='block_1_39' title="bbox 623 2280 2192 2358">
    <p class='ocr_par' dir='ltr' id='par_1_39' title="bbox 623 2280 2192 2358">
     <span class='ocr_line' id='line_1_39' title="bbox 623 2280 2192 2358; baseline 0.01 -28"><span class='ocrx_word' id='word_1_297' title='bbox 623 2282 770 2333; x_wconf 91' lang='lat' dir='ltr'><strong>dum.</strong></span> <span class='ocrx_word' id='word_1_298' title='bbox 802 2280 927 2334; x_wconf 84' lang='lat' dir='ltr'><strong>Item</strong></span> <span class='ocrx_word' id='word_1_299' title='bbox 956 2282 1262 2336; x_wconf 87' lang='lat' dir='ltr'><strong>subdiaconi</strong></span> <span class='ocrx_word' id='word_1_300' title='bbox 1293 2282 1494 2338; x_wconf 84' lang='lat' dir='ltr'><strong>domini</strong></span> <span class='ocrx_word' id='word_1_301' title='bbox 1542 2301 1692 2355; x_wconf 66' lang='lat' dir='ltr'><strong>papa:</strong></span> <span class='ocrx_word' id='word_1_302' title='bbox 1713 2326 1726 2350; x_wconf 90' lang='lat'><strong>,</strong></span> <span class='ocrx_word' id='word_1_303' title='bbox 1765 2296 1866 2341; x_wconf 87' lang='lat' dir='ltr'><strong>tarn</strong></span> <span class='ocrx_word' id='word_1_304' title='bbox 1900 2290 2192 2358; x_wconf 86' lang='lat' dir='ltr'><strong>capellani,</strong></span> 
     </span>
    </p>
   </div>
   <div class='ocr_carea' id='block_1_40' title="bbox 623 2372 2199 2444">
    <p class='ocr_par' dir='ltr' id='par_1_40' title="bbox 623 2372 2199 2444">
     <span class='ocr_line' id='line_1_40' title="bbox 623 2372 2199 2444; baseline 0.01 -21"><span class='ocrx_word' id='word_1_305' title='bbox 623 2386 781 2439; x_wconf 88' lang='lat' dir='ltr'><strong>quam</strong></span> <span class='ocrx_word' id='word_1_306' title='bbox 809 2372 919 2439; x_wconf 89' lang='lat' dir='ltr'><strong>alii,</strong></span> <span class='ocrx_word' id='word_1_307' title='bbox 949 2376 1054 2428; x_wconf 91' lang='lat' dir='ltr'><strong>sint</strong></span> <span class='ocrx_word' id='word_1_308' title='bbox 1074 2372 1240 2429; x_wconf 88' lang='lat' dir='ltr'><strong>induti</strong></span> <span class='ocrx_word' id='word_1_309' title='bbox 1267 2377 1546 2444; x_wconf 84' lang='lat' dir='ltr'><strong>tuniccllis,</strong></span> <span class='ocrx_word' id='word_1_310' title='bbox 1573 2390 1626 2431; x_wconf 92' lang='lat' dir='ltr'><strong>et</strong></span> <span class='ocrx_word' id='word_1_311' title='bbox 1651 2381 1881 2433; x_wconf 86' lang='lat' dir='ltr'><strong>serviant</strong></span> <span class='ocrx_word' id='word_1_312' title='bbox 1904 2392 1956 2435; x_wconf 91' lang='lat' dir='ltr'><strong>et</strong></span> <span class='ocrx_word' id='word_1_313' title='bbox 1983 2392 2199 2438; x_wconf 89' lang='lat' dir='ltr'><strong>cantent</strong></span> 
     </span>
    </p>
   </div>
   <div class='ocr_carea' id='block_1_41' title="bbox 623 2466 2198 2538">
    <p class='ocr_par' dir='ltr' id='par_1_41' title="bbox 623 2466 2198 2538">
     <span class='ocr_line' id='line_1_41' title="bbox 623 2466 2198 2538; baseline 0.007 -19"><span class='ocrx_word' id='word_1_314' title='bbox 623 2466 805 2522; x_wconf 88' lang='lat' dir='ltr'><strong>laudes</strong></span> <span class='ocrx_word' id='word_1_315' title='bbox 826 2484 944 2522; x_wconf 91' lang='lat' dir='ltr'><strong>cum</strong></span> <span class='ocrx_word' id='word_1_316' title='bbox 969 2468 1145 2538; x_wconf 86' lang='lat' dir='ltr'><strong>priore</strong></span> <span class='ocrx_word' id='word_1_317' title='bbox 1169 2469 1508 2523; x_wconf 88' lang='lat' dir='ltr'><strong>diaconorum</strong></span> <span class='ocrx_word' id='word_1_318' title='bbox 1533 2472 1899 2537; x_wconf 87' lang='lat' dir='ltr'><strong>cardinalium,</strong></span> <span class='ocrx_word' id='word_1_319' title='bbox 1925 2485 1976 2527; x_wconf 91' lang='lat' dir='ltr'><strong>et</strong></span> <span class='ocrx_word' id='word_1_320' title='bbox 2007 2475 2198 2530; x_wconf 77' lang='lat' dir='ltr'><strong>faciant</strong></span> 
     </span>
    </p>
   </div>
   <div class='ocr_carea' id='block_1_42' title="bbox 623 2558 2191 2633">
    <p class='ocr_par' dir='ltr' id='par_1_42' title="bbox 623 2558 2191 2633">
     <span class='ocr_line' id='line_1_42' title="bbox 623 2558 2191 2633; baseline 0.004 -23"><span class='ocrx_word' id='word_1_321' title='bbox 623 2558 835 2612; x_wconf 88' lang='lat' dir='ltr'><strong>servitia</strong></span> <span class='ocrx_word' id='word_1_322' title='bbox 876 2573 991 2627; x_wconf 72' lang='lat' dir='ltr'><strong>qua:</strong></span> <span class='ocrx_word' id='word_1_323' title='bbox 1031 2568 1187 2613; x_wconf 90' lang='lat' dir='ltr'><strong>erunt</strong></span> <span class='ocrx_word' id='word_1_324' title='bbox 1239 2561 1317 2613; x_wconf 92' lang='lat' dir='ltr'><strong>eis</strong></span> <span class='ocrx_word' id='word_1_325' title='bbox 1346 2559 1578 2628; x_wconf 88' lang='lat' dir='ltr'><strong>injuncta</strong></span> <span class='ocrx_word' id='word_1_326' title='bbox 1612 2577 1625 2613; x_wconf 88' lang='lat'><strong>:</strong></span> <span class='ocrx_word' id='word_1_327' title='bbox 1657 2571 1710 2616; x_wconf 93' lang='lat' dir='ltr'><strong>et</strong></span> <span class='ocrx_word' id='word_1_328' title='bbox 1740 2562 1964 2616; x_wconf 83' lang='lat' dir='ltr'><strong>habeant</strong></span> <span class='ocrx_word' id='word_1_329' title='bbox 1994 2580 2191 2633; x_wconf 87' lang='lat' dir='ltr'><strong>equos,</strong></span> 
     </span>
    </p>
   </div>
   <div class='ocr_carea' id='block_1_43' title="bbox 624 2650 2199 2725">
    <p class='ocr_par' dir='ltr' id='par_1_43' title="bbox 624 2650 2199 2725">
     <span class='ocr_line' id='line_1_43' title="bbox 624 2650 2199 2725; baseline 0.005 -23"><span class='ocrx_word' id='word_1_330' title='bbox 624 2656 680 2703; x_wconf 82' lang='lat' dir='ltr'><strong>et</strong></span> <span class='ocrx_word' id='word_1_331' title='bbox 701 2650 916 2703; x_wconf 83' lang='lat' dir='ltr'><strong>veniant</strong></span> <span class='ocrx_word' id='word_1_332' title='bbox 944 2665 1105 2719; x_wconf 86' lang='lat' dir='ltr'><strong>eques</strong></span> <span class='ocrx_word' id='word_1_333' title='bbox 1135 2666 1254 2705; x_wconf 84' lang='lat' dir='ltr'><strong>cum</strong></span> <span class='ocrx_word' id='word_1_334' title='bbox 1285 2650 1629 2706; x_wconf 83' lang='lat' dir='ltr'><strong>Processione</strong></span> <span class='ocrx_word' id='word_1_335' title='bbox 1650 2667 1767 2707; x_wconf 90' lang='lat' dir='ltr'><strong>cum</strong></span> <span class='ocrx_word' id='word_1_336' title='bbox 1793 2669 1925 2725; x_wconf 87' lang='lat' dir='ltr'><strong>papa</strong></span> <span class='ocrx_word' id='word_1_337' title='bbox 1949 2672 1963 2721; x_wconf 91' lang='lat'><strong>;</strong></span> <span class='ocrx_word' id='word_1_338' title='bbox 1988 2665 2043 2709; x_wconf 93' lang='lat' dir='ltr'><strong>et</strong></span> <span class='ocrx_word' id='word_1_339' title='bbox 2066 2672 2199 2710; x_wconf 88' lang='lat' dir='ltr'><strong>unus</strong></span> 
     </span>
    </p>
   </div>
   <div class='ocr_carea' id='block_1_44' title="bbox 622 2742 2199 2811">
    <p class='ocr_par' dir='ltr' id='par_1_44' title="bbox 622 2742 2199 2811">
     <span class='ocr_line' id='line_1_44' title="bbox 622 2742 2199 2811; baseline 0.003 -16"><span class='ocrx_word' id='word_1_340' title='bbox 622 2755 806 2795; x_wconf 88' lang='lat' dir='ltr'><strong>eorum</strong></span> <span class='ocrx_word' id='word_1_341' title='bbox 852 2742 920 2795; x_wconf 88' lang='lat' dir='ltr'><strong>sit</strong></span> <span class='ocrx_word' id='word_1_342' title='bbox 970 2750 1181 2809; x_wconf 88' lang='lat' dir='ltr'><strong>paratus</strong></span> <span class='ocrx_word' id='word_1_343' title='bbox 1211 2742 1275 2797; x_wconf 89' lang='lat' dir='ltr'><strong>ad</strong></span> <span class='ocrx_word' id='word_1_344' title='bbox 1319 2744 1629 2811; x_wconf 89' lang='lat' dir='ltr'><strong>portandum</strong></span> <span class='ocrx_word' id='word_1_345' title='bbox 1678 2760 1920 2809; x_wconf 88' lang='lat' dir='ltr'><strong>crucem,</strong></span> <span class='ocrx_word' id='word_1_346' title='bbox 1953 2746 2087 2800; x_wconf 87' lang='lat' dir='ltr'><strong>alios</strong></span> <span class='ocrx_word' id='word_1_347' title='bbox 2132 2748 2199 2801; x_wconf 87' lang='lat' dir='ltr'><strong>ad</strong></span> 
     </span>
    </p>
   </div>
   <div class='ocr_carea' id='block_1_45' title="bbox 626 2830 2201 2895">
    <p class='ocr_par' dir='ltr' id='par_1_45' title="bbox 626 2830 2201 2895">
     <span class='ocr_line' id='line_1_45' title="bbox 626 2830 2201 2895; baseline 0.004 -12"><span class='ocrx_word' id='word_1_348' title='bbox 626 2830 924 2885; x_wconf 87' lang='lat' dir='ltr'><strong>faciendum</strong></span> <span class='ocrx_word' id='word_1_349' title='bbox 968 2833 1204 2886; x_wconf 89' lang='lat' dir='ltr'><strong>litauiam</strong></span> <span class='ocrx_word' id='word_1_350' title='bbox 1226 2873 1240 2895; x_wconf 91' lang='lat'><strong>,</strong></span> <span class='ocrx_word' id='word_1_351' title='bbox 1271 2841 1326 2886; x_wconf 92' lang='lat' dir='ltr'><strong>et</strong></span> <span class='ocrx_word' id='word_1_352' title='bbox 1352 2834 1535 2888; x_wconf 86' lang='lat' dir='ltr'><strong>tertius</strong></span> <span class='ocrx_word' id='word_1_353' title='bbox 1564 2834 1631 2888; x_wconf 90' lang='lat' dir='ltr'><strong>ad</strong></span> <span class='ocrx_word' id='word_1_354' title='bbox 1660 2837 1992 2890; x_wconf 67' lang='lat' dir='ltr'><strong>serviendum</strong></span> <span class='ocrx_word' id='word_1_355' title='bbox 2025 2837 2091 2890; x_wconf 91' lang='lat' dir='ltr'><strong>de</strong></span> <span class='ocrx_word' id='word_1_356' title='bbox 2122 2846 2201 2891; x_wconf 89' lang='lat' dir='ltr'><strong>to-</strong></span> 
     </span>
    </p>
   </div>
   <div class='ocr_carea' id='block_1_46' title="bbox 625 2920 2201 2993">
    <p class='ocr_par' dir='ltr' id='par_1_46' title="bbox 625 2920 2201 2993">
     <span class='ocr_line' id='line_1_46' title="bbox 625 2920 2201 2993; baseline 0.005 -19"><span class='ocrx_word' id='word_1_357' title='bbox 625 2920 811 2986; x_wconf 91' lang='lat' dir='ltr'><strong>balea;</strong></span> <span class='ocrx_word' id='word_1_358' title='bbox 856 2932 908 2977; x_wconf 91' lang='lat' dir='ltr'><strong>et</strong></span> <span class='ocrx_word' id='word_1_359' title='bbox 953 2924 1206 2978; x_wconf 84' lang='lat' dir='ltr'><strong>diaconus</strong></span> <span class='ocrx_word' id='word_1_360' title='bbox 1235 2926 1323 2992; x_wconf 91' lang='lat' dir='ltr'><strong>qui</strong></span> <span class='ocrx_word' id='word_1_361' title='bbox 1354 2926 1578 2979; x_wconf 85' lang='lat' dir='ltr'><strong>cantavit</strong></span> <span class='ocrx_word' id='word_1_362' title='bbox 1615 2926 1925 2993; x_wconf 88' lang='lat' dir='ltr'><strong>Epistolam,</strong></span> <span class='ocrx_word' id='word_1_363' title='bbox 1959 2928 2012 2981; x_wconf 91' lang='lat' dir='ltr'><strong>in</strong></span> <span class='ocrx_word' id='word_1_364' title='bbox 2059 2929 2201 2982; x_wconf 80' lang='lat' dir='ltr'><strong>Pro-</strong></span> 
     </span>
    </p>
   </div>
   <div class='ocr_carea' id='block_1_47' title="bbox 626 3016 2199 3088">
    <p class='ocr_par' dir='ltr' id='par_1_47' title="bbox 626 3016 2199 3088">
     <span class='ocr_line' id='line_1_47' title="bbox 626 3016 2199 3088; baseline 0.005 -20"><span class='ocrx_word' id='word_1_365' title='bbox 626 3016 866 3071; x_wconf 89' lang='lat' dir='ltr'><strong>cessione</strong></span> <span class='ocrx_word' id='word_1_366' title='bbox 896 3019 1123 3084; x_wconf 90' lang='lat' dir='ltr'><strong>portabit</strong></span> <span class='ocrx_word' id='word_1_367' title='bbox 1152 3018 1340 3072; x_wconf 90' lang='lat' dir='ltr'><strong>librum</strong></span> <span class='ocrx_word' id='word_1_368' title='bbox 1374 3019 1812 3088; x_wconf 82' lang='lat' dir='ltr'><strong>Evangeliorum,</strong></span> <span class='ocrx_word' id='word_1_369' title='bbox 1855 3031 1907 3074; x_wconf 91' lang='lat' dir='ltr'><strong>et</strong></span> <span class='ocrx_word' id='word_1_370' title='bbox 1939 3021 2083 3088; x_wconf 89' lang='lat' dir='ltr'><strong>prior</strong></span> <span class='ocrx_word' id='word_1_371' title='bbox 2109 3036 2199 3076; x_wconf 86' lang='lat' dir='ltr'><strong>eo-</strong></span> 
     </span>
    </p>
   </div>
   <div class='ocr_carea' id='block_1_48' title="bbox 625 3108 2103 3179">
    <p class='ocr_par' dir='ltr' id='par_1_48' title="bbox 625 3108 2103 3179">
     <span class='ocr_line' id='line_1_48' title="bbox 625 3108 2103 3179; baseline 0.004 -18"><span class='ocrx_word' id='word_1_372' title='bbox 625 3120 742 3161; x_wconf 85' lang='lat' dir='ltr'><strong>rum</strong></span> <span class='ocrx_word' id='word_1_373' title='bbox 772 3109 999 3175; x_wconf 87' lang='lat' dir='ltr'><strong>portabit</strong></span> <span class='ocrx_word' id='word_1_374' title='bbox 1028 3108 1239 3178; x_wconf 91' lang='lat' dir='ltr'><strong>pallium</strong></span> <span class='ocrx_word' id='word_1_375' title='bbox 1266 3125 1425 3178; x_wconf 88' lang='lat' dir='ltr'><strong>super</strong></span> <span class='ocrx_word' id='word_1_376' title='bbox 1448 3111 1613 3165; x_wconf 83' lang='lat' dir='ltr'><strong>altare</strong></span> <span class='ocrx_word' id='word_1_377' title='bbox 1641 3120 1878 3179; x_wconf 86' lang='lat' dir='ltr'><strong>tempore</strong></span> <span class='ocrx_word' id='word_1_378' title='bbox 1902 3112 2103 3167; x_wconf 90' lang='lat' dir='ltr'><strong>debito.</strong></span> 
     </span>
    </p>
   </div>
   <div class='ocr_carea' id='block_1_49' title="bbox 629 3221 2194 3298">
    <p class='ocr_par' dir='ltr' id='par_1_49' title="bbox 629 3221 2194 3298">
     <span class='ocr_line' id='line_1_49' title="bbox 629 3221 2194 3298; baseline 0.006 -23"><span class='ocrx_word' id='word_1_379' title='bbox 629 3223 785 3291; x_wconf 76' lang='lat'><strong>281</strong></span> <span class='ocrx_word' id='word_1_380' title='bbox 812 3221 1027 3298; x_wconf 57' lang='grc' dir='ltr'><strong>μγιι.</strong></span> <span class='ocrx_word' id='word_1_381' title='bbox 1077 3223 1151 3298; x_wconf 76' lang='lat' dir='ltr'><strong>De</strong></span> <span class='ocrx_word' id='word_1_382' title='bbox 1198 3223 1475 3298; x_wconf 71' lang='lat' dir='ltr'><strong>ministerio</strong></span> <span class='ocrx_word' id='word_1_383' title='bbox 1522 3225 1746 3298; x_wconf 66' lang='lat' dir='ltr'><strong>episcopi</strong></span> <span class='ocrx_word' id='word_1_384' title='bbox 1792 3227 1870 3281; x_wconf 76' lang='lat' dir='ltr'><strong>rel</strong></span> <span class='ocrx_word' id='word_1_385' title='bbox 1919 3229 2194 3298; x_wconf 76' lang='lat' dir='ltr'><strong>presbyteri</strong></span> 
     </span>
    </p>
   </div>
   <div class='ocr_carea' id='block_1_50' title="bbox 700 3292 2191 3360">
    <p class='ocr_par' dir='ltr' id='par_1_50' title="bbox 700 3292 2191 3360">
     <span class='ocr_line' id='line_1_50' title="bbox 700 3292 2191 3360; baseline 0.007 -17"><span class='ocrx_word' id='word_1_386' title='bbox 700 3292 977 3344; x_wconf 79' lang='lat' dir='ltr'><strong>cardinalis</strong></span> <span class='ocrx_word' id='word_1_387' title='bbox 1020 3294 1278 3345; x_wconf 9' lang='lat' dir='ltr'><strong>servientis</strong></span> <span class='ocrx_word' id='word_1_388' title='bbox 1316 3310 1460 3360; x_wconf 77' lang='lat' dir='ltr'><strong>papw</strong></span> <span class='ocrx_word' id='word_1_389' title='bbox 1511 3292 1787 3347; x_wconf 79' lang='lat' dir='ltr'><strong>Missurum</strong></span> <span class='ocrx_word' id='word_1_390' title='bbox 1823 3292 2083 3352; x_wconf 52' lang='lat' dir='ltr'><strong>solenmia&#39;</strong></span> <span class='ocrx_word' id='word_1_391' title='bbox 2108 3316 2191 3352; x_wconf 84' lang='lat' dir='ltr'><strong>ce-</strong></span> 
     </span>
    </p>
   </div>
   <div class='ocr_carea' id='block_1_51' title="bbox 701 3361 1755 3432">
    <p class='ocr_par' dir='ltr' id='par_1_51' title="bbox 701 3361 1755 3432">
     <span class='ocr_line' id='line_1_51' title="bbox 701 3361 1755 3432; baseline 0.006 -19"><span class='ocrx_word' id='word_1_392' title='bbox 701 3361 913 3415; x_wconf 82' lang='lat' dir='ltr'><strong>lebranti</strong></span> <span class='ocrx_word' id='word_1_393' title='bbox 948 3363 1001 3414; x_wconf 80' lang='lat' dir='ltr'><strong>in</strong></span> <span class='ocrx_word' id='word_1_394' title='bbox 1044 3363 1206 3432; x_wconf 73' lang='lat' dir='ltr'><strong>o/ﬁcio</strong></span> <span class='ocrx_word' id='word_1_395' title='bbox 1250 3363 1504 3431; x_wconf 78' lang='lat' dir='ltr'><strong>capellam‘</strong></span> <span class='ocrx_word' id='word_1_396' title='bbox 1532 3365 1755 3419; x_wconf 78' lang='lat' dir='ltr'><strong>rubrica.</strong></span> 
     </span>
    </p>
   </div>
   <div class='ocr_carea' id='block_1_52' title="bbox 702 3472 2190 3541">
    <p class='ocr_par' dir='ltr' id='par_1_52' title="bbox 702 3472 2190 3541">
     <span class='ocr_line' id='line_1_52' title="bbox 702 3472 2190 3541; baseline 0.002 -14"><span class='ocrx_word' id='word_1_397' title='bbox 702 3473 987 3527; x_wconf 86' lang='lat' dir='ltr'><strong>Sciendum</strong></span> <span class='ocrx_word' id='word_1_398' title='bbox 1036 3484 1117 3528; x_wconf 89' lang='lat' dir='ltr'><strong>est</strong></span> <span class='ocrx_word' id='word_1_399' title='bbox 1165 3474 1305 3541; x_wconf 90' lang='lat' dir='ltr'><strong>quod</strong></span> <span class='ocrx_word' id='word_1_400' title='bbox 1354 3472 1594 3527; x_wconf 82' lang='lat' dir='ltr'><strong>Romano</strong></span> <span class='ocrx_word' id='word_1_401' title='bbox 1639 3473 1870 3541; x_wconf 87' lang='lat' dir='ltr'><strong>pontiﬁci</strong></span> <span class='ocrx_word' id='word_1_402' title='bbox 1913 3476 2190 3531; x_wconf 70' lang='lat' dir='ltr'><strong>hlissarum</strong></span> 
     </span>
    </p>
   </div>
   <div class='ocr_carea' id='block_1_53' title="bbox 626 3565 2191 3636">
    <p class='ocr_par' dir='ltr' id='par_1_53' title="bbox 626 3565 2191 3636">
     <span class='ocr_line' id='line_1_53' title="bbox 626 3565 2191 3636; baseline 0.003 -17"><span class='ocrx_word' id='word_1_403' title='bbox 626 3566 883 3619; x_wconf 84' lang='lat' dir='ltr'><strong>solemnia</strong></span> <span class='ocrx_word' id='word_1_404' title='bbox 913 3566 1204 3619; x_wconf 69' lang='lat' dir='ltr'><strong>celebranti</strong></span> <span class='ocrx_word' id='word_1_405' title='bbox 1245 3565 1449 3620; x_wconf 88' lang='lat' dir='ltr'><strong>servire</strong></span> <span class='ocrx_word' id='word_1_406' title='bbox 1492 3566 1625 3619; x_wconf 91' lang='lat' dir='ltr'><strong>solet</strong></span> <span class='ocrx_word' id='word_1_407' title='bbox 1657 3565 1706 3619; x_wconf 93' lang='lat' dir='ltr'><strong>in</strong></span> <span class='ocrx_word' id='word_1_408' title='bbox 1737 3565 1911 3621; x_wconf 89' lang='lat' dir='ltr'><strong>ofﬁcio</strong></span> <span class='ocrx_word' id='word_1_409' title='bbox 1937 3568 2191 3636; x_wconf 88' lang='lat' dir='ltr'><strong>capellani</strong></span> 
     </span>
    </p>
   </div>
   <div class='ocr_carea' id='block_1_54' title="bbox 624 3654 2189 3723">
    <p class='ocr_par' dir='ltr' id='par_1_54' title="bbox 624 3654 2189 3723">
     <span class='ocr_line' id='line_1_54' title="bbox 624 3654 2189 3723; baseline 0.003 -17"><span class='ocrx_word' id='word_1_410' title='bbox 624 3654 907 3722; x_wconf 85' lang='lat' dir='ltr'><strong>episcopus</strong></span> <span class='ocrx_word' id='word_1_411' title='bbox 936 3654 1217 3707; x_wconf 67' lang='lat' dir='ltr'><strong>cardinalis</strong></span> <span class='ocrx_word' id='word_1_412' title='bbox 1260 3654 1446 3708; x_wconf 89' lang='lat' dir='ltr'><strong>diebus</strong></span> <span class='ocrx_word' id='word_1_413' title='bbox 1491 3654 1579 3723; x_wconf 89' lang='lat' dir='ltr'><strong>qui</strong></span> <span class='ocrx_word' id='word_1_414' title='bbox 1630 3656 2054 3722; x_wconf 89' lang='lat' dir='ltr'><strong>processionales</strong></span> <span class='ocrx_word' id='word_1_415' title='bbox 2096 3672 2189 3711; x_wconf 90' lang='lat' dir='ltr'><strong>vo-</strong></span> 
     </span>
    </p>
   </div>
   <div class='ocr_carea' id='block_1_55' title="bbox 627 3744 2189 3817">
    <p class='ocr_par' dir='ltr' id='par_1_55' title="bbox 627 3744 2189 3817">
     <span class='ocr_line' id='line_1_55' title="bbox 627 3744 2189 3817; baseline 0.005 -21"><span class='ocrx_word' id='word_1_416' title='bbox 627 3753 864 3796; x_wconf 88' lang='lat' dir='ltr'><strong>cantur:</strong></span> <span class='ocrx_word' id='word_1_417' title='bbox 914 3744 965 3799; x_wconf 89' lang='lat' dir='ltr'><strong>in</strong></span> <span class='ocrx_word' id='word_1_418' title='bbox 1011 3746 1201 3813; x_wconf 90' lang='lat' dir='ltr'><strong>quibus</strong></span> <span class='ocrx_word' id='word_1_419' title='bbox 1242 3748 1380 3801; x_wconf 89' lang='lat' dir='ltr'><strong>idem</strong></span> <span class='ocrx_word' id='word_1_420' title='bbox 1435 3747 1663 3813; x_wconf 66' lang='lat' dir='ltr'><strong>iontifex</strong></span> <span class='ocrx_word' id='word_1_421' title='bbox 1709 3748 1864 3817; x_wconf 84' lang='lat' dir='ltr'><strong>longe</strong></span> <span class='ocrx_word' id='word_1_422' title='bbox 1903 3750 1969 3804; x_wconf 87' lang='lat' dir='ltr'><strong>ab</strong></span> <span class='ocrx_word' id='word_1_423' title='bbox 2021 3751 2189 3805; x_wconf 90' lang='lat' dir='ltr'><strong>altare</strong></span> 
     </span>
    </p>
   </div>
   <div class='ocr_carea' id='block_1_56' title="bbox 623 3834 2186 3907">
    <p class='ocr_par' dir='ltr' id='par_1_56' title="bbox 623 3834 2186 3907">
     <span class='ocr_line' id='line_1_56' title="bbox 623 3834 2186 3907; baseline 0.004 -19"><span class='ocrx_word' id='word_1_424' title='bbox 623 3835 791 3888; x_wconf 85' lang='lat' dir='ltr'><strong>sacris</strong></span> <span class='ocrx_word' id='word_1_425' title='bbox 814 3834 1025 3889; x_wconf 87' lang='lat' dir='ltr'><strong>indutus</strong></span> <span class='ocrx_word' id='word_1_426' title='bbox 1057 3838 1315 3903; x_wconf 72' lang='lat' dir='ltr'><strong>vestibus,</strong></span> <span class='ocrx_word' id='word_1_427' title='bbox 1338 3848 1534 3892; x_wconf 80' lang='lat' dir='ltr'><strong>etcum</strong></span> <span class='ocrx_word' id='word_1_428' title='bbox 1560 3839 1799 3893; x_wconf 89' lang='lat' dir='ltr'><strong>ordinata</strong></span> <span class='ocrx_word' id='word_1_429' title='bbox 1825 3839 2186 3907; x_wconf 83' lang='lat' dir='ltr'><strong>Processioue,</strong></span> 
     </span>
    </p>
   </div>
   <div class='ocr_carea' id='block_1_57' title="bbox 624 3930 2190 3996">
    <p class='ocr_par' dir='ltr' id='par_1_57' title="bbox 624 3930 2190 3996">
     <span class='ocr_line' id='line_1_57' title="bbox 624 3930 2190 3996; baseline 0.008 -21"><span class='ocrx_word' id='word_1_430' title='bbox 624 3940 813 3992; x_wconf 81' lang='lat' dir='ltr'><strong>mappa</strong></span> <span class='ocrx_word' id='word_1_431' title='bbox 859 3940 1018 3995; x_wconf 84' lang='lat' dir='ltr'><strong>super</strong></span> <span class='ocrx_word' id='word_1_432' title='bbox 1046 3938 1202 3996; x_wconf 90' lang='lat' dir='ltr'><strong>caput</strong></span> <span class='ocrx_word' id='word_1_433' title='bbox 1238 3930 1353 3996; x_wconf 86' lang='lat' dir='ltr'><strong>ejus</strong></span> <span class='ocrx_word' id='word_1_434' title='bbox 1394 3940 1634 3995; x_wconf 88' lang='lat' dir='ltr'><strong>extensa,</strong></span> <span class='ocrx_word' id='word_1_435' title='bbox 1667 3932 1733 3986; x_wconf 87' lang='lat' dir='ltr'><strong>ad</strong></span> <span class='ocrx_word' id='word_1_436' title='bbox 1776 3946 1986 3985; x_wconf 75' lang='lat' dir='ltr'><strong>sacrum</strong></span> <span class='ocrx_word' id='word_1_437' title='bbox 2025 3934 2190 3989; x_wconf 90' lang='lat' dir='ltr'><strong>altare</strong></span> 
     </span>
    </p>
   </div>
   <div class='ocr_carea' id='block_1_58' title="bbox 629 4016 2191 4094">
    <p class='ocr_par' dir='ltr' id='par_1_58' title="bbox 629 4016 2191 4094">
     <span class='ocr_line' id='line_1_58' title="bbox 629 4016 2191 4094; baseline 0.007 -27"><span class='ocrx_word' id='word_1_438' title='bbox 629 4016 889 4083; x_wconf 86' lang='lat' dir='ltr'><strong>procedit.</strong></span> <span class='ocrx_word' id='word_1_439' title='bbox 930 4018 1060 4070; x_wconf 87' lang='lat' dir='ltr'><strong>Aliis</strong></span> <span class='ocrx_word' id='word_1_440' title='bbox 1092 4034 1214 4071; x_wconf 89' lang='lat' dir='ltr'><strong>vero</strong></span> <span class='ocrx_word' id='word_1_441' title='bbox 1253 4020 1460 4083; x_wconf 89' lang='lat' dir='ltr'><strong>diebus,</strong></span> <span class='ocrx_word' id='word_1_442' title='bbox 1488 4021 1539 4073; x_wconf 91' lang='lat' dir='ltr'><strong>in</strong></span> <span class='ocrx_word' id='word_1_443' title='bbox 1567 4021 1755 4088; x_wconf 90' lang='lat' dir='ltr'><strong>quibus</strong></span> <span class='ocrx_word' id='word_1_444' title='bbox 1778 4037 1881 4075; x_wconf 89' lang='lat' dir='ltr'><strong>non</strong></span> <span class='ocrx_word' id='word_1_445' title='bbox 1912 4024 1968 4076; x_wconf 89' lang='lat' dir='ltr'><strong>lit</strong></span> <span class='ocrx_word' id='word_1_446' title='bbox 2006 4024 2191 4094; x_wconf 83' lang='lat' dir='ltr'><strong>hujus-</strong></span> 
     </span>
    </p>
   </div>
   <div class='ocr_carea' id='block_1_59' title="bbox 623 4104 2190 4183">
    <p class='ocr_par' dir='ltr' id='par_1_59' title="bbox 623 4104 2190 4183">
     <span class='ocr_line' id='line_1_59' title="bbox 623 4104 2190 4183; baseline 0.008 -27"><span class='ocrx_word' id='word_1_447' title='bbox 623 4104 765 4157; x_wconf 89' lang='lat' dir='ltr'><strong>modi</strong></span> <span class='ocrx_word' id='word_1_448' title='bbox 791 4105 1150 4162; x_wconf 79' lang='lat' dir='ltr'><strong>Processionis</strong></span> <span class='ocrx_word' id='word_1_449' title='bbox 1174 4110 1500 4175; x_wconf 83' lang='lat' dir='ltr'><strong>solemnitas,</strong></span> <span class='ocrx_word' id='word_1_450' title='bbox 1526 4112 1727 4166; x_wconf 83' lang='lat' dir='ltr'><strong>servire</strong></span> <span class='ocrx_word' id='word_1_451' title='bbox 1752 4113 1889 4166; x_wconf 90' lang='lat' dir='ltr'><strong>solet</strong></span> <span class='ocrx_word' id='word_1_452' title='bbox 1910 4115 2190 4183; x_wconf 87' lang='lat' dir='ltr'><strong>presbyter</strong></span> 
     </span>
    </p>
   </div>
   <div class='ocr_carea' id='block_1_60' title="bbox 625 4196 2191 4271">
    <p class='ocr_par' dir='ltr' id='par_1_60' title="bbox 625 4196 2191 4271">
     <span class='ocr_line' id='line_1_60' title="bbox 625 4196 2191 4271; baseline 0.008 -24"><span class='ocrx_word' id='word_1_453' title='bbox 625 4196 926 4253; x_wconf 87' lang='lat' dir='ltr'><strong>cardinalis.</strong></span> <span class='ocrx_word' id='word_1_454' title='bbox 956 4199 1060 4252; x_wconf 91' lang='lat' dir='ltr'><strong>Sed</strong></span> <span class='ocrx_word' id='word_1_455' title='bbox 1089 4216 1115 4251; x_wconf 91' lang='lat' dir='ltr'><strong>a</strong></span> <span class='ocrx_word' id='word_1_456' title='bbox 1149 4200 1275 4255; x_wconf 83' lang='lat' dir='ltr'><strong>feria</strong></span> <span class='ocrx_word' id='word_1_457' title='bbox 1304 4214 1489 4270; x_wconf 88' lang='lat' dir='ltr'><strong>quarta</strong></span> <span class='ocrx_word' id='word_1_458' title='bbox 1519 4203 1572 4256; x_wconf 93' lang='lat' dir='ltr'><strong>in</strong></span> <span class='ocrx_word' id='word_1_459' title='bbox 1615 4207 1785 4271; x_wconf 74' lang='lat' dir='ltr'><strong>capite</strong></span> <span class='ocrx_word' id='word_1_460' title='bbox 1819 4202 2030 4271; x_wconf 87' lang='lat' dir='ltr'><strong>jejuuii,</strong></span> <span class='ocrx_word' id='word_1_461' title='bbox 2070 4206 2191 4259; x_wconf 78' lang='lat' dir='ltr'><strong>licet</strong></span> 
     </span>
    </p>
   </div>
   <div class='ocr_carea' id='block_1_61' title="bbox 626 4286 2189 4362">
    <p class='ocr_par' dir='ltr' id='par_1_61' title="bbox 626 4286 2189 4362">
     <span class='ocr_line' id='line_1_61' title="bbox 626 4286 2189 4362; baseline 0.007 -26"><span class='ocrx_word' id='word_1_462' title='bbox 626 4286 765 4339; x_wconf 83' lang='lat' dir='ltr'><strong>dicta</strong></span> <span class='ocrx_word' id='word_1_463' title='bbox 798 4292 1065 4355; x_wconf 73' lang='lat' dir='ltr'><strong>processio</strong></span> <span class='ocrx_word' id='word_1_464' title='bbox 1096 4290 1204 4343; x_wconf 87' lang='lat' dir='ltr'><strong>ﬁeri</strong></span> <span class='ocrx_word' id='word_1_465' title='bbox 1237 4292 1425 4356; x_wconf 82' lang='lat' dir='ltr'><strong>soleat,</strong></span> <span class='ocrx_word' id='word_1_466' title='bbox 1455 4302 1626 4346; x_wconf 87' lang='lat' dir='ltr'><strong>tamen</strong></span> <span class='ocrx_word' id='word_1_467' title='bbox 1653 4293 1924 4362; x_wconf 65' lang='lat' dir='ltr'><strong>presbyter</strong></span> <span class='ocrx_word' id='word_1_468' title='bbox 1946 4297 2189 4347; x_wconf 89' lang='lat' dir='ltr'><strong>cardina-</strong></span> 
     </span>
    </p>
   </div>
   <div class='ocr_carea' id='block_1_62' title="bbox 619 4373 2187 4451">
    <p class='ocr_par' dir='ltr' id='par_1_62' title="bbox 619 4373 2187 4451">
     <span class='ocr_line' id='line_1_62' title="bbox 619 4373 2187 4451; baseline 0.006 -24"><span class='ocrx_word' id='word_1_469' title='bbox 619 4373 687 4428; x_wconf 93' lang='lat' dir='ltr'><strong>lis</strong></span> <span class='ocrx_word' id='word_1_470' title='bbox 716 4377 915 4431; x_wconf 87' lang='lat' dir='ltr'><strong>servire</strong></span> <span class='ocrx_word' id='word_1_471' title='bbox 937 4378 1113 4433; x_wconf 88' lang='lat' dir='ltr'><strong>debet.</strong></span> <span class='ocrx_word' id='word_1_472' title='bbox 1142 4380 1361 4444; x_wconf 81' lang='lat' dir='ltr'><strong>Quando</strong></span> <span class='ocrx_word' id='word_1_473' title='bbox 1392 4395 1566 4434; x_wconf 85' lang='lat' dir='ltr'><strong>autem</strong></span> <span class='ocrx_word' id='word_1_474' title='bbox 1604 4381 1837 4449; x_wconf 83' lang='lat' dir='ltr'><strong>pontifex</strong></span> <span class='ocrx_word' id='word_1_475' title='bbox 1874 4383 2030 4436; x_wconf 86' lang='lat' dir='ltr'><strong>alicui</strong></span> <span class='ocrx_word' id='word_1_476' title='bbox 2079 4384 2187 4451; x_wconf 86' lang='lat' dir='ltr'><strong>epi-</strong></span> 
     </span>
    </p>
   </div>
   <div class='ocr_carea' id='block_1_63' title="bbox 2293 1843 3859 1915">
    <p class='ocr_par' dir='ltr' id='par_1_63' title="bbox 2293 1843 3859 1915">
     <span class='ocr_line' id='line_1_63' title="bbox 2293 1843 3859 1915; baseline 0.004 -20"><span class='ocrx_word' id='word_1_477' title='bbox 2293 1843 2406 1897; x_wconf 88' lang='lat' dir='ltr'><strong>sive</strong></span> <span class='ocrx_word' id='word_1_478' title='bbox 2437 1843 2508 1899; x_wconf 87' lang='lat' dir='ltr'><strong>sit</strong></span> <span class='ocrx_word' id='word_1_479' title='bbox 2547 1846 2849 1912; x_wconf 86' lang='lat' dir='ltr'><strong>episcopus,</strong></span> <span class='ocrx_word' id='word_1_480' title='bbox 2889 1845 3006 1899; x_wconf 87' lang='lat' dir='ltr'><strong>sive</strong></span> <span class='ocrx_word' id='word_1_481' title='bbox 3034 1846 3327 1915; x_wconf 86' lang='lat' dir='ltr'><strong>presbyter.</strong></span> <span class='ocrx_word' id='word_1_482' title='bbox 3361 1845 3560 1902; x_wconf 84' lang='lat' dir='ltr'><strong>Sedeat</strong></span> <span class='ocrx_word' id='word_1_483' title='bbox 3601 1858 3783 1903; x_wconf 87' lang='lat' dir='ltr'><strong>autem</strong></span> <span class='ocrx_word' id='word_1_484' title='bbox 3816 1852 3859 1902; x_wconf 70' lang='lat' dir='ltr'><strong>is</strong></span> 
     </span>
    </p>
   </div>
   <div class='ocr_carea' id='block_1_64' title="bbox 2293 1931 3860 2003">
    <p class='ocr_par' dir='ltr' id='par_1_64' title="bbox 2293 1931 3860 2003">
     <span class='ocr_line' id='line_1_64' title="bbox 2293 1931 3860 2003; baseline 0.003 -18"><span class='ocrx_word' id='word_1_485' title='bbox 2293 1931 2413 1986; x_wconf 93' lang='lat' dir='ltr'><strong>loco</strong></span> <span class='ocrx_word' id='word_1_486' title='bbox 2469 1933 2559 2000; x_wconf 89' lang='lat' dir='ltr'><strong>qui</strong></span> <span class='ocrx_word' id='word_1_487' title='bbox 2602 1934 2703 1987; x_wconf 90' lang='lat' dir='ltr'><strong>sibi</strong></span> <span class='ocrx_word' id='word_1_488' title='bbox 2741 1936 2996 2003; x_wconf 88' lang='lat' dir='ltr'><strong>competit</strong></span> <span class='ocrx_word' id='word_1_489' title='bbox 3040 1935 3330 1990; x_wconf 86' lang='lat' dir='ltr'><strong>secundum</strong></span> <span class='ocrx_word' id='word_1_490' title='bbox 3377 1936 3626 1992; x_wconf 82' lang='lat' dir='ltr'><strong>ordinem</strong></span> <span class='ocrx_word' id='word_1_491' title='bbox 3676 1954 3860 2003; x_wconf 76' lang='lat' dir='ltr'><strong>suun,</strong></span> 
     </span>
    </p>
   </div>
   <div class='ocr_carea' id='block_1_65' title="bbox 2293 2022 3863 2094">
    <p class='ocr_par' dir='ltr' id='par_1_65' title="bbox 2293 2022 3863 2094">
     <span class='ocr_line' id='line_1_65' title="bbox 2293 2022 3863 2094; baseline 0.006 -21"><span class='ocrx_word' id='word_1_492' title='bbox 2293 2036 2568 2091; x_wconf 86' lang='lat' dir='ltr'><strong>quousque</strong></span> <span class='ocrx_word' id='word_1_493' title='bbox 2605 2022 2855 2091; x_wconf 88' lang='lat' dir='ltr'><strong>pontiﬁce</strong></span> <span class='ocrx_word' id='word_1_494' title='bbox 2883 2025 3041 2094; x_wconf 73' lang='lat'><strong>282</strong></span> <span class='ocrx_word' id='word_1_495' title='bbox 3079 2025 3317 2079; x_wconf 86' lang='lat' dir='ltr'><strong>calceato</strong></span> <span class='ocrx_word' id='word_1_496' title='bbox 3344 2026 3622 2093; x_wconf 81' lang='lat' dir='ltr'><strong>sandaliis,</strong></span> <span class='ocrx_word' id='word_1_497' title='bbox 3650 2039 3863 2083; x_wconf 82' lang='lat' dir='ltr'><strong>vocetur</strong></span> 
     </span>
    </p>
   </div>
   <div class='ocr_carea' id='block_1_66' title="bbox 2296 2113 3855 2185">
    <p class='ocr_par' dir='ltr' id='par_1_66' title="bbox 2296 2113 3855 2185">
     <span class='ocr_line' id='line_1_66' title="bbox 2296 2113 3855 2185; baseline 0.004 -21"><span class='ocrx_word' id='word_1_498' title='bbox 2296 2113 2413 2175; x_wconf 88' lang='lat' dir='ltr'><strong>ipse</strong></span> <span class='ocrx_word' id='word_1_499' title='bbox 2436 2113 2723 2167; x_wconf 78' lang='lat' dir='ltr'><strong>cardinalis</strong></span> <span class='ocrx_word' id='word_1_500' title='bbox 2751 2114 2818 2168; x_wconf 90' lang='lat' dir='ltr'><strong>ab</strong></span> <span class='ocrx_word' id='word_1_501' title='bbox 2847 2115 3025 2182; x_wconf 89' lang='lat' dir='ltr'><strong>aliquo</strong></span> <span class='ocrx_word' id='word_1_502' title='bbox 3049 2129 3112 2168; x_wconf 87' lang='lat' dir='ltr'><strong>ex</strong></span> <span class='ocrx_word' id='word_1_503' title='bbox 3153 2115 3416 2185; x_wconf 84' lang='lat' dir='ltr'><strong>acolythis</strong></span> <span class='ocrx_word' id='word_1_504' title='bbox 3464 2119 3701 2185; x_wconf 85' lang='lat' dir='ltr'><strong>pontiﬁci</strong></span> <span class='ocrx_word' id='word_1_505' title='bbox 3747 2134 3855 2171; x_wconf 77' lang='lat' dir='ltr'><strong>ser-</strong></span> 
     </span>
    </p>
   </div>
   <div class='ocr_carea' id='block_1_67' title="bbox 2296 2202 3860 2276">
    <p class='ocr_par' dir='ltr' id='par_1_67' title="bbox 2296 2202 3860 2276">
     <span class='ocr_line' id='line_1_67' title="bbox 2296 2202 3860 2276; baseline 0.004 -23"><span class='ocrx_word' id='word_1_506' title='bbox 2296 2202 2561 2255; x_wconf 89' lang='lat' dir='ltr'><strong>vientibus</strong></span> <span class='ocrx_word' id='word_1_507' title='bbox 2597 2202 2664 2255; x_wconf 89' lang='lat' dir='ltr'><strong>ad</strong></span> <span class='ocrx_word' id='word_1_508' title='bbox 2688 2204 3094 2257; x_wconf 79' lang='lat' dir='ltr'><strong>ministrantium</strong></span> <span class='ocrx_word' id='word_1_509' title='bbox 3122 2218 3312 2271; x_wconf 85' lang='lat' dir='ltr'><strong>aquam</strong></span> <span class='ocrx_word' id='word_1_510' title='bbox 3356 2206 3610 2259; x_wconf 85' lang='lat' dir='ltr'><strong>manibus</strong></span> <span class='ocrx_word' id='word_1_511' title='bbox 3630 2207 3860 2276; x_wconf 81' lang='lat' dir='ltr'><strong>ejusdem</strong></span> 
     </span>
    </p>
   </div>
   <div class='ocr_carea' id='block_1_68' title="bbox 2298 2291 3863 2366">
    <p class='ocr_par' dir='ltr' id='par_1_68' title="bbox 2298 2291 3863 2366">
     <span class='ocr_line' id='line_1_68' title="bbox 2298 2291 3863 2366; baseline 0.004 -22"><span class='ocrx_word' id='word_1_512' title='bbox 2298 2291 2582 2358; x_wconf 79' lang='lat' dir='ltr'><strong>pomiﬁcis.</strong></span> <span class='ocrx_word' id='word_1_513' title='bbox 2613 2292 2763 2346; x_wconf 86' lang='lat' dir='ltr'><strong>Tunc</strong></span> <span class='ocrx_word' id='word_1_514' title='bbox 2782 2293 3043 2348; x_wconf 82' lang='lat' dir='ltr'><strong>acoedens</strong></span> <span class='ocrx_word' id='word_1_515' title='bbox 3071 2293 3186 2361; x_wconf 91' lang='lat' dir='ltr'><strong>ipse</strong></span> <span class='ocrx_word' id='word_1_516' title='bbox 3204 2294 3492 2349; x_wconf 84' lang='lat' dir='ltr'><strong>cardinalis</strong></span> <span class='ocrx_word' id='word_1_517' title='bbox 3530 2310 3714 2352; x_wconf 68' lang='lat' dir='ltr'><strong>coran</strong></span> <span class='ocrx_word' id='word_1_518' title='bbox 3742 2315 3863 2366; x_wconf 78' lang='lat' dir='ltr'><strong>pnti-</strong></span> 
     </span>
    </p>
   </div>
   <div class='ocr_carea' id='block_1_69' title="bbox 2298 2383 3859 2458">
    <p class='ocr_par' dir='ltr' id='par_1_69' title="bbox 2298 2383 3859 2458">
     <span class='ocr_line' id='line_1_69' title="bbox 2298 2383 3859 2458; baseline 0.004 -22"><span class='ocrx_word' id='word_1_519' title='bbox 2298 2383 2460 2446; x_wconf 86' lang='lat' dir='ltr'><strong>titice,</strong></span> <span class='ocrx_word' id='word_1_520' title='bbox 2494 2395 2773 2446; x_wconf 85' lang='lat' dir='ltr'><strong>utramque</strong></span> <span class='ocrx_word' id='word_1_521' title='bbox 2803 2400 3015 2439; x_wconf 88' lang='lat' dir='ltr'><strong>manum</strong></span> <span class='ocrx_word' id='word_1_522' title='bbox 3045 2386 3302 2455; x_wconf 89' lang='lat' dir='ltr'><strong>producet</strong></span> <span class='ocrx_word' id='word_1_523' title='bbox 3329 2396 3481 2442; x_wconf 87' lang='lat' dir='ltr'><strong>extra</strong></span> <span class='ocrx_word' id='word_1_524' title='bbox 3509 2402 3732 2456; x_wconf 83' lang='lat' dir='ltr'><strong>cappam</strong></span> <span class='ocrx_word' id='word_1_525' title='bbox 3758 2391 3859 2458; x_wconf 80' lang='lat' dir='ltr'><strong>jux-</strong></span> 
     </span>
    </p>
   </div>
   <div class='ocr_carea' id='block_1_70' title="bbox 2302 2474 3860 2545">
    <p class='ocr_par' dir='ltr' id='par_1_70' title="bbox 2302 2474 3860 2545">
     <span class='ocr_line' id='line_1_70' title="bbox 2302 2474 3860 2545; baseline 0.003 -19"><span class='ocrx_word' id='word_1_526' title='bbox 2302 2482 2352 2526; x_wconf 90' lang='lat' dir='ltr'><strong>ta</strong></span> <span class='ocrx_word' id='word_1_527' title='bbox 2386 2474 2599 2527; x_wconf 88' lang='lat' dir='ltr'><strong>modum</strong></span> <span class='ocrx_word' id='word_1_528' title='bbox 2628 2475 2871 2543; x_wconf 90' lang='lat' dir='ltr'><strong>superius</strong></span> <span class='ocrx_word' id='word_1_529' title='bbox 2899 2476 3128 2544; x_wconf 89' lang='lat' dir='ltr'><strong>positum</strong></span> <span class='ocrx_word' id='word_1_530' title='bbox 3153 2491 3169 2541; x_wconf 93' lang='lat'><strong>;</strong></span> <span class='ocrx_word' id='word_1_531' title='bbox 3195 2487 3248 2530; x_wconf 90' lang='lat' dir='ltr'><strong>et</strong></span> <span class='ocrx_word' id='word_1_532' title='bbox 3272 2476 3339 2532; x_wconf 93' lang='lat' dir='ltr'><strong>de</strong></span> <span class='ocrx_word' id='word_1_533' title='bbox 3363 2490 3525 2530; x_wconf 90' lang='lat' dir='ltr'><strong>manu</strong></span> <span class='ocrx_word' id='word_1_534' title='bbox 3557 2479 3783 2545; x_wconf 60' lang='lat' dir='ltr'><strong>alicuius</strong></span> <span class='ocrx_word' id='word_1_535' title='bbox 3809 2498 3860 2533; x_wconf 75' lang='lat' dir='ltr'><strong>rx</strong></span> 
     </span>
    </p>
   </div>
   <div class='ocr_carea' id='block_1_71' title="bbox 2300 2562 3860 2636">
    <p class='ocr_par' dir='ltr' id='par_1_71' title="bbox 2300 2562 3860 2636">
     <span class='ocr_line' id='line_1_71' title="bbox 2300 2562 3860 2636; baseline 0.005 -21"><span class='ocrx_word' id='word_1_536' title='bbox 2300 2562 2643 2618; x_wconf 83' lang='lat' dir='ltr'><strong>familiaribus</strong></span> <span class='ocrx_word' id='word_1_537' title='bbox 2668 2563 2952 2631; x_wconf 90' lang='lat' dir='ltr'><strong>pontiﬁcis,</strong></span> <span class='ocrx_word' id='word_1_538' title='bbox 2968 2566 3055 2635; x_wconf 90' lang='lat' dir='ltr'><strong>qui</strong></span> <span class='ocrx_word' id='word_1_539' title='bbox 3078 2566 3256 2633; x_wconf 86' lang='lat' dir='ltr'><strong>pelves</strong></span> <span class='ocrx_word' id='word_1_540' title='bbox 3269 2580 3389 2620; x_wconf 90' lang='lat' dir='ltr'><strong>cum</strong></span> <span class='ocrx_word' id='word_1_541' title='bbox 3404 2582 3543 2636; x_wconf 89' lang='lat' dir='ltr'><strong>aqua</strong></span> <span class='ocrx_word' id='word_1_542' title='bbox 3568 2567 3749 2623; x_wconf 77' lang='lat' dir='ltr'><strong>eidem</strong></span> <span class='ocrx_word' id='word_1_543' title='bbox 3767 2587 3860 2623; x_wconf 71' lang='lat' dir='ltr'><strong>Car-</strong></span> 
     </span>
    </p>
   </div>
   <div class='ocr_carea' id='block_1_72' title="bbox 2302 2652 3861 2725">
    <p class='ocr_par' dir='ltr' id='par_1_72' title="bbox 2302 2652 3861 2725">
     <span class='ocr_line' id='line_1_72' title="bbox 2302 2652 3861 2725; baseline 0.002 -18"><span class='ocrx_word' id='word_1_544' title='bbox 2302 2652 2472 2707; x_wconf 88' lang='lat' dir='ltr'><strong>dinali</strong></span> <span class='ocrx_word' id='word_1_545' title='bbox 2510 2654 2717 2707; x_wconf 88' lang='lat' dir='ltr'><strong>tradere</strong></span> <span class='ocrx_word' id='word_1_546' title='bbox 2748 2654 2929 2719; x_wconf 89' lang='lat' dir='ltr'><strong>debet,</strong></span> <span class='ocrx_word' id='word_1_547' title='bbox 2970 2655 3196 2723; x_wconf 86' lang='lat' dir='ltr'><strong>accipiat</strong></span> <span class='ocrx_word' id='word_1_548' title='bbox 3223 2655 3555 2723; x_wconf 74' lang='lat' dir='ltr'><strong>superiorem</strong></span> <span class='ocrx_word' id='word_1_549' title='bbox 3592 2659 3786 2725; x_wconf 61' lang='lat' dir='ltr'><strong>pelvis</strong></span> <span class='ocrx_word' id='word_1_550' title='bbox 3805 2664 3861 2711; x_wconf 69' lang='lat' dir='ltr'><strong>si.</strong></span> 
     </span>
    </p>
   </div>
   <div class='ocr_carea' id='block_1_73' title="bbox 2304 2745 3863 2815">
    <p class='ocr_par' dir='ltr' id='par_1_73' title="bbox 2304 2745 3863 2815">
     <span class='ocr_line' id='line_1_73' title="bbox 2304 2745 3863 2815; baseline 0.002 -17"><span class='ocrx_word' id='word_1_551' title='bbox 2304 2746 2467 2799; x_wconf 87' lang='lat' dir='ltr'><strong>uistra</strong></span> <span class='ocrx_word' id='word_1_552' title='bbox 2492 2760 2646 2798; x_wconf 89' lang='lat' dir='ltr'><strong>manu</strong></span> <span class='ocrx_word' id='word_1_553' title='bbox 2665 2761 2680 2809; x_wconf 93' lang='lat'><strong>;</strong></span> <span class='ocrx_word' id='word_1_554' title='bbox 2700 2754 2772 2808; x_wconf 91' lang='lat' dir='ltr'><strong>et,</strong></span> <span class='ocrx_word' id='word_1_555' title='bbox 2798 2759 2936 2815; x_wconf 90' lang='lat' dir='ltr'><strong>genu</strong></span> <span class='ocrx_word' id='word_1_556' title='bbox 2959 2745 3097 2800; x_wconf 81' lang='lat' dir='ltr'><strong>ﬁexo</strong></span> <span class='ocrx_word' id='word_1_557' title='bbox 3110 2759 3289 2799; x_wconf 91' lang='lat' dir='ltr'><strong>coram</strong></span> <span class='ocrx_word' id='word_1_558' title='bbox 3318 2746 3595 2814; x_wconf 56' lang='lat' dir='ltr'><strong>ponoiﬁee,</strong></span> <span class='ocrx_word' id='word_1_559' title='bbox 3615 2761 3863 2815; x_wconf 59' lang='lat' dir='ltr'><strong>suppurat</strong></span> 
     </span>
    </p>
   </div>
   <div class='ocr_carea' id='block_1_74' title="bbox 2303 2836 3854 2908">
    <p class='ocr_par' dir='ltr' id='par_1_74' title="bbox 2303 2836 3854 2908">
     <span class='ocr_line' id='line_1_74' title="bbox 2303 2836 3854 2908; baseline 0.005 -19"><span class='ocrx_word' id='word_1_560' title='bbox 2303 2850 2420 2890; x_wconf 89' lang='lat' dir='ltr'><strong>eam</strong></span> <span class='ocrx_word' id='word_1_561' title='bbox 2453 2836 2697 2889; x_wconf 87' lang='lat' dir='ltr'><strong>manibus</strong></span> <span class='ocrx_word' id='word_1_562' title='bbox 2720 2836 2836 2905; x_wconf 80' lang='lat' dir='ltr'><strong>ejus</strong></span> <span class='ocrx_word' id='word_1_563' title='bbox 2863 2853 2879 2901; x_wconf 90' lang='lat'><strong>;</strong></span> <span class='ocrx_word' id='word_1_564' title='bbox 2909 2846 2964 2891; x_wconf 91' lang='lat' dir='ltr'><strong>et</strong></span> <span class='ocrx_word' id='word_1_565' title='bbox 3009 2836 3275 2905; x_wconf 88' lang='lat' dir='ltr'><strong>accipiens</strong></span> <span class='ocrx_word' id='word_1_566' title='bbox 3306 2838 3615 2893; x_wconf 87' lang='lat' dir='ltr'><strong>inferiorem</strong></span> <span class='ocrx_word' id='word_1_567' title='bbox 3649 2841 3854 2908; x_wconf 77' lang='lat' dir='ltr'><strong>pelvim.</strong></span> 
     </span>
    </p>
   </div>
   <div class='ocr_carea' id='block_1_75' title="bbox 2306 2925 3854 2999">
    <p class='ocr_par' dir='ltr' id='par_1_75' title="bbox 2306 2925 3854 2999">
     <span class='ocr_line' id='line_1_75' title="bbox 2306 2925 3854 2999; baseline 0.003 -18"><span class='ocrx_word' id='word_1_568' title='bbox 2306 2928 2523 2981; x_wconf 79' lang='lat' dir='ltr'><strong>dextera</strong></span> <span class='ocrx_word' id='word_1_569' title='bbox 2574 2941 2732 2979; x_wconf 89' lang='lat' dir='ltr'><strong>manu</strong></span> <span class='ocrx_word' id='word_1_570' title='bbox 2779 2925 2964 2981; x_wconf 90' lang='lat' dir='ltr'><strong>fundat</strong></span> <span class='ocrx_word' id='word_1_571' title='bbox 3011 2941 3203 2995; x_wconf 88' lang='lat' dir='ltr'><strong>aquam</strong></span> <span class='ocrx_word' id='word_1_572' title='bbox 3253 2929 3502 2983; x_wconf 88' lang='lat' dir='ltr'><strong>manibus</strong></span> <span class='ocrx_word' id='word_1_573' title='bbox 3565 2931 3854 2999; x_wconf 61' lang='lat' dir='ltr'><strong>pontiﬂds,</strong></span> 
     </span>
    </p>
   </div>
   <div class='ocr_carea' id='block_1_76' title="bbox 2308 3014 3857 3087">
    <p class='ocr_par' dir='ltr' id='par_1_76' title="bbox 2308 3014 3857 3087">
     <span class='ocr_line' id='line_1_76' title="bbox 2308 3014 3857 3087; baseline 0.003 -16"><span class='ocrx_word' id='word_1_574' title='bbox 2308 3017 2539 3087; x_wconf 90' lang='lat' dir='ltr'><strong>quandiu</strong></span> <span class='ocrx_word' id='word_1_575' title='bbox 2564 3014 2794 3084; x_wconf 80' lang='lat' dir='ltr'><strong>pontifex</strong></span> <span class='ocrx_word' id='word_1_576' title='bbox 2817 3016 3058 3084; x_wconf 89' lang='lat' dir='ltr'><strong>accipere</strong></span> <span class='ocrx_word' id='word_1_577' title='bbox 3079 3016 3240 3073; x_wconf 90' lang='lat' dir='ltr'><strong>volet.</strong></span> <span class='ocrx_word' id='word_1_578' title='bbox 3267 3016 3469 3072; x_wconf 90' lang='lat' dir='ltr'><strong>Deinde</strong></span> <span class='ocrx_word' id='word_1_579' title='bbox 3512 3019 3695 3087; x_wconf 81' lang='lat' dir='ltr'><strong>pelves</strong></span> <span class='ocrx_word' id='word_1_580' title='bbox 3720 3024 3857 3075; x_wconf 56' lang='lat' dir='ltr'><strong>rem</strong></span> 
     </span>
    </p>
   </div>
   <div class='ocr_carea' id='block_1_77' title="bbox 2222 3091 3870 3181">
    <p class='ocr_par' dir='ltr' id='par_1_77' title="bbox 2222 3091 3870 3181">
     <span class='ocr_line' id='line_1_77' title="bbox 2222 3091 3870 3181; baseline 0.003 -18"><span class='ocrx_word' id='word_1_581' title='bbox 2222 3091 2271 3153; x_wconf 67' lang='grc' dir='ltr'><em>ε</em></span> <span class='ocrx_word' id='word_1_582' title='bbox 2305 3118 2455 3165; x_wconf 90' lang='lat' dir='ltr'><strong>tuens</strong></span> <span class='ocrx_word' id='word_1_583' title='bbox 2477 3109 2570 3161; x_wconf 90' lang='lat' dir='ltr'><strong>eia</strong></span> <span class='ocrx_word' id='word_1_584' title='bbox 2592 3122 2695 3176; x_wconf 89' lang='lat' dir='ltr'><strong>quo</strong></span> <span class='ocrx_word' id='word_1_585' title='bbox 2713 3116 3010 3177; x_wconf 89' lang='lat' dir='ltr'><strong>acceperat,</strong></span> <span class='ocrx_word' id='word_1_586' title='bbox 3030 3119 3325 3163; x_wconf 86' lang='lat' dir='ltr'><strong>revertatur</strong></span> <span class='ocrx_word' id='word_1_587' title='bbox 3345 3108 3414 3164; x_wconf 89' lang='lat' dir='ltr'><strong>ad</strong></span> <span class='ocrx_word' id='word_1_588' title='bbox 3436 3110 3618 3165; x_wconf 90' lang='lat' dir='ltr'><strong>locum</strong></span> <span class='ocrx_word' id='word_1_589' title='bbox 3637 3110 3703 3164; x_wconf 86' lang='lat' dir='ltr'><strong>ad</strong></span> <span class='ocrx_word' id='word_1_590' title='bbox 3721 3127 3870 3181; x_wconf 68' lang='lat' dir='ltr'><strong>quem</strong></span> 
     </span>
    </p>
   </div>
   <div class='ocr_carea' id='block_1_78' title="bbox 2294 3200 3877 3273">
    <p class='ocr_par' dir='ltr' id='par_1_78' title="bbox 2294 3200 3877 3273">
     <span class='ocr_line' id='line_1_78' title="bbox 2294 3200 3877 3273; baseline 0.001 -19"><span class='ocrx_word' id='word_1_591' title='bbox 2294 3210 2451 3255; x_wconf 86' lang='lat' dir='ltr'><strong>antea</strong></span> <span class='ocrx_word' id='word_1_592' title='bbox 2474 3200 2779 3255; x_wconf 90' lang='lat' dir='ltr'><strong>diverterat.</strong></span> <span class='ocrx_word' id='word_1_593' title='bbox 2802 3201 3039 3270; x_wconf 80' lang='lat' dir='ltr'><strong>Cumque</strong></span> <span class='ocrx_word' id='word_1_594' title='bbox 3062 3201 3295 3269; x_wconf 78' lang='lat' dir='ltr'><strong>pontifex</strong></span> <span class='ocrx_word' id='word_1_595' title='bbox 3331 3203 3605 3272; x_wconf 89' lang='lat' dir='ltr'><strong>planetam</strong></span> <span class='ocrx_word' id='word_1_596' title='bbox 3630 3219 3877 3273; x_wconf 67' lang='lat' dir='ltr'><strong>assump.</strong></span> 
     </span>
    </p>
   </div>
   <div class='ocr_carea' id='block_1_79' title="bbox 2292 3293 3866 3365">
    <p class='ocr_par' dir='ltr' id='par_1_79' title="bbox 2292 3293 3866 3365">
     <span class='ocr_line' id='line_1_79' title="bbox 2292 3293 3866 3365; baseline 0 -16"><span class='ocrx_word' id='word_1_597' title='bbox 2292 3294 2441 3356; x_wconf 87' lang='lat' dir='ltr'><strong>serit,</strong></span> <span class='ocrx_word' id='word_1_598' title='bbox 2463 3305 2585 3347; x_wconf 89' lang='lat' dir='ltr'><strong>tunc</strong></span> <span class='ocrx_word' id='word_1_599' title='bbox 2599 3304 2651 3348; x_wconf 91' lang='lat' dir='ltr'><strong>et</strong></span> <span class='ocrx_word' id='word_1_600' title='bbox 2669 3294 2782 3362; x_wconf 91' lang='lat' dir='ltr'><strong>ipse</strong></span> <span class='ocrx_word' id='word_1_601' title='bbox 2794 3293 3078 3347; x_wconf 89' lang='lat' dir='ltr'><strong>cardinalis</strong></span> <span class='ocrx_word' id='word_1_602' title='bbox 3091 3295 3179 3359; x_wconf 91' lang='lat' dir='ltr'><strong>qui</strong></span> <span class='ocrx_word' id='word_1_603' title='bbox 3192 3295 3380 3361; x_wconf 87' lang='lat' dir='ltr'><strong>servit,</strong></span> <span class='ocrx_word' id='word_1_604' title='bbox 3408 3295 3655 3365; x_wconf 76' lang='lat' dir='ltr'><strong>deposita</strong></span> <span class='ocrx_word' id='word_1_605' title='bbox 3673 3311 3866 3365; x_wconf 72' lang='lat' dir='ltr'><strong>cappa,</strong></span> 
     </span>
    </p>
   </div>
   <div class='ocr_carea' id='block_1_80' title="bbox 2294 3381 3848 3456">
    <p class='ocr_par' dir='ltr' id='par_1_80' title="bbox 2294 3381 3848 3456">
     <span class='ocr_line' id='line_1_80' title="bbox 2294 3381 3848 3456; baseline 0.003 -21"><span class='ocrx_word' id='word_1_606' title='bbox 2294 3392 2530 3436; x_wconf 86' lang='lat' dir='ltr'><strong>assumat</strong></span> <span class='ocrx_word' id='word_1_607' title='bbox 2555 3390 2751 3436; x_wconf 85' lang='lat' dir='ltr'><strong>cottam</strong></span> <span class='ocrx_word' id='word_1_608' title='bbox 2783 3381 2867 3436; x_wconf 94' lang='lat' dir='ltr'><strong>vel</strong></span> <span class='ocrx_word' id='word_1_609' title='bbox 2897 3383 3345 3451; x_wconf 89' lang='lat' dir='ltr'><strong>superpellicium,</strong></span> <span class='ocrx_word' id='word_1_610' title='bbox 3368 3387 3627 3440; x_wconf 84' lang='lat' dir='ltr'><strong>amictum</strong></span> <span class='ocrx_word' id='word_1_611' title='bbox 3663 3400 3719 3441; x_wconf 81' lang='lat' dir='ltr'><strong>et</strong></span> <span class='ocrx_word' id='word_1_612' title='bbox 3764 3390 3848 3456; x_wconf 91' lang='lat' dir='ltr'><strong>plu</strong></span> 
     </span>
    </p>
   </div>
   <div class='ocr_carea' id='block_1_81' title="bbox 2294 3472 3880 3545">
    <p class='ocr_par' dir='ltr' id='par_1_81' title="bbox 2294 3472 3880 3545">
     <span class='ocr_line' id='line_1_81' title="bbox 2294 3472 3880 3545; baseline 0 -18"><span class='ocrx_word' id='word_1_613' title='bbox 2294 3474 2429 3528; x_wconf 87' lang='lat' dir='ltr'><strong>viale</strong></span> <span class='ocrx_word' id='word_1_614' title='bbox 2451 3472 2649 3526; x_wconf 88' lang='lat' dir='ltr'><strong>coloris</strong></span> <span class='ocrx_word' id='word_1_615' title='bbox 2682 3472 2768 3541; x_wconf 88' lang='lat' dir='ltr'><strong>qui</strong></span> <span class='ocrx_word' id='word_1_616' title='bbox 2796 3472 3017 3540; x_wconf 87' lang='lat' dir='ltr'><strong>tempori</strong></span> <span class='ocrx_word' id='word_1_617' title='bbox 3048 3482 3331 3543; x_wconf 80' lang='lat' dir='ltr'><strong>congruat;</strong></span> <span class='ocrx_word' id='word_1_618' title='bbox 3356 3475 3475 3529; x_wconf 82' lang='lat' dir='ltr'><strong>etsi</strong></span> <span class='ocrx_word' id='word_1_619' title='bbox 3498 3476 3569 3530; x_wconf 91' lang='lat' dir='ltr'><strong>sit</strong></span> <span class='ocrx_word' id='word_1_620' title='bbox 3602 3477 3880 3545; x_wconf 64' lang='lat' dir='ltr'><strong>presbyter</strong></span> 
     </span>
    </p>
   </div>
   <div class='ocr_carea' id='block_1_82' title="bbox 2291 3559 3875 3632">
    <p class='ocr_par' dir='ltr' id='par_1_82' title="bbox 2291 3559 3875 3632">
     <span class='ocr_line' id='line_1_82' title="bbox 2291 3559 3875 3632; baseline -0.001 -16"><span class='ocrx_word' id='word_1_621' title='bbox 2291 3562 2597 3627; x_wconf 83' lang='lat' dir='ltr'><strong>cardinalis,</strong></span> <span class='ocrx_word' id='word_1_622' title='bbox 2613 3560 2727 3629; x_wconf 90' lang='lat' dir='ltr'><strong>ipse</strong></span> <span class='ocrx_word' id='word_1_623' title='bbox 2742 3559 2831 3628; x_wconf 89' lang='lat' dir='ltr'><strong>qui</strong></span> <span class='ocrx_word' id='word_1_624' title='bbox 2850 3560 2948 3615; x_wconf 90' lang='lat' dir='ltr'><strong>sibi</strong></span> <span class='ocrx_word' id='word_1_625' title='bbox 2964 3562 3128 3615; x_wconf 87' lang='lat' dir='ltr'><strong>servit</strong></span> <span class='ocrx_word' id='word_1_626' title='bbox 3151 3561 3318 3617; x_wconf 89' lang='lat' dir='ltr'><strong>nibilo</strong></span> <span class='ocrx_word' id='word_1_627' title='bbox 3338 3562 3520 3619; x_wconf 88' lang='lat' dir='ltr'><strong>minus</strong></span> <span class='ocrx_word' id='word_1_628' title='bbox 3544 3566 3875 3632; x_wconf 80' lang='lat' dir='ltr'><strong>pluvialein-</strong></span> 
     </span>
    </p>
   </div>
   <div class='ocr_carea' id='block_1_83' title="bbox 2291 3654 3869 3725">
    <p class='ocr_par' dir='ltr' id='par_1_83' title="bbox 2291 3654 3869 3725">
     <span class='ocr_line' id='line_1_83' title="bbox 2291 3654 3869 3725; baseline 0.002 -17"><span class='ocrx_word' id='word_1_629' title='bbox 2291 3654 2453 3709; x_wconf 84' lang='lat' dir='ltr'><strong>duere</strong></span> <span class='ocrx_word' id='word_1_630' title='bbox 2477 3655 2658 3718; x_wconf 87' lang='lat' dir='ltr'><strong>debet,</strong></span> <span class='ocrx_word' id='word_1_631' title='bbox 2695 3663 2748 3708; x_wconf 92' lang='lat' dir='ltr'><strong>et</strong></span> <span class='ocrx_word' id='word_1_632' title='bbox 2767 3663 3162 3723; x_wconf 89' lang='lat' dir='ltr'><strong>consequenter</strong></span> <span class='ocrx_word' id='word_1_633' title='bbox 3192 3657 3432 3725; x_wconf 88' lang='lat' dir='ltr'><strong>accipere</strong></span> <span class='ocrx_word' id='word_1_634' title='bbox 3454 3659 3682 3712; x_wconf 84' lang='lat' dir='ltr'><strong>mitram</strong></span> <span class='ocrx_word' id='word_1_635' title='bbox 3706 3675 3869 3713; x_wconf 69' lang='lat' dir='ltr'><strong>suam</strong></span> 
     </span>
    </p>
   </div>
   <div class='ocr_carea' id='block_1_84' title="bbox 2291 3745 3874 3817">
    <p class='ocr_par' dir='ltr' id='par_1_84' title="bbox 2291 3745 3874 3817">
     <span class='ocr_line' id='line_1_84' title="bbox 2291 3745 3874 3817; baseline 0.001 -18"><span class='ocrx_word' id='word_1_636' title='bbox 2291 3745 2418 3799; x_wconf 86' lang='lat' dir='ltr'><strong>Post</strong></span> <span class='ocrx_word' id='word_1_637' title='bbox 2459 3748 2593 3809; x_wconf 67' lang='lat' dir='ltr'><strong>hac,</strong></span> <span class='ocrx_word' id='word_1_638' title='bbox 2620 3745 2860 3800; x_wconf 90' lang='lat' dir='ltr'><strong>tradente</strong></span> <span class='ocrx_word' id='word_1_639' title='bbox 2882 3745 2981 3799; x_wconf 89' lang='lat' dir='ltr'><strong>sibi</strong></span> <span class='ocrx_word' id='word_1_640' title='bbox 3006 3760 3112 3800; x_wconf 93' lang='lat' dir='ltr'><strong>uno</strong></span> <span class='ocrx_word' id='word_1_641' title='bbox 3142 3761 3207 3801; x_wconf 83' lang='lat' dir='ltr'><strong>ex</strong></span> <span class='ocrx_word' id='word_1_642' title='bbox 3230 3748 3495 3817; x_wconf 88' lang='lat' dir='ltr'><strong>acolytbis</strong></span> <span class='ocrx_word' id='word_1_643' title='bbox 3518 3752 3874 3816; x_wconf 36' lang='lat' dir='ltr'><strong>pocuﬁtralern</strong></span> 
     </span>
    </p>
   </div>
   <div class='ocr_carea' id='block_1_85' title="bbox 2289 3834 3874 3907">
    <p class='ocr_par' dir='ltr' id='par_1_85' title="bbox 2289 3834 3874 3907">
     <span class='ocr_line' id='line_1_85' title="bbox 2289 3834 3874 3907; baseline 0.005 -18"><span class='ocrx_word' id='word_1_644' title='bbox 2289 3836 2562 3900; x_wconf 83' lang='lat' dir='ltr'><strong>annulum,</strong></span> <span class='ocrx_word' id='word_1_645' title='bbox 2587 3835 2804 3890; x_wconf 89' lang='lat' dir='ltr'><strong>accedat</strong></span> <span class='ocrx_word' id='word_1_646' title='bbox 2820 3834 2885 3890; x_wconf 90' lang='lat' dir='ltr'><strong>ad</strong></span> <span class='ocrx_word' id='word_1_647' title='bbox 2908 3836 3232 3903; x_wconf 90' lang='lat' dir='ltr'><strong>pontiﬁcem,</strong></span> <span class='ocrx_word' id='word_1_648' title='bbox 3250 3839 3333 3892; x_wconf 91' lang='lat' dir='ltr'><strong>cui</strong></span> <span class='ocrx_word' id='word_1_649' title='bbox 3348 3842 3753 3907; x_wconf 82' lang='lat' dir='ltr'><strong>perdiaeonum</strong></span> <span class='ocrx_word' id='word_1_650' title='bbox 3769 3858 3874 3897; x_wconf 82' lang='lat' dir='ltr'><strong>car-</strong></span> 
     </span>
    </p>
   </div>
   <div class='ocr_carea' id='block_1_86' title="bbox 2289 3923 3875 3997">
    <p class='ocr_par' dir='ltr' id='par_1_86' title="bbox 2289 3923 3875 3997">
     <span class='ocr_line' id='line_1_86' title="bbox 2289 3923 3875 3997; baseline 0.004 -20"><span class='ocrx_word' id='word_1_651' title='bbox 2289 3923 2521 3978; x_wconf 89' lang='lat' dir='ltr'><strong>dinalem</strong></span> <span class='ocrx_word' id='word_1_652' title='bbox 2576 3925 2731 3977; x_wconf 90' lang='lat' dir='ltr'><strong>mitra</strong></span> <span class='ocrx_word' id='word_1_653' title='bbox 2763 3924 3011 3992; x_wconf 86' lang='lat' dir='ltr'><strong>imposita</strong></span> <span class='ocrx_word' id='word_1_654' title='bbox 3038 3925 3233 3989; x_wconf 89' lang='lat' dir='ltr'><strong>fuerit;</strong></span> <span class='ocrx_word' id='word_1_655' title='bbox 3264 3926 3398 3996; x_wconf 90' lang='lat' dir='ltr'><strong>ipse,</strong></span> <span class='ocrx_word' id='word_1_656' title='bbox 3436 3928 3693 3997; x_wconf 76' lang='lat' dir='ltr'><strong>deposita</strong></span> <span class='ocrx_word' id='word_1_657' title='bbox 3726 3936 3875 3985; x_wconf 76' lang='lat' dir='ltr'><strong>mitra</strong></span> 
     </span>
    </p>
   </div>
   <div class='ocr_carea' id='block_1_87' title="bbox 2289 4014 3871 4089">
    <p class='ocr_par' dir='ltr' id='par_1_87' title="bbox 2289 4014 3871 4089">
     <span class='ocr_line' id='line_1_87' title="bbox 2289 4014 3871 4089; baseline 0.003 -22"><span class='ocrx_word' id='word_1_658' title='bbox 2289 4028 2409 4079; x_wconf 90' lang='lat' dir='ltr'><strong>sua,</strong></span> <span class='ocrx_word' id='word_1_659' title='bbox 2438 4014 2684 4067; x_wconf 88' lang='lat' dir='ltr'><strong>eumdem</strong></span> <span class='ocrx_word' id='word_1_660' title='bbox 2715 4015 2965 4068; x_wconf 87' lang='lat' dir='ltr'><strong>annulum</strong></span> <span class='ocrx_word' id='word_1_661' title='bbox 2997 4015 3248 4070; x_wconf 88' lang='lat' dir='ltr'><strong>immittat</strong></span> <span class='ocrx_word' id='word_1_662' title='bbox 3276 4018 3525 4072; x_wconf 76' lang='lat' dir='ltr'><strong>annmari</strong></span> <span class='ocrx_word' id='word_1_663' title='bbox 3555 4021 3731 4089; x_wconf 76' lang='lat' dir='ltr'><strong>digito</strong></span> <span class='ocrx_word' id='word_1_664' title='bbox 3749 4021 3871 4074; x_wconf 80' lang='lat' dir='ltr'><strong>dex-</strong></span> 
     </span>
    </p>
   </div>
   <div class='ocr_carea' id='block_1_88' title="bbox 2292 4102 3870 4169">
    <p class='ocr_par' dir='ltr' id='par_1_88' title="bbox 2292 4102 3870 4169">
     <span class='ocr_line' id='line_1_88' title="bbox 2292 4102 3870 4169; baseline 0.004 -15"><span class='ocrx_word' id='word_1_665' title='bbox 2292 4113 2418 4155; x_wconf 72' lang='lat' dir='ltr'><strong>tera:</strong></span> <span class='ocrx_word' id='word_1_666' title='bbox 2465 4116 2651 4156; x_wconf 86' lang='lat' dir='ltr'><strong>manus</strong></span> <span class='ocrx_word' id='word_1_667' title='bbox 2696 4102 2979 4169; x_wconf 86' lang='lat' dir='ltr'><strong>pontiﬁcis,</strong></span> <span class='ocrx_word' id='word_1_668' title='bbox 3019 4102 3309 4157; x_wconf 89' lang='lat' dir='ltr'><strong>osculando</strong></span> <span class='ocrx_word' id='word_1_669' title='bbox 3342 4107 3594 4159; x_wconf 79' lang='lat' dir='ltr'><strong>eamdem</strong></span> <span class='ocrx_word' id='word_1_670' title='bbox 3640 4122 3870 4161; x_wconf 86' lang='lat' dir='ltr'><strong>manum.</strong></span> 
     </span>
    </p>
   </div>
   <div class='ocr_carea' id='block_1_89' title="bbox 2294 4190 3869 4263">
    <p class='ocr_par' dir='ltr' id='par_1_89' title="bbox 2294 4190 3869 4263">
     <span class='ocr_line' id='line_1_89' title="bbox 2294 4190 3869 4263; baseline 0.003 -19"><span class='ocrx_word' id='word_1_671' title='bbox 2294 4190 2513 4244; x_wconf 88' lang='lat' dir='ltr'><strong>Demum</strong></span> <span class='ocrx_word' id='word_1_672' title='bbox 2545 4192 2812 4258; x_wconf 89' lang='lat' dir='ltr'><strong>accipiens</strong></span> <span class='ocrx_word' id='word_1_673' title='bbox 2849 4190 2917 4246; x_wconf 90' lang='lat' dir='ltr'><strong>de</strong></span> <span class='ocrx_word' id='word_1_674' title='bbox 2949 4206 3108 4245; x_wconf 90' lang='lat' dir='ltr'><strong>manu</strong></span> <span class='ocrx_word' id='word_1_675' title='bbox 3146 4194 3374 4263; x_wconf 77' lang='lat' dir='ltr'><strong>acolytlii</strong></span> <span class='ocrx_word' id='word_1_676' title='bbox 3411 4196 3724 4250; x_wconf 76' lang='lat' dir='ltr'><strong>naviCulam</strong></span> <span class='ocrx_word' id='word_1_677' title='bbox 3761 4213 3869 4250; x_wconf 73' lang='lat' dir='ltr'><strong>cum</strong></span> 
     </span>
    </p>
   </div>
   <div class='ocr_carea' id='block_1_90' title="bbox 2294 4274 3867 4352">
    <p class='ocr_par' dir='ltr' id='par_1_90' title="bbox 2294 4274 3867 4352">
     <span class='ocr_line' id='line_1_90' title="bbox 2294 4274 3867 4352; baseline 0.005 -19"><span class='ocrx_word' id='word_1_678' title='bbox 2294 4282 2447 4334; x_wconf 84' lang='lat' dir='ltr'><strong>thure</strong></span> <span class='ocrx_word' id='word_1_679' title='bbox 2477 4290 2531 4335; x_wconf 93' lang='lat' dir='ltr'><strong>et</strong></span> <span class='ocrx_word' id='word_1_680' title='bbox 2569 4281 2854 4344; x_wconf 86' lang='lat' dir='ltr'><strong>cochleari,</strong></span> <span class='ocrx_word' id='word_1_681' title='bbox 2900 4282 3121 4352; x_wconf 82' lang='lat' dir='ltr'><strong>porrigit</strong></span> <span class='ocrx_word' id='word_1_682' title='bbox 3162 4283 3260 4351; x_wconf 92' lang='lat' dir='ltr'><strong>ipsi</strong></span> <span class='ocrx_word' id='word_1_683' title='bbox 3292 4284 3555 4351; x_wconf 85' lang='lat' dir='ltr'><strong>pontiﬁci,</strong></span> <span class='ocrx_word' id='word_1_684' title='bbox 3604 4274 3867 4341; x_wconf 34' lang='lat' dir='ltr'><strong>ut&#39;iuceu-</strong></span> 
     </span>
    </p>
   </div>
   <div class='ocr_carea' id='block_1_91' title="bbox 2294 4370 3871 4443">
    <p class='ocr_par' dir='ltr' id='par_1_91' title="bbox 2294 4370 3871 4443">
     <span class='ocr_line' id='line_1_91' title="bbox 2294 4370 3871 4443; baseline 0.004 -20"><span class='ocrx_word' id='word_1_685' title='bbox 2294 4385 2409 4423; x_wconf 87' lang='lat' dir='ltr'><strong>sum</strong></span> <span class='ocrx_word' id='word_1_686' title='bbox 2441 4380 2603 4439; x_wconf 89' lang='lat' dir='ltr'><strong>ponat</strong></span> <span class='ocrx_word' id='word_1_687' title='bbox 2630 4371 2680 4424; x_wconf 72' lang='lat' dir='ltr'><strong>in</strong></span> <span class='ocrx_word' id='word_1_688' title='bbox 2713 4370 3002 4434; x_wconf 87' lang='lat' dir='ltr'><strong>thuribulo,</strong></span> <span class='ocrx_word' id='word_1_689' title='bbox 3028 4373 3167 4440; x_wconf 91' lang='lat' dir='ltr'><strong>quod</strong></span> <span class='ocrx_word' id='word_1_690' title='bbox 3200 4373 3337 4426; x_wconf 88' lang='lat' dir='ltr'><strong>idern</strong></span> <span class='ocrx_word' id='word_1_691' title='bbox 3368 4373 3662 4443; x_wconf 85' lang='lat' dir='ltr'><strong>aeolytlrus</strong></span> <span class='ocrx_word' id='word_1_692' title='bbox 3694 4386 3871 4430; x_wconf 79' lang='lat' dir='ltr'><strong>tenere</strong></span> 
     </span>
    </p>
   </div>
   <div class='ocr_carea' id='block_1_92' title="bbox 617 4445 2189 4540">
    <p class='ocr_par' dir='ltr' id='par_1_92' title="bbox 617 4468 2181 4540">
     <span class='ocr_line' id='line_1_92' title="bbox 617 4468 2181 4540; baseline 0.006 -22"><span class='ocrx_word' id='word_1_693' title='bbox 617 4480 783 4535; x_wconf 89' lang='lat' dir='ltr'><strong>scopo</strong></span> <span class='ocrx_word' id='word_1_694' title='bbox 823 4468 906 4520; x_wconf 88' lang='lat' dir='ltr'><strong>vel</strong></span> <span class='ocrx_word' id='word_1_695' title='bbox 951 4471 1258 4540; x_wconf 87' lang='lat' dir='ltr'><strong>presbytero</strong></span> <span class='ocrx_word' id='word_1_696' title='bbox 1285 4472 1535 4525; x_wconf 87' lang='lat' dir='ltr'><strong>cardinali</strong></span> <span class='ocrx_word' id='word_1_697' title='bbox 1567 4472 1846 4525; x_wconf 88' lang='lat' dir='ltr'><strong>committit</strong></span> <span class='ocrx_word' id='word_1_698' title='bbox 1881 4487 2181 4528; x_wconf 84' lang='lat' dir='ltr'><strong>sermonem</strong></span> 
     </span>
    </p>
   </div>
   <div class='ocr_carea' id='block_1_93' title="bbox 2291 4445 3867 4540">
    <p class='ocr_par' dir='ltr' id='par_1_93' title="bbox 2293 4461 3867 4533">
     <span class='ocr_line' id='line_1_93' title="bbox 2293 4461 3867 4533; baseline 0.004 -18"><span class='ocrx_word' id='word_1_699' title='bbox 2293 4461 2470 4517; x_wconf 77' lang='lat' dir='ltr'><strong>debet.</strong></span> <span class='ocrx_word' id='word_1_700' title='bbox 2500 4463 2807 4530; x_wconf 83' lang='lat' dir='ltr'><strong>Accipiente</strong></span> <span class='ocrx_word' id='word_1_701' title='bbox 2836 4477 2962 4515; x_wconf 88' lang='lat' dir='ltr'><strong>vero</strong></span> <span class='ocrx_word' id='word_1_702' title='bbox 2989 4466 3235 4529; x_wconf 88' lang='lat' dir='ltr'><strong>pontiﬁce</strong></span> <span class='ocrx_word' id='word_1_703' title='bbox 3254 4464 3501 4518; x_wconf 84' lang='lat' dir='ltr'><strong>cocblear</strong></span> <span class='ocrx_word' id='word_1_704' title='bbox 3531 4466 3737 4533; x_wconf 82' lang='lat' dir='ltr'><strong>ipsum,</strong></span> <span class='ocrx_word' id='word_1_705' title='bbox 3761 4483 3867 4520; x_wconf 64' lang='grc' dir='ltr'><strong>ατς</strong></span> 
     </span>
    </p>
   </div>
   <div class='ocr_carea' id='block_1_94' title="bbox 620 4555 2185 4629">
    <p class='ocr_par' dir='ltr' id='par_1_94' title="bbox 620 4555 2185 4629">
     <span class='ocr_line' id='line_1_94' title="bbox 620 4555 2185 4629; baseline 0.009 -23"><span class='ocrx_word' id='word_1_706' title='bbox 620 4555 914 4623; x_wconf 83' lang='lat' dir='ltr'><strong>faciendum</strong></span> <span class='ocrx_word' id='word_1_707' title='bbox 946 4558 997 4611; x_wconf 92' lang='lat' dir='ltr'><strong>iu</strong></span> <span class='ocrx_word' id='word_1_708' title='bbox 1029 4560 1209 4623; x_wconf 74' lang='lat' dir='ltr'><strong>MiSsa,</strong></span> <span class='ocrx_word' id='word_1_709' title='bbox 1239 4560 1283 4613; x_wconf 91' lang='lat' dir='ltr'><strong>is</strong></span> <span class='ocrx_word' id='word_1_710' title='bbox 1317 4563 1405 4629; x_wconf 86' lang='lat' dir='ltr'><strong>qui</strong></span> <span class='ocrx_word' id='word_1_711' title='bbox 1452 4565 1830 4629; x_wconf 55' lang='lat' dir='ltr'><strong>praedicaturus</strong></span> <span class='ocrx_word' id='word_1_712' title='bbox 1864 4572 1948 4617; x_wconf 87' lang='lat' dir='ltr'><strong>est</strong></span> <span class='ocrx_word' id='word_1_713' title='bbox 1984 4565 2185 4620; x_wconf 88' lang='lat' dir='ltr'><strong>servire</strong></span> 
     </span>
    </p>
   </div>
   <div class='ocr_carea' id='block_1_95' title="bbox 614 4646 2182 4722">
    <p class='ocr_par' dir='ltr' id='par_1_95' title="bbox 614 4646 2182 4722">
     <span class='ocr_line' id='line_1_95' title="bbox 614 4646 2182 4722; baseline 0.008 -24"><span class='ocrx_word' id='word_1_714' title='bbox 614 4646 794 4710; x_wconf 75' lang='lat' dir='ltr'><strong>debet,</strong></span> <span class='ocrx_word' id='word_1_715' title='bbox 848 4649 1056 4704; x_wconf 88' lang='lat' dir='ltr'><strong>etiamsi</strong></span> <span class='ocrx_word' id='word_1_716' title='bbox 1109 4650 1240 4704; x_wconf 89' lang='lat' dir='ltr'><strong>alias</strong></span> <span class='ocrx_word' id='word_1_717' title='bbox 1279 4653 1343 4705; x_wconf 90' lang='lat' dir='ltr'><strong>ad</strong></span> <span class='ocrx_word' id='word_1_718' title='bbox 1389 4654 1548 4706; x_wconf 88' lang='lat' dir='ltr'><strong>alium</strong></span> <span class='ocrx_word' id='word_1_719' title='bbox 1598 4654 1864 4722; x_wconf 89' lang='lat' dir='ltr'><strong>pertinere</strong></span> <span class='ocrx_word' id='word_1_720' title='bbox 1908 4655 2182 4710; x_wconf 88' lang='lat' dir='ltr'><strong>servitium</strong></span> 
     </span>
    </p>
   </div>
   <div class='ocr_carea' id='block_1_96' title="bbox 617 4740 882 4794">
    <p class='ocr_par' dir='ltr' id='par_1_96' title="bbox 617 4740 882 4794">
     <span class='ocr_line' id='line_1_96' title="bbox 617 4740 882 4794; baseline 0.011 -4"><span class='ocrx_word' id='word_1_721' title='bbox 617 4740 882 4794; x_wconf 80' lang='lat' dir='ltr'><strong>videatur.</strong></span> 
     </span>
    </p>
   </div>
   <div class='ocr_carea' id='block_1_97' title="bbox 685 4829 2179 4903">
    <p class='ocr_par' dir='ltr' id='par_1_97' title="bbox 685 4829 2179 4903">
     <span class='ocr_line' id='line_1_97' title="bbox 685 4829 2179 4903; baseline 0.003 -20"><span class='ocrx_word' id='word_1_722' title='bbox 685 4829 815 4883; x_wconf 88' lang='lat' dir='ltr'><strong>Cum</strong></span> <span class='ocrx_word' id='word_1_723' title='bbox 847 4845 974 4885; x_wconf 91' lang='lat' dir='ltr'><strong>vero</strong></span> <span class='ocrx_word' id='word_1_724' title='bbox 1004 4833 1236 4900; x_wconf 88' lang='lat' dir='ltr'><strong>pontifex</strong></span> <span class='ocrx_word' id='word_1_725' title='bbox 1266 4833 1316 4887; x_wconf 91' lang='lat' dir='ltr'><strong>in</strong></span> <span class='ocrx_word' id='word_1_726' title='bbox 1360 4834 1637 4888; x_wconf 87' lang='lat' dir='ltr'><strong>ecclesiam</strong></span> <span class='ocrx_word' id='word_1_727' title='bbox 1670 4835 1720 4887; x_wconf 91' lang='lat' dir='ltr'><strong>in</strong></span> <span class='ocrx_word' id='word_1_728' title='bbox 1748 4850 1849 4903; x_wconf 79' lang='lat' dir='ltr'><strong>qua</strong></span> <span class='ocrx_word' id='word_1_729' title='bbox 1877 4836 2179 4891; x_wconf 85' lang='lat' dir='ltr'><strong>celebratu-</strong></span> 
     </span>
    </p>
   </div>
   <div class='ocr_carea' id='block_1_98' title="bbox 614 4922 2186 4991">
    <p class='ocr_par' dir='ltr' id='par_1_98' title="bbox 614 4922 2186 4991">
     <span class='ocr_line' id='line_1_98' title="bbox 614 4922 2186 4991; baseline 0.006 -21"><span class='ocrx_word' id='word_1_730' title='bbox 614 4933 704 4973; x_wconf 90' lang='lat' dir='ltr'><strong>rus</strong></span> <span class='ocrx_word' id='word_1_731' title='bbox 734 4930 818 4974; x_wconf 85' lang='lat' dir='ltr'><strong>est</strong></span> <span class='ocrx_word' id='word_1_732' title='bbox 848 4922 1073 4985; x_wconf 88' lang='lat' dir='ltr'><strong>venerit,</strong></span> <span class='ocrx_word' id='word_1_733' title='bbox 1106 4923 1221 4991; x_wconf 92' lang='lat' dir='ltr'><strong>ipso</strong></span> <span class='ocrx_word' id='word_1_734' title='bbox 1263 4923 1556 4978; x_wconf 89' lang='lat' dir='ltr'><strong>divertente</strong></span> <span class='ocrx_word' id='word_1_735' title='bbox 1588 4924 1652 4977; x_wconf 91' lang='lat' dir='ltr'><strong>ad</strong></span> <span class='ocrx_word' id='word_1_736' title='bbox 1687 4924 1858 4978; x_wconf 91' lang='lat' dir='ltr'><strong>locum</strong></span> <span class='ocrx_word' id='word_1_737' title='bbox 1892 4926 1976 4979; x_wconf 89' lang='lat' dir='ltr'><strong>ubi</strong></span> <span class='ocrx_word' id='word_1_738' title='bbox 2016 4928 2186 4980; x_wconf 87' lang='lat' dir='ltr'><strong>sacris</strong></span> 
     </span>
    </p>
   </div>
   <div class='ocr_carea' id='block_1_99' title="bbox 614 5011 2187 5086">
    <p class='ocr_par' dir='ltr' id='par_1_99' title="bbox 614 5011 2187 5086">
     <span class='ocr_line' id='line_1_99' title="bbox 614 5011 2187 5086; baseline 0.006 -23"><span class='ocrx_word' id='word_1_739' title='bbox 614 5011 851 5066; x_wconf 79' lang='lat' dir='ltr'><strong>vestibus</strong></span> <span class='ocrx_word' id='word_1_740' title='bbox 877 5012 1020 5067; x_wconf 89' lang='lat' dir='ltr'><strong>indui</strong></span> <span class='ocrx_word' id='word_1_741' title='bbox 1052 5015 1228 5078; x_wconf 58' lang='lat' dir='ltr'><strong>debet,</strong></span> <span class='ocrx_word' id='word_1_742' title='bbox 1260 5017 1539 5085; x_wconf 81' lang='lat' dir='ltr'><strong>cpiscopus</strong></span> <span class='ocrx_word' id='word_1_743' title='bbox 1577 5017 1689 5072; x_wconf 89' lang='lat' dir='ltr'><strong>sive</strong></span> <span class='ocrx_word' id='word_1_744' title='bbox 1719 5018 1993 5086; x_wconf 89' lang='lat' dir='ltr'><strong>presbyter</strong></span> <span class='ocrx_word' id='word_1_745' title='bbox 2016 5020 2187 5074; x_wconf 77' lang='lat' dir='ltr'><strong>cardi-</strong></span> 
     </span>
    </p>
   </div>
   <div class='ocr_carea' id='block_1_100' title="bbox 614 5102 2182 5175">
    <p class='ocr_par' dir='ltr' id='par_1_100' title="bbox 614 5102 2182 5175">
     <span class='ocr_line' id='line_1_100' title="bbox 614 5102 2182 5175; baseline 0.006 -20"><span class='ocrx_word' id='word_1_746' title='bbox 614 5103 751 5158; x_wconf 77' lang='lat' dir='ltr'><strong>nalis</strong></span> <span class='ocrx_word' id='word_1_747' title='bbox 777 5102 865 5172; x_wconf 91' lang='lat' dir='ltr'><strong>qui</strong></span> <span class='ocrx_word' id='word_1_748' title='bbox 894 5104 1184 5160; x_wconf 87' lang='lat' dir='ltr'><strong>serviturus</strong></span> <span class='ocrx_word' id='word_1_749' title='bbox 1213 5114 1296 5159; x_wconf 90' lang='lat' dir='ltr'><strong>est</strong></span> <span class='ocrx_word' id='word_1_750' title='bbox 1322 5107 1498 5161; x_wconf 90' lang='lat' dir='ltr'><strong>eidem</strong></span> <span class='ocrx_word' id='word_1_751' title='bbox 1532 5106 1767 5175; x_wconf 89' lang='lat' dir='ltr'><strong>pontiﬁci</strong></span> <span class='ocrx_word' id='word_1_752' title='bbox 1797 5106 2046 5164; x_wconf 89' lang='lat' dir='ltr'><strong>assistere</strong></span> <span class='ocrx_word' id='word_1_753' title='bbox 2090 5110 2182 5166; x_wconf 87' lang='lat' dir='ltr'><strong>de-</strong></span> 
     </span>
    </p>
   </div>
   <div class='ocr_carea' id='block_1_101' title="bbox 609 5195 2184 5271">
    <p class='ocr_par' dir='ltr' id='par_1_101' title="bbox 609 5195 2184 5271">
     <span class='ocr_line' id='line_1_101' title="bbox 609 5195 2184 5271; baseline 0.006 -22"><span class='ocrx_word' id='word_1_754' title='bbox 609 5195 724 5263; x_wconf 89' lang='lat' dir='ltr'><strong>bet,</strong></span> <span class='ocrx_word' id='word_1_755' title='bbox 752 5196 878 5250; x_wconf 90' lang='lat' dir='ltr'><strong>dum</strong></span> <span class='ocrx_word' id='word_1_756' title='bbox 902 5198 1031 5251; x_wconf 89' lang='lat' dir='ltr'><strong>dicit</strong></span> <span class='ocrx_word' id='word_1_757' title='bbox 1058 5197 1293 5253; x_wconf 84' lang='lat' dir='ltr'><strong>Tertiam</strong></span> <span class='ocrx_word' id='word_1_758' title='bbox 1322 5199 1403 5252; x_wconf 89' lang='lat' dir='ltr'><strong>vel</strong></span> <span class='ocrx_word' id='word_1_759' title='bbox 1427 5199 1582 5253; x_wconf 88' lang='lat' dir='ltr'><strong>aliam</strong></span> <span class='ocrx_word' id='word_1_760' title='bbox 1611 5201 1830 5267; x_wconf 88' lang='lat' dir='ltr'><strong>lloram,</strong></span> <span class='ocrx_word' id='word_1_761' title='bbox 1854 5217 1971 5271; x_wconf 70' lang='lat' dir='ltr'><strong>qua:</strong></span> <span class='ocrx_word' id='word_1_762' title='bbox 1999 5202 2184 5258; x_wconf 83' lang='lat' dir='ltr'><strong>dicen-</strong></span> 
     </span>
    </p>
   </div>
   <div class='ocr_carea' id='block_1_102' title="bbox 611 5287 2176 5363">
    <p class='ocr_par' dir='ltr' id='par_1_102' title="bbox 611 5287 2176 5363">
     <span class='ocr_line' id='line_1_102' title="bbox 611 5287 2176 5363; baseline 0.006 -24"><span class='ocrx_word' id='word_1_763' title='bbox 611 5287 679 5340; x_wconf 90' lang='lat' dir='ltr'><strong>da</strong></span> <span class='ocrx_word' id='word_1_764' title='bbox 721 5296 806 5341; x_wconf 89' lang='lat' dir='ltr'><strong>est</strong></span> <span class='ocrx_word' id='word_1_765' title='bbox 831 5298 957 5344; x_wconf 87' lang='lat' dir='ltr'><strong>ante</strong></span> <span class='ocrx_word' id='word_1_766' title='bbox 987 5288 1199 5343; x_wconf 82' lang='lat' dir='ltr'><strong>Missam</strong></span> <span class='ocrx_word' id='word_1_767' title='bbox 1232 5292 1519 5345; x_wconf 89' lang='lat' dir='ltr'><strong>secundum</strong></span> <span class='ocrx_word' id='word_1_768' title='bbox 1552 5293 1867 5359; x_wconf 84' lang='lat' dir='ltr'><strong>exigentiam</strong></span> <span class='ocrx_word' id='word_1_769' title='bbox 1902 5297 2176 5363; x_wconf 86' lang='lat' dir='ltr'><strong>temporis.</strong></span> 
     </span>
    </p>
   </div>
   <div class='ocr_carea' id='block_1_103' title="bbox 611 5375 2178 5449">
    <p class='ocr_par' dir='ltr' id='par_1_103' title="bbox 611 5375 2178 5449">
     <span class='ocr_line' id='line_1_103' title="bbox 611 5375 2178 5449; baseline 0.006 -21"><span class='ocrx_word' id='word_1_770' title='bbox 611 5375 815 5430; x_wconf 83' lang='lat' dir='ltr'><strong>Etcum</strong></span> <span class='ocrx_word' id='word_1_771' title='bbox 838 5378 976 5433; x_wconf 91' lang='lat' dir='ltr'><strong>idem</strong></span> <span class='ocrx_word' id='word_1_772' title='bbox 1004 5378 1237 5449; x_wconf 87' lang='lat' dir='ltr'><strong>pontifex</strong></span> <span class='ocrx_word' id='word_1_773' title='bbox 1261 5380 1566 5434; x_wconf 89' lang='lat' dir='ltr'><strong>Orationem</strong></span> <span class='ocrx_word' id='word_1_774' title='bbox 1595 5382 1705 5436; x_wconf 88' lang='lat' dir='ltr'><strong>sive</strong></span> <span class='ocrx_word' id='word_1_775' title='bbox 1724 5381 2010 5436; x_wconf 82' lang='lat' dir='ltr'><strong>Collectaui</strong></span> <span class='ocrx_word' id='word_1_776' title='bbox 2038 5384 2178 5438; x_wconf 88' lang='lat' dir='ltr'><strong>illius</strong></span> 
     </span>
    </p>
   </div>
   <div class='ocr_carea' id='block_1_104' title="bbox 613 5465 2180 5542">
    <p class='ocr_par' dir='ltr' id='par_1_104' title="bbox 613 5465 2180 5542">
     <span class='ocr_line' id='line_1_104' title="bbox 613 5465 2180 5542; baseline 0.006 -25"><span class='ocrx_word' id='word_1_777' title='bbox 613 5465 764 5521; x_wconf 77' lang='lat' dir='ltr'><strong>liora:</strong></span> <span class='ocrx_word' id='word_1_778' title='bbox 794 5468 1030 5523; x_wconf 87' lang='lat' dir='ltr'><strong>dicturus</strong></span> <span class='ocrx_word' id='word_1_779' title='bbox 1055 5480 1159 5537; x_wconf 87' lang='lat' dir='ltr'><strong>est,</strong></span> <span class='ocrx_word' id='word_1_780' title='bbox 1204 5470 1377 5524; x_wconf 85' lang='lat' dir='ltr'><strong>dictus</strong></span> <span class='ocrx_word' id='word_1_781' title='bbox 1424 5469 1707 5525; x_wconf 85' lang='lat' dir='ltr'><strong>cardinalis</strong></span> <span class='ocrx_word' id='word_1_782' title='bbox 1753 5471 1963 5526; x_wconf 91' lang='lat' dir='ltr'><strong>detecto</strong></span> <span class='ocrx_word' id='word_1_783' title='bbox 2008 5474 2180 5542; x_wconf 86' lang='lat' dir='ltr'><strong>capite</strong></span> 
     </span>
    </p>
   </div>
   <div class='ocr_carea' id='block_1_105' title="bbox 609 5562 2178 5631">
    <p class='ocr_par' dir='ltr' id='par_1_105' title="bbox 609 5562 2178 5631">
     <span class='ocr_line' id='line_1_105' title="bbox 609 5562 2178 5631; baseline 0.006 -22"><span class='ocrx_word' id='word_1_784' title='bbox 609 5572 822 5614; x_wconf 87' lang='lat' dir='ltr'><strong>manum</strong></span> <span class='ocrx_word' id='word_1_785' title='bbox 864 5562 1131 5616; x_wconf 88' lang='lat' dir='ltr'><strong>sinistram</strong></span> <span class='ocrx_word' id='word_1_786' title='bbox 1167 5562 1405 5630; x_wconf 89' lang='lat' dir='ltr'><strong>producit</strong></span> <span class='ocrx_word' id='word_1_787' title='bbox 1437 5579 1529 5631; x_wconf 90' lang='lat' dir='ltr'><strong>per</strong></span> <span class='ocrx_word' id='word_1_788' title='bbox 1569 5563 1891 5619; x_wconf 88' lang='lat' dir='ltr'><strong>anteriorem</strong></span> <span class='ocrx_word' id='word_1_789' title='bbox 1939 5564 2178 5619; x_wconf 81' lang='lat' dir='ltr'><strong>ﬁssuram</strong></span> 
     </span>
    </p>
   </div>
   <div class='ocr_carea' id='block_1_106' title="bbox 608 5653 2181 5723">
    <p class='ocr_par' dir='ltr' id='par_1_106' title="bbox 608 5653 2181 5723">
     <span class='ocr_line' id='line_1_106' title="bbox 608 5653 2181 5723; baseline 0.004 -21"><span class='ocrx_word' id='word_1_790' title='bbox 608 5664 789 5717; x_wconf 77' lang='lat' dir='ltr'><strong>cappa:</strong></span> <span class='ocrx_word' id='word_1_791' title='bbox 818 5666 952 5717; x_wconf 74' lang='lat' dir='ltr'><strong>sure,</strong></span> <span class='ocrx_word' id='word_1_792' title='bbox 982 5668 1082 5722; x_wconf 87' lang='lat' dir='ltr'><strong>qua</strong></span> <span class='ocrx_word' id='word_1_793' title='bbox 1106 5653 1321 5709; x_wconf 84' lang='lat' dir='ltr'><strong>indutus</strong></span> <span class='ocrx_word' id='word_1_794' title='bbox 1347 5663 1430 5708; x_wconf 89' lang='lat' dir='ltr'><strong>cst</strong></span> <span class='ocrx_word' id='word_1_795' title='bbox 1453 5671 1465 5717; x_wconf 68' lang='grc' dir='ltr'><strong>ς</strong></span> <span class='ocrx_word' id='word_1_796' title='bbox 1495 5653 1766 5710; x_wconf 74' lang='lat' dir='ltr'><strong>dexteram</strong></span> <span class='ocrx_word' id='word_1_797' title='bbox 1799 5670 1925 5712; x_wconf 82' lang='lat' dir='ltr'><strong>vero</strong></span> <span class='ocrx_word' id='word_1_798' title='bbox 1948 5654 2181 5723; x_wconf 84' lang='lat' dir='ltr'><strong>proferat</strong></span> 
     </span>
    </p>
   </div>
   <div class='ocr_carea' id='block_1_107' title="bbox 2292 4551 3867 4621">
    <p class='ocr_par' dir='ltr' id='par_1_107' title="bbox 2292 4551 3867 4621">
     <span class='ocr_line' id='line_1_107' title="bbox 2292 4551 3867 4621; baseline 0.004 -17"><span class='ocrx_word' id='word_1_799' title='bbox 2292 4551 2487 4604; x_wconf 84' lang='lat' dir='ltr'><strong>dinalis</strong></span> <span class='ocrx_word' id='word_1_800' title='bbox 2518 4551 2797 4617; x_wconf 80' lang='lat' dir='ltr'><strong>praedictus</strong></span> <span class='ocrx_word' id='word_1_801' title='bbox 2823 4566 3035 4604; x_wconf 90' lang='lat' dir='ltr'><strong>manum</strong></span> <span class='ocrx_word' id='word_1_802' title='bbox 3062 4551 3179 4620; x_wconf 87' lang='lat' dir='ltr'><strong>ejus</strong></span> <span class='ocrx_word' id='word_1_803' title='bbox 3220 4554 3445 4607; x_wconf 89' lang='lat' dir='ltr'><strong>osculari</strong></span> <span class='ocrx_word' id='word_1_804' title='bbox 3478 4556 3649 4611; x_wconf 85' lang='lat' dir='ltr'><strong>debet</strong></span> <span class='ocrx_word' id='word_1_805' title='bbox 3674 4574 3692 4621; x_wconf 85' lang='lat'><strong>;</strong></span> <span class='ocrx_word' id='word_1_806' title='bbox 3722 4569 3778 4612; x_wconf 91' lang='lat' dir='ltr'><strong>et</strong></span> <span class='ocrx_word' id='word_1_807' title='bbox 3806 4558 3867 4610; x_wconf 67' lang='lat' dir='ltr'><strong>si.</strong></span> 
     </span>
    </p>
   </div>
   <div class='ocr_carea' id='block_1_108' title="bbox 2294 4641 3864 4717">
    <p class='ocr_par' dir='ltr' id='par_1_108' title="bbox 2294 4641 3864 4717">
     <span class='ocr_line' id='line_1_108' title="bbox 2294 4641 3864 4717; baseline 0.001 -23"><span class='ocrx_word' id='word_1_808' title='bbox 2294 4641 2490 4695; x_wconf 83' lang='lat' dir='ltr'><strong>niiliter</strong></span> <span class='ocrx_word' id='word_1_809' title='bbox 2521 4642 2680 4693; x_wconf 68' lang='lat' dir='ltr'><strong>faciat</strong></span> <span class='ocrx_word' id='word_1_810' title='bbox 2719 4643 2930 4709; x_wconf 90' lang='lat' dir='ltr'><strong>quando</strong></span> <span class='ocrx_word' id='word_1_811' title='bbox 2962 4643 3197 4709; x_wconf 83' lang='lat' dir='ltr'><strong>pontifex</strong></span> <span class='ocrx_word' id='word_1_812' title='bbox 3222 4646 3469 4699; x_wconf 84' lang='lat' dir='ltr'><strong>coclilear</strong></span> <span class='ocrx_word' id='word_1_813' title='bbox 3504 4648 3691 4715; x_wconf 86' lang='lat' dir='ltr'><strong>ipsum</strong></span> <span class='ocrx_word' id='word_1_814' title='bbox 3722 4662 3864 4717; x_wconf 75' lang='lat' dir='ltr'><strong>repp.</strong></span> 
     </span>
    </p>
   </div>
   <div class='ocr_carea' id='block_1_109' title="bbox 2294 4732 3867 4805">
    <p class='ocr_par' dir='ltr' id='par_1_109' title="bbox 2294 4732 3867 4805">
     <span class='ocr_line' id='line_1_109' title="bbox 2294 4732 3867 4805; baseline 0.006 -20"><span class='ocrx_word' id='word_1_815' title='bbox 2294 4734 2371 4786; x_wconf 93' lang='lat' dir='ltr'><strong>uit</strong></span> <span class='ocrx_word' id='word_1_816' title='bbox 2407 4734 2458 4786; x_wconf 93' lang='lat' dir='ltr'><strong>in</strong></span> <span class='ocrx_word' id='word_1_817' title='bbox 2498 4732 2821 4786; x_wconf 87' lang='lat' dir='ltr'><strong>naviculam.</strong></span> <span class='ocrx_word' id='word_1_818' title='bbox 2858 4733 2966 4788; x_wconf 87' lang='lat' dir='ltr'><strong>Hoc</strong></span> <span class='ocrx_word' id='word_1_819' title='bbox 2998 4735 3142 4788; x_wconf 90' lang='lat' dir='ltr'><strong>enim</strong></span> <span class='ocrx_word' id='word_1_820' title='bbox 3176 4738 3495 4805; x_wconf 85' lang='lat' dir='ltr'><strong>regulariter</strong></span> <span class='ocrx_word' id='word_1_821' title='bbox 3532 4742 3867 4804; x_wconf 70' lang='lat' dir='ltr'><strong>observatur.</strong></span> 
     </span>
    </p>
   </div>
   <div class='ocr_carea' id='block_1_110' title="bbox 2289 4824 3867 4896">
    <p class='ocr_par' dir='ltr' id='par_1_110' title="bbox 2289 4824 3867 4896">
     <span class='ocr_line' id='line_1_110' title="bbox 2289 4824 3867 4896; baseline 0.007 -20"><span class='ocrx_word' id='word_1_822' title='bbox 2289 4824 2499 4894; x_wconf 91' lang='lat' dir='ltr'><strong>quando</strong></span> <span class='ocrx_word' id='word_1_823' title='bbox 2527 4825 2825 4893; x_wconf 90' lang='lat' dir='ltr'><strong>quicunque</strong></span> <span class='ocrx_word' id='word_1_824' title='bbox 2853 4825 3142 4880; x_wconf 87' lang='lat' dir='ltr'><strong>cardinalis</strong></span> <span class='ocrx_word' id='word_1_825' title='bbox 3171 4828 3366 4896; x_wconf 87' lang='lat' dir='ltr'><strong>aliquid</strong></span> <span class='ocrx_word' id='word_1_826' title='bbox 3397 4830 3570 4884; x_wconf 85' lang='lat' dir='ltr'><strong>tradit</strong></span> <span class='ocrx_word' id='word_1_827' title='bbox 3609 4833 3663 4885; x_wconf 92' lang='lat' dir='ltr'><strong>iu</strong></span> <span class='ocrx_word' id='word_1_828' title='bbox 3689 4849 3867 4887; x_wconf 75' lang='lat' dir='ltr'><strong>manus</strong></span> 
     </span>
    </p>
   </div>
   <div class='ocr_carea' id='block_1_111' title="bbox 2291 4915 3867 4988">
    <p class='ocr_par' dir='ltr' id='par_1_111' title="bbox 2291 4915 3867 4988">
     <span class='ocr_line' id='line_1_111' title="bbox 2291 4915 3867 4988; baseline 0.008 -21"><span class='ocrx_word' id='word_1_829' title='bbox 2291 4915 2577 4984; x_wconf 88' lang='lat' dir='ltr'><strong>pontiﬁcis,</strong></span> <span class='ocrx_word' id='word_1_830' title='bbox 2605 4916 2684 4968; x_wconf 86' lang='lat' dir='ltr'><strong>vel</strong></span> <span class='ocrx_word' id='word_1_831' title='bbox 2722 4916 2910 4983; x_wconf 88' lang='lat' dir='ltr'><strong>recipit</strong></span> <span class='ocrx_word' id='word_1_832' title='bbox 2942 4919 3009 4970; x_wconf 91' lang='lat' dir='ltr'><strong>de</strong></span> <span class='ocrx_word' id='word_1_833' title='bbox 3054 4933 3214 4972; x_wconf 86' lang='lat' dir='ltr'><strong>mann</strong></span> <span class='ocrx_word' id='word_1_834' title='bbox 3253 4919 3438 4988; x_wconf 89' lang='lat' dir='ltr'><strong>ipsius,</strong></span> <span class='ocrx_word' id='word_1_835' title='bbox 3479 4936 3707 4978; x_wconf 86' lang='lat' dir='ltr'><strong>manum</strong></span> <span class='ocrx_word' id='word_1_836' title='bbox 3737 4942 3867 4979; x_wconf 77' lang='lat' dir='ltr'><strong>eam~</strong></span> 
     </span>
    </p>
   </div>
   <div class='ocr_carea' id='block_1_112' title="bbox 2293 5008 3205 5063">
    <p class='ocr_par' dir='ltr' id='par_1_112' title="bbox 2293 5008 3205 5063">
     <span class='ocr_line' id='line_1_112' title="bbox 2293 5008 3205 5063; baseline -0.001 -1"><span class='ocrx_word' id='word_1_837' title='bbox 2293 5008 2414 5063; x_wconf 88' lang='lat' dir='ltr'><strong>dem</strong></span> <span class='ocrx_word' id='word_1_838' title='bbox 2448 5017 2754 5061; x_wconf 88' lang='lat' dir='ltr'><strong>reverenter</strong></span> <span class='ocrx_word' id='word_1_839' title='bbox 2779 5008 3004 5062; x_wconf 70' lang='lat' dir='ltr'><strong>osculari</strong></span> <span class='ocrx_word' id='word_1_840' title='bbox 3028 5008 3205 5063; x_wconf 84' lang='lat' dir='ltr'><strong>debet.</strong></span> 
     </span>
    </p>
   </div>
   <div class='ocr_carea' id='block_1_113' title="bbox 2370 5098 3866 5172">
    <p class='ocr_par' dir='ltr' id='par_1_113' title="bbox 2370 5098 3866 5172">
     <span class='ocr_line' id='line_1_113' title="bbox 2370 5098 3866 5172; baseline 0.005 -20"><span class='ocrx_word' id='word_1_841' title='bbox 2370 5099 2493 5154; x_wconf 83' lang='lat' dir='ltr'><strong>Post</strong></span> <span class='ocrx_word' id='word_1_842' title='bbox 2521 5098 2634 5151; x_wconf 64' lang='lat' dir='ltr'><strong>haec</strong></span> <span class='ocrx_word' id='word_1_843' title='bbox 2669 5099 2714 5152; x_wconf 89' lang='lat' dir='ltr'><strong>si</strong></span> <span class='ocrx_word' id='word_1_844' title='bbox 2744 5100 3017 5155; x_wconf 82' lang='lat' dir='ltr'><strong>Processio</strong></span> <span class='ocrx_word' id='word_1_845' title='bbox 3045 5100 3286 5155; x_wconf 86' lang='lat' dir='ltr'><strong>facienda</strong></span> <span class='ocrx_word' id='word_1_846' title='bbox 3329 5110 3432 5169; x_wconf 85' lang='lat' dir='ltr'><strong>est,</strong></span> <span class='ocrx_word' id='word_1_847' title='bbox 3475 5102 3734 5158; x_wconf 85' lang='lat' dir='ltr'><strong>ordinata</strong></span> <span class='ocrx_word' id='word_1_848' title='bbox 3770 5108 3866 5172; x_wconf 78' lang='lat' dir='ltr'><strong>ipsa</strong></span> 
     </span>
    </p>
   </div>
   <div class='ocr_carea' id='block_1_114' title="bbox 2289 5193 3867 5263">
    <p class='ocr_par' dir='ltr' id='par_1_114' title="bbox 2289 5193 3867 5263">
     <span class='ocr_line' id='line_1_114' title="bbox 2289 5193 3867 5263; baseline 0.002 -14"><span class='ocrx_word' id='word_1_849' title='bbox 2289 5193 2635 5249; x_wconf 85' lang='lat' dir='ltr'><strong>Processione</strong></span> <span class='ocrx_word' id='word_1_850' title='bbox 2680 5209 2772 5261; x_wconf 91' lang='lat' dir='ltr'><strong>per</strong></span> <span class='ocrx_word' id='word_1_851' title='bbox 2821 5194 2966 5263; x_wconf 91' lang='lat' dir='ltr'><strong>ipsos</strong></span> <span class='ocrx_word' id='word_1_852' title='bbox 3014 5208 3240 5262; x_wconf 92' lang='lat' dir='ltr'><strong>quorum</strong></span> <span class='ocrx_word' id='word_1_853' title='bbox 3298 5194 3541 5261; x_wconf 82' lang='lat' dir='ltr'><strong>intereSI,</strong></span> <span class='ocrx_word' id='word_1_854' title='bbox 3590 5198 3867 5252; x_wconf 69' lang='lat' dir='ltr'><strong>cardinalis</strong></span> 
     </span>
    </p>
   </div>
   <div class='ocr_carea' id='block_1_115' title="bbox 2288 5286 3866 5357">
    <p class='ocr_par' dir='ltr' id='par_1_115' title="bbox 2288 5286 3866 5357">
     <span class='ocr_line' id='line_1_115' title="bbox 2288 5286 3866 5357; baseline 0.003 -19"><span class='ocrx_word' id='word_1_855' title='bbox 2288 5286 2399 5354; x_wconf 77' lang='lat' dir='ltr'><strong>ipse</strong></span> <span class='ocrx_word' id='word_1_856' title='bbox 2442 5287 2713 5353; x_wconf 73' lang='lat' dir='ltr'><strong>prtecedit,</strong></span> <span class='ocrx_word' id='word_1_857' title='bbox 2753 5286 2797 5338; x_wconf 90' lang='lat' dir='ltr'><strong>si</strong></span> <span class='ocrx_word' id='word_1_858' title='bbox 2835 5296 2917 5340; x_wconf 91' lang='lat' dir='ltr'><strong>est</strong></span> <span class='ocrx_word' id='word_1_859' title='bbox 2940 5286 3240 5355; x_wconf 84' lang='lat' dir='ltr'><strong>episcopus,</strong></span> <span class='ocrx_word' id='word_1_860' title='bbox 3272 5301 3392 5341; x_wconf 91' lang='lat' dir='ltr'><strong>cum</strong></span> <span class='ocrx_word' id='word_1_861' title='bbox 3423 5288 3547 5340; x_wconf 87' lang='lat' dir='ltr'><strong>aliis</strong></span> <span class='ocrx_word' id='word_1_862' title='bbox 3581 5289 3866 5357; x_wconf 72' lang='lat' dir='ltr'><strong>episcopis.</strong></span> 
     </span>
    </p>
   </div>
   <div class='ocr_carea' id='block_1_116' title="bbox 2288 5378 3865 5447">
    <p class='ocr_par' dir='ltr' id='par_1_116' title="bbox 2288 5378 3865 5447">
     <span class='ocr_line' id='line_1_116' title="bbox 2288 5378 3865 5447; baseline 0.001 -15"><span class='ocrx_word' id='word_1_863' title='bbox 2288 5378 2514 5432; x_wconf 87' lang='lat' dir='ltr'><strong>tenendo</strong></span> <span class='ocrx_word' id='word_1_864' title='bbox 2539 5378 2713 5431; x_wconf 90' lang='lat' dir='ltr'><strong>locum</strong></span> <span class='ocrx_word' id='word_1_865' title='bbox 2735 5393 2889 5447; x_wconf 88' lang='lat' dir='ltr'><strong>quem</strong></span> <span class='ocrx_word' id='word_1_866' title='bbox 2911 5380 3045 5433; x_wconf 84' lang='lat' dir='ltr'><strong>alias</strong></span> <span class='ocrx_word' id='word_1_867' title='bbox 3069 5389 3253 5432; x_wconf 90' lang='lat' dir='ltr'><strong>tenere</strong></span> <span class='ocrx_word' id='word_1_868' title='bbox 3273 5379 3433 5432; x_wconf 90' lang='lat' dir='ltr'><strong>debet</strong></span> <span class='ocrx_word' id='word_1_869' title='bbox 3458 5395 3472 5437; x_wconf 87' lang='lat'><strong>;</strong></span> <span class='ocrx_word' id='word_1_870' title='bbox 3495 5380 3544 5431; x_wconf 86' lang='lat' dir='ltr'><strong>si</strong></span> <span class='ocrx_word' id='word_1_871' title='bbox 3569 5395 3707 5434; x_wconf 89' lang='lat' dir='ltr'><strong>vero</strong></span> <span class='ocrx_word' id='word_1_872' title='bbox 3731 5394 3865 5445; x_wconf 57' lang='lat' dir='ltr'><strong>pres</strong></span> 
     </span>
    </p>
   </div>
   <div class='ocr_carea' id='block_1_117' title="bbox 2289 5468 3865 5540">
    <p class='ocr_par' dir='ltr' id='par_1_117' title="bbox 2289 5468 3865 5540">
     <span class='ocr_line' id='line_1_117' title="bbox 2289 5468 3865 5540; baseline -0.003 -16"><span class='ocrx_word' id='word_1_873' title='bbox 2289 5471 2439 5540; x_wconf 88' lang='lat' dir='ltr'><strong>byter</strong></span> <span class='ocrx_word' id='word_1_874' title='bbox 2466 5478 2567 5535; x_wconf 89' lang='lat' dir='ltr'><strong>est,</strong></span> <span class='ocrx_word' id='word_1_875' title='bbox 2598 5470 2861 5536; x_wconf 67' lang='lat' dir='ltr'><strong>praecedat</strong></span> <span class='ocrx_word' id='word_1_876' title='bbox 2892 5469 3036 5535; x_wconf 89' lang='lat' dir='ltr'><strong>prius</strong></span> <span class='ocrx_word' id='word_1_877' title='bbox 3077 5484 3265 5522; x_wconf 87' lang='lat' dir='ltr'><strong>omnes</strong></span> <span class='ocrx_word' id='word_1_878' title='bbox 3302 5469 3660 5539; x_wconf 85' lang='lat' dir='ltr'><strong>presbyteros</strong></span> <span class='ocrx_word' id='word_1_879' title='bbox 3694 5468 3865 5523; x_wconf 79' lang='lat' dir='ltr'><strong>cardi-</strong></span> 
     </span>
    </p>
   </div>
   <div class='ocr_carea' id='block_1_118' title="bbox 2288 5557 3861 5630">
    <p class='ocr_par' dir='ltr' id='par_1_118' title="bbox 2288 5557 3861 5630">
     <span class='ocr_line' id='line_1_118' title="bbox 2288 5557 3861 5630; baseline -0.003 -17"><span class='ocrx_word' id='word_1_880' title='bbox 2288 5560 2457 5624; x_wconf 89' lang='lat' dir='ltr'><strong>nales,</strong></span> <span class='ocrx_word' id='word_1_881' title='bbox 2490 5560 2639 5630; x_wconf 90' lang='lat' dir='ltr'><strong>quasi</strong></span> <span class='ocrx_word' id='word_1_882' title='bbox 2681 5576 2815 5613; x_wconf 88' lang='lat' dir='ltr'><strong>unus</strong></span> <span class='ocrx_word' id='word_1_883' title='bbox 2845 5575 2908 5611; x_wconf 83' lang='lat' dir='ltr'><strong>ex</strong></span> <span class='ocrx_word' id='word_1_884' title='bbox 2947 5557 3250 5626; x_wconf 87' lang='lat' dir='ltr'><strong>junioribus</strong></span> <span class='ocrx_word' id='word_1_885' title='bbox 3281 5559 3552 5628; x_wconf 85' lang='lat' dir='ltr'><strong>episcopis</strong></span> <span class='ocrx_word' id='word_1_886' title='bbox 3582 5560 3861 5613; x_wconf 75' lang='lat' dir='ltr'><strong>cardinali-</strong></span> 
     </span>
    </p>
   </div>
   <div class='ocr_carea' id='block_1_119' title="bbox 2291 5651 3863 5720">
    <p class='ocr_par' dir='ltr' id='par_1_119' title="bbox 2291 5651 3863 5720">
     <span class='ocr_line' id='line_1_119' title="bbox 2291 5651 3863 5720; baseline -0.002 -11"><span class='ocrx_word' id='word_1_887' title='bbox 2291 5656 2405 5710; x_wconf 88' lang='lat' dir='ltr'><strong>bus.</strong></span> <span class='ocrx_word' id='word_1_888' title='bbox 2435 5655 2522 5711; x_wconf 87' lang='lat' dir='ltr'><strong>Sic</strong></span> <span class='ocrx_word' id='word_1_889' title='bbox 2552 5667 2725 5709; x_wconf 88' lang='lat' dir='ltr'><strong>autem</strong></span> <span class='ocrx_word' id='word_1_890' title='bbox 2757 5651 3020 5720; x_wconf 67' lang='lat' dir='ltr'><strong>praecedat</strong></span> <span class='ocrx_word' id='word_1_891' title='bbox 3045 5666 3164 5705; x_wconf 86' lang='lat' dir='ltr'><strong>cum</strong></span> <span class='ocrx_word' id='word_1_892' title='bbox 3192 5651 3308 5705; x_wconf 90' lang='lat' dir='ltr'><strong>aliis</strong></span> <span class='ocrx_word' id='word_1_893' title='bbox 3344 5651 3719 5706; x_wconf 73' lang='lat' dir='ltr'><strong>cardinalibus</strong></span> <span class='ocrx_word' id='word_1_894' title='bbox 3761 5654 3863 5719; x_wconf 68' lang='lat' dir='ltr'><strong>ipss</strong></span> 
     </span>
    </p>
   </div>
   <div class='ocr_carea' id='block_1_120' title="bbox 3962 386 3967 413">
    <p class='ocr_par' dir='ltr' id='par_1_120' title="bbox 3962 386 3967 413">
     <span class='ocr_line' id='line_1_120' title="bbox 3962 386 3967 413; baseline 0 0"><span class='ocrx_word' id='word_1_895' title='bbox 3962 386 3967 413; x_wconf 77' lang='lat' dir='ltr'><strong>i</strong></span> 
     </span>
    </p>
   </div>
  </div>
