4006 6296
248 317 380 371 1149

1416 326 1672 382 ROMANI
1716 283 2032 383 ORDlNIaSi
2074 358 2144 368 —
2185 330 2316 382 XIV.

3362 348 3496 399 Ηὸυ

242 454 324 501 qui
356 438 539 489 servit.
572 436 741 491 donec
773 438 835 490 ad
862 440 1026 493 altare
1051 442 1361 505 perveniant
1386 459 1398 503 ;
1430 454 1482 497 et
1506 444 1653 512 juxta
1678 444 1807 496 dex-
1839 449 1885 502 Α
1912 454 2078 508 stans,
2105 449 2147 498 si
2178 446 2408 515 pontifex
2434 460 2575 515 Stat;
2601 461 2686 505 aut
2714 454 2907 508 sedens
2930 456 2979 506 in
3004 458 3177 526 aliquo
3205 470 3327 526 apto
3356 462 3493 526 loco,

244 538 378 580 trum
433 543 597 580 cornu
641 529 824 583 altaris
872 542 1165 599 exspectet,
1213 534 1384 591 donec
1434 537 1666 603 pontifex
1699 536 1814 605 ipse

244 620 518 685 perveniat
546 619 609 671 ad
636 621 822 674 altare.
856 622 1006 686 Quod
1032 625 1073 679 si
1114 626 1227 679 dies
1264 628 1673 693 processionalis
1709 645 1813 683 non

241 718 340 773 est,
374 709 470 763 sed
504 710 625 761 talis
666 710 716 762 in
740 725 840 778 qua
872 716 1099 777 pontifex
1144 731 1307 783 prope
1337 719 1503 771 altare
1531 720 1699 773 sacris
1724 719 1816 771 in-

240 798 460 862 duitur;
503 809 781 867 postquam
830 803 1119 857 carilinalis
1164 805 1277 871 ipse
1324 808 1558 873 pontiﬁci
1608 809 1816 863 dederit

243 887 517 951 annulum,
548 891 725 941 statim
758 892 931 943 veniat
963 893 1026 943 ad
1054 897 1297 948 dextrum
1329 910 1494 950 cornu
1524 898 1731 965 altaris,
1761 908 1815 952 et

236 988 507 1044 exspectet
535 979 695 1048 283
724 980 1049 1045 pontificem,
1081 992 1141 1033 ut
1173 983 1374 1036 dictum
1414 994 1516 1039 est.
1558 986 1813 1043 Veniente

239 1078 416 1122 autem
442 1068 690 1134 pontiﬁve
713 1069 778 1122 ad
806 1072 991 1131 altare,
1014 1080 1069 1123 et
1093 1072 1389 1127 astantibus
1411 1075 1582 1127 eidem
1605 1076 1812 1131 duobus

236 1161 547 1215 diaconibus
600 1161 723 1215 hinc
751 1171 804 1217 et
854 1162 999 1225 inde,
1041 1164 1323 1230 episcopus
1369 1166 1483 1219 sive
1530 1167 1811 1238 presbyter

234 1250 526 1305 cardinalis
553 1250 642 1320 qui
669 1249 854 1311 servit.
880 1261 1022 1304 stare
1047 1252 1205 1306 debet
1234 1254 1378 1319 juxta
1417 1255 1696 1308 diaconum
1720 1257 1809 1325 qui

234 1347 315 1393 est
339 1339 405 1392 ad
428 1341 673 1395 dextram
696 1341 983 1409 pontiﬁcis,
1006 1342 1177 1397 donec
1202 1345 1312 1410 ipse
1335 1344 1569 1413 pontifex
1598 1345 1809 1403 confes-

232 1432 436 1483 sionem
488 1441 543 1486 et
581 1432 970 1487 absolutionem
1019 1435 1385 1502 compleverit.
1433 1438 1489 1491 In
1538 1438 1641 1492 fine
1680 1453 1808 1493 vero

231 1518 582 1573 absolutionis
628 1522 856 1589 accipiat
896 1522 1147 1577 dominus
1193 1524 1477 1579 eardinalis
1521 1526 1589 1580 de
1646 1542 1805 1581 manu

230 1607 466 1675 πριιιιιὶ
494 1610 793 1663 naviculam
831 1626 951 1664 cum
1000 1612 1176 1677 thure,
1218 1624 1273 1669 et
1313 1615 1505 1669 oﬁerat
1546 1615 1802 1684 pontiﬁci,

231 1708 287 1750 nt
317 1702 440 1752 thus
467 1697 519 1751 in
548 1700 817 1753 tburibulo
847 1711 1003 1767 ponat
1030 1702 1177 1770 juxta
1201 1705 1417 1757 modum
1437 1705 1527 1773 qui
1555 1706 1804 1774 superius

1918 538 1960 589 si
1987 538 2220 603 pnutifex
2251 540 2452 595 sedeat.
2500 542 2563 596 Et
2593 542 2731 598 facto
2769 560 3041 608 sermone.
3070 565 3189 603 cum
3224 553 3337 616 ipso
3360 566 3493 618 pott-

1920 627 2061 681 tiﬁce
2088 631 2271 683 redeat
2296 632 2358 681 ad
2392 633 2571 686 sedem
2601 635 2785 701 ipsius,
2837 639 3143 705 praecedens
3182 618 3377 708 ipsum.
3434 644 3493 696 Si

1917 727 2089 772 autem
2120 721 2232 787 ipse
2260 722 2348 789 qui
2382 724 2543 777 servit
2571 740 2873 780 sermonem
2915 728 3150 783 facturus
3178 738 3289 795 est,
3352 739 3498 799 post-

1916 827 2073 881 quam
2102 813 2395 875 incensavit
2436 815 2764 880 pontiﬁcem,
2795 833 2932 886 genu
2977 819 3115 873 flexo
3152 829 3277 874 ante
3323 823 3491 889 ipsum

1914 907 2181 960 osculatur
2209 908 2394 975 pedem
2423 910 2559 977 ejus,
2604 921 2656 963 et
2685 921 2828 977 petat
2860 913 3286 967 Benedictionem
3311 914 3496 971 dicens

1912 996 2066 1060 lube,
2100 1001 2305 1064 domne,
2330 999 2634 1054 benedicere.
2662 1001 2889 1069 Recepta
2917 1003 3311 1072 Benedictione,
3334 1020 3492 1060 reve-

1915 1099 2093 1142 renter
2142 1099 2345 1158 quaerat
2400 1107 2428 1143 a
2484 1094 2731 1157 jo:itiﬁee
2787 1105 3035 1161 quantam
3107 1096 3489 1165 indulgentiam

1913 1179 2119 1245 placeat
2163 1180 2212 1232 ei
2260 1180 2584 1243 concedere;
2634 1192 2688 1235 et
2740 1182 2919 1236 audito
2965 1185 3296 1253 beneplacito
3351 1187 3492 1253 ejus,

1912 1277 2098 1335 pergat
2124 1269 2187 1320 ad
2219 1269 2390 1322 locum
2435 1269 2519 1323 tibi
2554 1271 2843 1337 pra'dicare
2868 1272 3044 1337 debet,
3071 1284 3125 1327 et
3148 1285 3493 1342 prosequatur

1911 1372 2219 1412 sermonem
2247 1374 2419 1412 suum.
2467 1362 2583 1423 Quo
2624 1362 2796 1428 ﬁnito,
2829 1374 3039 1417 maneat
3070 1365 3122 1417 in
3142 1366 3328 1417 eodem
3352 1367 3491 1431 loco,

1910 1447 2081 1501 donec
2127 1447 2263 1501 facta
2294 1449 2365 1502 sit
2395 1449 2659 1503 confessio
2701 1466 2794 1519 per
2820 1451 3101 1505 diae0num
3130 1454 3488 1521 cardinalem;

1909 1548 1962 1593 et
2004 1546 2132 1591 tunc
2174 1546 2455 1607 antequam
2502 1540 2736 1608 pontifex
2762 1542 2853 1594 det
2887 1542 3293 1607 absolutionem,
3320 1545 3494 1599 dictus

1915 1628 2199 1684 cardinalis
2232 1630 2320 1698 qui
2351 1630 2746 1698 prtedicaverit,
2786 1634 3065 1687 annuntiet
3110 1632 3489 1701 indulgentiam

1908 1718 2103 1776 talibus
2131 1720 2214 1772 vel
2243 1719 2507 1774 similibus
2537 1722 2710 1777 verbis
2743 1740 2755 1774 :
2796 1722 3044 1777 Dominus
3073 1740 3299 1776 summus
3320 1727 3489 1793 ponti-

230 1792 465 1857 νυηίιυτ·
504 1790 703 1846 Dein“
752 1793 1039 1847 επάίηθίῖδ
1088 1795 1200 1862 ipse
1241 1799 1398 1850 vadi“
1423 1807 1481 1852 ει
1525 1807 1801 1867 θιερθειθι
1832 1789 1873 1846 Β
1902 1810 1986 1877 {ex
2014 1810 2318 1863 auctoritate
2344 1811 2701 1879 omnipotentis
2741 1812 2834 1865 Dt-i
2876 1821 2920 1865 et
2959 1814 3218 1865 beatorum
3260 1789 3404 1868 Petri
3441 1825 3489 1870 et

228 1880 533 1946 pontiﬁcem
559 1882 709 1950 juxta
748 1883 930 1936 sedem
963 1884 1061 1952 ipsi
1095 1886 1329 1953 pontifici
1361 1902 1709 1955 praeparatam
1747 1891 1799 1942 in

229 1973 412 2025 dextra
444 1972 561 2041 ejus
601 1983 769 2039 parte.
800 1973 1041 2042 Cumque
1069 1977 1302 2044 pontifex
1332 1979 1395 2030 ad
1438 1978 1684 2032 eamdem
1714 1994 1801 2033 se-

226 2065 345 2115 dem
371 2064 610 2126 venerit,
642 2066 898 2119 ascendat
926 2065 1103 2120 dictus
1130 2068 1438 2135 eardinalis,
1466 2077 1521 2122 et
1541 2070 1800 2123 assistens

230 2154 277 2205 ei
309 2168 373 2206 ex
405 2154 788 2221 parte‘dextra,
821 2155 962 2208 dit-at
990 2171 1110 2210 cum
1151 2158 1269 2224 ipso
1308 2158 1586 2213 lntroitum
1625 2160 1799 2214 Missa:

224 2254 272 2297 et
304 2244 348 2296 Κ
355 2249 487 2314 yrie,
513 2247 720 2313 eleison,
750 2248 991 2317 legendo.
1020 2249 1218 2304 Deinde
1245 2250 1397 2304 vadat
1416 2253 1482 2304 ad
1502 2252 1797 2306 sedendum

222 2333 276 2386 in
309 2334 428 2388 loeti
459 2350 577 2387 suo.

293 2424 580 2477 Sciendum
610 2440 737 2477 vero
767 2434 849 2479 est
876 2427 1014 2494 quod
1057 2425 1345 2479 cardinalis
1384 2426 1472 2494 qui
1522 2426 1688 2481 servit
1741 2427 1796 2480 in

224 2517 342 2569 loco
370 2518 657 2582 capellani,
697 2519 740 2572 si
778 2528 862 2571 est
907 2520 1211 2587 episcopus,
1252 2516 1599 2573 faldistorium
1643 2533 1796 2571 suum

222 2608 419 2661 habere
464 2610 622 2661 debet
663 2610 727 2660 ad
773 2609 1049 2662 dexteram
1094 2622 1294 2676 partem
1339 2609 1482 2663 sedis
1532 2608 1798 2677 przcdicta:

219 2715 380 2765 super
403 2701 533 2753 alios
562 2700 843 2767 episcopos
868 2700 1165 2753 cardinales
1190 2700 1278 2768 qui
1309 2700 1496 2753 sedent
1533 2698 1585 2753 in
1610 2698 1795 2752 eadem

219 2802 400 2856 parte;
434 2791 479 2845 si
508 2801 684 2843 autem
716 2792 992 2859 presbyter
1014 2801 1118 2855 est,
1150 2805 1250 2843 no-t
1282 2790 1440 2843 di‘bet
1471 2792 1665 2843 habere
1696 2790 1797 2841 lal-

218 2882 516 2945 disiorium,
550 2882 642 2935 sed
676 2882 848 2934 locum
897 2883 1113 2935 habent
1150 2890 1274 2933 ante
1319 2879 1479 2943 iedes
1537 2878 1797 2945 pontiﬁcis

219 2976 272 3029 in
305 2976 522 3029 dextera
558 2986 706 3040 parte
728 2976 882 3043 juxta
908 2975 1042 3028 duos
1076 2974 1328 3027 diaconus
1365 2973 1661 3026 cardinales
1705 2971 1794 3040 qui

217 3067 390 3121 cidem
419 3067 650 3134 pontifici
675 3069 950 3120 assistunt.
1005 3066 1246 3134 Cumque
1276 3065 1507 3131 pontifex
1538 3066 1795 3132 incmptu-

1904 1899 2058 1953 Pauli
2087 1902 2436 1967 apostolorum
2476 1904 2586 1971 ejus
2625 1912 2670 1954 et
2700 1920 2813 1967 sua,
2846 1905 3073 1957 omnibus
3103 1921 3214 1957 vere
3245 1908 3489 1971 perniten-

1902 1991 2033 2043 tt'bus
2072 2000 2117 2043 ct
2160 1992 2403 2057 catifeuis
2432 1994 2660 2045 concedit
2705 1994 3072 2063 indulgentiam
3108 1998 3260 2049 unius
3288 1998 3414 2049 anni
3439 2004 3487 2050 et

1899 2081 2235 2150 quadraginta
2257 2082 2475 2147 dierum,
2502 2082 2583 2136 vel
2611 2082 2743 2148 plus,
2772 2083 2910 2136 sicut
2936 2085 3169 2150 pontiﬁci
3199 2086 3479 2150 placuerit;

1899 2180 1952 2226 et
1980 2180 2373 2240 consequenter
2399 2172 2519 2224 data
2543 2174 2872 2226 absolu'ione
2906 2191 2998 2241 per
3021 2176 3346 2241 pontificem,
3371 2177 3482 2244 ipso

1901 2262 2191 2315 cardinalis
2233 2262 2415 2315 redeat
2445 2263 2508 2315 ad
2537 2279 2680 2325 eum,
2709 2273 2763 2317 et
2785 2264 2965 2317 dicens
2997 2264 3179 2328 Credo,
3221 2265 3265 2317 si
3300 2268 3478 2320 dicen-

1898 2353 2023 2406 dum
2064 2362 2168 2417 est,
2196 2352 2404 2405 assistat
2436 2364 2488 2405 et
2520 2367 2868 2421 prosequatur
2896 2369 3015 2407 cum
3045 2370 3109 2407 eo
3136 2354 3472 2423 Symbolum,

1900 2453 1951 2493 et
1972 2441 2188 2505 sedeat;
2220 2450 2272 2493 et
2293 2450 2503 2494 cantato
2531 2440 2785 2510 Symbnlo
2811 2451 2989 2511 surgat
3017 2451 3071 2496 et
3099 2443 3315 2496 assistat
3344 2458 3480 2511 pou-

1902 2532 2029 2585 tiﬁci
2054 2530 2251 2585 dicenti
2279 2531 2525 2584 Dominus
2556 2534 2828 2586 vobiscum.

1971 2623 2162 2677 Postea
2209 2623 2475 2678 residente
2520 2637 2606 2687 eo,
2659 2622 2934 2692 acolythus
2973 2636 3132 2689 super
3160 2620 3325 2689 ipsius
3352 2634 3464 2688 gre-

1900 2714 2061 2765 mium
2084 2712 2243 2767 debet
2262 2712 2555 2765 exteadere
2578 2711 2836 2765 tobaleam
2857 2725 2949 2764 seu
2967 2725 3232 2779 mappam,
3258 2717 3312 2761 et
3330 2724 3483 2761 amo»

1900 2820 2027 2859 vere
2050 2804 2391 2857 cbirothecas
2417 2803 2552 2870 ejus,
2583 2810 2761 2855 amoto
2791 2803 2932 2868 prius
2960 2800 3157 2853 annulo
3184 2798 3469 2867 pontificali

1898 2895 1966 2949 de
2008 2894 2174 2964 digito
2213 2895 2481 2963 pontificis
2526 2909 2619 2959 per
2662 2893 2983 2948 cardinalem
3016 2891 3345 2957 praedictum,
3384 2890 3472 2958 qui

1900 3002 2021 3040 eum
2050 3000 2267 3039 servare
2293 2985 2448 3038 debet
2470 2985 2708 3037 immisso
2728 2984 2885 3035 alicui
2908 2982 3074 3049 digito
3098 2996 3229 3041 suo;
3256 2991 3309 3035 et
3338 2994 3478 3049 genu

1902 3078 2049 3131 flexo
2074 3090 2103 3128 a
2134 3076 2351 3129 dextera
2383 3082 2528 3141 parte
2562 3072 2841 3140 pOntificis,
2895 3073 3054 3125 debet
3104 3079 3287 3124 tenere
3321 3069 3475 3123 toba-

217 3175 307 3213 rus
336 3170 421 3213 est
444 3158 706 3228 llymnum
739 3157 1073 3223 Angelicnm,
1103 3155 1267 3222 surgit
1300 3154 1470 3209 diezus
1512 3152 1795 3206 cardinatis

1903 3164 2037 3220 leam
2068 3166 2321 3218 decenter
2364 3161 2666 3216 obvolutam
2697 3162 2835 3215 circa
2864 3160 3160 3227 juncmram
3194 3158 3395 3214 brachii
3417 3168 3473 3212 et

215 3251 304 3316 qui
338 3251 522 3317 servit,
554 3260 607 3303 et
626 3250 838 3303 assistat
858 3247 1113 3316 pontiﬁci,
1139 3255 1193 3299 et
1220 3255 1569 3315 prosequatur
1593 3264 1603 3292 ι
1625 3259 1709 3295 nm
1730 3258 1796 3296 eo

217 3341 484 3410 llymnum
518 3339 851 3408 praedictum,
894 3348 947 3392 et
995 3337 1186 3390 deinde
1214 3336 1398 3390 sedeat
1435 3337 1487 3388 iu
1520 3340 1635 3388 loro
1676 3348 1790 3387 suo.

214 3434 347 3487 Cum
376 3444 552 3487 autem
583 3434 822 3488 dicturus
846 3441 925 3489 est
959 3431 1191 3498 pontifex
1227 3429 1341 3482 Pax
1368 3430 1527 3493 vobis,
1567 3428 1647 3481 ναι
1693 3431 1796 3479 Da-

213 3527 382 3576 minus
410 3525 684 3592 vobiscum,
716 3533 898 3591 surgat
944 3522 1082 3576 idem
1115 3520 1417 3584 cardinalis,
1467 3529 1521 3572 et
1571 3520 1797 3585 accipiat

214 3615 409 3667 librum
445 3614 703 3666 Mi~sa|em
734 3613 1043 3667 tradendum
1077 3614 1176 3666 sibi
1206 3629 1295 3680 per
1316 3615 1544 3681 aliquem
1567 3614 1797 3680 capella-

216 3722 367 3766 num,
403 3705 482 3757 vel
511 3705 669 3756 alium
702 3705 978 3769 ilericum,
1021 3704 1106 3758 cui
1150 3705 1281 3757 liber
1322 3704 1434 3770 ipse
1481 3706 1797 3757 commissus

210 3798 402 3858 fuerit;
434 3807 488 3849 et
510 3796 677 3862 ipsum
705 3806 882 3850 teneat
904 3809 1144 3859 apertum
1165 3811 1324 3861 super
1340 3807 1515 3862 caput,
1539 3797 1619 3848 vel
1645 3797 1796 3847 aliter

213 3887 423 3940 decenti
454 3890 632 3949 modo,
660 3898 813 3955 prout
834 3888 1182 3939 commoditas
1205 3886 1301 3938 loei
1328 3887 1645 3953 permiserit,
1673 3896 1799 3937 ante

213 3977 544 4045 pontificem,
574 3978 743 4030 donec
768 3976 959 4029 dixerit
992 3991 1178 4030 omnes
1215 3976 1496 4030 Orationes
1522 3976 1794 4040 dicendas,

212 4081 347 4134 quas
375 4068 513 4121 idetn
542 4068 827 4121 cardinalis
858 4068 1110 4135 praescire
1136 4067 1315 4134 debet,
1348 4081 1411 4120 ac
1440 4067 1721 4135 diligenter
1745 4068 1795 4120 in

209 4159 355 4211 libro
384 4172 648 4225 quasrere,
677 4172 737 4210 ac
766 4156 1009 4210 ordinate
1041 4158 1272 4221 pontifici
1308 4165 1652 4222 praesentare.
1712 4155 1800 4209 Fi-

212 4249 345 4303 nitis
369 4248 732 4312 Orationibus,
762 4250 1046 4304 cardinalis
1074 4250 1258 4303 reddat
1296 4249 1485 4302 librum
1528 4250 1573 4303 ei
1622 4258 1653 4301 a
1693 4262 1798 4315 quo

213 4338 442 4407 recepit,
490 4348 544 4394 et
588 4340 773 4394 sedeat
819 4356 983 4409 usque
1022 4350 1146 4395 ante
1175 4340 1363 4393 horam
1389 4355 1490 4409 qua
1521 4339 1795 4407 legendum

214 4437 300 4483 est
330 4429 695 4498 Evangelium.
727 4429 875 4483 Tunc
900 4445 1123 4498 surgens
1150 4430 1375 4496 accipiat
1398 4431 1464 4483 de
1494 4444 1650 4482 manu
1672 4444 1799 4483 aco-

1900 3271 2087 3311 manus
2115 3256 2349 3309 dextera:
2383 3253 2664 3319 pontificis,
2696 3252 3022 3306 subdiacono
3053 3260 3264 3305 tenente
3290 3249 3480 3304 s'mili-

1902 3357 1980 3400 ter
2018 3362 2046 3399 a
2077 3357 2225 3415 parte
2255 3344 2499 3408 sinistra;
2529 3355 2580 3396 et
2609 3344 2785 3411 aliquo
2822 3343 2888 3395 de
2924 3341 3261 3395 cubiculariis
3310 3340 3475 3406 ipsam

1900 3439 2160 3493 tobaleam
2208 3436 2450 3493 elevante
2500 3434 2767 3504 paululum
2815 3442 2939 3487 ante
2982 3441 3165 3500 pectus
3194 3428 3478 3497 pontiﬁris,

1899 3545 1967 3584 ne
2010 3529 2169 3592 forte,
2203 3528 2326 3581 dum
2361 3524 2592 3595 pontifex
2640 3524 2781 3577 lavat
2828 3537 3036 3581 manus.
3077 3521 3266 3588 aliqua;
3316 3524 3478 3586 guttai

1898 3622 2174 3690 prosiliant
2201 3620 2268 3673 de
2296 3632 2454 3687 aqua,
2480 3629 2527 3671 et
2559 3631 2738 3671 sacras
2765 3627 2940 3669 veStes
2962 3613 3230 3668 maculare
3252 3609 3474 3679 possint.

1898 3711 2047 3766 Tunc
2062 3712 2341 3779 episcolius
2362 3707 2648 3763 cardinaiis
2673 3705 2938 3775 antiquior
2957 3719 3020 3759 ex
3045 3702 3161 3756 aliis
3182 3702 3269 3771 qui
3288 3700 3477 3754 sedent

1898 3802 2038 3854 circa
2066 3801 2395 3869 pontificem,
2437 3805 2618 3864 surgat
2644 3804 2698 3849 et
2733 3794 2956 3862 accipiat
2985 3793 3163 3862 pelves
3194 3787 3477 3843 tradendas

1898 3892 1997 3945 sibi
2030 3892 2095 3943 ab
2126 3906 2228 3942 uno
2251 3888 2318 3941 de
2346 3886 2696 3957 familiaribus
2718 3884 3001 3952 pontiﬁcis,
3025 3882 3109 3935 cui
3134 3880 3474 3934 commissum

1901 3982 2077 4045 fuerit,
2102 3989 2155 4031 et
2179 3978 2445 4031 ministret
2471 3991 2657 4042 aquam
2678 3974 2741 4025 ad
2763 3988 2951 4025 manus
2974 3970 3237 4038 pontillcis
3258 3968 3478 4021 abluen—

1899 4072 2013 4133 das,
2055 4071 2191 4123 sicut
2235 4065 2480 4133 superius
2520 4068 2585 4116 de
2628 4064 2792 4128 prima
2824 4060 2988 4112 abluti
3013 4073 3093 4111 ine
3139 4059 3334 4110 dictum
3365 4063 3470 4108 est.

1898 4163 2099 4231 Quibus
2126 4159 2321 4214 ablatis
2351 4167 2404 4210 et
2431 4154 2675 4217 extersis,
2706 4150 2865 4221 235
2891 4147 3172 4216 przedictus
3193 4143 3479 4199 Cardinalis

1898 4255 1987 4322 qui
2018 4248 2185 4304 servit
2211 4247 2456 4301 immittat
2485 4242 2735 4296 annulum
2762 4239 2926 4306 digito
2956 4234 3239 4304 pnntiﬁcis,
3276 4242 3329 4286 et
3356 4247 3477 4286 sur-

1900 4357 2031 4413 gens
2059 4349 2160 4394 stet
2181 4338 2328 4408 juxta
2361 4332 2623 4404 pontiﬁcis
2654 4331 2856 4393 sedem,
2888 4328 3056 4380 donec
3085 4325 3316 4377 instante
3345 4322 3476 4413 hora

1899 4411 2001 4501 qua
2027 4429 2261 4498 pontifex
2290 4439 2633 4494 processurus
2656 4432 2735 4474 est
2764 4419 2827 4473 ad
2852 4418 3039 4478 altare,
3065 4416 3178 4483 ipse
3200 4411 3477 4481 procedat,

211 4519 347 4592 lythi
378 4520 670 4574 naviculam
699 4535 817 4574 cum
848 4521 1024 4583 thure,
1056 4531 1108 4574 et
1134 4522 1383 4575 exhibeat
1412 4536 1528 4574 eam
1561 4520 1797 4589 pontifici
1829 4507 1877 4567 Ι)
1902 4534 1954 4576 et
1983 4528 2245 4591 pra-paret
2275 4520 2463 4571 librum
2492 4514 2753 4567 Missalem
2781 4512 2832 4563 in
2858 4507 3070 4561 sinistra
3100 4513 3248 4573 parte
3270 4503 3478 4592 altaris,

211 4630 284 4667 eo
316 4612 474 4665 modo
504 4612 593 4681 qui
622 4613 867 4683 superius
908 4614 1205 4681 descriptus
1229 4623 1331 4680 εει,
1366 4623 1421 4667 ut
1448 4614 1676 4681 pontifex
1709 4628 1796 4681 p0-

212 4713 313 4758 nat
341 4707 618 4760 incensum
663 4705 715 4759 in
770 4703 1061 4770 tburibulo,
1094 4705 1233 4772 quod
1270 4706 1581 4772 portandum
1607 4716 1689 4759 est
1732 4705 1799 4758 ad

213 4797 602 4866 Evangelium;
659 4815 763 4867 quo
820 4800 1012 4866 posito,
1063 4798 1235 4851 dictus
1283 4798 1565 4851 Cardinalis
1611 4799 1797 4852 iterum

209 4886 422 4953 sedeat,
453 4889 624 4944 donec
653 4889 929 4945 incltoetur
953 4890 1287 4957 Evangelium
1316 4906 1331 4954 ;
1365 4890 1504 4957 quod
1528 4904 1645 4942 cum
1672 4889 1799 4959 leg.-

211 4984 328 5042 tur,
357 4977 575 5032 assistat
604 4978 838 5045 pontiﬁci
868 4979 918 5031 in
950 4978 1131 5031 dextra
1158 4987 1305 5045 parte
1333 4978 1546 5031 sedens.

294 5067 476 5121 Finito
503 5068 815 5137 Evangelio,
842 5069 1013 5122 dictus
1036 5070 1319 5123 cardinalis
1365 5068 1591 5136 accipiat
1635 5066 1800 5119 thuri-

213 5161 403 5216 bulum
435 5164 502 5217 de
529 5177 686 5215 manu
724 5161 955 5230 acolytbi
999 5161 1270 5214 redeuntis
1296 5176 1325 5212 a
1354 5160 1469 5213 loco
1501 5160 1551 5213 in
1580 5175 1685 5227 quo
1718 5158 1791 5211 le-

207 5264 364 5309 ctum
394 5264 472 5306 est
501 5252 872 5321 Evangelium;
917 5249 1078 5321 284
1106 5259 1159 5302 et
1190 5250 1430 5304 incenset
1462 5249 1633 5318 ipsum
1666 5261 1798 5315 pon-

211 5343 441 5399 tiﬁcem.
466 5346 528 5398 Et
548 5356 629 5398 est
657 5344 979 5397 conveniens
1002 5342 1141 5410 quod
1171 5342 1492 5395 incensando
1515 5352 1593 5395 ter
1614 5340 1798 5391 admo-

212 5445 343 5489 veat
374 5435 695 5488 tlmribulum
728 5443 850 5487 ante
880 5444 1065 5502 pectus
1100 5432 1381 5501 pontificis.
1412 5432 1520 5485 lloc
1565 5432 1720 5498 facto,
1751 5432 1795 5484 si

212 5525 455 5594 pontifex
502 5525 614 5593 ip~e
664 5524 1040 5592 praedicaturus
1076 5531 1177 5587 est,
1222 5520 1508 5574 cardinalis
1547 5521 1658 5588 ipse
1703 5521 1791 5588 qui

210 5616 387 5669 servit
411 5625 589 5683 pergat
621 5615 685 5668 ad
712 5615 882 5667 locum
905 5614 958 5666 in
987 5628 1089 5680 quo
1118 5609 1385 5663 faciendus
1414 5621 1493 5663 est
1519 5624 1714 5673 sermo,
1740 5619 1792 5664 et

213 5707 289 5762 sit
322 5709 373 5763 in
397 5710 611 5763 dextera
636 5719 782 5777 parte
808 5707 1068 5768 pontiﬁcis
1090 5706 1211 5761 dum
1244 5706 1514 5775 predicat,
1548 5706 1790 5762 videlicet

1902 4611 2173 4679 supposita
2201 4609 2250 4662 ei
2282 4605 2488 4661 tobalea
2542 4601 2875 4668 complu-ata,
2921 4612 3039 4650 cum
3093 4611 3193 4663 qua
3245 4591 3479 4663 pontifex

1903 4714 2090 4754 manus
2116 4697 2387 4760 abstersit,
2421 4708 2577 4762 qnam
2610 4689 2853 4751 clericu~,
2885 4689 2971 4756 qui
3013 4685 3185 4739 eidem
3226 4683 3480 4737 cardinali

1901 4793 2065 4846 servit
2107 4788 2174 4843 de
2221 4790 2374 4840 mitra
2418 4786 2656 4850 recipere
2702 4782 2862 4834 debet
2899 4781 2963 4830 de
3018 4790 3177 4829 manu
3223 4773 3478 4843 acolythi,

1904 4882 2115 4955 quando
2145 4879 2373 4949 pontifex
2409 4880 2577 4942 Surgit
2609 4884 2666 4928 ut
2694 4873 2873 4927 veniat
2899 4872 2961 4924 ad
2992 4872 3178 4924 altare.
3226 4867 3483 4922 Prmfatus

1903 4987 2078 5030 autem
2109 4975 2395 5029 cardinalis
2420 4974 2704 5040 diligenter
2733 4980 2974 5037 qurererc
3012 4965 3171 5019 debet
3212 4962 3263 5015 in
3293 4956 3483 5027 pradi-

1901 5079 1987 5121 cto
2020 5068 2155 5121 libro
2195 5065 2368 5119 omnia
2400 5080 2517 5131 qua:
2550 5059 2778 5128 pontifex
2812 5060 3050 5113 dicturus
3078 5064 3180 5117 ost,
3212 5053 3323 5108 sive
3352 5048 3481 5103 offe-

1905 5161 2071 5215 rendo
2124 5170 2365 5225 patenatn
2410 5167 2463 5210 et
2503 5155 2748 5218 calicem,
2790 5150 2903 5203 sive
2951 5146 3323 5207 thurilicando,
3366 5143 3481 5196 sive

1903 5252 2062 5307 etiam
2112 5248 2484 5317 prosequendo
2531 5252 2765 5299 secretas
2818 5240 3120 5301 Orationes,
3177 5243 3231 5289 et
3285 5245 3479 5287 castera

1904 5358 2021 5410 qua:
2051 5342 2114 5395 ad
2146 5339 2378 5394 ofﬁcium
2408 5336 2578 5390 Missae
2611 5342 2870 5402 spectant.
2920 5329 3118 5385 Debent
3148 5326 3332 5387 etiam,
3358 5338 3479 5377 cum

1903 5448 2036 5500 Opus
2063 5441 2165 5497 est,
2198 5429 2420 5484 sollicite
2448 5441 2511 5480 ac
2536 5426 2774 5479 modeste
2801 5432 3006 5477 vertere
3047 5420 3196 5482 folia,
3224 5426 3277 5471 et
3303 5425 3479 5470 osten~

1900 5524 2030 5577 dere
2073 5519 2303 5588 pontiﬁci
2348 5519 2510 5585 digito
2555 5532 2675 5587 quae
2727 5513 2948 5570 dicenda
2993 5519 3134 5579 sunt,
3181 5509 3225 5563 si
3265 5506 3480 5575 quando

1900 5612 2058 5669 fuerit
2081 5620 2454 5679 opportunum.
2483 5608 2570 5663 Sic
2615 5616 2791 5662 autem
2822 5605 3053 5674 pontifici
3086 5601 3297 5656 assistat
3324 5599 3478 5667 juxta

1901 5704 2093 5760 librum
2126 5711 2355 5757 attentus
2383 5709 2432 5756 et
2464 5716 2714 5758 reverens
2744 5713 2913 5769 usque
2954 5697 3017 5750 ad
3052 5695 3223 5765 Agnus
3258 5690 3372 5746 Dei.
3419 5689 3475 5743 ln
