  <div class='ocr_page' id='page_1' title='image "/cluster/home/n/w/nwhite01/storage/ocr_20150623/78/uva.x000827090/583.png"; bbox 0 0 4006 6296; ppageno 0'>
   <div class='ocr_carea' id='block_1_1' title="bbox 591 304 719 359">
    <p class='ocr_par' dir='ltr' id='par_1_1' title="bbox 591 304 719 359">
     <span class='ocr_line' id='line_1_1' title="bbox 591 304 719 359; baseline -0.008 0"><span class='ocrx_word' id='word_1_1' title='bbox 591 304 719 359; x_wconf 78' lang='grc'><strong>1151</strong></span> 
     </span>
    </p>
   </div>
   <div class='ocr_carea' id='block_1_2' title="bbox 1302 310 3189 380">
    <p class='ocr_par' dir='ltr' id='par_1_2' title="bbox 1302 310 3189 380">
     <span class='ocr_line' id='line_1_2' title="bbox 1302 310 3189 380; baseline 0.01 -19"><span class='ocrx_word' id='word_1_2' title='bbox 1302 310 1638 364; x_wconf 75' lang='lat' dir='ltr'><strong>APPENUIX</strong></span> <span class='ocrx_word' id='word_1_3' title='bbox 1685 313 1774 366; x_wconf 80' lang='lat' dir='ltr'><strong>AD</strong></span> <span class='ocrx_word' id='word_1_4' title='bbox 1811 313 1867 368; x_wconf 91' lang='lat' dir='ltr'><strong>S.</strong></span> <span class='ocrx_word' id='word_1_5' title='bbox 1911 312 2234 367; x_wconf 74' lang='lat' dir='ltr'><strong>GREGOIUI</strong></span> <span class='ocrx_word' id='word_1_6' title='bbox 2276 314 2488 372; x_wconf 78' lang='lat' dir='ltr'><strong>MAGNI</strong></span> <span class='ocrx_word' id='word_1_7' title='bbox 2531 320 2896 376; x_wconf 76' lang='lat' dir='ltr'><strong>LITURGICA</strong></span> <span class='ocrx_word' id='word_1_8' title='bbox 2937 323 3189 380; x_wconf 66' lang='lat' dir='ltr'><strong>OI‘lfiiA.</strong></span> 
     </span>
    </p>
   </div>
   <div class='ocr_carea' id='block_1_3' title="bbox 3732 334 3862 390">
    <p class='ocr_par' dir='ltr' id='par_1_3' title="bbox 3732 334 3862 390">
     <span class='ocr_line' id='line_1_3' title="bbox 3732 334 3862 390; baseline 0.031 -4"><span class='ocrx_word' id='word_1_9' title='bbox 3732 334 3862 390; x_wconf 54' lang='lat' dir='ltr'><strong>hei</strong></span> 
     </span>
    </p>
   </div>
   <div class='ocr_carea' id='block_1_4' title="bbox 583 423 3862 516">
    <p class='ocr_par' dir='ltr' id='par_1_4' title="bbox 583 423 3862 516">
     <span class='ocr_line' id='line_1_4' title="bbox 583 423 3862 516; baseline 0.01 -42"><span class='ocrx_word' id='word_1_10' title='bbox 583 423 880 476; x_wconf 75' lang='lat' dir='ltr'><strong>elevations</strong></span> <span class='ocrx_word' id='word_1_11' title='bbox 909 433 1083 477; x_wconf 89' lang='lat' dir='ltr'><strong>tamen</strong></span> <span class='ocrx_word' id='word_1_12' title='bbox 1116 423 1364 477; x_wconf 87' lang='lat' dir='ltr'><strong>dominici</strong></span> <span class='ocrx_word' id='word_1_13' title='bbox 1395 427 1632 493; x_wconf 85' lang='lat' dir='ltr'><strong>corporis</strong></span> <span class='ocrx_word' id='word_1_14' title='bbox 1662 428 1854 494; x_wconf 88' lang='lat' dir='ltr'><strong>poterit</strong></span> <span class='ocrx_word' id='word_1_15' title='bbox 1893 429 1958 482; x_wconf 90' lang='lat' dir='ltr'><strong>ad</strong></span> <span class='ocrx_word' id='word_1_16' title='bbox 1990 429 2162 482; x_wconf 83' lang='lat' dir='ltr'><strong>modi-</strong></span> <span class='ocrx_word' id='word_1_17' title='bbox 2191 434 2241 486; x_wconf 78' lang='grc' dir='ltr'>Α</span> <span class='ocrx_word' id='word_1_18' title='bbox 2268 430 2609 490; x_wconf 89' lang='lat' dir='ltr'><strong>ahstersurus</strong></span> <span class='ocrx_word' id='word_1_19' title='bbox 2631 445 2710 490; x_wconf 92' lang='lat' dir='ltr'><strong>est</strong></span> <span class='ocrx_word' id='word_1_20' title='bbox 2739 439 2973 506; x_wconf 85' lang='lat' dir='ltr'><strong>pontifex</strong></span> <span class='ocrx_word' id='word_1_21' title='bbox 2999 456 3061 496; x_wconf 88' lang='lat' dir='ltr'><strong>os</strong></span> <span class='ocrx_word' id='word_1_22' title='bbox 3083 453 3134 497; x_wconf 90' lang='lat' dir='ltr'><strong>et</strong></span> <span class='ocrx_word' id='word_1_23' title='bbox 3160 442 3352 511; x_wconf 84' lang='lat' dir='ltr'><strong>digitos</strong></span> <span class='ocrx_word' id='word_1_24' title='bbox 3377 457 3499 516; x_wconf 83' lang='lat' dir='ltr'><strong>post</strong></span> <span class='ocrx_word' id='word_1_25' title='bbox 3521 456 3862 507; x_wconf 81' lang='lat' dir='ltr'><strong>communio-</strong></span> 
     </span>
    </p>
   </div>
   <div class='ocr_carea' id='block_1_5' title="bbox 584 514 2165 583">
    <p class='ocr_par' dir='ltr' id='par_1_5' title="bbox 584 514 2165 583">
     <span class='ocr_line' id='line_1_5' title="bbox 584 514 2165 583; baseline 0.009 -18"><span class='ocrx_word' id='word_1_26' title='bbox 584 527 705 566; x_wconf 79' lang='lat' dir='ltr'><strong>ciim</strong></span> <span class='ocrx_word' id='word_1_27' title='bbox 738 514 947 566; x_wconf 88' lang='lat' dir='ltr'><strong>flectere</strong></span> <span class='ocrx_word' id='word_1_28' title='bbox 969 529 1160 583; x_wconf 75' lang='lat' dir='ltr'><strong>genua,</strong></span> <span class='ocrx_word' id='word_1_29' title='bbox 1192 524 1244 567; x_wconf 91' lang='lat' dir='ltr'><strong>et</strong></span> <span class='ocrx_word' id='word_1_30' title='bbox 1273 515 1412 570; x_wconf 90' lang='lat' dir='ltr'><strong>idem</strong></span> <span class='ocrx_word' id='word_1_31' title='bbox 1435 515 1680 572; x_wconf 77' lang='lat' dir='ltr'><strong>similiter</strong></span> <span class='ocrx_word' id='word_1_32' title='bbox 1707 518 1881 576; x_wconf 88' lang='lat' dir='ltr'><strong>facere</strong></span> <span class='ocrx_word' id='word_1_33' title='bbox 1911 524 1962 576; x_wconf 92' lang='lat' dir='ltr'><strong>in</strong></span> <span class='ocrx_word' id='word_1_34' title='bbox 1987 525 2165 579; x_wconf 86' lang='lat' dir='ltr'><strong>eleva-</strong></span> 
     </span>
    </p>
   </div>
   <div class='ocr_carea' id='block_1_6' title="bbox 584 602 2163 685">
    <p class='ocr_par' dir='ltr' id='par_1_6' title="bbox 584 602 2163 685">
     <span class='ocr_line' id='line_1_6' title="bbox 584 602 2163 685; baseline 0.011 -30"><span class='ocrx_word' id='word_1_35' title='bbox 584 603 728 656; x_wconf 89' lang='lat' dir='ltr'><strong>tione</strong></span> <span class='ocrx_word' id='word_1_36' title='bbox 758 602 960 665; x_wconf 86' lang='lat' dir='ltr'><strong>calicis,</strong></span> <span class='ocrx_word' id='word_1_37' title='bbox 993 603 1264 658; x_wconf 89' lang='lat' dir='ltr'><strong>adorando</strong></span> <span class='ocrx_word' id='word_1_38' title='bbox 1295 606 1392 660; x_wconf 61' lang='lat' dir='ltr'><strong>vidi</strong></span> <span class='ocrx_word' id='word_1_39' title='bbox 1416 607 1537 662; x_wconf 90' lang='lat' dir='ltr'><strong>licet</strong></span> <span class='ocrx_word' id='word_1_40' title='bbox 1561 622 1753 679; x_wconf 92' lang='lat' dir='ltr'><strong>corpus</strong></span> <span class='ocrx_word' id='word_1_41' title='bbox 1775 622 1828 666; x_wconf 92' lang='lat' dir='ltr'><strong>et</strong></span> <span class='ocrx_word' id='word_1_42' title='bbox 1856 617 2163 685; x_wconf 84' lang='lat' dir='ltr'><strong>sanguinem</strong></span> 
     </span>
    </p>
   </div>
   <div class='ocr_carea' id='block_1_7' title="bbox 581 705 974 745">
    <p class='ocr_par' dir='ltr' id='par_1_7' title="bbox 581 705 974 745">
     <span class='ocr_line' id='line_1_7' title="bbox 581 705 974 745; baseline -0.003 0"><span class='ocrx_word' id='word_1_43' title='bbox 581 705 974 745; x_wconf 84' lang='lat' dir='ltr'><strong>consecratum.</strong></span> 
     </span>
    </p>
   </div>
   <div class='ocr_carea' id='block_1_8' title="bbox 647 807 2162 888">
    <p class='ocr_par' dir='ltr' id='par_1_8' title="bbox 647 807 2162 888">
     <span class='ocr_line' id='line_1_8' title="bbox 647 807 2162 888; baseline 0.013 -32"><span class='ocrx_word' id='word_1_44' title='bbox 647 807 908 859; x_wconf 68' lang='lat' dir='ltr'><strong>Caeterum</strong></span> <span class='ocrx_word' id='word_1_45' title='bbox 943 816 1220 875; x_wconf 75' lang='lat' dir='ltr'><strong>postquam</strong></span> <span class='ocrx_word' id='word_1_46' title='bbox 1251 810 1445 864; x_wconf 76' lang='lat' dir='ltr'><strong>dixerit</strong></span> <span class='ocrx_word' id='word_1_47' title='bbox 1468 813 1642 883; x_wconf 75' lang='lat' dir='ltr'><strong>Agnus</strong></span> <span class='ocrx_word' id='word_1_48' title='bbox 1684 813 1781 869; x_wconf 77' lang='lat' dir='ltr'><strong>Dei</strong></span> <span class='ocrx_word' id='word_1_49' title='bbox 1809 832 1928 872; x_wconf 91' lang='lat' dir='ltr'><strong>cum</strong></span> <span class='ocrx_word' id='word_1_50' title='bbox 1979 822 2162 888; x_wconf 92' lang='lat' dir='ltr'><strong>ponti-</strong></span> 
     </span>
    </p>
   </div>
   <div class='ocr_carea' id='block_1_9' title="bbox 582 902 2160 974">
    <p class='ocr_par' dir='ltr' id='par_1_9' title="bbox 582 902 2160 974">
     <span class='ocr_line' id='line_1_9' title="bbox 582 902 2160 974; baseline 0.011 -23"><span class='ocrx_word' id='word_1_51' title='bbox 582 902 702 965; x_wconf 89' lang='lat' dir='ltr'><strong>tice,</strong></span> <span class='ocrx_word' id='word_1_52' title='bbox 756 910 810 954; x_wconf 91' lang='lat' dir='ltr'><strong>et</strong></span> <span class='ocrx_word' id='word_1_53' title='bbox 854 903 967 968; x_wconf 87' lang='lat' dir='ltr'><strong>ipse</strong></span> <span class='ocrx_word' id='word_1_54' title='bbox 1020 905 1253 971; x_wconf 79' lang='lat' dir='ltr'><strong>pontifex</strong></span> <span class='ocrx_word' id='word_1_55' title='bbox 1305 907 1582 974; x_wconf 72' lang='lat' dir='ltr'><strong>inewperit</strong></span> <span class='ocrx_word' id='word_1_56' title='bbox 1629 910 1806 966; x_wconf 79' lang='lat' dir='ltr'><strong>dicere</strong></span> <span class='ocrx_word' id='word_1_57' title='bbox 1853 913 2160 970; x_wconf 81' lang='lat' dir='ltr'><strong>Orationem</strong></span> 
     </span>
    </p>
   </div>
   <div class='ocr_carea' id='block_1_10' title="bbox 577 989 2162 1070">
    <p class='ocr_par' dir='ltr' id='par_1_10' title="bbox 577 989 2162 1070">
     <span class='ocr_line' id='line_1_10' title="bbox 577 989 2162 1070; baseline 0.013 -30"><span class='ocrx_word' id='word_1_58' title='bbox 577 989 796 1043; x_wconf 84' lang='lat' dir='ltr'><strong>Domine</strong></span> <span class='ocrx_word' id='word_1_59' title='bbox 820 991 946 1046; x_wconf 82' lang='lat' dir='ltr'><strong>Jesu</strong></span> <span class='ocrx_word' id='word_1_60' title='bbox 987 993 1187 1049; x_wconf 75' lang='lat' dir='ltr'><strong>Christe</strong></span> <span class='ocrx_word' id='word_1_61' title='bbox 1232 998 1320 1064; x_wconf 87' lang='lat' dir='ltr'><strong>qui</strong></span> <span class='ocrx_word' id='word_1_62' title='bbox 1363 1000 1559 1062; x_wconf 69' lang='lat' dir='ltr'><strong>dixisti,</strong></span> <span class='ocrx_word' id='word_1_63' title='bbox 1603 1010 1731 1066; x_wconf 90' lang='lat' dir='ltr'><strong>etc.,</strong></span> <span class='ocrx_word' id='word_1_64' title='bbox 1757 1017 1875 1070; x_wconf 66' lang='lat' dir='ltr'><strong>quae</strong></span> <span class='ocrx_word' id='word_1_65' title='bbox 1914 1003 2162 1060; x_wconf 72' lang='lat' dir='ltr'><strong>videlicet</strong></span> 
     </span>
    </p>
   </div>
   <div class='ocr_carea' id='block_1_11' title="bbox 574 1079 2159 1159">
    <p class='ocr_par' dir='ltr' id='par_1_11' title="bbox 574 1079 2159 1159">
     <span class='ocr_line' id='line_1_11' title="bbox 574 1079 2159 1159; baseline 0.013 -27"><span class='ocrx_word' id='word_1_66' title='bbox 574 1079 771 1134; x_wconf 90' lang='lat' dir='ltr'><strong>dicitur</strong></span> <span class='ocrx_word' id='word_1_67' title='bbox 805 1093 928 1136; x_wconf 90' lang='lat' dir='ltr'><strong>ante</strong></span> <span class='ocrx_word' id='word_1_68' title='bbox 958 1100 1165 1152; x_wconf 91' lang='lat' dir='ltr'><strong>pacem,</strong></span> <span class='ocrx_word' id='word_1_69' title='bbox 1200 1096 1324 1141; x_wconf 92' lang='lat' dir='ltr'><strong>tunc</strong></span> <span class='ocrx_word' id='word_1_70' title='bbox 1365 1104 1505 1157; x_wconf 70' lang='lat' dir='ltr'><strong>srcpe</strong></span> <span class='ocrx_word' id='word_1_71' title='bbox 1535 1091 1708 1145; x_wconf 85' lang='lat' dir='ltr'><strong>dictus</strong></span> <span class='ocrx_word' id='word_1_72' title='bbox 1740 1093 2045 1159; x_wconf 89' lang='lat' dir='ltr'><strong>cardinalis,</strong></span> <span class='ocrx_word' id='word_1_73' title='bbox 2075 1112 2159 1152; x_wconf 88' lang='lat' dir='ltr'><strong>re-</strong></span> 
     </span>
    </p>
   </div>
   <div class='ocr_carea' id='block_1_12' title="bbox 575 1172 2155 1246">
    <p class='ocr_par' dir='ltr' id='par_1_12' title="bbox 575 1172 2155 1246">
     <span class='ocr_line' id='line_1_12' title="bbox 575 1172 2155 1246; baseline 0.013 -26"><span class='ocrx_word' id='word_1_74' title='bbox 575 1172 700 1225; x_wconf 88' lang='lat' dir='ltr'><strong>licto</strong></span> <span class='ocrx_word' id='word_1_75' title='bbox 734 1173 868 1225; x_wconf 88' lang='lat' dir='ltr'><strong>libro</strong></span> <span class='ocrx_word' id='word_1_76' title='bbox 899 1175 949 1228; x_wconf 92' lang='lat' dir='ltr'><strong>in</strong></span> <span class='ocrx_word' id='word_1_77' title='bbox 1002 1177 1216 1231; x_wconf 75' lang='lat' dir='ltr'><strong>sinistra</strong></span> <span class='ocrx_word' id='word_1_78' title='bbox 1270 1191 1419 1246; x_wconf 88' lang='lat' dir='ltr'><strong>parte</strong></span> <span class='ocrx_word' id='word_1_79' title='bbox 1449 1182 1652 1244; x_wconf 86' lang='lat' dir='ltr'><strong>altaris,</strong></span> <span class='ocrx_word' id='word_1_80' title='bbox 1690 1183 1976 1238; x_wconf 81' lang='lat' dir='ltr'><strong>transferat</strong></span> <span class='ocrx_word' id='word_1_81' title='bbox 2000 1202 2060 1240; x_wconf 90' lang='lat' dir='ltr'><strong>se</strong></span> <span class='ocrx_word' id='word_1_82' title='bbox 2091 1188 2155 1241; x_wconf 91' lang='lat' dir='ltr'><strong>ad</strong></span> 
     </span>
    </p>
   </div>
   <div class='ocr_carea' id='block_1_13' title="bbox 572 1261 2156 1332">
    <p class='ocr_par' dir='ltr' id='par_1_13' title="bbox 572 1261 2156 1332">
     <span class='ocr_line' id='line_1_13' title="bbox 572 1261 2156 1332; baseline 0.011 -18"><span class='ocrx_word' id='word_1_83' title='bbox 572 1261 844 1329; x_wconf 79' lang='lat' dir='ltr'><strong>dextram,</strong></span> <span class='ocrx_word' id='word_1_84' title='bbox 876 1275 929 1318; x_wconf 88' lang='lat' dir='ltr'><strong>et</strong></span> <span class='ocrx_word' id='word_1_85' title='bbox 961 1269 1208 1332; x_wconf 73' lang='lat' dir='ltr'><strong>pontifice</strong></span> <span class='ocrx_word' id='word_1_86' title='bbox 1240 1284 1297 1323; x_wconf 91' lang='lat' dir='ltr'><strong>se</strong></span> <span class='ocrx_word' id='word_1_87' title='bbox 1327 1280 1673 1326; x_wconf 77' lang='lat' dir='ltr'><strong>converteuie</strong></span> <span class='ocrx_word' id='word_1_88' title='bbox 1715 1275 1781 1327; x_wconf 89' lang='lat' dir='ltr'><strong>ad</strong></span> <span class='ocrx_word' id='word_1_89' title='bbox 1831 1275 2058 1330; x_wconf 84' lang='lat' dir='ltr'><strong>dandam</strong></span> <span class='ocrx_word' id='word_1_90' title='bbox 2107 1279 2156 1332; x_wconf 89' lang='lat' dir='ltr'><strong>ei</strong></span> 
     </span>
    </p>
   </div>
   <div class='ocr_carea' id='block_1_14' title="bbox 573 1355 2152 1433">
    <p class='ocr_par' dir='ltr' id='par_1_14' title="bbox 573 1355 2152 1433">
     <span class='ocr_line' id='line_1_14' title="bbox 573 1355 2152 1433; baseline 0.011 -29"><span class='ocrx_word' id='word_1_91' title='bbox 573 1365 782 1420; x_wconf 88' lang='lat' dir='ltr'><strong>pacem,</strong></span> <span class='ocrx_word' id='word_1_92' title='bbox 808 1355 920 1422; x_wconf 87' lang='lat' dir='ltr'><strong>ipse</strong></span> <span class='ocrx_word' id='word_1_93' title='bbox 941 1357 1227 1411; x_wconf 86' lang='lat' dir='ltr'><strong>cardinalis</strong></span> <span class='ocrx_word' id='word_1_94' title='bbox 1251 1359 1464 1413; x_wconf 80' lang='lat' dir='ltr'><strong>inclinet</strong></span> <span class='ocrx_word' id='word_1_95' title='bbox 1485 1376 1542 1415; x_wconf 90' lang='lat' dir='ltr'><strong>se</strong></span> <span class='ocrx_word' id='word_1_96' title='bbox 1567 1373 1690 1415; x_wconf 83' lang='lat' dir='ltr'><strong>ante</strong></span> <span class='ocrx_word' id='word_1_97' title='bbox 1719 1379 1838 1417; x_wconf 80' lang='lat' dir='ltr'><strong>eum</strong></span> <span class='ocrx_word' id='word_1_98' title='bbox 1863 1366 2152 1433; x_wconf 81' lang='lat' dir='ltr'><strong>profunde;</strong></span> 
     </span>
    </p>
   </div>
   <div class='ocr_carea' id='block_1_15' title="bbox 575 1447 2156 1525">
    <p class='ocr_par' dir='ltr' id='par_1_15' title="bbox 575 1447 2156 1525">
     <span class='ocr_line' id='line_1_15' title="bbox 575 1447 2156 1525; baseline 0.012 -30"><span class='ocrx_word' id='word_1_99' title='bbox 575 1459 680 1495; x_wconf 90' lang='lat' dir='ltr'><strong>non</strong></span> <span class='ocrx_word' id='word_1_100' title='bbox 709 1454 884 1499; x_wconf 90' lang='lat' dir='ltr'><strong>tamen</strong></span> <span class='ocrx_word' id='word_1_101' title='bbox 919 1447 1096 1501; x_wconf 91' lang='lat' dir='ltr'><strong>flectat</strong></span> <span class='ocrx_word' id='word_1_102' title='bbox 1119 1463 1291 1516; x_wconf 80' lang='lat' dir='ltr'><strong>genua</strong></span> <span class='ocrx_word' id='word_1_103' title='bbox 1310 1493 1324 1516; x_wconf 89' lang='lat'><strong>,</strong></span> <span class='ocrx_word' id='word_1_104' title='bbox 1350 1461 1402 1504; x_wconf 90' lang='lat' dir='ltr'><strong>et</strong></span> <span class='ocrx_word' id='word_1_105' title='bbox 1424 1452 1529 1506; x_wconf 61' lang='lat' dir='ltr'><strong>cit»</strong></span> <span class='ocrx_word' id='word_1_106' title='bbox 1559 1469 1617 1508; x_wconf 90' lang='lat' dir='ltr'><strong>se</strong></span> <span class='ocrx_word' id='word_1_107' title='bbox 1645 1455 1876 1525; x_wconf 82' lang='lat' dir='ltr'><strong>erigens,</strong></span> <span class='ocrx_word' id='word_1_108' title='bbox 1906 1474 2156 1513; x_wconf 74' lang='lat' dir='ltr'><strong>reveren-</strong></span> 
     </span>
    </p>
   </div>
   <div class='ocr_carea' id='block_1_16' title="bbox 575 1536 2154 1614">
    <p class='ocr_par' dir='ltr' id='par_1_16' title="bbox 575 1536 2154 1614">
     <span class='ocr_line' id='line_1_16' title="bbox 575 1536 2154 1614; baseline 0.013 -31"><span class='ocrx_word' id='word_1_109' title='bbox 575 1544 656 1586; x_wconf 91' lang='lat' dir='ltr'><strong>ter</strong></span> <span class='ocrx_word' id='word_1_110' title='bbox 684 1536 906 1599; x_wconf 74' lang='lat' dir='ltr'><strong>accipiat</strong></span> <span class='ocrx_word' id='word_1_111' title='bbox 939 1553 1120 1601; x_wconf 85' lang='lat' dir='ltr'><strong>pacem</strong></span> <span class='ocrx_word' id='word_1_112' title='bbox 1154 1554 1180 1590; x_wconf 89' lang='lat' dir='ltr'><strong>a</strong></span> <span class='ocrx_word' id='word_1_113' title='bbox 1211 1542 1479 1607; x_wconf 87' lang='lat' dir='ltr'><strong>pontifice,</strong></span> <span class='ocrx_word' id='word_1_114' title='bbox 1503 1558 1566 1596; x_wconf 89' lang='lat' dir='ltr'><strong>ac</strong></span> <span class='ocrx_word' id='word_1_115' title='bbox 1588 1544 1975 1614; x_wconf 72' lang='lat' dir='ltr'><strong>subsequenter</strong></span> <span class='ocrx_word' id='word_1_116' title='bbox 1995 1565 2154 1603; x_wconf 85' lang='lat' dir='ltr'><strong>oscu-</strong></span> 
     </span>
    </p>
   </div>
   <div class='ocr_carea' id='block_1_17' title="bbox 572 1623 2148 1707">
    <p class='ocr_par' dir='ltr' id='par_1_17' title="bbox 572 1623 2148 1707">
     <span class='ocr_line' id='line_1_17' title="bbox 572 1623 2148 1707; baseline 0.012 -32"><span class='ocrx_word' id='word_1_117' title='bbox 572 1623 712 1676; x_wconf 87' lang='lat' dir='ltr'><strong>lat‘ur</strong></span> <span class='ocrx_word' id='word_1_118' title='bbox 740 1639 954 1679; x_wconf 84' lang='lat' dir='ltr'><strong>crucem</strong></span> <span class='ocrx_word' id='word_1_119' title='bbox 998 1628 1144 1695; x_wconf 87' lang='lat' dir='ltr'><strong>pallii</strong></span> <span class='ocrx_word' id='word_1_120' title='bbox 1185 1646 1305 1699; x_wconf 66' lang='lat' dir='ltr'><strong>qum</strong></span> <span class='ocrx_word' id='word_1_121' title='bbox 1356 1642 1441 1686; x_wconf 91' lang='lat' dir='ltr'><strong>est</strong></span> <span class='ocrx_word' id='word_1_122' title='bbox 1487 1636 1537 1688; x_wconf 92' lang='lat' dir='ltr'><strong>in</strong></span> <span class='ocrx_word' id='word_1_123' title='bbox 1584 1645 1803 1704; x_wconf 83' lang='lat' dir='ltr'><strong>pectore</strong></span> <span class='ocrx_word' id='word_1_124' title='bbox 1855 1640 2148 1707; x_wconf 75' lang='lat' dir='ltr'><strong>pontificis;</strong></span> 
     </span>
    </p>
   </div>
   <div class='ocr_carea' id='block_1_18' title="bbox 567 1713 2146 1797">
    <p class='ocr_par' dir='ltr' id='par_1_18' title="bbox 567 1713 2146 1797">
     <span class='ocr_line' id='line_1_18' title="bbox 567 1713 2146 1797; baseline 0.013 -33"><span class='ocrx_word' id='word_1_125' title='bbox 567 1713 759 1766; x_wconf 87' lang='lat' dir='ltr'><strong>deinde</strong></span> <span class='ocrx_word' id='word_1_126' title='bbox 790 1727 948 1782; x_wconf 81' lang='lat' dir='ltr'><strong>prout</strong></span> <span class='ocrx_word' id='word_1_127' title='bbox 996 1730 1352 1788; x_wconf 89' lang='lat' dir='ltr'><strong>opportunum</strong></span> <span class='ocrx_word' id='word_1_128' title='bbox 1388 1725 1500 1777; x_wconf 85' lang='lat' dir='ltr'><strong>fore</strong></span> <span class='ocrx_word' id='word_1_129' title='bbox 1531 1729 1898 1794; x_wconf 68' lang='lat' dir='ltr'><strong>prospexerit,</strong></span> <span class='ocrx_word' id='word_1_130' title='bbox 1924 1741 2069 1797; x_wconf 88' lang='lat' dir='ltr'><strong>aptet</strong></span> <span class='ocrx_word' id='word_1_131' title='bbox 2098 1733 2146 1785; x_wconf 88' lang='lat' dir='ltr'><strong>ei</strong></span> 
     </span>
    </p>
   </div>
   <div class='ocr_carea' id='block_1_19' title="bbox 568 1803 2147 1887">
    <p class='ocr_par' dir='ltr' id='par_1_19' title="bbox 568 1803 2147 1887">
     <span class='ocr_line' id='line_1_19' title="bbox 568 1803 2147 1887; baseline 0.012 -31"><span class='ocrx_word' id='word_1_132' title='bbox 568 1803 833 1867; x_wconf 72' lang='lat' dir='ltr'><strong>planetam</strong></span> <span class='ocrx_word' id='word_1_133' title='bbox 869 1808 1040 1875; x_wconf 91' lang='lat' dir='ltr'><strong>primo</strong></span> <span class='ocrx_word' id='word_1_134' title='bbox 1063 1825 1221 1878; x_wconf 91' lang='lat' dir='ltr'><strong>super</strong></span> <span class='ocrx_word' id='word_1_135' title='bbox 1252 1813 1502 1867; x_wconf 83' lang='lat' dir='ltr'><strong>dextrum</strong></span> <span class='ocrx_word' id='word_1_136' title='bbox 1528 1856 1541 1879; x_wconf 93' lang='lat'><strong>,</strong></span> <span class='ocrx_word' id='word_1_137' title='bbox 1579 1826 1761 1884; x_wconf 89' lang='lat' dir='ltr'><strong>postea</strong></span> <span class='ocrx_word' id='word_1_138' title='bbox 1811 1833 1972 1887; x_wconf 92' lang='lat' dir='ltr'><strong>super</strong></span> <span class='ocrx_word' id='word_1_139' title='bbox 2017 1824 2147 1875; x_wconf 83' lang='lat' dir='ltr'><strong>sini-</strong></span> 
     </span>
    </p>
   </div>
   <div class='ocr_carea' id='block_1_20' title="bbox 565 1898 2148 1978">
    <p class='ocr_par' dir='ltr' id='par_1_20' title="bbox 565 1898 2148 1978">
     <span class='ocr_line' id='line_1_20' title="bbox 565 1898 2148 1978; baseline 0.012 -31"><span class='ocrx_word' id='word_1_140' title='bbox 565 1905 735 1948; x_wconf 89' lang='lat' dir='ltr'><strong>strum</strong></span> <span class='ocrx_word' id='word_1_141' title='bbox 768 1898 1078 1964; x_wconf 82' lang='lat' dir='ltr'><strong>brachium;</strong></span> <span class='ocrx_word' id='word_1_142' title='bbox 1114 1905 1307 1968; x_wconf 91' lang='lat' dir='ltr'><strong>poterit</strong></span> <span class='ocrx_word' id='word_1_143' title='bbox 1336 1905 1496 1958; x_wconf 89' lang='lat' dir='ltr'><strong>etiam</strong></span> <span class='ocrx_word' id='word_1_144' title='bbox 1523 1907 1735 1964; x_wconf 88' lang='lat' dir='ltr'><strong>trahere</strong></span> <span class='ocrx_word' id='word_1_145' title='bbox 1763 1924 1790 1961; x_wconf 74' lang='grc' dir='ltr'>τι</span> <span class='ocrx_word' id='word_1_146' title='bbox 1820 1920 1968 1978; x_wconf 90' lang='lat' dir='ltr'><strong>parte</strong></span> <span class='ocrx_word' id='word_1_147' title='bbox 1998 1922 2148 1966; x_wconf 86' lang='lat' dir='ltr'><strong>aute-</strong></span> 
     </span>
    </p>
   </div>
   <div class='ocr_carea' id='block_1_21' title="bbox 565 1987 2142 2063">
    <p class='ocr_par' dir='ltr' id='par_1_21' title="bbox 565 1987 2142 2063">
     <span class='ocr_line' id='line_1_21' title="bbox 565 1987 2142 2063; baseline 0.011 -24"><span class='ocrx_word' id='word_1_148' title='bbox 565 1987 714 2042; x_wconf 87' lang='lat' dir='ltr'><strong>riori.</strong></span> <span class='ocrx_word' id='word_1_149' title='bbox 749 1989 1146 2058; x_wconf 88' lang='lat' dir='ltr'><strong>Subsequenter</strong></span> <span class='ocrx_word' id='word_1_150' title='bbox 1168 2003 1314 2062; x_wconf 89' lang='lat' dir='ltr'><strong>aptet</strong></span> <span class='ocrx_word' id='word_1_151' title='bbox 1341 1996 1558 2063; x_wconf 91' lang='lat' dir='ltr'><strong>pal&#39;ium</strong></span> <span class='ocrx_word' id='word_1_152' title='bbox 1589 1997 1689 2053; x_wconf 90' lang='lat' dir='ltr'><strong>hoc</strong></span> <span class='ocrx_word' id='word_1_153' title='bbox 1719 2001 1898 2054; x_wconf 88' lang='lat' dir='ltr'><strong>modo.</strong></span> <span class='ocrx_word' id='word_1_154' title='bbox 1934 2001 2142 2057; x_wconf 84' lang='lat' dir='ltr'><strong>Partem</strong></span> 
     </span>
    </p>
   </div>
   <div class='ocr_carea' id='block_1_22' title="bbox 564 2079 2138 2162">
    <p class='ocr_par' dir='ltr' id='par_1_22' title="bbox 564 2079 2138 2162">
     <span class='ocr_line' id='line_1_22' title="bbox 564 2079 2138 2162; baseline 0.013 -32"><span class='ocrx_word' id='word_1_155' title='bbox 564 2079 709 2132; x_wconf 91' lang='lat' dir='ltr'><strong>illam</strong></span> <span class='ocrx_word' id='word_1_156' title='bbox 743 2081 965 2146; x_wconf 89' lang='lat' dir='ltr'><strong>fauouis,</strong></span> <span class='ocrx_word' id='word_1_157' title='bbox 1001 2101 1118 2152; x_wconf 68' lang='lat' dir='ltr'><strong>qua:</strong></span> <span class='ocrx_word' id='word_1_158' title='bbox 1145 2087 1412 2154; x_wconf 85' lang='lat' dir='ltr'><strong>dependet</strong></span> <span class='ocrx_word' id='word_1_159' title='bbox 1454 2100 1579 2145; x_wconf 91' lang='lat' dir='ltr'><strong>ante</strong></span> <span class='ocrx_word' id='word_1_160' title='bbox 1630 2105 1813 2160; x_wconf 88' lang='lat' dir='ltr'><strong>pectus</strong></span> <span class='ocrx_word' id='word_1_161' title='bbox 1855 2096 2138 2162; x_wconf 90' lang='lat' dir='ltr'><strong>pontificis,</strong></span> 
     </span>
    </p>
   </div>
   <div class='ocr_carea' id='block_1_23' title="bbox 561 2171 2144 2249">
    <p class='ocr_par' dir='ltr' id='par_1_23' title="bbox 561 2171 2144 2249">
     <span class='ocr_line' id='line_1_23' title="bbox 561 2171 2144 2249; baseline 0.015 -31"><span class='ocrx_word' id='word_1_162' title='bbox 561 2179 706 2235; x_wconf 80' lang='lat' dir='ltr'><strong>aptet</strong></span> <span class='ocrx_word' id='word_1_163' title='bbox 736 2171 988 2226; x_wconf 83' lang='lat' dir='ltr'><strong>decenter</strong></span> <span class='ocrx_word' id='word_1_164' title='bbox 1017 2175 1116 2228; x_wconf 91' lang='lat' dir='ltr'><strong>sub</strong></span> <span class='ocrx_word' id='word_1_165' title='bbox 1145 2179 1396 2242; x_wconf 86' lang='lat' dir='ltr'><strong>praedicta</strong></span> <span class='ocrx_word' id='word_1_166' title='bbox 1421 2195 1582 2234; x_wconf 89' lang='lat' dir='ltr'><strong>cruce</strong></span> <span class='ocrx_word' id='word_1_167' title='bbox 1613 2181 1789 2249; x_wconf 85' lang='lat' dir='ltr'><strong>pallii;</strong></span> <span class='ocrx_word' id='word_1_168' title='bbox 1826 2184 2020 2239; x_wconf 87' lang='lat' dir='ltr'><strong>deinde</strong></span> <span class='ocrx_word' id='word_1_169' title='bbox 2050 2201 2144 2241; x_wconf 87' lang='lat' dir='ltr'><strong>su-</strong></span> 
     </span>
    </p>
   </div>
   <div class='ocr_carea' id='block_1_24' title="bbox 562 2261 2140 2346">
    <p class='ocr_par' dir='ltr' id='par_1_24' title="bbox 562 2261 2140 2346">
     <span class='ocr_line' id='line_1_24' title="bbox 562 2261 2140 2346; baseline 0.015 -35"><span class='ocrx_word' id='word_1_170' title='bbox 562 2271 656 2324; x_wconf 89' lang='lat' dir='ltr'><strong>per</strong></span> <span class='ocrx_word' id='word_1_171' title='bbox 672 2261 913 2315; x_wconf 86' lang='lat' dir='ltr'><strong>eamdem</strong></span> <span class='ocrx_word' id='word_1_172' title='bbox 932 2277 1146 2319; x_wconf 85' lang='lat' dir='ltr'><strong>erucem</strong></span> <span class='ocrx_word' id='word_1_173' title='bbox 1166 2278 1328 2335; x_wconf 89' lang='lat' dir='ltr'><strong>ponat</strong></span> <span class='ocrx_word' id='word_1_174' title='bbox 1350 2269 1547 2340; x_wconf 80' lang='lat' dir='ltr'><strong>digitos</strong></span> <span class='ocrx_word' id='word_1_175' title='bbox 1571 2288 1760 2327; x_wconf 88' lang='lat' dir='ltr'><strong>manus</strong></span> <span class='ocrx_word' id='word_1_176' title='bbox 1783 2275 1986 2331; x_wconf 67' lang='lat' dir='ltr'><strong>dextra:</strong></span> <span class='ocrx_word' id='word_1_177' title='bbox 2007 2294 2140 2346; x_wconf 73' lang='lat' dir='ltr'><strong>sum,</strong></span> 
     </span>
    </p>
   </div>
   <div class='ocr_carea' id='block_1_25' title="bbox 557 2350 2137 2428">
    <p class='ocr_par' dir='ltr' id='par_1_25' title="bbox 557 2350 2137 2428">
     <span class='ocr_line' id='line_1_25' title="bbox 557 2350 2137 2428; baseline 0.015 -28"><span class='ocrx_word' id='word_1_178' title='bbox 557 2358 752 2402; x_wconf 88' lang='lat' dir='ltr'><strong>etcum</strong></span> <span class='ocrx_word' id='word_1_179' title='bbox 778 2350 991 2406; x_wconf 87' lang='lat' dir='ltr'><strong>sinistra</strong></span> <span class='ocrx_word' id='word_1_180' title='bbox 1025 2357 1198 2408; x_wconf 85' lang='lat' dir='ltr'><strong>trahat</strong></span> <span class='ocrx_word' id='word_1_181' title='bbox 1227 2359 1446 2426; x_wconf 81' lang='lat' dir='ltr'><strong>pallium</strong></span> <span class='ocrx_word' id='word_1_182' title='bbox 1479 2360 1721 2428; x_wconf 87' lang='lat' dir='ltr'><strong>inferius,</strong></span> <span class='ocrx_word' id='word_1_183' title='bbox 1747 2371 1803 2417; x_wconf 92' lang='lat' dir='ltr'><strong>et</strong></span> <span class='ocrx_word' id='word_1_184' title='bbox 1830 2365 2059 2422; x_wconf 89' lang='lat' dir='ltr'><strong>collocet</strong></span> <span class='ocrx_word' id='word_1_185' title='bbox 2083 2368 2137 2423; x_wconf 93' lang='lat' dir='ltr'><strong>iu</strong></span> 
     </span>
    </p>
   </div>
   <div class='ocr_carea' id='block_1_26' title="bbox 556 2437 2140 2526">
    <p class='ocr_par' dir='ltr' id='par_1_26' title="bbox 556 2437 2140 2526">
     <span class='ocr_line' id='line_1_26' title="bbox 556 2437 2140 2526; baseline 0.014 -33"><span class='ocrx_word' id='word_1_186' title='bbox 556 2437 674 2494; x_wconf 90' lang='lat' dir='ltr'><strong>loco</strong></span> <span class='ocrx_word' id='word_1_187' title='bbox 694 2439 876 2496; x_wconf 90' lang='lat' dir='ltr'><strong>debito</strong></span> <span class='ocrx_word' id='word_1_188' title='bbox 893 2458 1051 2512; x_wconf 82' lang='lat' dir='ltr'><strong>super</strong></span> <span class='ocrx_word' id='word_1_189' title='bbox 1065 2445 1317 2502; x_wconf 80' lang='lat' dir='ltr'><strong>dextrum</strong></span> <span class='ocrx_word' id='word_1_190' title='bbox 1339 2448 1614 2505; x_wconf 83' lang='lat' dir='ltr'><strong>brachium</strong></span> <span class='ocrx_word' id='word_1_191' title='bbox 1641 2454 1932 2522; x_wconf 88' lang='lat' dir='ltr'><strong>pontificis;</strong></span> <span class='ocrx_word' id='word_1_192' title='bbox 1959 2468 2140 2526; x_wconf 77' lang='lat' dir='ltr'><strong>postea</strong></span> 
     </span>
    </p>
   </div>
   <div class='ocr_carea' id='block_1_27' title="bbox 556 2530 2138 2617">
    <p class='ocr_par' dir='ltr' id='par_1_27' title="bbox 556 2530 2138 2617">
     <span class='ocr_line' id='line_1_27' title="bbox 556 2530 2138 2617; baseline 0.015 -36"><span class='ocrx_word' id='word_1_193' title='bbox 556 2530 751 2599; x_wconf 74' lang='lat' dir='ltr'><strong>digitos</strong></span> <span class='ocrx_word' id='word_1_194' title='bbox 786 2548 976 2588; x_wconf 89' lang='lat' dir='ltr'><strong>manus</strong></span> <span class='ocrx_word' id='word_1_195' title='bbox 1004 2548 1112 2587; x_wconf 74' lang='lat' dir='ltr'><strong>sine</strong></span> <span class='ocrx_word' id='word_1_196' title='bbox 1142 2537 1371 2593; x_wconf 73' lang='lat' dir='ltr'><strong>sinistra:</strong></span> <span class='ocrx_word' id='word_1_197' title='bbox 1406 2542 1686 2610; x_wconf 86' lang='lat' dir='ltr'><strong>imponens</strong></span> <span class='ocrx_word' id='word_1_198' title='bbox 1735 2545 1907 2600; x_wconf 89' lang='lat' dir='ltr'><strong>eidem</strong></span> <span class='ocrx_word' id='word_1_199' title='bbox 1958 2551 2138 2617; x_wconf 86' lang='lat' dir='ltr'><strong>cruci,</strong></span> 
     </span>
    </p>
   </div>
   <div class='ocr_carea' id='block_1_28' title="bbox 553 2628 2132 2711">
    <p class='ocr_par' dir='ltr' id='par_1_28' title="bbox 553 2628 2132 2711">
     <span class='ocr_line' id='line_1_28' title="bbox 553 2628 2132 2711; baseline 0.015 -37"><span class='ocrx_word' id='word_1_200' title='bbox 553 2635 675 2676; x_wconf 90' lang='lat' dir='ltr'><strong>cum</strong></span> <span class='ocrx_word' id='word_1_201' title='bbox 703 2638 863 2678; x_wconf 89' lang='lat' dir='ltr'><strong>manu</strong></span> <span class='ocrx_word' id='word_1_202' title='bbox 885 2640 976 2678; x_wconf 89' lang='lat' dir='ltr'><strong>sua</strong></span> <span class='ocrx_word' id='word_1_203' title='bbox 1006 2628 1192 2682; x_wconf 87' lang='lat' dir='ltr'><strong>dextra</strong></span> <span class='ocrx_word' id='word_1_204' title='bbox 1223 2630 1400 2686; x_wconf 87' lang='lat' dir='ltr'><strong>trahat</strong></span> <span class='ocrx_word' id='word_1_205' title='bbox 1431 2644 1483 2689; x_wconf 90' lang='lat' dir='ltr'><strong>et</strong></span> <span class='ocrx_word' id='word_1_206' title='bbox 1511 2645 1660 2703; x_wconf 89' lang='lat' dir='ltr'><strong>aptet</strong></span> <span class='ocrx_word' id='word_1_207' title='bbox 1699 2639 1968 2693; x_wconf 82' lang='lat' dir='ltr'><strong>sinistram</strong></span> <span class='ocrx_word' id='word_1_208' title='bbox 2014 2657 2132 2711; x_wconf 90' lang='lat' dir='ltr'><strong>par-</strong></span> 
     </span>
    </p>
   </div>
   <div class='ocr_carea' id='block_1_29' title="bbox 555 2716 2139 2804">
    <p class='ocr_par' dir='ltr' id='par_1_29' title="bbox 555 2716 2139 2804">
     <span class='ocr_line' id='line_1_29' title="bbox 555 2716 2139 2804; baseline 0.017 -40"><span class='ocrx_word' id='word_1_209' title='bbox 555 2723 659 2768; x_wconf 88' lang='lat' dir='ltr'><strong>tem</strong></span> <span class='ocrx_word' id='word_1_210' title='bbox 693 2716 857 2782; x_wconf 89' lang='lat' dir='ltr'><strong>pallii.</strong></span> <span class='ocrx_word' id='word_1_211' title='bbox 892 2719 988 2773; x_wconf 87' lang='lat' dir='ltr'><strong>Est</strong></span> <span class='ocrx_word' id='word_1_212' title='bbox 1012 2728 1188 2776; x_wconf 88' lang='lat' dir='ltr'><strong>autem</strong></span> <span class='ocrx_word' id='word_1_213' title='bbox 1241 2725 1385 2780; x_wconf 89' lang='lat' dir='ltr'><strong>locus</strong></span> <span class='ocrx_word' id='word_1_214' title='bbox 1417 2728 1739 2784; x_wconf 77' lang='lat' dir='ltr'><strong>conveniens</strong></span> <span class='ocrx_word' id='word_1_215' title='bbox 1789 2733 1937 2800; x_wconf 89' lang='lat' dir='ltr'><strong>pallii</strong></span> <span class='ocrx_word' id='word_1_216' title='bbox 1978 2749 2139 2804; x_wconf 79' lang='lat' dir='ltr'><strong>super</strong></span> 
     </span>
    </p>
   </div>
   <div class='ocr_carea' id='block_1_30' title="bbox 553 2802 2134 2893">
    <p class='ocr_par' dir='ltr' id='par_1_30' title="bbox 553 2802 2134 2893">
     <span class='ocr_line' id='line_1_30' title="bbox 553 2802 2134 2893; baseline 0.016 -39"><span class='ocrx_word' id='word_1_217' title='bbox 553 2802 795 2870; x_wconf 88' lang='lat' dir='ltr'><strong>brachia,</strong></span> <span class='ocrx_word' id='word_1_218' title='bbox 826 2814 885 2859; x_wconf 93' lang='lat' dir='ltr'><strong>ut</strong></span> <span class='ocrx_word' id='word_1_219' title='bbox 913 2807 1159 2864; x_wconf 86' lang='lat' dir='ltr'><strong>videlicet</strong></span> <span class='ocrx_word' id='word_1_220' title='bbox 1187 2827 1285 2865; x_wconf 91' lang='lat' dir='ltr'><strong>nec</strong></span> <span class='ocrx_word' id='word_1_221' title='bbox 1314 2823 1519 2869; x_wconf 91' lang='lat' dir='ltr'><strong>tantum</strong></span> <span class='ocrx_word' id='word_1_222' title='bbox 1549 2821 1833 2885; x_wconf 85' lang='lat' dir='ltr'><strong>ascendat,</strong></span> <span class='ocrx_word' id='word_1_223' title='bbox 1859 2826 1999 2890; x_wconf 90' lang='lat' dir='ltr'><strong>quod</strong></span> <span class='ocrx_word' id='word_1_224' title='bbox 2035 2802 2134 2893; x_wconf 81' lang='lat' dir='ltr'><strong>ap-</strong></span> 
     </span>
    </p>
   </div>
   <div class='ocr_carea' id='block_1_31' title="bbox 553 2897 2132 2978">
    <p class='ocr_par' dir='ltr' id='par_1_31' title="bbox 553 2897 2132 2978">
     <span class='ocr_line' id='line_1_31' title="bbox 553 2897 2132 2978; baseline 0.017 -32"><span class='ocrx_word' id='word_1_225' title='bbox 553 2897 872 2965; x_wconf 89' lang='lat' dir='ltr'><strong>propinquet</strong></span> <span class='ocrx_word' id='word_1_226' title='bbox 894 2899 959 2952; x_wconf 90' lang='lat' dir='ltr'><strong>ad</strong></span> <span class='ocrx_word' id='word_1_227' title='bbox 989 2902 1257 2970; x_wconf 86' lang='lat' dir='ltr'><strong>cubitum;</strong></span> <span class='ocrx_word' id='word_1_228' title='bbox 1290 2907 1381 2959; x_wconf 92' lang='lat' dir='ltr'><strong>sed</strong></span> <span class='ocrx_word' id='word_1_229' title='bbox 1426 2909 1494 2962; x_wconf 90' lang='lat' dir='ltr'><strong>sit</strong></span> <span class='ocrx_word' id='word_1_230' title='bbox 1529 2913 1677 2978; x_wconf 91' lang='lat' dir='ltr'><strong>quasi</strong></span> <span class='ocrx_word' id='word_1_231' title='bbox 1735 2914 1784 2965; x_wconf 94' lang='lat' dir='ltr'><strong>in</strong></span> <span class='ocrx_word' id='word_1_232' title='bbox 1838 2918 2132 2973; x_wconf 58' lang='lat' dir='ltr'><strong>medio...”</strong></span> 
     </span>
    </p>
   </div>
   <div class='ocr_carea' id='block_1_32' title="bbox 554 2988 2133 3076">
    <p class='ocr_par' dir='ltr' id='par_1_32' title="bbox 554 2988 2133 3076">
     <span class='ocr_line' id='line_1_32' title="bbox 554 2988 2133 3076; baseline 0.016 -37"><span class='ocrx_word' id='word_1_233' title='bbox 554 2997 612 3040; x_wconf 88' lang='lat' dir='ltr'><strong>ut</strong></span> <span class='ocrx_word' id='word_1_234' title='bbox 647 2988 883 3043; x_wconf 90' lang='lat' dir='ltr'><strong>cubitum</strong></span> <span class='ocrx_word' id='word_1_235' title='bbox 915 2991 1152 3047; x_wconf 88' lang='lat' dir='ltr'><strong>ultimam</strong></span> <span class='ocrx_word' id='word_1_236' title='bbox 1200 3005 1402 3062; x_wconf 89' lang='lat' dir='ltr'><strong>partem</strong></span> <span class='ocrx_word' id='word_1_237' title='bbox 1424 3038 1440 3063; x_wconf 94' lang='lat'><strong>,</strong></span> <span class='ocrx_word' id='word_1_238' title='bbox 1469 3003 1787 3057; x_wconf 83' lang='lat' dir='ltr'><strong>anteriorem</strong></span> <span class='ocrx_word' id='word_1_239' title='bbox 1821 3007 1988 3073; x_wconf 81' lang='lat' dir='ltr'><strong>paliii,</strong></span> <span class='ocrx_word' id='word_1_240' title='bbox 2018 3027 2133 3076; x_wconf 66' lang='lat' dir='ltr'><strong>quae</strong></span> 
     </span>
    </p>
   </div>
   <div class='ocr_carea' id='block_1_33' title="bbox 551 3080 2132 3170">
    <p class='ocr_par' dir='ltr' id='par_1_33' title="bbox 551 3080 2132 3170">
     <span class='ocr_line' id='line_1_33' title="bbox 551 3080 2132 3170; baseline 0.017 -39"><span class='ocrx_word' id='word_1_241' title='bbox 551 3080 796 3136; x_wconf 79' lang='lat' dir='ltr'><strong>videlicet</strong></span> <span class='ocrx_word' id='word_1_242' title='bbox 819 3084 1083 3152; x_wconf 88' lang='lat' dir='ltr'><strong>dependet</strong></span> <span class='ocrx_word' id='word_1_243' title='bbox 1105 3086 1344 3156; x_wconf 87' lang='lat' dir='ltr'><strong>inferius,</strong></span> <span class='ocrx_word' id='word_1_244' title='bbox 1371 3091 1524 3145; x_wconf 91' lang='lat' dir='ltr'><strong>faciat</strong></span> <span class='ocrx_word' id='word_1_245' title='bbox 1545 3107 1690 3150; x_wconf 71' lang='lat' dir='ltr'><strong>ecrte</strong></span> <span class='ocrx_word' id='word_1_246' title='bbox 1712 3097 2010 3165; x_wconf 83' lang='lat' dir='ltr'><strong>dependere</strong></span> <span class='ocrx_word' id='word_1_247' title='bbox 2037 3120 2132 3170; x_wconf 84' lang='lat' dir='ltr'><strong>per</strong></span> 
     </span>
    </p>
   </div>
   <div class='ocr_carea' id='block_1_34' title="bbox 551 3175 2098 3261">
    <p class='ocr_par' dir='ltr' id='par_1_34' title="bbox 551 3175 2098 3261">
     <span class='ocr_line' id='line_1_34' title="bbox 551 3175 2098 3261; baseline 0.014 -34"><span class='ocrx_word' id='word_1_248' title='bbox 551 3175 785 3228; x_wconf 90' lang='lat' dir='ltr'><strong>medium</strong></span> <span class='ocrx_word' id='word_1_249' title='bbox 820 3176 1069 3245; x_wconf 79' lang='lat' dir='ltr'><strong>planetae.</strong></span> <span class='ocrx_word' id='word_1_250' title='bbox 1103 3182 1267 3251; x_wconf 71' lang='lat'><strong>286</strong></span> <span class='ocrx_word' id='word_1_251' title='bbox 1309 3183 1491 3239; x_wconf 81' lang='lat' dir='ltr'><strong>Modus</strong></span> <span class='ocrx_word' id='word_1_252' title='bbox 1521 3201 1587 3240; x_wconf 89' lang='lat' dir='ltr'><strong>au</strong></span> <span class='ocrx_word' id='word_1_253' title='bbox 1613 3202 1697 3241; x_wconf 83' lang='lat' dir='ltr'><strong>eui</strong></span> <span class='ocrx_word' id='word_1_254' title='bbox 1750 3195 1964 3256; x_wconf 87' lang='lat' dir='ltr'><strong>aptandi</strong></span> <span class='ocrx_word' id='word_1_255' title='bbox 2015 3197 2098 3261; x_wconf 75' lang='lat' dir='ltr'><strong>pta</strong></span> 
     </span>
    </p>
   </div>
   <div class='ocr_carea' id='block_1_35' title="bbox 549 3269 2129 3352">
    <p class='ocr_par' dir='ltr' id='par_1_35' title="bbox 549 3269 2129 3352">
     <span class='ocr_line' id='line_1_35' title="bbox 549 3269 2129 3352; baseline 0.013 -35"><span class='ocrx_word' id='word_1_256' title='bbox 549 3274 727 3318; x_wconf 83' lang='lat' dir='ltr'><strong>nctam</strong></span> <span class='ocrx_word' id='word_1_257' title='bbox 755 3276 811 3321; x_wconf 89' lang='lat' dir='ltr'><strong>et</strong></span> <span class='ocrx_word' id='word_1_258' title='bbox 844 3269 1081 3339; x_wconf 88' lang='lat' dir='ltr'><strong>pallium,</strong></span> <span class='ocrx_word' id='word_1_259' title='bbox 1113 3282 1168 3326; x_wconf 93' lang='lat' dir='ltr'><strong>ut</strong></span> <span class='ocrx_word' id='word_1_260' title='bbox 1195 3288 1353 3343; x_wconf 89' lang='lat' dir='ltr'><strong>supra</strong></span> <span class='ocrx_word' id='word_1_261' title='bbox 1400 3275 1659 3344; x_wconf 78' lang='lat' dir='ltr'><strong>tangitur,</strong></span> <span class='ocrx_word' id='word_1_262' title='bbox 1693 3280 1882 3336; x_wconf 89' lang='lat' dir='ltr'><strong>melius</strong></span> <span class='ocrx_word' id='word_1_263' title='bbox 1933 3286 2129 3352; x_wconf 66' lang='lat' dir='ltr'><strong>percipi</strong></span> 
     </span>
    </p>
   </div>
   <div class='ocr_carea' id='block_1_36' title="bbox 548 3361 2131 3442">
    <p class='ocr_par' dir='ltr' id='par_1_36' title="bbox 548 3361 2131 3442">
     <span class='ocr_line' id='line_1_36' title="bbox 548 3361 2131 3442; baseline 0.013 -33"><span class='ocrx_word' id='word_1_264' title='bbox 548 3367 721 3423; x_wconf 91' lang='lat' dir='ltr'><strong>potest</strong></span> <span class='ocrx_word' id='word_1_265' title='bbox 751 3361 1000 3429; x_wconf 85' lang='lat' dir='ltr'><strong>exemplo</strong></span> <span class='ocrx_word' id='word_1_266' title='bbox 1028 3364 1370 3419; x_wconf 91' lang='lat' dir='ltr'><strong>diaconorum</strong></span> <span class='ocrx_word' id='word_1_267' title='bbox 1403 3367 1776 3437; x_wconf 90' lang='lat' dir='ltr'><strong>cardiualium,</strong></span> <span class='ocrx_word' id='word_1_268' title='bbox 1796 3389 2018 3442; x_wconf 91' lang='lat' dir='ltr'><strong>quorum</strong></span> <span class='ocrx_word' id='word_1_269' title='bbox 2049 3386 2131 3430; x_wconf 81' lang='lat' dir='ltr'><strong>est</strong></span> 
     </span>
    </p>
   </div>
   <div class='ocr_carea' id='block_1_37' title="bbox 547 3448 2127 3536">
    <p class='ocr_par' dir='ltr' id='par_1_37' title="bbox 547 3448 2127 3536">
     <span class='ocr_line' id='line_1_37' title="bbox 547 3448 2127 3536; baseline 0.015 -34"><span class='ocrx_word' id='word_1_270' title='bbox 547 3450 648 3503; x_wconf 85' lang='lat' dir='ltr'><strong>huc</strong></span> <span class='ocrx_word' id='word_1_271' title='bbox 675 3448 983 3521; x_wconf 90' lang='lat' dir='ltr'><strong>frequenter</strong></span> <span class='ocrx_word' id='word_1_272' title='bbox 1013 3455 1188 3512; x_wconf 90' lang='lat' dir='ltr'><strong>facere</strong></span> <span class='ocrx_word' id='word_1_273' title='bbox 1215 3459 1266 3512; x_wconf 91' lang='lat' dir='ltr'><strong>iu</strong></span> <span class='ocrx_word' id='word_1_274' title='bbox 1300 3459 1477 3525; x_wconf 79' lang='lat' dir='ltr'><strong>Missa,</strong></span> <span class='ocrx_word' id='word_1_275' title='bbox 1499 3476 1653 3532; x_wconf 91' lang='lat' dir='ltr'><strong>quam</strong></span> <span class='ocrx_word' id='word_1_276' title='bbox 1680 3468 1848 3534; x_wconf 78' lang='lat' dir='ltr'><strong>possit</strong></span> <span class='ocrx_word' id='word_1_277' title='bbox 1879 3484 1972 3536; x_wconf 79' lang='lat' dir='ltr'><strong>per</strong></span> <span class='ocrx_word' id='word_1_278' title='bbox 1992 3471 2127 3525; x_wconf 84' lang='lat' dir='ltr'><strong>seti-</strong></span> 
     </span>
    </p>
   </div>
   <div class='ocr_carea' id='block_1_38' title="bbox 547 3544 944 3610">
    <p class='ocr_par' dir='ltr' id='par_1_38' title="bbox 547 3544 944 3610">
     <span class='ocr_line' id='line_1_38' title="bbox 547 3544 944 3610; baseline 0.013 -17"><span class='ocrx_word' id='word_1_279' title='bbox 547 3551 756 3610; x_wconf 90' lang='lat' dir='ltr'><strong>pturam</strong></span> <span class='ocrx_word' id='word_1_280' title='bbox 790 3544 944 3599; x_wconf 89' lang='lat' dir='ltr'><strong>tradi.</strong></span> 
     </span>
    </p>
   </div>
   <div class='ocr_carea' id='block_1_39' title="bbox 621 3653 2123 3731">
    <p class='ocr_par' dir='ltr' id='par_1_39' title="bbox 621 3653 2123 3731">
     <span class='ocr_line' id='line_1_39' title="bbox 621 3653 2123 3731; baseline 0.013 -25"><span class='ocrx_word' id='word_1_281' title='bbox 621 3653 713 3708; x_wconf 90' lang='lat' dir='ltr'><strong>llis</strong></span> <span class='ocrx_word' id='word_1_282' title='bbox 745 3658 994 3727; x_wconf 85' lang='lat' dir='ltr'><strong>peractis,</strong></span> <span class='ocrx_word' id='word_1_283' title='bbox 1015 3659 1300 3716; x_wconf 89' lang='lat' dir='ltr'><strong>cardinalis</strong></span> <span class='ocrx_word' id='word_1_284' title='bbox 1331 3664 1610 3731; x_wconf 52' lang='lat' dir='ltr'><strong>praedictus</strong></span> <span class='ocrx_word' id='word_1_285' title='bbox 1633 3680 1947 3724; x_wconf 76' lang='lat' dir='ltr'><strong>conver&#39;ens</strong></span> <span class='ocrx_word' id='word_1_286' title='bbox 1974 3686 2032 3726; x_wconf 87' lang='lat' dir='ltr'><strong>se</strong></span> <span class='ocrx_word' id='word_1_287' title='bbox 2058 3673 2123 3726; x_wconf 92' lang='lat' dir='ltr'><strong>ad</strong></span> 
     </span>
    </p>
   </div>
   <div class='ocr_carea' id='block_1_40' title="bbox 545 3744 2124 3829">
    <p class='ocr_par' dir='ltr' id='par_1_40' title="bbox 545 3744 2124 3829">
     <span class='ocr_line' id='line_1_40' title="bbox 545 3744 2124 3829; baseline 0.016 -34"><span class='ocrx_word' id='word_1_288' title='bbox 545 3744 898 3814; x_wconf 85' lang='lat' dir='ltr'><strong>antiquiorem</strong></span> <span class='ocrx_word' id='word_1_289' title='bbox 953 3764 1018 3803; x_wconf 88' lang='lat' dir='ltr'><strong>ex</strong></span> <span class='ocrx_word' id='word_1_290' title='bbox 1069 3751 1380 3809; x_wconf 88' lang='lat' dir='ltr'><strong>diaconibus</strong></span> <span class='ocrx_word' id='word_1_291' title='bbox 1438 3757 1812 3826; x_wconf 70' lang='lat' dir='ltr'><strong>cardinalib-vs,</strong></span> <span class='ocrx_word' id='word_1_292' title='bbox 1849 3763 1934 3829; x_wconf 90' lang='lat' dir='ltr'><strong>qui</strong></span> <span class='ocrx_word' id='word_1_293' title='bbox 1983 3767 2124 3820; x_wconf 88' lang='lat' dir='ltr'><strong>circa</strong></span> 
     </span>
    </p>
   </div>
   <div class='ocr_carea' id='block_1_41' title="bbox 545 3834 2124 3920">
    <p class='ocr_par' dir='ltr' id='par_1_41' title="bbox 545 3834 2124 3920">
     <span class='ocr_line' id='line_1_41' title="bbox 545 3834 2124 3920; baseline 0.016 -34"><span class='ocrx_word' id='word_1_294' title='bbox 545 3834 714 3890; x_wconf 87' lang='lat' dir='ltr'><strong>altare</strong></span> <span class='ocrx_word' id='word_1_295' title='bbox 744 3839 1018 3906; x_wconf 89' lang='lat' dir='ltr'><strong>assistunt,</strong></span> <span class='ocrx_word' id='word_1_296' title='bbox 1047 3841 1137 3895; x_wconf 82' lang='lat' dir='ltr'><strong>det</strong></span> <span class='ocrx_word' id='word_1_297' title='bbox 1173 3843 1222 3897; x_wconf 84' lang='lat' dir='ltr'><strong>ci</strong></span> <span class='ocrx_word' id='word_1_298' title='bbox 1253 3859 1433 3913; x_wconf 88' lang='lat' dir='ltr'><strong>pacem</strong></span> <span class='ocrx_word' id='word_1_299' title='bbox 1459 3865 1473 3914; x_wconf 90' lang='lat'><strong>;</strong></span> <span class='ocrx_word' id='word_1_300' title='bbox 1510 3851 1578 3903; x_wconf 88' lang='lat' dir='ltr'><strong>ita</strong></span> <span class='ocrx_word' id='word_1_301' title='bbox 1609 3865 1783 3907; x_wconf 88' lang='lat' dir='ltr'><strong>tamen</strong></span> <span class='ocrx_word' id='word_1_302' title='bbox 1811 3855 1950 3920; x_wconf 88' lang='lat' dir='ltr'><strong>quod</strong></span> <span class='ocrx_word' id='word_1_303' title='bbox 2001 3861 2043 3912; x_wconf 80' lang='lat' dir='ltr'><strong>si</strong></span> <span class='ocrx_word' id='word_1_304' title='bbox 2080 3859 2124 3912; x_wconf 90' lang='lat' dir='ltr'><strong>is</strong></span> 
     </span>
    </p>
   </div>
   <div class='ocr_carea' id='block_1_42' title="bbox 543 3925 2123 4008">
    <p class='ocr_par' dir='ltr' id='par_1_42' title="bbox 543 3925 2123 4008">
     <span class='ocr_line' id='line_1_42' title="bbox 543 3925 2123 4008; baseline 0.015 -30"><span class='ocrx_word' id='word_1_305' title='bbox 543 3926 634 3993; x_wconf 77' lang='lat' dir='ltr'><strong>Qui</strong></span> <span class='ocrx_word' id='word_1_306' title='bbox 669 3925 1011 3998; x_wconf 81' lang='lat' dir='ltr'><strong>Evangelium</strong></span> <span class='ocrx_word' id='word_1_307' title='bbox 1048 3934 1191 4002; x_wconf 81' lang='lat' dir='ltr'><strong>legit.</strong></span> <span class='ocrx_word' id='word_1_308' title='bbox 1217 3944 1302 3989; x_wconf 88' lang='lat' dir='ltr'><strong>est</strong></span> <span class='ocrx_word' id='word_1_309' title='bbox 1323 3938 1608 4008; x_wconf 78' lang='lat' dir='ltr'><strong>antiquior,</strong></span> <span class='ocrx_word' id='word_1_310' title='bbox 1639 3958 1744 3995; x_wconf 92' lang='lat' dir='ltr'><strong>non</strong></span> <span class='ocrx_word' id='word_1_311' title='bbox 1771 3943 1954 4008; x_wconf 81' lang='lat' dir='ltr'><strong>ei,sed</strong></span> <span class='ocrx_word' id='word_1_312' title='bbox 1987 3950 2123 4001; x_wconf 86' lang='lat' dir='ltr'><strong>auti-</strong></span> 
     </span>
    </p>
   </div>
   <div class='ocr_carea' id='block_1_43' title="bbox 541 4017 2120 4095">
    <p class='ocr_par' dir='ltr' id='par_1_43' title="bbox 541 4017 2120 4095">
     <span class='ocr_line' id='line_1_43' title="bbox 541 4017 2120 4095; baseline 0.018 -29"><span class='ocrx_word' id='word_1_313' title='bbox 541 4017 713 4084; x_wconf 90' lang='lat' dir='ltr'><strong>quiori</strong></span> <span class='ocrx_word' id='word_1_314' title='bbox 743 4029 862 4086; x_wconf 87' lang='lat' dir='ltr'><strong>post</strong></span> <span class='ocrx_word' id='word_1_315' title='bbox 890 4037 1008 4076; x_wconf 90' lang='lat' dir='ltr'><strong>eum</strong></span> <span class='ocrx_word' id='word_1_316' title='bbox 1045 4041 1145 4092; x_wconf 90' lang='lat' dir='ltr'><strong>pax</strong></span> <span class='ocrx_word' id='word_1_317' title='bbox 1194 4026 1307 4081; x_wconf 87' lang='lat' dir='ltr'><strong>dari</strong></span> <span class='ocrx_word' id='word_1_318' title='bbox 1357 4030 1537 4084; x_wconf 88' lang='lat' dir='ltr'><strong>debet.</strong></span> <span class='ocrx_word' id='word_1_319' title='bbox 1594 4033 1791 4090; x_wconf 86' lang='lat' dir='ltr'><strong>Deinde</strong></span> <span class='ocrx_word' id='word_1_320' title='bbox 1838 4040 2120 4095; x_wconf 82' lang='lat' dir='ltr'><strong>cardinalis</strong></span> 
     </span>
    </p>
   </div>
   <div class='ocr_carea' id='block_1_44' title="bbox 539 4107 2119 4199">
    <p class='ocr_par' dir='ltr' id='par_1_44' title="bbox 539 4107 2119 4199">
     <span class='ocr_line' id='line_1_44' title="bbox 539 4107 2119 4199; baseline 0.02 -45"><span class='ocrx_word' id='word_1_321' title='bbox 539 4107 825 4172; x_wconf 71' lang='lat' dir='ltr'><strong>praedictus</strong></span> <span class='ocrx_word' id='word_1_322' title='bbox 857 4113 1009 4167; x_wconf 86' lang='lat' dir='ltr'><strong>vadat</strong></span> <span class='ocrx_word' id='word_1_323' title='bbox 1052 4116 1117 4168; x_wconf 89' lang='lat' dir='ltr'><strong>ad</strong></span> <span class='ocrx_word' id='word_1_324' title='bbox 1154 4117 1439 4188; x_wconf 84' lang='lat' dir='ltr'><strong>episc0pos</strong></span> <span class='ocrx_word' id='word_1_325' title='bbox 1467 4124 1796 4191; x_wconf 59' lang='lat' dir='ltr'><strong>cardinalis,</strong></span> <span class='ocrx_word' id='word_1_326' title='bbox 1828 4137 1880 4180; x_wconf 91' lang='lat' dir='ltr'><strong>et</strong></span> <span class='ocrx_word' id='word_1_327' title='bbox 1910 4131 1999 4184; x_wconf 90' lang='lat' dir='ltr'><strong>det</strong></span> <span class='ocrx_word' id='word_1_328' title='bbox 2028 4148 2119 4199; x_wconf 89' lang='lat' dir='ltr'><strong>pa-</strong></span> 
     </span>
    </p>
   </div>
   <div class='ocr_carea' id='block_1_45' title="bbox 539 4201 2116 4287">
    <p class='ocr_par' dir='ltr' id='par_1_45' title="bbox 539 4201 2116 4287">
     <span class='ocr_line' id='line_1_45' title="bbox 539 4201 2116 4287; baseline 0.017 -39"><span class='ocrx_word' id='word_1_329' title='bbox 539 4212 654 4250; x_wconf 89' lang='lat' dir='ltr'><strong>cem</strong></span> <span class='ocrx_word' id='word_1_330' title='bbox 686 4201 970 4269; x_wconf 89' lang='lat' dir='ltr'><strong>autiquiori</strong></span> <span class='ocrx_word' id='word_1_331' title='bbox 1009 4208 1058 4258; x_wconf 92' lang='lat' dir='ltr'><strong>in</strong></span> <span class='ocrx_word' id='word_1_332' title='bbox 1093 4218 1241 4271; x_wconf 87' lang='lat' dir='ltr'><strong>parte</strong></span> <span class='ocrx_word' id='word_1_333' title='bbox 1272 4209 1495 4275; x_wconf 64' lang='lat' dir='ltr'><strong>dextra,</strong></span> <span class='ocrx_word' id='word_1_334' title='bbox 1529 4221 1583 4266; x_wconf 85' lang='lat' dir='ltr'><strong>et</strong></span> <span class='ocrx_word' id='word_1_335' title='bbox 1631 4215 1782 4269; x_wconf 62' lang='lat' dir='ltr'><strong>alteri</strong></span> <span class='ocrx_word' id='word_1_336' title='bbox 1834 4219 2116 4287; x_wconf 68' lang='lat' dir='ltr'><strong>antiquiori</strong></span> 
     </span>
    </p>
   </div>
   <div class='ocr_carea' id='block_1_46' title="bbox 538 4287 2115 4381">
    <p class='ocr_par' dir='ltr' id='par_1_46' title="bbox 538 4287 2115 4381">
     <span class='ocr_line' id='line_1_46' title="bbox 538 4287 2115 4381; baseline 0.018 -41"><span class='ocrx_word' id='word_1_337' title='bbox 538 4287 591 4340; x_wconf 90' lang='lat' dir='ltr'><strong>in</strong></span> <span class='ocrx_word' id='word_1_338' title='bbox 624 4304 778 4356; x_wconf 78' lang='lat' dir='ltr'><strong>parte</strong></span> <span class='ocrx_word' id='word_1_339' title='bbox 804 4291 1047 4350; x_wconf 69' lang='lat' dir='ltr'><strong>sinistra.</strong></span> <span class='ocrx_word' id='word_1_340' title='bbox 1074 4297 1470 4368; x_wconf 83' lang='lat' dir='ltr'><strong>Subsequenter</strong></span> <span class='ocrx_word' id='word_1_341' title='bbox 1502 4306 1661 4358; x_wconf 83' lang='lat' dir='ltr'><strong>vadat</strong></span> <span class='ocrx_word' id='word_1_342' title='bbox 1685 4308 1749 4360; x_wconf 89' lang='lat' dir='ltr'><strong>ad</strong></span> <span class='ocrx_word' id='word_1_343' title='bbox 1775 4311 2115 4381; x_wconf 80' lang='lat' dir='ltr'><strong>presbyteros</strong></span> 
     </span>
    </p>
   </div>
   <div class='ocr_carea' id='block_1_47' title="bbox 533 4382 2111 4468">
    <p class='ocr_par' dir='ltr' id='par_1_47' title="bbox 533 4382 2111 4468">
     <span class='ocr_line' id='line_1_47' title="bbox 533 4382 2111 4468; baseline 0.015 -35"><span class='ocrx_word' id='word_1_344' title='bbox 533 4382 855 4448; x_wconf 89' lang='lat' dir='ltr'><strong>cardinales,</strong></span> <span class='ocrx_word' id='word_1_345' title='bbox 884 4397 936 4439; x_wconf 89' lang='lat' dir='ltr'><strong>et</strong></span> <span class='ocrx_word' id='word_1_346' title='bbox 962 4389 1050 4442; x_wconf 90' lang='lat' dir='ltr'><strong>det</strong></span> <span class='ocrx_word' id='word_1_347' title='bbox 1083 4407 1265 4456; x_wconf 89' lang='lat' dir='ltr'><strong>pacem</strong></span> <span class='ocrx_word' id='word_1_348' title='bbox 1298 4396 1584 4464; x_wconf 84' lang='lat' dir='ltr'><strong>antiquiori</strong></span> <span class='ocrx_word' id='word_1_349' title='bbox 1613 4399 1662 4452; x_wconf 92' lang='lat' dir='ltr'><strong>in</strong></span> <span class='ocrx_word' id='word_1_350' title='bbox 1697 4411 1847 4468; x_wconf 88' lang='lat' dir='ltr'><strong>parte</strong></span> <span class='ocrx_word' id='word_1_351' title='bbox 1873 4405 2111 4458; x_wconf 81' lang='lat' dir='ltr'><strong>sinistra.</strong></span> 
     </span>
    </p>
   </div>
   <div class='ocr_carea' id='block_1_48' title="bbox 536 4470 2113 4562">
    <p class='ocr_par' dir='ltr' id='par_1_48' title="bbox 536 4470 2113 4562">
     <span class='ocr_line' id='line_1_48' title="bbox 536 4470 2113 4562; baseline 0.019 -38"><span class='ocrx_word' id='word_1_352' title='bbox 536 4470 732 4525; x_wconf 77' lang='lat' dir='ltr'><strong>Ultimo</strong></span> <span class='ocrx_word' id='word_1_353' title='bbox 751 4475 817 4528; x_wconf 90' lang='lat' dir='ltr'><strong>ad</strong></span> <span class='ocrx_word' id='word_1_354' title='bbox 849 4478 980 4532; x_wconf 86' lang='lat' dir='ltr'><strong>alios</strong></span> <span class='ocrx_word' id='word_1_355' title='bbox 1022 4483 1267 4547; x_wconf 71' lang='lat' dir='ltr'><strong>pra-latos</strong></span> <span class='ocrx_word' id='word_1_356' title='bbox 1314 4486 1401 4554; x_wconf 92' lang='lat' dir='ltr'><strong>qui</strong></span> <span class='ocrx_word' id='word_1_357' title='bbox 1449 4491 1619 4544; x_wconf 89' lang='lat' dir='ltr'><strong>sacris</strong></span> <span class='ocrx_word' id='word_1_358' title='bbox 1672 4491 1840 4546; x_wconf 91' lang='lat' dir='ltr'><strong>induti</strong></span> <span class='ocrx_word' id='word_1_359' title='bbox 1885 4506 2027 4562; x_wconf 87' lang='lat' dir='ltr'><strong>sunt,</strong></span> <span class='ocrx_word' id='word_1_360' title='bbox 2060 4509 2113 4554; x_wconf 89' lang='lat' dir='ltr'><strong>et</strong></span> 
     </span>
    </p>
   </div>
   <div class='ocr_carea' id='block_1_49' title="bbox 532 4562 2113 4654">
    <p class='ocr_par' dir='ltr' id='par_1_49' title="bbox 532 4562 2113 4654">
     <span class='ocr_line' id='line_1_49' title="bbox 532 4562 2113 4654; baseline 0.02 -42"><span class='ocrx_word' id='word_1_361' title='bbox 532 4562 622 4614; x_wconf 86' lang='lat' dir='ltr'><strong>det</strong></span> <span class='ocrx_word' id='word_1_362' title='bbox 655 4579 835 4631; x_wconf 88' lang='lat' dir='ltr'><strong>pacem</strong></span> <span class='ocrx_word' id='word_1_363' title='bbox 870 4569 956 4622; x_wconf 91' lang='lat' dir='ltr'><strong>uni</strong></span> <span class='ocrx_word' id='word_1_364' title='bbox 989 4573 1075 4639; x_wconf 89' lang='lat' dir='ltr'><strong>qui</strong></span> <span class='ocrx_word' id='word_1_365' title='bbox 1111 4573 1335 4641; x_wconf 86' lang='lat' dir='ltr'><strong>primum</strong></span> <span class='ocrx_word' id='word_1_366' title='bbox 1368 4578 1544 4633; x_wconf 72' lang='lat' dir='ltr'><strong>locum</strong></span> <span class='ocrx_word' id='word_1_367' title='bbox 1576 4590 1739 4649; x_wconf 82' lang='lat' dir='ltr'><strong>tenet,</strong></span> <span class='ocrx_word' id='word_1_368' title='bbox 1762 4585 1842 4638; x_wconf 93' lang='lat' dir='ltr'><strong>vel</strong></span> <span class='ocrx_word' id='word_1_369' title='bbox 1875 4586 2113 4654; x_wconf 89' lang='lat' dir='ltr'><strong>pluribus</strong></span> 
     </span>
    </p>
   </div>
   <div class='ocr_carea' id='block_1_50' title="bbox 533 4658 2110 4737">
    <p class='ocr_par' dir='ltr' id='par_1_50' title="bbox 533 4658 2110 4737">
     <span class='ocr_line' id='line_1_50' title="bbox 533 4658 2110 4737; baseline 0.02 -31"><span class='ocrx_word' id='word_1_370' title='bbox 533 4668 744 4719; x_wconf 87' lang='lat' dir='ltr'><strong>corum,</strong></span> <span class='ocrx_word' id='word_1_371' title='bbox 769 4658 810 4710; x_wconf 91' lang='lat' dir='ltr'><strong>si</strong></span> <span class='ocrx_word' id='word_1_372' title='bbox 845 4658 978 4713; x_wconf 62' lang='lat' dir='ltr'><strong>forte</strong></span> <span class='ocrx_word' id='word_1_373' title='bbox 1003 4678 1107 4716; x_wconf 90' lang='lat' dir='ltr'><strong>non</strong></span> <span class='ocrx_word' id='word_1_374' title='bbox 1140 4681 1324 4721; x_wconf 80' lang='lat' dir='ltr'><strong>(mines</strong></span> <span class='ocrx_word' id='word_1_375' title='bbox 1357 4671 1565 4728; x_wconf 48' lang='lat' dir='ltr'><strong>fui&#39;runt</strong></span> <span class='ocrx_word' id='word_1_376' title='bbox 1604 4675 1654 4728; x_wconf 92' lang='lat' dir='ltr'><strong>in</strong></span> <span class='ocrx_word' id='word_1_377' title='bbox 1698 4677 1885 4732; x_wconf 82' lang='lat' dir='ltr'><strong>ordine</strong></span> <span class='ocrx_word' id='word_1_378' title='bbox 1920 4682 2110 4737; x_wconf 89' lang='lat' dir='ltr'><strong>eodem</strong></span> 
     </span>
    </p>
   </div>
   <div class='ocr_carea' id='block_1_51' title="bbox 531 4747 2108 4828">
    <p class='ocr_par' dir='ltr' id='par_1_51' title="bbox 531 4747 2108 4828">
     <span class='ocr_line' id='line_1_51' title="bbox 531 4747 2108 4828; baseline 0.02 -32"><span class='ocrx_word' id='word_1_379' title='bbox 531 4747 847 4804; x_wconf 77' lang='lat' dir='ltr'><strong>residentes.</strong></span> <span class='ocrx_word' id='word_1_380' title='bbox 884 4752 1058 4818; x_wconf 87' lang='lat' dir='ltr'><strong>Ipsum</strong></span> <span class='ocrx_word' id='word_1_381' title='bbox 1104 4768 1279 4810; x_wconf 88' lang='lat' dir='ltr'><strong>autem</strong></span> <span class='ocrx_word' id='word_1_382' title='bbox 1315 4765 1641 4819; x_wconf 90' lang='lat' dir='ltr'><strong>cardinalcm</strong></span> <span class='ocrx_word' id='word_1_383' title='bbox 1671 4768 1750 4822; x_wconf 90' lang='lat' dir='ltr'><strong>sic</strong></span> <span class='ocrx_word' id='word_1_384' title='bbox 1797 4783 2010 4826; x_wconf 90' lang='lat' dir='ltr'><strong>euntem</strong></span> <span class='ocrx_word' id='word_1_385' title='bbox 2043 4775 2108 4828; x_wconf 86' lang='lat' dir='ltr'><strong>ad</strong></span> 
     </span>
    </p>
   </div>
   <div class='ocr_carea' id='block_1_52' title="bbox 527 4837 2106 4934">
    <p class='ocr_par' dir='ltr' id='par_1_52' title="bbox 527 4837 2106 4934">
     <span class='ocr_line' id='line_1_52' title="bbox 527 4837 2106 4934; baseline 0.02 -48"><span class='ocrx_word' id='word_1_386' title='bbox 527 4837 759 4891; x_wconf 88' lang='lat' dir='ltr'><strong>dandam</strong></span> <span class='ocrx_word' id='word_1_387' title='bbox 794 4857 974 4908; x_wconf 90' lang='lat' dir='ltr'><strong>pacem</strong></span> <span class='ocrx_word' id='word_1_388' title='bbox 1010 4848 1313 4913; x_wconf 61' lang='lat' dir='ltr'><strong>praecedere</strong></span> <span class='ocrx_word' id='word_1_389' title='bbox 1342 4853 1501 4906; x_wconf 89' lang='lat' dir='ltr'><strong>debet</strong></span> <span class='ocrx_word' id='word_1_390' title='bbox 1546 4872 1680 4911; x_wconf 91' lang='lat' dir='ltr'><strong>unus</strong></span> <span class='ocrx_word' id='word_1_391' title='bbox 1729 4859 1796 4912; x_wconf 87' lang='lat' dir='ltr'><strong>de</strong></span> <span class='ocrx_word' id='word_1_392' title='bbox 1825 4863 2106 4934; x_wconf 84' lang='lat' dir='ltr'><strong>acolythis,</strong></span> 
     </span>
    </p>
   </div>
   <div class='ocr_carea' id='block_1_53' title="bbox 526 4929 1959 5020">
    <p class='ocr_par' dir='ltr' id='par_1_53' title="bbox 526 4929 1959 5020">
     <span class='ocr_line' id='line_1_53' title="bbox 526 4929 1959 5020; baseline 0.017 -39"><span class='ocrx_word' id='word_1_393' title='bbox 526 4937 578 4981; x_wconf 86' lang='lat' dir='ltr'><strong>ct</strong></span> <span class='ocrx_word' id='word_1_394' title='bbox 599 4929 788 4999; x_wconf 79' lang='lat' dir='ltr'><strong>aliquis</strong></span> <span class='ocrx_word' id='word_1_395' title='bbox 820 4933 902 4986; x_wconf 69' lang='grc' dir='ltr'>ιιι-Ι</span> <span class='ocrx_word' id='word_1_396' title='bbox 927 4936 1085 5004; x_wconf 81' lang='lat' dir='ltr'><strong>aliqui</strong></span> <span class='ocrx_word' id='word_1_397' title='bbox 1119 4939 1186 4991; x_wconf 89' lang='lat' dir='ltr'><strong>de</strong></span> <span class='ocrx_word' id='word_1_398' title='bbox 1215 4944 1522 4998; x_wconf 82' lang='lat' dir='ltr'><strong>cursoribus</strong></span> <span class='ocrx_word' id='word_1_399' title='bbox 1551 4948 1753 5002; x_wconf 85' lang='lat' dir='ltr'><strong>domini</strong></span> <span class='ocrx_word' id='word_1_400' title='bbox 1786 4929 1959 5020; x_wconf 66' lang='lat' dir='ltr'><strong>papae.</strong></span> 
     </span>
    </p>
   </div>
   <div class='ocr_carea' id='block_1_54' title="bbox 598 5023 2106 5110">
    <p class='ocr_par' dir='ltr' id='par_1_54' title="bbox 598 5023 2106 5110">
     <span class='ocr_line' id='line_1_54' title="bbox 598 5023 2106 5110; baseline 0.019 -35"><span class='ocrx_word' id='word_1_401' title='bbox 598 5023 727 5078; x_wconf 87' lang='lat' dir='ltr'><strong>Data</strong></span> <span class='ocrx_word' id='word_1_402' title='bbox 765 5042 914 5095; x_wconf 66' lang='lat' dir='ltr'><strong>pace,</strong></span> <span class='ocrx_word' id='word_1_403' title='bbox 946 5042 1243 5085; x_wconf 81' lang='lat' dir='ltr'><strong>revertatur</strong></span> <span class='ocrx_word' id='word_1_404' title='bbox 1264 5039 1327 5087; x_wconf 88' lang='lat' dir='ltr'><strong>ad</strong></span> <span class='ocrx_word' id='word_1_405' title='bbox 1363 5037 1664 5101; x_wconf 69' lang='lat' dir='ltr'><strong>pontifitem</strong></span> <span class='ocrx_word' id='word_1_406' title='bbox 1697 5057 1851 5110; x_wconf 89' lang='lat' dir='ltr'><strong>quem</strong></span> <span class='ocrx_word' id='word_1_407' title='bbox 1884 5045 2106 5102; x_wconf 83' lang='lat' dir='ltr'><strong>iuvene-</strong></span> 
     </span>
    </p>
   </div>
   <div class='ocr_carea' id='block_1_55' title="bbox 525 5123 2100 5204">
    <p class='ocr_par' dir='ltr' id='par_1_55' title="bbox 525 5123 2100 5204">
     <span class='ocr_line' id='line_1_55' title="bbox 525 5123 2100 5204; baseline 0.016 -39"><span class='ocrx_word' id='word_1_408' title='bbox 525 5124 607 5166; x_wconf 90' lang='lat' dir='ltr'><strong>rat</strong></span> <span class='ocrx_word' id='word_1_409' title='bbox 639 5123 926 5174; x_wconf 74' lang='lat' dir='ltr'><strong>receSsisse</strong></span> <span class='ocrx_word' id='word_1_410' title='bbox 955 5125 1021 5175; x_wconf 89' lang='lat' dir='ltr'><strong>ab</strong></span> <span class='ocrx_word' id='word_1_411' title='bbox 1055 5125 1228 5190; x_wconf 86' lang='lat' dir='ltr'><strong>altari,</strong></span> <span class='ocrx_word' id='word_1_412' title='bbox 1253 5136 1309 5179; x_wconf 87' lang='lat' dir='ltr'><strong>et</strong></span> <span class='ocrx_word' id='word_1_413' title='bbox 1333 5128 1544 5183; x_wconf 83' lang='lat' dir='ltr'><strong>venisse</strong></span> <span class='ocrx_word' id='word_1_414' title='bbox 1573 5131 1638 5185; x_wconf 89' lang='lat' dir='ltr'><strong>ad</strong></span> <span class='ocrx_word' id='word_1_415' title='bbox 1682 5133 1864 5188; x_wconf 81' lang='lat' dir='ltr'><strong>sedem</strong></span> <span class='ocrx_word' id='word_1_416' title='bbox 1912 5150 2100 5204; x_wconf 86' lang='lat' dir='ltr'><strong>suam,</strong></span> 
     </span>
    </p>
   </div>
   <div class='ocr_carea' id='block_1_56' title="bbox 522 5207 2100 5292">
    <p class='ocr_par' dir='ltr' id='par_1_56' title="bbox 522 5207 2100 5292">
     <span class='ocr_line' id='line_1_56' title="bbox 522 5207 2100 5292; baseline 0.018 -37"><span class='ocrx_word' id='word_1_417' title='bbox 522 5207 678 5272; x_wconf 83' lang='lat' dir='ltr'><strong>eique</strong></span> <span class='ocrx_word' id='word_1_418' title='bbox 726 5215 1140 5268; x_wconf 82' lang='lat' dir='ltr'><strong>Communicanti</strong></span> <span class='ocrx_word' id='word_1_419' title='bbox 1194 5219 1427 5273; x_wconf 79' lang='lat' dir='ltr'><strong>assistat.</strong></span> <span class='ocrx_word' id='word_1_420' title='bbox 1485 5220 1591 5276; x_wconf 86' lang='lat' dir='ltr'><strong>Nec</strong></span> <span class='ocrx_word' id='word_1_421' title='bbox 1634 5235 1846 5292; x_wconf 75' lang='lat' dir='ltr'><strong>Oportet</strong></span> <span class='ocrx_word' id='word_1_422' title='bbox 1877 5229 2100 5284; x_wconf 90' lang='lat' dir='ltr'><strong>multum</strong></span> 
     </span>
    </p>
   </div>
   <div class='ocr_carea' id='block_1_57' title="bbox 522 5298 2100 5385">
    <p class='ocr_par' dir='ltr' id='par_1_57' title="bbox 522 5298 2100 5385">
     <span class='ocr_line' id='line_1_57' title="bbox 522 5298 2100 5385; baseline 0.019 -39"><span class='ocrx_word' id='word_1_423' title='bbox 522 5298 801 5354; x_wconf 76' lang='lat' dir='ltr'><strong>sollicitari</strong></span> <span class='ocrx_word' id='word_1_424' title='bbox 843 5318 964 5356; x_wconf 90' lang='lat' dir='ltr'><strong>eum</strong></span> <span class='ocrx_word' id='word_1_425' title='bbox 1009 5305 1076 5358; x_wconf 89' lang='lat' dir='ltr'><strong>de</strong></span> <span class='ocrx_word' id='word_1_426' title='bbox 1108 5305 1241 5359; x_wconf 88' lang='lat' dir='ltr'><strong>libro</strong></span> <span class='ocrx_word' id='word_1_427' title='bbox 1271 5319 1508 5377; x_wconf 87' lang='lat' dir='ltr'><strong>tempore</strong></span> <span class='ocrx_word' id='word_1_428' title='bbox 1534 5321 1960 5385; x_wconf 89' lang='lat' dir='ltr'><strong>communionis;</strong></span> <span class='ocrx_word' id='word_1_429' title='bbox 2005 5322 2100 5376; x_wconf 89' lang='lat' dir='ltr'><strong>sed</strong></span> 
     </span>
    </p>
   </div>
   <div class='ocr_carea' id='block_1_58' title="bbox 522 5387 2102 5480">
    <p class='ocr_par' dir='ltr' id='par_1_58' title="bbox 522 5387 2102 5480">
     <span class='ocr_line' id='line_1_58' title="bbox 522 5387 2102 5480; baseline 0.019 -43"><span class='ocrx_word' id='word_1_430' title='bbox 522 5387 635 5452; x_wconf 87' lang='lat' dir='ltr'><strong>ipse</strong></span> <span class='ocrx_word' id='word_1_431' title='bbox 662 5391 746 5444; x_wconf 90' lang='lat' dir='ltr'><strong>cui</strong></span> <span class='ocrx_word' id='word_1_432' title='bbox 779 5393 912 5449; x_wconf 89' lang='lat' dir='ltr'><strong>liber</strong></span> <span class='ocrx_word' id='word_1_433' title='bbox 941 5406 1021 5450; x_wconf 81' lang='lat' dir='ltr'><strong>est</strong></span> <span class='ocrx_word' id='word_1_434' title='bbox 1049 5399 1369 5454; x_wconf 88' lang='lat' dir='ltr'><strong>commissus</strong></span> <span class='ocrx_word' id='word_1_435' title='bbox 1401 5413 1583 5459; x_wconf 90' lang='lat' dir='ltr'><strong>tenere</strong></span> <span class='ocrx_word' id='word_1_436' title='bbox 1608 5407 1770 5462; x_wconf 72' lang='lat' dir='ltr'><strong>debet</strong></span> <span class='ocrx_word' id='word_1_437' title='bbox 1813 5422 1937 5465; x_wconf 89' lang='lat' dir='ltr'><strong>ante</strong></span> <span class='ocrx_word' id='word_1_438' title='bbox 1969 5427 2102 5480; x_wconf 90' lang='lat' dir='ltr'><strong>pon-</strong></span> 
     </span>
    </p>
   </div>
   <div class='ocr_carea' id='block_1_59' title="bbox 522 5475 2100 5567">
    <p class='ocr_par' dir='ltr' id='par_1_59' title="bbox 522 5475 2100 5567">
     <span class='ocr_line' id='line_1_59' title="bbox 522 5475 2100 5567; baseline 0.018 -41"><span class='ocrx_word' id='word_1_439' title='bbox 522 5475 719 5532; x_wconf 80' lang='lat' dir='ltr'><strong>tificem</strong></span> <span class='ocrx_word' id='word_1_440' title='bbox 747 5493 919 5548; x_wconf 82' lang='lat' dir='ltr'><strong>aptata</strong></span> <span class='ocrx_word' id='word_1_441' title='bbox 950 5485 1135 5540; x_wconf 82' lang='lat' dir='ltr'><strong>dextra</strong></span> <span class='ocrx_word' id='word_1_442' title='bbox 1171 5503 1332 5555; x_wconf 87' lang='lat' dir='ltr'><strong>super</strong></span> <span class='ocrx_word' id='word_1_443' title='bbox 1363 5491 1532 5558; x_wconf 90' lang='lat' dir='ltr'><strong>ipsum</strong></span> <span class='ocrx_word' id='word_1_444' title='bbox 1567 5494 1758 5549; x_wconf 92' lang='lat' dir='ltr'><strong>librum</strong></span> <span class='ocrx_word' id='word_1_445' title='bbox 1778 5537 1792 5559; x_wconf 94' lang='lat'><strong>,</strong></span> <span class='ocrx_word' id='word_1_446' title='bbox 1819 5508 1874 5550; x_wconf 92' lang='lat' dir='ltr'><strong>ut</strong></span> <span class='ocrx_word' id='word_1_447' title='bbox 1925 5475 2100 5567; x_wconf 74' lang='lat' dir='ltr'><strong>legere</strong></span> 
     </span>
    </p>
   </div>
   <div class='ocr_carea' id='block_1_60' title="bbox 521 5566 2102 5652">
    <p class='ocr_par' dir='ltr' id='par_1_60' title="bbox 521 5566 2102 5652">
     <span class='ocr_line' id='line_1_60' title="bbox 521 5566 2102 5652; baseline 0.019 -37"><span class='ocrx_word' id='word_1_448' title='bbox 521 5566 694 5632; x_wconf 85' lang='lat' dir='ltr'><strong>possit</strong></span> <span class='ocrx_word' id='word_1_449' title='bbox 721 5584 837 5635; x_wconf 66' lang='grc' dir='ltr'><strong>(μω</strong></span> <span class='ocrx_word' id='word_1_450' title='bbox 869 5573 957 5624; x_wconf 93' lang='lat' dir='ltr'><strong>illo</strong></span> <span class='ocrx_word' id='word_1_451' title='bbox 982 5585 1218 5644; x_wconf 84' lang='lat' dir='ltr'><strong>tempore</strong></span> <span class='ocrx_word' id='word_1_452' title='bbox 1249 5577 1471 5634; x_wconf 90' lang='lat' dir='ltr'><strong>dicenda</strong></span> <span class='ocrx_word' id='word_1_453' title='bbox 1501 5596 1645 5637; x_wconf 91' lang='lat' dir='ltr'><strong>sunt.</strong></span> <span class='ocrx_word' id='word_1_454' title='bbox 1681 5586 1798 5652; x_wconf 87' lang='lat' dir='ltr'><strong>Ipse</strong></span> <span class='ocrx_word' id='word_1_455' title='bbox 1828 5603 1955 5642; x_wconf 84' lang='lat' dir='ltr'><strong>vero</strong></span> <span class='ocrx_word' id='word_1_456' title='bbox 1977 5605 2102 5644; x_wconf 87' lang='lat' dir='ltr'><strong>car-</strong></span> 
     </span>
    </p>
   </div>
   <div class='ocr_carea' id='block_1_61' title="bbox 523 5655 2099 5752">
    <p class='ocr_par' dir='ltr' id='par_1_61' title="bbox 523 5655 2099 5752">
     <span class='ocr_line' id='line_1_61' title="bbox 523 5655 2099 5752; baseline 0.018 -43"><span class='ocrx_word' id='word_1_457' title='bbox 523 5655 709 5711; x_wconf 73' lang='lat' dir='ltr'><strong>dinalis</strong></span> <span class='ocrx_word' id='word_1_458' title='bbox 738 5660 1002 5731; x_wconf 74' lang='lat' dir='ltr'><strong>accipiens</strong></span> <span class='ocrx_word' id='word_1_459' title='bbox 1029 5667 1094 5720; x_wconf 83' lang='lat' dir='ltr'><strong>de</strong></span> <span class='ocrx_word' id='word_1_460' title='bbox 1127 5684 1284 5724; x_wconf 85' lang='lat' dir='ltr'><strong>manu</strong></span> <span class='ocrx_word' id='word_1_461' title='bbox 1310 5672 1542 5744; x_wconf 87' lang='lat' dir='ltr'><strong>acolythi</strong></span> <span class='ocrx_word' id='word_1_462' title='bbox 1569 5692 1822 5744; x_wconf 77' lang='lat' dir='ltr'><strong>pannum,</strong></span> <span class='ocrx_word' id='word_1_463' title='bbox 1849 5696 1968 5734; x_wconf 88' lang='lat' dir='ltr'><strong>cum</strong></span> <span class='ocrx_word' id='word_1_464' title='bbox 1993 5697 2099 5752; x_wconf 86' lang='lat' dir='ltr'><strong>quo</strong></span> 
     </span>
    </p>
   </div>
   <div class='ocr_carea' id='block_1_62' title="bbox 2274 527 3859 609">
    <p class='ocr_par' dir='ltr' id='par_1_62' title="bbox 2274 527 3859 609">
     <span class='ocr_line' id='line_1_62' title="bbox 2274 527 3859 609; baseline 0.016 -35"><span class='ocrx_word' id='word_1_465' title='bbox 2274 537 2395 576; x_wconf 91' lang='lat' dir='ltr'><strong>nem</strong></span> <span class='ocrx_word' id='word_1_466' title='bbox 2427 535 2481 578; x_wconf 89' lang='lat' dir='ltr'><strong>et</strong></span> <span class='ocrx_word' id='word_1_467' title='bbox 2510 527 2860 594; x_wconf 90' lang='lat' dir='ltr'><strong>ablutionem,</strong></span> <span class='ocrx_word' id='word_1_468' title='bbox 2885 541 2939 584; x_wconf 93' lang='lat' dir='ltr'><strong>et</strong></span> <span class='ocrx_word' id='word_1_469' title='bbox 2967 547 3087 585; x_wconf 90' lang='lat' dir='ltr'><strong>cum</strong></span> <span class='ocrx_word' id='word_1_470' title='bbox 3121 535 3238 602; x_wconf 88' lang='lat' dir='ltr'><strong>ipso</strong></span> <span class='ocrx_word' id='word_1_471' title='bbox 3269 551 3445 604; x_wconf 87' lang='lat' dir='ltr'><strong>panno</strong></span> <span class='ocrx_word' id='word_1_472' title='bbox 3469 542 3752 609; x_wconf 89' lang='lat' dir='ltr'><strong>accipiens</strong></span> <span class='ocrx_word' id='word_1_473' title='bbox 3778 561 3859 598; x_wconf 81' lang='lat' dir='ltr'><strong>ca-</strong></span> 
     </span>
    </p>
   </div>
   <div class='ocr_carea' id='block_1_63' title="bbox 2269 611 3857 700">
    <p class='ocr_par' dir='ltr' id='par_1_63' title="bbox 2269 611 3857 700">
     <span class='ocr_line' id='line_1_63' title="bbox 2269 611 3857 700; baseline 0.014 -36"><span class='ocrx_word' id='word_1_474' title='bbox 2269 611 2465 665; x_wconf 88' lang='lat' dir='ltr'><strong>lamum</strong></span> <span class='ocrx_word' id='word_1_475' title='bbox 2498 629 2620 670; x_wconf 89' lang='lat' dir='ltr'><strong>cum</strong></span> <span class='ocrx_word' id='word_1_476' title='bbox 2651 633 2757 685; x_wconf 90' lang='lat' dir='ltr'><strong>quo</strong></span> <span class='ocrx_word' id='word_1_477' title='bbox 2792 620 3024 686; x_wconf 73' lang='lat' dir='ltr'><strong>pontifex</strong></span> <span class='ocrx_word' id='word_1_478' title='bbox 3053 622 3379 679; x_wconf 90' lang='lat' dir='ltr'><strong>dominicum</strong></span> <span class='ocrx_word' id='word_1_479' title='bbox 3413 634 3741 700; x_wconf 83' lang='lat' dir='ltr'><strong>sanguinem</strong></span> <span class='ocrx_word' id='word_1_480' title='bbox 3778 651 3857 688; x_wconf 77' lang='lat' dir='ltr'><strong>sn-</strong></span> 
     </span>
    </p>
   </div>
   <div class='ocr_carea' id='block_1_64' title="bbox 2268 703 3858 788">
    <p class='ocr_par' dir='ltr' id='par_1_64' title="bbox 2268 703 3858 788">
     <span class='ocr_line' id='line_1_64' title="bbox 2268 703 3858 788; baseline 0.014 -35"><span class='ocrx_word' id='word_1_481' title='bbox 2268 716 2415 756; x_wconf 90' lang='lat' dir='ltr'><strong>mere</strong></span> <span class='ocrx_word' id='word_1_482' title='bbox 2447 703 2638 770; x_wconf 91' lang='lat' dir='ltr'><strong>debet;</strong></span> <span class='ocrx_word' id='word_1_483' title='bbox 2677 709 2889 776; x_wconf 90' lang='lat' dir='ltr'><strong>quando</strong></span> <span class='ocrx_word' id='word_1_484' title='bbox 2922 712 3153 776; x_wconf 84' lang='lat' dir='ltr'><strong>pontifex</strong></span> <span class='ocrx_word' id='word_1_485' title='bbox 3187 720 3476 783; x_wconf 89' lang='lat' dir='ltr'><strong>sumpserit</strong></span> <span class='ocrx_word' id='word_1_486' title='bbox 3510 733 3723 788; x_wconf 87' lang='lat' dir='ltr'><strong>partem</strong></span> <span class='ocrx_word' id='word_1_487' title='bbox 3759 725 3858 777; x_wconf 76' lang='lat' dir='ltr'><strong>llo-</strong></span> 
     </span>
    </p>
   </div>
   <div class='ocr_carea' id='block_1_65' title="bbox 2265 791 3855 888">
    <p class='ocr_par' dir='ltr' id='par_1_65' title="bbox 2265 791 3855 888">
     <span class='ocr_line' id='line_1_65' title="bbox 2265 791 3855 888; baseline 0.013 -44"><span class='ocrx_word' id='word_1_488' title='bbox 2265 791 2380 846; x_wconf 77' lang='lat' dir='ltr'><strong>3tia:</strong></span> <span class='ocrx_word' id='word_1_489' title='bbox 2396 809 2515 862; x_wconf 67' lang='lat' dir='ltr'><strong>quae</strong></span> <span class='ocrx_word' id='word_1_490' title='bbox 2528 799 2782 850; x_wconf 89' lang='lat' dir='ltr'><strong>sumenda</strong></span> <span class='ocrx_word' id='word_1_491' title='bbox 2802 810 2883 854; x_wconf 75' lang='lat' dir='ltr'><strong>est</strong></span> <span class='ocrx_word' id='word_1_492' title='bbox 2897 803 3056 865; x_wconf 89' lang='lat' dir='ltr'><strong>abeo,</strong></span> <span class='ocrx_word' id='word_1_493' title='bbox 3071 813 3126 857; x_wconf 91' lang='lat' dir='ltr'><strong>et</strong></span> <span class='ocrx_word' id='word_1_494' title='bbox 3148 806 3389 888; x_wconf 63' lang='lat' dir='ltr'><strong>di-bperit</strong></span> <span class='ocrx_word' id='word_1_495' title='bbox 3412 824 3633 865; x_wconf 86' lang='lat' dir='ltr'><strong>sumere</strong></span> <span class='ocrx_word' id='word_1_496' title='bbox 3653 819 3855 881; x_wconf 81' lang='lat' dir='ltr'><strong>sangui-</strong></span> 
     </span>
    </p>
   </div>
   <div class='ocr_carea' id='block_1_66' title="bbox 2266 885 3855 965">
    <p class='ocr_par' dir='ltr' id='par_1_66' title="bbox 2266 885 3855 965">
     <span class='ocr_line' id='line_1_66' title="bbox 2266 885 3855 965; baseline 0.016 -30"><span class='ocrx_word' id='word_1_497' title='bbox 2266 897 2410 949; x_wconf 92' lang='lat' dir='ltr'><strong>nem,</strong></span> <span class='ocrx_word' id='word_1_498' title='bbox 2439 885 2618 942; x_wconf 89' lang='lat' dir='ltr'><strong>dictus</strong></span> <span class='ocrx_word' id='word_1_499' title='bbox 2643 891 2928 944; x_wconf 83' lang='lat' dir='ltr'><strong>cardinalis</strong></span> <span class='ocrx_word' id='word_1_500' title='bbox 2959 896 3178 962; x_wconf 66' lang='lat' dir='ltr'><strong>porrigit</strong></span> <span class='ocrx_word' id='word_1_501' title='bbox 3207 885 3256 952; x_wconf 88' lang='lat' dir='ltr'><strong>ei</strong></span> <span class='ocrx_word' id='word_1_502' title='bbox 3282 900 3579 965; x_wconf 89' lang='lat' dir='ltr'><strong>calamum,</strong></span> <span class='ocrx_word' id='word_1_503' title='bbox 3613 908 3855 962; x_wconf 69' lang='lat' dir='ltr'><strong>osculans</strong></span> 
     </span>
    </p>
   </div>
   <div class='ocr_carea' id='block_1_67' title="bbox 2263 978 3855 1056">
    <p class='ocr_par' dir='ltr' id='par_1_67' title="bbox 2263 978 3855 1056">
     <span class='ocr_line' id='line_1_67' title="bbox 2263 978 3855 1056; baseline 0.017 -33"><span class='ocrx_word' id='word_1_504' title='bbox 2263 987 2476 1027; x_wconf 88' lang='lat' dir='ltr'><strong>manum</strong></span> <span class='ocrx_word' id='word_1_505' title='bbox 2508 978 2648 1044; x_wconf 91' lang='lat' dir='ltr'><strong>ejus.</strong></span> <span class='ocrx_word' id='word_1_506' title='bbox 2681 979 2922 1049; x_wconf 89' lang='lat' dir='ltr'><strong>Cumque</strong></span> <span class='ocrx_word' id='word_1_507' title='bbox 2970 985 3206 1051; x_wconf 80' lang='lat' dir='ltr'><strong>pontifex</strong></span> <span class='ocrx_word' id='word_1_508' title='bbox 3261 1001 3379 1056; x_wconf 78' lang='lat' dir='ltr'><strong>post</strong></span> <span class='ocrx_word' id='word_1_509' title='bbox 3417 992 3602 1045; x_wconf 82' lang='lat' dir='ltr'><strong>datam</strong></span> <span class='ocrx_word' id='word_1_510' title='bbox 3650 1009 3855 1050; x_wconf 84' lang='lat' dir='ltr'><strong>sacram</strong></span> 
     </span>
    </p>
   </div>
   <div class='ocr_carea' id='block_1_68' title="bbox 2261 1064 3852 1141">
    <p class='ocr_par' dir='ltr' id='par_1_68' title="bbox 2261 1064 3852 1141">
     <span class='ocr_line' id='line_1_68' title="bbox 2261 1064 3852 1141; baseline 0.017 -27"><span class='ocrx_word' id='word_1_511' title='bbox 2261 1064 2697 1120; x_wconf 90' lang='lat' dir='ltr'><strong>communionem</strong></span> <span class='ocrx_word' id='word_1_512' title='bbox 2727 1068 2960 1125; x_wconf 90' lang='lat' dir='ltr'><strong>diacono</strong></span> <span class='ocrx_word' id='word_1_513' title='bbox 2989 1074 3249 1130; x_wconf 89' lang='lat' dir='ltr'><strong>cardiuali</strong></span> <span class='ocrx_word' id='word_1_514' title='bbox 3281 1086 3337 1131; x_wconf 88' lang='lat' dir='ltr'><strong>et</strong></span> <span class='ocrx_word' id='word_1_515' title='bbox 3383 1081 3726 1138; x_wconf 85' lang='lat' dir='ltr'><strong>subdiacono</strong></span> <span class='ocrx_word' id='word_1_516' title='bbox 3772 1102 3852 1141; x_wconf 86' lang='lat' dir='ltr'><strong>re-</strong></span> 
     </span>
    </p>
   </div>
   <div class='ocr_carea' id='block_1_69' title="bbox 2260 1154 3850 1244">
    <p class='ocr_par' dir='ltr' id='par_1_69' title="bbox 2260 1154 3850 1244">
     <span class='ocr_line' id='line_1_69' title="bbox 2260 1154 3850 1244; baseline 0.018 -38"><span class='ocrx_word' id='word_1_517' title='bbox 2260 1154 2479 1225; x_wconf 87' lang='lat' dir='ltr'><strong>sederit,</strong></span> <span class='ocrx_word' id='word_1_518' title='bbox 2507 1159 2682 1215; x_wconf 87' lang='lat' dir='ltr'><strong>dictus</strong></span> <span class='ocrx_word' id='word_1_519' title='bbox 2712 1164 3000 1219; x_wconf 88' lang='lat' dir='ltr'><strong>cardinalis</strong></span> <span class='ocrx_word' id='word_1_520' title='bbox 3032 1177 3221 1223; x_wconf 90' lang='lat' dir='ltr'><strong>tenens</strong></span> <span class='ocrx_word' id='word_1_521' title='bbox 3250 1174 3566 1238; x_wconf 68' lang='lat' dir='ltr'><strong>prmdictum</strong></span> <span class='ocrx_word' id='word_1_522' title='bbox 3620 1194 3850 1244; x_wconf 86' lang='lat' dir='ltr'><strong>pannum</strong></span> 
     </span>
    </p>
   </div>
   <div class='ocr_carea' id='block_1_70' title="bbox 2258 1246 3851 1334">
    <p class='ocr_par' dir='ltr' id='par_1_70' title="bbox 2258 1246 3851 1334">
     <span class='ocr_line' id='line_1_70' title="bbox 2258 1246 3851 1334; baseline 0.019 -38"><span class='ocrx_word' id='word_1_523' title='bbox 2258 1258 2408 1297; x_wconf 87' lang='lat' dir='ltr'><strong>suum</strong></span> <span class='ocrx_word' id='word_1_524' title='bbox 2435 1246 2484 1299; x_wconf 95' lang='lat' dir='ltr'><strong>iu</strong></span> <span class='ocrx_word' id='word_1_525' title='bbox 2504 1265 2661 1304; x_wconf 88' lang='lat' dir='ltr'><strong>manu</strong></span> <span class='ocrx_word' id='word_1_526' title='bbox 2684 1251 2874 1308; x_wconf 85' lang='lat' dir='ltr'><strong>dextra</strong></span> <span class='ocrx_word' id='word_1_527' title='bbox 2891 1271 3008 1325; x_wconf 91' lang='lat' dir='ltr'><strong>sua,</strong></span> <span class='ocrx_word' id='word_1_528' title='bbox 3028 1273 3198 1326; x_wconf 79' lang='lat' dir='ltr'><strong>genua</strong></span> <span class='ocrx_word' id='word_1_529' title='bbox 3222 1261 3402 1316; x_wconf 87' lang='lat' dir='ltr'><strong>flectat</strong></span> <span class='ocrx_word' id='word_1_530' title='bbox 3422 1278 3452 1317; x_wconf 88' lang='lat' dir='ltr'><strong>a</strong></span> <span class='ocrx_word' id='word_1_531' title='bbox 3478 1267 3676 1320; x_wconf 87' lang='lat' dir='ltr'><strong>dextra</strong></span> <span class='ocrx_word' id='word_1_532' title='bbox 3708 1283 3851 1334; x_wconf 66' lang='lat' dir='ltr'><strong>parte</strong></span> 
     </span>
    </p>
   </div>
   <div class='ocr_carea' id='block_1_71' title="bbox 2261 1338 3847 1426">
    <p class='ocr_par' dir='ltr' id='par_1_71' title="bbox 2261 1338 3847 1426">
     <span class='ocr_line' id='line_1_71' title="bbox 2261 1338 3847 1426; baseline 0.016 -38"><span class='ocrx_word' id='word_1_533' title='bbox 2261 1338 2545 1404; x_wconf 72' lang='lat' dir='ltr'><strong>pontificis,</strong></span> <span class='ocrx_word' id='word_1_534' title='bbox 2585 1353 2638 1396; x_wconf 92' lang='lat' dir='ltr'><strong>et</strong></span> <span class='ocrx_word' id='word_1_535' title='bbox 2666 1343 2928 1400; x_wconf 89' lang='lat' dir='ltr'><strong>tohaleam</strong></span> <span class='ocrx_word' id='word_1_536' title='bbox 2976 1350 3366 1406; x_wconf 86' lang='lat' dir='ltr'><strong>extendendam</strong></span> <span class='ocrx_word' id='word_1_537' title='bbox 3409 1368 3504 1420; x_wconf 92' lang='lat' dir='ltr'><strong>per</strong></span> <span class='ocrx_word' id='word_1_538' title='bbox 3539 1358 3847 1426; x_wconf 83' lang='lat' dir='ltr'><strong>acolythum</strong></span> 
     </span>
    </p>
   </div>
   <div class='ocr_carea' id='block_1_72' title="bbox 2256 1433 3845 1512">
    <p class='ocr_par' dir='ltr' id='par_1_72' title="bbox 2256 1433 3845 1512">
     <span class='ocr_line' id='line_1_72' title="bbox 2256 1433 3845 1512; baseline 0.014 -32"><span class='ocrx_word' id='word_1_539' title='bbox 2256 1441 2416 1497; x_wconf 90' lang='lat' dir='ltr'><strong>super</strong></span> <span class='ocrx_word' id='word_1_540' title='bbox 2463 1433 2723 1498; x_wconf 82' lang='lat' dir='ltr'><strong>gremium</strong></span> <span class='ocrx_word' id='word_1_541' title='bbox 2771 1436 2888 1505; x_wconf 90' lang='lat' dir='ltr'><strong>ejus</strong></span> <span class='ocrx_word' id='word_1_542' title='bbox 2945 1449 3121 1493; x_wconf 81' lang='lat' dir='ltr'><strong>teneat</strong></span> <span class='ocrx_word' id='word_1_543' title='bbox 3176 1457 3334 1495; x_wconf 87' lang='lat' dir='ltr'><strong>manu</strong></span> <span class='ocrx_word' id='word_1_544' title='bbox 3385 1444 3636 1512; x_wconf 89' lang='lat' dir='ltr'><strong>sinistra,</strong></span> <span class='ocrx_word' id='word_1_545' title='bbox 3663 1450 3845 1503; x_wconf 88' lang='lat' dir='ltr'><strong>eodem</strong></span> 
     </span>
    </p>
   </div>
   <div class='ocr_carea' id='block_1_73' title="bbox 2255 1519 3845 1606">
    <p class='ocr_par' dir='ltr' id='par_1_73' title="bbox 2255 1519 3845 1606">
     <span class='ocr_line' id='line_1_73' title="bbox 2255 1519 3845 1606; baseline 0.017 -38"><span class='ocrx_word' id='word_1_546' title='bbox 2255 1519 2415 1571; x_wconf 88' lang='lat' dir='ltr'><strong>modo</strong></span> <span class='ocrx_word' id='word_1_547' title='bbox 2442 1535 2548 1587; x_wconf 91' lang='lat' dir='ltr'><strong>quo</strong></span> <span class='ocrx_word' id='word_1_548' title='bbox 2586 1525 2834 1591; x_wconf 86' lang='lat' dir='ltr'><strong>superius</strong></span> <span class='ocrx_word' id='word_1_549' title='bbox 2862 1527 3124 1597; x_wconf 89' lang='lat' dir='ltr'><strong>scriptum</strong></span> <span class='ocrx_word' id='word_1_550' title='bbox 3141 1541 3242 1586; x_wconf 91' lang='lat' dir='ltr'><strong>est.</strong></span> <span class='ocrx_word' id='word_1_551' title='bbox 3269 1532 3418 1588; x_wconf 86' lang='lat' dir='ltr'><strong>Tunc</strong></span> <span class='ocrx_word' id='word_1_552' title='bbox 3442 1535 3534 1591; x_wconf 88' lang='lat' dir='ltr'><strong>ille</strong></span> <span class='ocrx_word' id='word_1_553' title='bbox 3559 1541 3845 1606; x_wconf 70' lang='lat' dir='ltr'><strong>epiSCOPIIS</strong></span> 
     </span>
    </p>
   </div>
   <div class='ocr_carea' id='block_1_74' title="bbox 2255 1608 3842 1700">
    <p class='ocr_par' dir='ltr' id='par_1_74' title="bbox 2255 1608 3842 1700">
     <span class='ocr_line' id='line_1_74' title="bbox 2255 1608 3842 1700; baseline 0.015 -40"><span class='ocrx_word' id='word_1_554' title='bbox 2255 1608 2342 1676; x_wconf 90' lang='lat' dir='ltr'><strong>qui</strong></span> <span class='ocrx_word' id='word_1_555' title='bbox 2369 1624 2560 1678; x_wconf 88' lang='lat' dir='ltr'><strong>aquam</strong></span> <span class='ocrx_word' id='word_1_556' title='bbox 2587 1615 2997 1685; x_wconf 88' lang='lat' dir='ltr'><strong>ministraverit,</strong></span> <span class='ocrx_word' id='word_1_557' title='bbox 3025 1623 3293 1689; x_wconf 74' lang='lat' dir='ltr'><strong>accipiens</strong></span> <span class='ocrx_word' id='word_1_558' title='bbox 3317 1624 3385 1678; x_wconf 89' lang='lat' dir='ltr'><strong>de</strong></span> <span class='ocrx_word' id='word_1_559' title='bbox 3419 1641 3586 1680; x_wconf 89' lang='lat' dir='ltr'><strong>manu</strong></span> <span class='ocrx_word' id='word_1_560' title='bbox 3615 1630 3842 1700; x_wconf 70' lang='lat' dir='ltr'><strong>acolythi</strong></span> 
     </span>
    </p>
   </div>
   <div class='ocr_carea' id='block_1_75' title="bbox 2257 1703 3840 1778">
    <p class='ocr_par' dir='ltr' id='par_1_75' title="bbox 2257 1703 3840 1778">
     <span class='ocr_line' id='line_1_75' title="bbox 2257 1703 3840 1778; baseline 0.016 -29"><span class='ocrx_word' id='word_1_561' title='bbox 2257 1713 2413 1753; x_wconf 92' lang='lat' dir='ltr'><strong>manu</strong></span> <span class='ocrx_word' id='word_1_562' title='bbox 2445 1716 2540 1755; x_wconf 91' lang='lat' dir='ltr'><strong>sua</strong></span> <span class='ocrx_word' id='word_1_563' title='bbox 2569 1703 2761 1760; x_wconf 84' lang='lat' dir='ltr'><strong>dextra</strong></span> <span class='ocrx_word' id='word_1_564' title='bbox 2794 1709 3068 1764; x_wconf 90' lang='lat' dir='ltr'><strong>urceolum</strong></span> <span class='ocrx_word' id='word_1_565' title='bbox 3103 1725 3223 1764; x_wconf 89' lang='lat' dir='ltr'><strong>cum</strong></span> <span class='ocrx_word' id='word_1_566' title='bbox 3254 1712 3399 1778; x_wconf 90' lang='lat' dir='ltr'><strong>vino,</strong></span> <span class='ocrx_word' id='word_1_567' title='bbox 3434 1724 3492 1769; x_wconf 90' lang='lat' dir='ltr'><strong>et</strong></span> <span class='ocrx_word' id='word_1_568' title='bbox 3520 1731 3689 1770; x_wconf 89' lang='lat' dir='ltr'><strong>manu</strong></span> <span class='ocrx_word' id='word_1_569' title='bbox 3721 1721 3840 1773; x_wconf 71' lang='lat' dir='ltr'><strong>sini~</strong></span> 
     </span>
    </p>
   </div>
   <div class='ocr_carea' id='block_1_76' title="bbox 2183 1784 3839 1872">
    <p class='ocr_par' dir='ltr' id='par_1_76' title="bbox 2183 1784 3839 1872">
     <span class='ocr_line' id='line_1_76' title="bbox 2183 1784 3839 1872; baseline 0.013 -30"><span class='ocrx_word' id='word_1_570' title='bbox 2183 1784 2222 1842; x_wconf 91' lang='grc' dir='ltr'><strong>Β</strong></span> <span class='ocrx_word' id='word_1_571' title='bbox 2253 1797 2362 1842; x_wconf 90' lang='lat' dir='ltr'><strong>stra</strong></span> <span class='ocrx_word' id='word_1_572' title='bbox 2387 1792 2665 1848; x_wconf 83' lang='lat' dir='ltr'><strong>vasculum</strong></span> <span class='ocrx_word' id='word_1_573' title='bbox 2695 1795 2746 1849; x_wconf 93' lang='lat' dir='ltr'><strong>in</strong></span> <span class='ocrx_word' id='word_1_574' title='bbox 2764 1811 2870 1865; x_wconf 90' lang='lat' dir='ltr'><strong>quo</strong></span> <span class='ocrx_word' id='word_1_575' title='bbox 2890 1799 3094 1854; x_wconf 90' lang='lat' dir='ltr'><strong>ablutio</strong></span> <span class='ocrx_word' id='word_1_576' title='bbox 3117 1802 3418 1872; x_wconf 50' lang='lat' dir='ltr'><strong>recipientia</strong></span> <span class='ocrx_word' id='word_1_577' title='bbox 3440 1816 3544 1872; x_wconf 89' lang='lat' dir='ltr'><strong>est,</strong></span> <span class='ocrx_word' id='word_1_578' title='bbox 3574 1811 3839 1863; x_wconf 68' lang='lat' dir='ltr'><strong>vasculuai</strong></span> 
     </span>
    </p>
   </div>
   <div class='ocr_carea' id='block_1_77' title="bbox 2252 1877 3838 1958">
    <p class='ocr_par' dir='ltr' id='par_1_77' title="bbox 2252 1877 3838 1958">
     <span class='ocr_line' id='line_1_77' title="bbox 2252 1877 3838 1958; baseline 0.015 -28"><span class='ocrx_word' id='word_1_579' title='bbox 2252 1877 2424 1946; x_wconf 82' lang='lat' dir='ltr'><strong>ipsum</strong></span> <span class='ocrx_word' id='word_1_580' title='bbox 2447 1892 2711 1951; x_wconf 89' lang='lat' dir='ltr'><strong>supponat</strong></span> <span class='ocrx_word' id='word_1_581' title='bbox 2738 1885 2916 1956; x_wconf 81' lang='lat' dir='ltr'><strong>digitis</strong></span> <span class='ocrx_word' id='word_1_582' title='bbox 2945 1888 3234 1958; x_wconf 74' lang='lat' dir='ltr'><strong>pontificis,</strong></span> <span class='ocrx_word' id='word_1_583' title='bbox 3267 1901 3324 1946; x_wconf 86' lang='lat' dir='ltr'><strong>et</strong></span> <span class='ocrx_word' id='word_1_584' title='bbox 3372 1909 3496 1949; x_wconf 89' lang='lat' dir='ltr'><strong>cum</strong></span> <span class='ocrx_word' id='word_1_585' title='bbox 3540 1912 3707 1952; x_wconf 88' lang='lat' dir='ltr'><strong>urceo</strong></span> <span class='ocrx_word' id='word_1_586' title='bbox 3756 1917 3838 1953; x_wconf 88' lang='lat' dir='ltr'><strong>su-</strong></span> 
     </span>
    </p>
   </div>
   <div class='ocr_carea' id='block_1_78' title="bbox 2251 1970 3836 2052">
    <p class='ocr_par' dir='ltr' id='par_1_78' title="bbox 2251 1970 3836 2052">
     <span class='ocr_line' id='line_1_78' title="bbox 2251 1970 3836 2052; baseline 0.015 -30"><span class='ocrx_word' id='word_1_587' title='bbox 2251 1970 2531 2038; x_wconf 88' lang='lat' dir='ltr'><strong>perfundat</strong></span> <span class='ocrx_word' id='word_1_588' title='bbox 2561 1975 2740 2028; x_wconf 82' lang='lat' dir='ltr'><strong>vinum</strong></span> <span class='ocrx_word' id='word_1_589' title='bbox 2773 1978 3027 2045; x_wconf 88' lang='lat' dir='ltr'><strong>paulatim</strong></span> <span class='ocrx_word' id='word_1_590' title='bbox 3069 1991 3128 2035; x_wconf 89' lang='lat' dir='ltr'><strong>et</strong></span> <span class='ocrx_word' id='word_1_591' title='bbox 3174 1984 3436 2049; x_wconf 84' lang='lat' dir='ltr'><strong>modeste,</strong></span> <span class='ocrx_word' id='word_1_592' title='bbox 3469 1995 3525 2040; x_wconf 90' lang='lat' dir='ltr'><strong>et</strong></span> <span class='ocrx_word' id='word_1_593' title='bbox 3564 1989 3704 2041; x_wconf 84' lang='lat' dir='ltr'><strong>alius</strong></span> <span class='ocrx_word' id='word_1_594' title='bbox 3733 1993 3836 2052; x_wconf 77' lang='lat' dir='ltr'><strong>epi-</strong></span> 
     </span>
    </p>
   </div>
   <div class='ocr_carea' id='block_1_79' title="bbox 2247 2064 3832 2149">
    <p class='ocr_par' dir='ltr' id='par_1_79' title="bbox 2247 2064 3832 2149">
     <span class='ocr_line' id='line_1_79' title="bbox 2247 2064 3832 2149; baseline 0.013 -38"><span class='ocrx_word' id='word_1_595' title='bbox 2247 2072 2439 2127; x_wconf 89' lang='lat' dir='ltr'><strong>scopus</strong></span> <span class='ocrx_word' id='word_1_596' title='bbox 2467 2064 2753 2119; x_wconf 88' lang='lat' dir='ltr'><strong>cardinalis</strong></span> <span class='ocrx_word' id='word_1_597' title='bbox 2775 2068 3041 2137; x_wconf 86' lang='lat' dir='ltr'><strong>antiquior</strong></span> <span class='ocrx_word' id='word_1_598' title='bbox 3071 2081 3188 2138; x_wconf 88' lang='lat' dir='ltr'><strong>post</strong></span> <span class='ocrx_word' id='word_1_599' title='bbox 3227 2072 3374 2125; x_wconf 89' lang='lat' dir='ltr'><strong>illum</strong></span> <span class='ocrx_word' id='word_1_600' title='bbox 3405 2076 3644 2144; x_wconf 72' lang='lat' dir='ltr'><strong>accipiat</strong></span> <span class='ocrx_word' id='word_1_601' title='bbox 3680 2081 3832 2149; x_wconf 73' lang='lat'><strong>287</strong></span> 
     </span>
    </p>
   </div>
   <div class='ocr_carea' id='block_1_80' title="bbox 2249 2151 3832 2232">
    <p class='ocr_par' dir='ltr' id='par_1_80' title="bbox 2249 2151 3832 2232">
     <span class='ocr_line' id='line_1_80' title="bbox 2249 2151 3832 2232; baseline 0.013 -27"><span class='ocrx_word' id='word_1_602' title='bbox 2249 2151 2428 2218; x_wconf 87' lang='lat' dir='ltr'><strong>pelves</strong></span> <span class='ocrx_word' id='word_1_603' title='bbox 2451 2154 2780 2212; x_wconf 88' lang='lat' dir='ltr'><strong>exhibendas</strong></span> <span class='ocrx_word' id='word_1_604' title='bbox 2808 2159 2912 2215; x_wconf 88' lang='lat' dir='ltr'><strong>sibi</strong></span> <span class='ocrx_word' id='word_1_605' title='bbox 2944 2176 3040 2230; x_wconf 89' lang='lat' dir='ltr'><strong>per</strong></span> <span class='ocrx_word' id='word_1_606' title='bbox 3073 2163 3306 2232; x_wconf 86' lang='lat' dir='ltr'><strong>aliquem</strong></span> <span class='ocrx_word' id='word_1_607' title='bbox 3363 2165 3432 2221; x_wconf 88' lang='lat' dir='ltr'><strong>de</strong></span> <span class='ocrx_word' id='word_1_608' title='bbox 3481 2169 3832 2226; x_wconf 79' lang='lat' dir='ltr'><strong>familiaribus</strong></span> 
     </span>
    </p>
   </div>
   <div class='ocr_carea' id='block_1_81' title="bbox 2249 2244 3829 2332">
    <p class='ocr_par' dir='ltr' id='par_1_81' title="bbox 2249 2244 3829 2332">
     <span class='ocr_line' id='line_1_81' title="bbox 2249 2244 3829 2332; baseline 0.012 -37"><span class='ocrx_word' id='word_1_609' title='bbox 2249 2244 2549 2312; x_wconf 88' lang='lat' dir='ltr'><strong>pontificis,</strong></span> <span class='ocrx_word' id='word_1_610' title='bbox 2591 2256 2648 2303; x_wconf 88' lang='lat' dir='ltr'><strong>et</strong></span> <span class='ocrx_word' id='word_1_611' title='bbox 2697 2251 3091 2321; x_wconf 85' lang='lat' dir='ltr'><strong>subsequenter</strong></span> <span class='ocrx_word' id='word_1_612' title='bbox 3143 2270 3308 2324; x_wconf 82' lang='lat' dir='ltr'><strong>super</strong></span> <span class='ocrx_word' id='word_1_613' title='bbox 3361 2259 3587 2314; x_wconf 86' lang='lat' dir='ltr'><strong>eosdem</strong></span> <span class='ocrx_word' id='word_1_614' title='bbox 3637 2263 3829 2332; x_wconf 69' lang='lat' dir='ltr'><strong>digitos</strong></span> 
     </span>
    </p>
   </div>
   <div class='ocr_carea' id='block_1_82' title="bbox 2245 2336 3830 2415">
    <p class='ocr_par' dir='ltr' id='par_1_82' title="bbox 2245 2336 3830 2415">
     <span class='ocr_line' id='line_1_82' title="bbox 2245 2336 3830 2415; baseline 0.015 -30"><span class='ocrx_word' id='word_1_615' title='bbox 2245 2346 2444 2403; x_wconf 83' lang='lat' dir='ltr'><strong>aquam</strong></span> <span class='ocrx_word' id='word_1_616' title='bbox 2468 2336 2652 2392; x_wconf 87' lang='lat' dir='ltr'><strong>tundat</strong></span> <span class='ocrx_word' id='word_1_617' title='bbox 2680 2353 2745 2394; x_wconf 90' lang='lat' dir='ltr'><strong>eo</strong></span> <span class='ocrx_word' id='word_1_618' title='bbox 2776 2342 2956 2409; x_wconf 88' lang='lat' dir='ltr'><strong>modo,</strong></span> <span class='ocrx_word' id='word_1_619' title='bbox 2987 2359 3094 2412; x_wconf 89' lang='lat' dir='ltr'><strong>quo</strong></span> <span class='ocrx_word' id='word_1_620' title='bbox 3118 2359 3279 2415; x_wconf 82' lang='lat' dir='ltr'><strong>supra</strong></span> <span class='ocrx_word' id='word_1_621' title='bbox 3309 2345 3365 2403; x_wconf 87' lang='lat' dir='ltr'><strong>in</strong></span> <span class='ocrx_word' id='word_1_622' title='bbox 3395 2348 3680 2408; x_wconf 79' lang='lat' dir='ltr'><strong>ablatione</strong></span> <span class='ocrx_word' id='word_1_623' title='bbox 3729 2371 3830 2407; x_wconf 73' lang='lat' dir='ltr'><strong>nta~</strong></span> 
     </span>
    </p>
   </div>
   <div class='ocr_carea' id='block_1_83' title="bbox 2245 2428 3829 2505">
    <p class='ocr_par' dir='ltr' id='par_1_83' title="bbox 2245 2428 3829 2505">
     <span class='ocr_line' id='line_1_83' title="bbox 2245 2428 3829 2505; baseline 0.013 -28"><span class='ocrx_word' id='word_1_624' title='bbox 2245 2438 2411 2479; x_wconf 84' lang='lat' dir='ltr'><strong>nuum</strong></span> <span class='ocrx_word' id='word_1_625' title='bbox 2440 2428 2687 2484; x_wconf 89' lang='lat' dir='ltr'><strong>traditur.</strong></span> <span class='ocrx_word' id='word_1_626' title='bbox 2720 2431 2928 2488; x_wconf 78' lang='lat' dir='ltr'><strong>Ablutis</strong></span> <span class='ocrx_word' id='word_1_627' title='bbox 2954 2434 3157 2505; x_wconf 79' lang='lat' dir='ltr'><strong>digitis,</strong></span> <span class='ocrx_word' id='word_1_628' title='bbox 3178 2450 3323 2505; x_wconf 64' lang='lat' dir='ltr'><strong>saepe</strong></span> <span class='ocrx_word' id='word_1_629' title='bbox 3342 2438 3521 2495; x_wconf 91' lang='lat' dir='ltr'><strong>dictus</strong></span> <span class='ocrx_word' id='word_1_630' title='bbox 3543 2443 3829 2499; x_wconf 78' lang='lat' dir='ltr'><strong>cardinahs</strong></span> 
     </span>
    </p>
   </div>
   <div class='ocr_carea' id='block_1_84' title="bbox 2243 2515 3830 2598">
    <p class='ocr_par' dir='ltr' id='par_1_84' title="bbox 2243 2515 3830 2598">
     <span class='ocr_line' id='line_1_84' title="bbox 2243 2515 3830 2598; baseline 0.014 -31"><span class='ocrx_word' id='word_1_631' title='bbox 2243 2515 2334 2584; x_wconf 87' lang='lat' dir='ltr'><strong>qui</strong></span> <span class='ocrx_word' id='word_1_632' title='bbox 2361 2518 2545 2581; x_wconf 80' lang='lat' dir='ltr'><strong>servit,</strong></span> <span class='ocrx_word' id='word_1_633' title='bbox 2573 2519 2793 2592; x_wconf 75' lang='lat' dir='ltr'><strong>porrigit</strong></span> <span class='ocrx_word' id='word_1_634' title='bbox 2824 2523 3024 2578; x_wconf 89' lang='lat' dir='ltr'><strong>dictum</strong></span> <span class='ocrx_word' id='word_1_635' title='bbox 3062 2543 3294 2596; x_wconf 85' lang='lat' dir='ltr'><strong>pannum</strong></span> <span class='ocrx_word' id='word_1_636' title='bbox 3328 2533 3570 2598; x_wconf 85' lang='lat' dir='ltr'><strong>pontifici</strong></span> <span class='ocrx_word' id='word_1_637' title='bbox 3622 2534 3690 2586; x_wconf 87' lang='lat' dir='ltr'><strong>ad</strong></span> <span class='ocrx_word' id='word_1_638' title='bbox 3743 2552 3830 2588; x_wconf 81' lang='lat' dir='ltr'><strong>ex-</strong></span> 
     </span>
    </p>
   </div>
   <div class='ocr_carea' id='block_1_85' title="bbox 2246 2609 3828 2692">
    <p class='ocr_par' dir='ltr' id='par_1_85' title="bbox 2246 2609 3828 2692">
     <span class='ocr_line' id='line_1_85' title="bbox 2246 2609 3828 2692; baseline 0.014 -34"><span class='ocrx_word' id='word_1_639' title='bbox 2246 2609 2555 2676; x_wconf 79' lang='lat' dir='ltr'><strong>tergenduiu</strong></span> <span class='ocrx_word' id='word_1_640' title='bbox 2581 2612 2796 2682; x_wconf 72' lang='lat' dir='ltr'><strong>digitos.</strong></span> <span class='ocrx_word' id='word_1_641' title='bbox 2829 2616 3085 2672; x_wconf 69' lang='lat' dir='ltr'><strong>Prmfatus</strong></span> <span class='ocrx_word' id='word_1_642' title='bbox 3113 2629 3290 2674; x_wconf 90' lang='lat' dir='ltr'><strong>autem</strong></span> <span class='ocrx_word' id='word_1_643' title='bbox 3321 2621 3612 2692; x_wconf 88' lang='lat' dir='ltr'><strong>episcopus</strong></span> <span class='ocrx_word' id='word_1_644' title='bbox 3642 2629 3735 2692; x_wconf 88' lang='lat' dir='ltr'><strong>qui</strong></span> <span class='ocrx_word' id='word_1_645' title='bbox 3762 2646 3828 2679; x_wconf 79' lang='lat' dir='ltr'><strong>n-</strong></span> 
     </span>
    </p>
   </div>
   <div class='ocr_carea' id='block_1_86' title="bbox 2243 2697 3827 2782">
    <p class='ocr_par' dir='ltr' id='par_1_86' title="bbox 2243 2697 3827 2782">
     <span class='ocr_line' id='line_1_86' title="bbox 2243 2697 3827 2782; baseline 0.013 -33"><span class='ocrx_word' id='word_1_646' title='bbox 2243 2711 2369 2751; x_wconf 91' lang='lat' dir='ltr'><strong>nam</strong></span> <span class='ocrx_word' id='word_1_647' title='bbox 2394 2697 2585 2769; x_wconf 86' lang='lat' dir='ltr'><strong>fundit,</strong></span> <span class='ocrx_word' id='word_1_648' title='bbox 2622 2721 2838 2761; x_wconf 91' lang='lat' dir='ltr'><strong>urceum</strong></span> <span class='ocrx_word' id='word_1_649' title='bbox 2869 2710 3096 2765; x_wconf 85' lang='lat' dir='ltr'><strong>reddens</strong></span> <span class='ocrx_word' id='word_1_650' title='bbox 3116 2715 3385 2782; x_wconf 77' lang='lat' dir='ltr'><strong>acolytho,</strong></span> <span class='ocrx_word' id='word_1_651' title='bbox 3409 2719 3687 2771; x_wconf 81' lang='lat' dir='ltr'><strong>vasculum</strong></span> <span class='ocrx_word' id='word_1_652' title='bbox 3711 2737 3827 2772; x_wconf 83' lang='lat' dir='ltr'><strong>Cum</strong></span> 
     </span>
    </p>
   </div>
   <div class='ocr_carea' id='block_1_87' title="bbox 2241 2789 3828 2879">
    <p class='ocr_par' dir='ltr' id='par_1_87' title="bbox 2241 2789 3828 2879">
     <span class='ocr_line' id='line_1_87' title="bbox 2241 2789 3828 2879; baseline 0.018 -41"><span class='ocrx_word' id='word_1_653' title='bbox 2241 2789 2512 2846; x_wconf 86' lang='lat' dir='ltr'><strong>ablatione</strong></span> <span class='ocrx_word' id='word_1_654' title='bbox 2569 2809 2744 2862; x_wconf 90' lang='lat' dir='ltr'><strong>portet</strong></span> <span class='ocrx_word' id='word_1_655' title='bbox 2790 2801 2856 2853; x_wconf 87' lang='lat' dir='ltr'><strong>ad</strong></span> <span class='ocrx_word' id='word_1_656' title='bbox 2909 2803 3078 2856; x_wconf 89' lang='lat' dir='ltr'><strong>altare</strong></span> <span class='ocrx_word' id='word_1_657' title='bbox 3130 2803 3358 2860; x_wconf 72' lang='lat' dir='ltr'><strong>(Lacona</strong></span> <span class='ocrx_word' id='word_1_658' title='bbox 3415 2809 3685 2864; x_wconf 89' lang='lat' dir='ltr'><strong>cardinali</strong></span> <span class='ocrx_word' id='word_1_659' title='bbox 3745 2815 3828 2879; x_wconf 86' lang='lat' dir='ltr'><strong>qui</strong></span> 
     </span>
    </p>
   </div>
   <div class='ocr_carea' id='block_1_88' title="bbox 2245 2879 3827 2960">
    <p class='ocr_par' dir='ltr' id='par_1_88' title="bbox 2245 2879 3827 2960">
     <span class='ocr_line' id='line_1_88' title="bbox 2245 2879 3827 2960; baseline 0.015 -28"><span class='ocrx_word' id='word_1_660' title='bbox 2245 2879 2588 2952; x_wconf 83' lang='lat' dir='ltr'><strong>Evangelium</strong></span> <span class='ocrx_word' id='word_1_661' title='bbox 2651 2890 2794 2957; x_wconf 79' lang='lat' dir='ltr'><strong>legit,</strong></span> <span class='ocrx_word' id='word_1_662' title='bbox 2825 2896 2913 2960; x_wconf 88' lang='lat' dir='ltr'><strong>qui</strong></span> <span class='ocrx_word' id='word_1_663' title='bbox 2971 2897 3216 2950; x_wconf 89' lang='lat' dir='ltr'><strong>eamdem</strong></span> <span class='ocrx_word' id='word_1_664' title='bbox 3264 2900 3591 2955; x_wconf 89' lang='lat' dir='ltr'><strong>ablutionem</strong></span> <span class='ocrx_word' id='word_1_665' title='bbox 3649 2904 3827 2956; x_wconf 73' lang='lat' dir='ltr'><strong>bibere</strong></span> 
     </span>
    </p>
   </div>
   <div class='ocr_carea' id='block_1_89' title="bbox 2241 2973 3826 3062">
    <p class='ocr_par' dir='ltr' id='par_1_89' title="bbox 2241 2973 3826 3062">
     <span class='ocr_line' id='line_1_89' title="bbox 2241 2973 3826 3062; baseline 0.015 -36"><span class='ocrx_word' id='word_1_666' title='bbox 2241 2973 2423 3047; x_wconf 88' lang='lat' dir='ltr'><strong>debet,</strong></span> <span class='ocrx_word' id='word_1_667' title='bbox 2446 2993 2498 3034; x_wconf 87' lang='lat' dir='ltr'><strong>et</strong></span> <span class='ocrx_word' id='word_1_668' title='bbox 2528 2984 2804 3038; x_wconf 84' lang='lat' dir='ltr'><strong>vasculum</strong></span> <span class='ocrx_word' id='word_1_669' title='bbox 2845 2986 3096 3056; x_wconf 85' lang='lat' dir='ltr'><strong>episcopo</strong></span> <span class='ocrx_word' id='word_1_670' title='bbox 3147 2989 3398 3056; x_wconf 76' lang='lat' dir='ltr'><strong>reddere;</strong></span> <span class='ocrx_word' id='word_1_671' title='bbox 3446 3007 3513 3045; x_wconf 89' lang='lat' dir='ltr'><strong>ac</strong></span> <span class='ocrx_word' id='word_1_672' title='bbox 3549 2994 3668 3061; x_wconf 86' lang='lat' dir='ltr'><strong>ipse</strong></span> <span class='ocrx_word' id='word_1_673' title='bbox 3717 2999 3826 3062; x_wconf 78' lang='lat' dir='ltr'><strong>epi-</strong></span> 
     </span>
    </p>
   </div>
   <div class='ocr_carea' id='block_1_90' title="bbox 2240 3076 3826 3151">
    <p class='ocr_par' dir='ltr' id='par_1_90' title="bbox 2240 3076 3826 3151">
     <span class='ocr_line' id='line_1_90' title="bbox 2240 3076 3826 3151; baseline 0.006 -21"><span class='ocrx_word' id='word_1_674' title='bbox 2240 3091 2439 3146; x_wconf 91' lang='lat' dir='ltr'><strong>scopus</strong></span> <span class='ocrx_word' id='word_1_675' title='bbox 2473 3076 2748 3128; x_wconf 86' lang='lat' dir='ltr'><strong>vasculum</strong></span> <span class='ocrx_word' id='word_1_676' title='bbox 2784 3077 2997 3132; x_wconf 88' lang='lat' dir='ltr'><strong>tradere</strong></span> <span class='ocrx_word' id='word_1_677' title='bbox 3027 3080 3308 3151; x_wconf 88' lang='lat' dir='ltr'><strong>acolytho,</strong></span> <span class='ocrx_word' id='word_1_678' title='bbox 3339 3093 3396 3136; x_wconf 88' lang='lat' dir='ltr'><strong>et</strong></span> <span class='ocrx_word' id='word_1_679' title='bbox 3421 3086 3502 3137; x_wconf 91' lang='lat' dir='ltr'><strong>sic</strong></span> <span class='ocrx_word' id='word_1_680' title='bbox 3529 3086 3711 3140; x_wconf 84' lang='lat' dir='ltr'><strong>redire</strong></span> <span class='ocrx_word' id='word_1_681' title='bbox 3761 3090 3826 3139; x_wconf 75' lang='lat' dir='ltr'><strong>ad</strong></span> 
     </span>
    </p>
   </div>
   <div class='ocr_carea' id='block_1_91' title="bbox 2240 3168 3823 3245">
    <p class='ocr_par' dir='ltr' id='par_1_91' title="bbox 2240 3168 3823 3245">
     <span class='ocr_line' id='line_1_91' title="bbox 2240 3168 3823 3245; baseline 0.007 -25"><span class='ocrx_word' id='word_1_682' title='bbox 2240 3169 2412 3222; x_wconf 91' lang='lat' dir='ltr'><strong>locum</strong></span> <span class='ocrx_word' id='word_1_683' title='bbox 2443 3183 2618 3220; x_wconf 89' lang='lat' dir='ltr'><strong>suum.</strong></span> <span class='ocrx_word' id='word_1_684' title='bbox 2651 3168 2948 3223; x_wconf 89' lang='lat' dir='ltr'><strong>Cardinalis</strong></span> <span class='ocrx_word' id='word_1_685' title='bbox 2995 3186 3123 3226; x_wconf 89' lang='lat' dir='ltr'><strong>vero</strong></span> <span class='ocrx_word' id='word_1_686' title='bbox 3179 3174 3268 3242; x_wconf 90' lang='lat' dir='ltr'><strong>qui</strong></span> <span class='ocrx_word' id='word_1_687' title='bbox 3316 3186 3513 3240; x_wconf 86' lang='lat' dir='ltr'><strong>serv.t,</strong></span> <span class='ocrx_word' id='word_1_688' title='bbox 3549 3189 3823 3245; x_wconf 62' lang='lat' dir='ltr'><strong>exspectet</strong></span> 
     </span>
    </p>
   </div>
   <div class='ocr_carea' id='block_1_92' title="bbox 2236 3261 3816 3330">
    <p class='ocr_par' dir='ltr' id='par_1_92' title="bbox 2236 3261 3816 3330">
     <span class='ocr_line' id='line_1_92' title="bbox 2236 3261 3816 3330; baseline 0.006 -17"><span class='ocrx_word' id='word_1_689' title='bbox 2236 3276 2459 3313; x_wconf 78' lang='lat' dir='ltr'><strong>manens</strong></span> <span class='ocrx_word' id='word_1_690' title='bbox 2486 3264 2563 3313; x_wconf 89' lang='lat' dir='ltr'><strong>sic</strong></span> <span class='ocrx_word' id='word_1_691' title='bbox 2611 3275 2749 3329; x_wconf 76' lang='lat' dir='ltr'><strong>genu</strong></span> <span class='ocrx_word' id='word_1_692' title='bbox 2797 3261 2958 3330; x_wconf 82' lang='lat' dir='ltr'><strong>ﬂexo,</strong></span> <span class='ocrx_word' id='word_1_693' title='bbox 2990 3265 3163 3320; x_wconf 90' lang='lat' dir='ltr'><strong>donec</strong></span> <span class='ocrx_word' id='word_1_694' title='bbox 3211 3267 3571 3323; x_wconf 89' lang='lat' dir='ltr'><strong>subdiaconus</strong></span> <span class='ocrx_word' id='word_1_695' title='bbox 3624 3271 3816 3325; x_wconf 77' lang='lat' dir='ltr'><strong>offerat</strong></span> 
     </span>
    </p>
   </div>
   <div class='ocr_carea' id='block_1_93' title="bbox 2237 3353 3821 3428">
    <p class='ocr_par' dir='ltr' id='par_1_93' title="bbox 2237 3353 3821 3428">
     <span class='ocr_line' id='line_1_93' title="bbox 2237 3353 3821 3428; baseline 0.009 -25"><span class='ocrx_word' id='word_1_696' title='bbox 2237 3353 2469 3421; x_wconf 88' lang='lat' dir='ltr'><strong>pontifici</strong></span> <span class='ocrx_word' id='word_1_697' title='bbox 2499 3355 2719 3407; x_wconf 86' lang='lat' dir='ltr'><strong>calicem</strong></span> <span class='ocrx_word' id='word_1_698' title='bbox 2745 3368 2864 3408; x_wconf 91' lang='lat' dir='ltr'><strong>cum</strong></span> <span class='ocrx_word' id='word_1_699' title='bbox 2893 3357 3033 3422; x_wconf 90' lang='lat' dir='ltr'><strong>vino,</strong></span> <span class='ocrx_word' id='word_1_700' title='bbox 3061 3368 3114 3412; x_wconf 91' lang='lat' dir='ltr'><strong>et</strong></span> <span class='ocrx_word' id='word_1_701' title='bbox 3140 3359 3253 3426; x_wconf 89' lang='lat' dir='ltr'><strong>ipse</strong></span> <span class='ocrx_word' id='word_1_702' title='bbox 3276 3361 3516 3428; x_wconf 77' lang='lat' dir='ltr'><strong>pontifex</strong></span> <span class='ocrx_word' id='word_1_703' title='bbox 3547 3375 3728 3416; x_wconf 81' lang='lat' dir='ltr'><strong>sumat</strong></span> <span class='ocrx_word' id='word_1_704' title='bbox 3757 3366 3821 3418; x_wconf 81' lang='lat' dir='ltr'><strong>de</strong></span> 
     </span>
    </p>
   </div>
   <div class='ocr_carea' id='block_1_94' title="bbox 2233 3443 3819 3511">
    <p class='ocr_par' dir='ltr' id='par_1_94' title="bbox 2233 3443 3819 3511">
     <span class='ocr_line' id='line_1_94' title="bbox 2233 3443 3819 3511; baseline 0.008 -14"><span class='ocrx_word' id='word_1_705' title='bbox 2233 3457 2298 3497; x_wconf 89' lang='lat' dir='ltr'><strong>eo</strong></span> <span class='ocrx_word' id='word_1_706' title='bbox 2322 3444 2388 3496; x_wconf 92' lang='lat' dir='ltr'><strong>ad</strong></span> <span class='ocrx_word' id='word_1_707' title='bbox 2411 3443 2740 3499; x_wconf 89' lang='lat' dir='ltr'><strong>abluendum</strong></span> <span class='ocrx_word' id='word_1_708' title='bbox 2767 3459 2856 3511; x_wconf 93' lang='lat' dir='ltr'><strong>os;</strong></span> <span class='ocrx_word' id='word_1_709' title='bbox 2887 3456 2941 3500; x_wconf 92' lang='lat' dir='ltr'><strong>et</strong></span> <span class='ocrx_word' id='word_1_710' title='bbox 2963 3455 3086 3501; x_wconf 91' lang='lat' dir='ltr'><strong>tunc</strong></span> <span class='ocrx_word' id='word_1_711' title='bbox 3112 3448 3306 3503; x_wconf 91' lang='lat' dir='ltr'><strong>iterum</strong></span> <span class='ocrx_word' id='word_1_712' title='bbox 3330 3452 3509 3507; x_wconf 89' lang='lat' dir='ltr'><strong>dictus</strong></span> <span class='ocrx_word' id='word_1_713' title='bbox 3530 3454 3748 3508; x_wconf 88' lang='lat' dir='ltr'><strong>cardina</strong></span> <span class='ocrx_word' id='word_1_714' title='bbox 3775 3458 3819 3509; x_wconf 82' lang='lat' dir='ltr'><strong>is</strong></span> 
     </span>
    </p>
   </div>
   <div class='ocr_carea' id='block_1_95' title="bbox 2231 3533 3815 3613">
    <p class='ocr_par' dir='ltr' id='par_1_95' title="bbox 2231 3533 3815 3613">
     <span class='ocr_line' id='line_1_95' title="bbox 2231 3533 3815 3613; baseline 0.01 -28"><span class='ocrx_word' id='word_1_715' title='bbox 2231 3533 2451 3601; x_wconf 77' lang='lat' dir='ltr'><strong>porrigit</strong></span> <span class='ocrx_word' id='word_1_716' title='bbox 2483 3536 2531 3587; x_wconf 90' lang='lat' dir='ltr'><strong>ei</strong></span> <span class='ocrx_word' id='word_1_717' title='bbox 2565 3549 2796 3602; x_wconf 90' lang='lat' dir='ltr'><strong>pannum</strong></span> <span class='ocrx_word' id='word_1_718' title='bbox 2828 3537 3140 3606; x_wconf 59' lang='lat' dir='ltr'><strong>praedictum</strong></span> <span class='ocrx_word' id='word_1_719' title='bbox 3161 3539 3227 3593; x_wconf 89' lang='lat' dir='ltr'><strong>ad</strong></span> <span class='ocrx_word' id='word_1_720' title='bbox 3261 3555 3323 3596; x_wconf 86' lang='lat' dir='ltr'><strong>os</strong></span> <span class='ocrx_word' id='word_1_721' title='bbox 3353 3543 3774 3613; x_wconf 80' lang='lat' dir='ltr'><strong>abstergendum</strong></span> <span class='ocrx_word' id='word_1_722' title='bbox 3801 3567 3815 3610; x_wconf 80' lang='grc'>;</span> 
     </span>
    </p>
   </div>
   <div class='ocr_carea' id='block_1_96' title="bbox 2229 3624 3816 3703">
    <p class='ocr_par' dir='ltr' id='par_1_96' title="bbox 2229 3624 3816 3703">
     <span class='ocr_line' id='line_1_96' title="bbox 2229 3624 3816 3703; baseline 0.009 -25"><span class='ocrx_word' id='word_1_723' title='bbox 2229 3635 2280 3678; x_wconf 86' lang='lat' dir='ltr'><strong>et</strong></span> <span class='ocrx_word' id='word_1_724' title='bbox 2307 3624 2507 3678; x_wconf 86' lang='lat' dir='ltr'><strong>exinde</strong></span> <span class='ocrx_word' id='word_1_725' title='bbox 2533 3625 2817 3680; x_wconf 77' lang='lat' dir='ltr'><strong>cardinalis</strong></span> <span class='ocrx_word' id='word_1_726' title='bbox 2849 3628 3139 3683; x_wconf 86' lang='lat' dir='ltr'><strong>restituens</strong></span> <span class='ocrx_word' id='word_1_727' title='bbox 3177 3630 3381 3688; x_wconf 89' lang='lat' dir='ltr'><strong>dictum</strong></span> <span class='ocrx_word' id='word_1_728' title='bbox 3423 3649 3660 3703; x_wconf 86' lang='lat' dir='ltr'><strong>pannum</strong></span> <span class='ocrx_word' id='word_1_729' title='bbox 3689 3652 3816 3693; x_wconf 81' lang='lat' dir='ltr'><strong>aeo-</strong></span> 
     </span>
    </p>
   </div>
   <div class='ocr_carea' id='block_1_97' title="bbox 2231 3712 3814 3792">
    <p class='ocr_par' dir='ltr' id='par_1_97' title="bbox 2231 3712 3814 3792">
     <span class='ocr_line' id='line_1_97' title="bbox 2231 3712 3814 3792; baseline 0.011 -27"><span class='ocrx_word' id='word_1_730' title='bbox 2231 3712 2380 3784; x_wconf 83' lang='lat' dir='ltr'><strong>lytho</strong></span> <span class='ocrx_word' id='word_1_731' title='bbox 2409 3727 2631 3782; x_wconf 67' lang='lat' dir='ltr'><strong>surgere</strong></span> <span class='ocrx_word' id='word_1_732' title='bbox 2656 3715 2837 3783; x_wconf 89' lang='lat' dir='ltr'><strong>debet,</strong></span> <span class='ocrx_word' id='word_1_733' title='bbox 2863 3728 2918 3772; x_wconf 90' lang='lat' dir='ltr'><strong>et</strong></span> <span class='ocrx_word' id='word_1_734' title='bbox 2946 3720 3180 3775; x_wconf 88' lang='lat' dir='ltr'><strong>instante</strong></span> <span class='ocrx_word' id='word_1_735' title='bbox 3207 3721 3339 3777; x_wconf 85' lang='lat' dir='ltr'><strong>hora</strong></span> <span class='ocrx_word' id='word_1_736' title='bbox 3365 3727 3608 3792; x_wconf 81' lang='lat' dir='ltr'><strong>pontifex</strong></span> <span class='ocrx_word' id='word_1_737' title='bbox 3636 3730 3704 3782; x_wconf 90' lang='lat' dir='ltr'><strong>ad</strong></span> <span class='ocrx_word' id='word_1_738' title='bbox 3732 3731 3814 3783; x_wconf 84' lang='lat' dir='ltr'><strong>al-</strong></span> 
     </span>
    </p>
   </div>
   <div class='ocr_carea' id='block_1_98' title="bbox 2231 3806 3814 3881">
    <p class='ocr_par' dir='ltr' id='par_1_98' title="bbox 2231 3806 3814 3881">
     <span class='ocr_line' id='line_1_98' title="bbox 2231 3806 3814 3881; baseline 0.009 -23"><span class='ocrx_word' id='word_1_739' title='bbox 2231 3815 2346 3859; x_wconf 88' lang='lat' dir='ltr'><strong>tare</strong></span> <span class='ocrx_word' id='word_1_740' title='bbox 2377 3806 2555 3860; x_wconf 88' lang='lat' dir='ltr'><strong>redire</strong></span> <span class='ocrx_word' id='word_1_741' title='bbox 2595 3806 2774 3861; x_wconf 89' lang='lat' dir='ltr'><strong>debet.</strong></span> <span class='ocrx_word' id='word_1_742' title='bbox 2806 3807 2823 3861; x_wconf 89' lang='grc' dir='ltr'><strong>Ι</strong></span> <span class='ocrx_word' id='word_1_743' title='bbox 2832 3823 2923 3875; x_wconf 89' lang='lat' dir='ltr'><strong>pse</strong></span> <span class='ocrx_word' id='word_1_744' title='bbox 2956 3809 3246 3865; x_wconf 90' lang='lat' dir='ltr'><strong>cardinalis</strong></span> <span class='ocrx_word' id='word_1_745' title='bbox 3289 3814 3558 3880; x_wconf 65' lang='lat' dir='ltr'><strong>praecedat</strong></span> <span class='ocrx_word' id='word_1_746' title='bbox 3587 3832 3735 3881; x_wconf 85' lang='lat' dir='ltr'><strong>eum,</strong></span> <span class='ocrx_word' id='word_1_747' title='bbox 3767 3830 3814 3874; x_wconf 81' lang='lat' dir='ltr'><strong>et</strong></span> 
     </span>
    </p>
   </div>
   <div class='ocr_carea' id='block_1_99' title="bbox 2226 3897 3812 3967">
    <p class='ocr_par' dir='ltr' id='par_1_99' title="bbox 2226 3897 3812 3967">
     <span class='ocr_line' id='line_1_99' title="bbox 2226 3897 3812 3967; baseline 0.006 -17"><span class='ocrx_word' id='word_1_748' title='bbox 2226 3897 2298 3950; x_wconf 91' lang='lat' dir='ltr'><strong>sit</strong></span> <span class='ocrx_word' id='word_1_749' title='bbox 2328 3898 2380 3950; x_wconf 92' lang='lat' dir='ltr'><strong>in</strong></span> <span class='ocrx_word' id='word_1_750' title='bbox 2411 3899 2602 3951; x_wconf 88' lang='lat' dir='ltr'><strong>dextra</strong></span> <span class='ocrx_word' id='word_1_751' title='bbox 2635 3909 2804 3967; x_wconf 91' lang='lat' dir='ltr'><strong>parte,</strong></span> <span class='ocrx_word' id='word_1_752' title='bbox 2831 3899 3035 3954; x_wconf 89' lang='lat' dir='ltr'><strong>habens</strong></span> <span class='ocrx_word' id='word_1_753' title='bbox 3065 3900 3136 3954; x_wconf 89' lang='lat' dir='ltr'><strong>ibi</strong></span> <span class='ocrx_word' id='word_1_754' title='bbox 3169 3901 3360 3956; x_wconf 91' lang='lat' dir='ltr'><strong>librum</strong></span> <span class='ocrx_word' id='word_1_755' title='bbox 3386 3905 3665 3961; x_wconf 81' lang='lat' dir='ltr'><strong>missalein</strong></span> <span class='ocrx_word' id='word_1_756' title='bbox 3694 3924 3812 3962; x_wconf 88' lang='lat' dir='ltr'><strong>cum</strong></span> 
     </span>
    </p>
   </div>
   <div class='ocr_carea' id='block_1_100' title="bbox 2229 3986 3814 4066">
    <p class='ocr_par' dir='ltr' id='par_1_100' title="bbox 2229 3986 3814 4066">
     <span class='ocr_line' id='line_1_100' title="bbox 2229 3986 3814 4066; baseline 0.011 -28"><span class='ocrx_word' id='word_1_757' title='bbox 2229 3986 2436 4041; x_wconf 88' lang='lat' dir='ltr'><strong>tobalea</strong></span> <span class='ocrx_word' id='word_1_758' title='bbox 2464 3989 2762 4056; x_wconf 91' lang='lat' dir='ltr'><strong>supposita,</strong></span> <span class='ocrx_word' id='word_1_759' title='bbox 2794 3998 2849 4042; x_wconf 94' lang='lat' dir='ltr'><strong>ut</strong></span> <span class='ocrx_word' id='word_1_760' title='bbox 2875 4003 3035 4058; x_wconf 90' lang='lat' dir='ltr'><strong>supra</strong></span> <span class='ocrx_word' id='word_1_761' title='bbox 3065 3991 3291 4057; x_wconf 92' lang='lat' dir='ltr'><strong>dicitur;</strong></span> <span class='ocrx_word' id='word_1_762' title='bbox 3317 4004 3370 4047; x_wconf 91' lang='lat' dir='ltr'><strong>et</strong></span> <span class='ocrx_word' id='word_1_763' title='bbox 3394 3997 3656 4052; x_wconf 90' lang='lat' dir='ltr'><strong>veniente</strong></span> <span class='ocrx_word' id='word_1_764' title='bbox 3685 4015 3814 4066; x_wconf 83' lang='lat' dir='ltr'><strong>pon-</strong></span> 
     </span>
    </p>
   </div>
   <div class='ocr_carea' id='block_1_101' title="bbox 2225 4078 3813 4145">
    <p class='ocr_par' dir='ltr' id='par_1_101' title="bbox 2225 4078 3813 4145">
     <span class='ocr_line' id='line_1_101' title="bbox 2225 4078 3813 4145; baseline 0.009 -15"><span class='ocrx_word' id='word_1_765' title='bbox 2225 4078 2365 4132; x_wconf 88' lang='lat' dir='ltr'><strong>tifice</strong></span> <span class='ocrx_word' id='word_1_766' title='bbox 2395 4079 2461 4132; x_wconf 90' lang='lat' dir='ltr'><strong>ad</strong></span> <span class='ocrx_word' id='word_1_767' title='bbox 2490 4080 2677 4145; x_wconf 84' lang='lat' dir='ltr'><strong>altare,</strong></span> <span class='ocrx_word' id='word_1_768' title='bbox 2711 4082 2926 4136; x_wconf 85' lang='lat' dir='ltr'><strong>assistat</strong></span> <span class='ocrx_word' id='word_1_769' title='bbox 2955 4084 3004 4137; x_wconf 92' lang='lat' dir='ltr'><strong>ei</strong></span> <span class='ocrx_word' id='word_1_770' title='bbox 3056 4083 3182 4138; x_wconf 91' lang='lat' dir='ltr'><strong>dum</strong></span> <span class='ocrx_word' id='word_1_771' title='bbox 3230 4085 3358 4139; x_wconf 90' lang='lat' dir='ltr'><strong>dicit</strong></span> <span class='ocrx_word' id='word_1_772' title='bbox 3397 4087 3687 4144; x_wconf 87' lang='lat' dir='ltr'><strong>Orationes</strong></span> <span class='ocrx_word' id='word_1_773' title='bbox 3736 4097 3813 4144; x_wconf 83' lang='lat' dir='ltr'><strong>di-</strong></span> 
     </span>
    </p>
   </div>
   <div class='ocr_carea' id='block_1_102' title="bbox 2223 4172 3814 4250">
    <p class='ocr_par' dir='ltr' id='par_1_102' title="bbox 2223 4172 3814 4250">
     <span class='ocr_line' id='line_1_102' title="bbox 2223 4172 3814 4250; baseline 0.009 -27"><span class='ocrx_word' id='word_1_774' title='bbox 2223 4172 2421 4224; x_wconf 87' lang='lat' dir='ltr'><strong>cendas</strong></span> <span class='ocrx_word' id='word_1_775' title='bbox 2447 4181 2562 4237; x_wconf 89' lang='lat' dir='ltr'><strong>post</strong></span> <span class='ocrx_word' id='word_1_776' title='bbox 2593 4174 3050 4238; x_wconf 90' lang='lat' dir='ltr'><strong>communionem,</strong></span> <span class='ocrx_word' id='word_1_777' title='bbox 3083 4191 3219 4243; x_wconf 91' lang='lat' dir='ltr'><strong>quas</strong></span> <span class='ocrx_word' id='word_1_778' title='bbox 3250 4178 3539 4248; x_wconf 81' lang='lat' dir='ltr'><strong>diligenter</strong></span> <span class='ocrx_word' id='word_1_779' title='bbox 3565 4197 3814 4250; x_wconf 61' lang='lat' dir='ltr'><strong>querere</strong></span> 
     </span>
    </p>
   </div>
   <div class='ocr_carea' id='block_1_103' title="bbox 2225 4257 3812 4342">
    <p class='ocr_par' dir='ltr' id='par_1_103' title="bbox 2225 4257 3812 4342">
     <span class='ocr_line' id='line_1_103' title="bbox 2225 4257 3812 4342; baseline 0.006 -27"><span class='ocrx_word' id='word_1_780' title='bbox 2225 4271 2280 4315; x_wconf 91' lang='lat' dir='ltr'><strong>et</strong></span> <span class='ocrx_word' id='word_1_781' title='bbox 2309 4257 2554 4317; x_wconf 72' lang='lat' dir='ltr'><strong>ordinate</strong></span> <span class='ocrx_word' id='word_1_782' title='bbox 2577 4264 2791 4318; x_wconf 89' lang='lat' dir='ltr'><strong>studeat</strong></span> <span class='ocrx_word' id='word_1_783' title='bbox 2813 4275 3139 4333; x_wconf 77' lang='lat' dir='ltr'><strong>praesentare</strong></span> <span class='ocrx_word' id='word_1_784' title='bbox 3167 4261 3427 4336; x_wconf 78' lang='lat' dir='ltr'><strong>pontifici.</strong></span> <span class='ocrx_word' id='word_1_785' title='bbox 3457 4270 3723 4342; x_wconf 89' lang='lat' dir='ltr'><strong>Cumque,</strong></span> <span class='ocrx_word' id='word_1_786' title='bbox 3755 4280 3812 4326; x_wconf 72' lang='lat' dir='ltr'><strong>ti-</strong></span> 
     </span>
    </p>
   </div>
   <div class='ocr_carea' id='block_1_104' title="bbox 2222 4351 3808 4426">
    <p class='ocr_par' dir='ltr' id='par_1_104' title="bbox 2222 4351 3808 4426">
     <span class='ocr_line' id='line_1_104' title="bbox 2222 4351 3808 4426; baseline 0.009 -22"><span class='ocrx_word' id='word_1_787' title='bbox 2222 4351 2352 4405; x_wconf 91' lang='lat' dir='ltr'><strong>nitis</strong></span> <span class='ocrx_word' id='word_1_788' title='bbox 2383 4353 2722 4407; x_wconf 88' lang='lat' dir='ltr'><strong>Orationibus</strong></span> <span class='ocrx_word' id='word_1_789' title='bbox 2751 4354 3022 4423; x_wconf 89' lang='lat' dir='ltr'><strong>omnibus,</strong></span> <span class='ocrx_word' id='word_1_790' title='bbox 3049 4357 3282 4426; x_wconf 80' lang='lat' dir='ltr'><strong>pontifex</strong></span> <span class='ocrx_word' id='word_1_791' title='bbox 3307 4360 3438 4415; x_wconf 90' lang='lat' dir='ltr'><strong>dicit</strong></span> <span class='ocrx_word' id='word_1_792' title='bbox 3491 4361 3597 4416; x_wconf 82' lang='lat' dir='ltr'><strong>Per</strong></span> <span class='ocrx_word' id='word_1_793' title='bbox 3632 4365 3808 4418; x_wconf 79' lang='lat' dir='ltr'><strong>Domi-</strong></span> 
     </span>
    </p>
   </div>
   <div class='ocr_carea' id='block_1_105' title="bbox 2222 4443 3808 4523">
    <p class='ocr_par' dir='ltr' id='par_1_105' title="bbox 2222 4443 3808 4523">
     <span class='ocr_line' id='line_1_105' title="bbox 2222 4443 3808 4523; baseline 0.008 -28"><span class='ocrx_word' id='word_1_794' title='bbox 2222 4460 2346 4497; x_wconf 89' lang='lat' dir='ltr'><strong>num</strong></span> <span class='ocrx_word' id='word_1_795' title='bbox 2383 4455 2611 4498; x_wconf 84' lang='lat' dir='ltr'><strong>nostrum</strong></span> <span class='ocrx_word' id='word_1_796' title='bbox 2637 4443 2817 4498; x_wconf 79' lang='lat' dir='ltr'><strong>Iesum</strong></span> <span class='ocrx_word' id='word_1_797' title='bbox 2849 4445 3114 4500; x_wconf 84' lang='lat' dir='ltr'><strong>Christum</strong></span> <span class='ocrx_word' id='word_1_798' title='bbox 3134 4487 3150 4513; x_wconf 93' lang='lat'><strong>,</strong></span> <span class='ocrx_word' id='word_1_799' title='bbox 3187 4455 3318 4514; x_wconf 89' lang='lat' dir='ltr'><strong>etc.,</strong></span> <span class='ocrx_word' id='word_1_800' title='bbox 3347 4450 3646 4507; x_wconf 85' lang='lat' dir='ltr'><strong>cardinalis</strong></span> <span class='ocrx_word' id='word_1_801' title='bbox 3674 4471 3808 4523; x_wconf 72' lang='lat' dir='ltr'><strong>pra:-</strong></span> 
     </span>
    </p>
   </div>
   <div class='ocr_carea' id='block_1_106' title="bbox 2144 4531 3803 4613">
    <p class='ocr_par' dir='ltr' id='par_1_106' title="bbox 2144 4531 3803 4613">
     <span class='ocr_line' id='line_1_106' title="bbox 2144 4531 3803 4613; baseline 0.007 -24"><span class='ocrx_word' id='word_1_802' title='bbox 2144 4531 2192 4589; x_wconf 91' lang='lat' dir='ltr'><strong><em>D</em></strong></span> <span class='ocrx_word' id='word_1_803' title='bbox 2219 4536 2392 4590; x_wconf 89' lang='lat' dir='ltr'><strong>dictus</strong></span> <span class='ocrx_word' id='word_1_804' title='bbox 2413 4536 2688 4590; x_wconf 80' lang='lat' dir='ltr'><strong>osculatur</strong></span> <span class='ocrx_word' id='word_1_805' title='bbox 2719 4538 2890 4604; x_wconf 90' lang='lat' dir='ltr'><strong>primo</strong></span> <span class='ocrx_word' id='word_1_806' title='bbox 2921 4537 3112 4603; x_wconf 89' lang='lat' dir='ltr'><strong>altare,</strong></span> <span class='ocrx_word' id='word_1_807' title='bbox 3147 4539 3362 4594; x_wconf 89' lang='lat' dir='ltr'><strong>demum</strong></span> <span class='ocrx_word' id='word_1_808' title='bbox 3390 4556 3614 4597; x_wconf 88' lang='lat' dir='ltr'><strong>crucem</strong></span> <span class='ocrx_word' id='word_1_809' title='bbox 3663 4547 3803 4613; x_wconf 85' lang='lat' dir='ltr'><strong>pallii</strong></span> 
     </span>
    </p>
   </div>
   <div class='ocr_carea' id='block_1_107' title="bbox 2215 4628 3803 4700">
    <p class='ocr_par' dir='ltr' id='par_1_107' title="bbox 2215 4628 3803 4700">
     <span class='ocr_line' id='line_1_107' title="bbox 2215 4628 3803 4700; baseline 0.004 -19"><span class='ocrx_word' id='word_1_810' title='bbox 2215 4645 2333 4698; x_wconf 81' lang='lat' dir='ltr'><strong>qu:e</strong></span> <span class='ocrx_word' id='word_1_811' title='bbox 2358 4639 2439 4682; x_wconf 87' lang='lat' dir='ltr'><strong>est</strong></span> <span class='ocrx_word' id='word_1_812' title='bbox 2466 4645 2629 4698; x_wconf 91' lang='lat' dir='ltr'><strong>super</strong></span> <span class='ocrx_word' id='word_1_813' title='bbox 2677 4628 2925 4682; x_wconf 87' lang='lat' dir='ltr'><strong>dextrttm</strong></span> <span class='ocrx_word' id='word_1_814' title='bbox 2977 4629 3252 4685; x_wconf 86' lang='lat' dir='ltr'><strong>brachium</strong></span> <span class='ocrx_word' id='word_1_815' title='bbox 3307 4633 3600 4700; x_wconf 83' lang='lat' dir='ltr'><strong>pontificis,</strong></span> <span class='ocrx_word' id='word_1_816' title='bbox 3630 4647 3688 4690; x_wconf 89' lang='lat' dir='ltr'><strong>et</strong></span> <span class='ocrx_word' id='word_1_817' title='bbox 3731 4638 3803 4689; x_wconf 85' lang='lat' dir='ltr'><strong>sic</strong></span> 
     </span>
    </p>
   </div>
   <div class='ocr_carea' id='block_1_108' title="bbox 2215 4719 3800 4792">
    <p class='ocr_par' dir='ltr' id='par_1_108' title="bbox 2215 4719 3800 4792">
     <span class='ocr_line' id='line_1_108' title="bbox 2215 4719 3800 4792; baseline 0.001 -19"><span class='ocrx_word' id='word_1_818' title='bbox 2215 4719 2434 4774; x_wconf 85' lang='lat' dir='ltr'><strong>recedat</strong></span> <span class='ocrx_word' id='word_1_819' title='bbox 2457 4720 2524 4774; x_wconf 88' lang='lat' dir='ltr'><strong>ab</strong></span> <span class='ocrx_word' id='word_1_820' title='bbox 2551 4719 2731 4783; x_wconf 89' lang='lat' dir='ltr'><strong>altari,</strong></span> <span class='ocrx_word' id='word_1_821' title='bbox 2758 4728 2813 4773; x_wconf 89' lang='lat' dir='ltr'><strong>et</strong></span> <span class='ocrx_word' id='word_1_822' title='bbox 2843 4719 3002 4772; x_wconf 85' lang='lat' dir='ltr'><strong>vadat</strong></span> <span class='ocrx_word' id='word_1_823' title='bbox 3029 4720 3094 4773; x_wconf 86' lang='lat' dir='ltr'><strong>ad</strong></span> <span class='ocrx_word' id='word_1_824' title='bbox 3146 4722 3323 4775; x_wconf 89' lang='lat' dir='ltr'><strong>locum</strong></span> <span class='ocrx_word' id='word_1_825' title='bbox 3377 4723 3431 4776; x_wconf 92' lang='lat' dir='ltr'><strong>in</strong></span> <span class='ocrx_word' id='word_1_826' title='bbox 3488 4740 3600 4792; x_wconf 89' lang='lat' dir='ltr'><strong>quo</strong></span> <span class='ocrx_word' id='word_1_827' title='bbox 3648 4725 3800 4787; x_wconf 80' lang='lat' dir='ltr'><strong>sedit,</strong></span> 
     </span>
    </p>
   </div>
   <div class='ocr_carea' id='block_1_109' title="bbox 2212 4810 3799 4882">
    <p class='ocr_par' dir='ltr' id='par_1_109' title="bbox 2212 4810 3799 4882">
     <span class='ocr_line' id='line_1_109' title="bbox 2212 4810 3799 4882; baseline 0.001 -19"><span class='ocrx_word' id='word_1_828' title='bbox 2212 4819 2361 4865; x_wconf 90' lang='lat' dir='ltr'><strong>stans</strong></span> <span class='ocrx_word' id='word_1_829' title='bbox 2393 4810 2464 4866; x_wconf 90' lang='lat' dir='ltr'><strong>ibi</strong></span> <span class='ocrx_word' id='word_1_830' title='bbox 2493 4811 2665 4865; x_wconf 90' lang='lat' dir='ltr'><strong>donec</strong></span> <span class='ocrx_word' id='word_1_831' title='bbox 2693 4820 2813 4880; x_wconf 91' lang='lat' dir='ltr'><strong>post</strong></span> <span class='ocrx_word' id='word_1_832' title='bbox 2840 4810 3280 4866; x_wconf 88' lang='lat' dir='ltr'><strong>Benedictionem</strong></span> <span class='ocrx_word' id='word_1_833' title='bbox 3326 4813 3510 4866; x_wconf 87' lang='lat' dir='ltr'><strong>datam</strong></span> <span class='ocrx_word' id='word_1_834' title='bbox 3565 4815 3799 4882; x_wconf 75' lang='lat' dir='ltr'><strong>pontifex</strong></span> 
     </span>
    </p>
   </div>
   <div class='ocr_carea' id='block_1_110' title="bbox 2213 4901 3803 4971">
    <p class='ocr_par' dir='ltr' id='par_1_110' title="bbox 2213 4901 3803 4971">
     <span class='ocr_line' id='line_1_110' title="bbox 2213 4901 3803 4971; baseline 0.002 -15"><span class='ocrx_word' id='word_1_835' title='bbox 2213 4902 2396 4956; x_wconf 86' lang='lat' dir='ltr'><strong>redeat</strong></span> <span class='ocrx_word' id='word_1_836' title='bbox 2424 4901 2492 4956; x_wconf 90' lang='lat' dir='ltr'><strong>ad</strong></span> <span class='ocrx_word' id='word_1_837' title='bbox 2517 4904 2701 4956; x_wconf 87' lang='lat' dir='ltr'><strong>sedem</strong></span> <span class='ocrx_word' id='word_1_838' title='bbox 2729 4915 2906 4965; x_wconf 91' lang='lat' dir='ltr'><strong>suam,</strong></span> <span class='ocrx_word' id='word_1_839' title='bbox 2935 4901 3087 4971; x_wconf 80' lang='lat' dir='ltr'><strong>juxta</strong></span> <span class='ocrx_word' id='word_1_840' title='bbox 3110 4918 3270 4970; x_wconf 89' lang='lat' dir='ltr'><strong>quam</strong></span> <span class='ocrx_word' id='word_1_841' title='bbox 3301 4903 3478 4956; x_wconf 89' lang='lat' dir='ltr'><strong>dictus</strong></span> <span class='ocrx_word' id='word_1_842' title='bbox 3507 4906 3803 4959; x_wconf 77' lang='lat' dir='ltr'><strong>cardinalis</strong></span> 
     </span>
    </p>
   </div>
   <div class='ocr_carea' id='block_1_111' title="bbox 2210 4993 3800 5061">
    <p class='ocr_par' dir='ltr' id='par_1_111' title="bbox 2210 4993 3800 5061">
     <span class='ocr_line' id='line_1_111' title="bbox 2210 4993 3800 5061; baseline 0.003 -16"><span class='ocrx_word' id='word_1_843' title='bbox 2210 4995 2467 5047; x_wconf 75' lang='lat' dir='ltr'><strong>assistens</strong></span> <span class='ocrx_word' id='word_1_844' title='bbox 2495 5002 2740 5047; x_wconf 87' lang='lat' dir='ltr'><strong>amoveat</strong></span> <span class='ocrx_word' id='word_1_845' title='bbox 2783 4993 3040 5046; x_wconf 89' lang='lat' dir='ltr'><strong>annulum</strong></span> <span class='ocrx_word' id='word_1_846' title='bbox 3092 4993 3160 5046; x_wconf 91' lang='lat' dir='ltr'><strong>de</strong></span> <span class='ocrx_word' id='word_1_847' title='bbox 3207 5008 3366 5046; x_wconf 71' lang='lat' dir='ltr'><strong>mam:</strong></span> <span class='ocrx_word' id='word_1_848' title='bbox 3423 4995 3722 5061; x_wconf 81' lang='lat' dir='ltr'><strong>pontiﬁcis,</strong></span> <span class='ocrx_word' id='word_1_849' title='bbox 3750 5008 3800 5050; x_wconf 86' lang='lat' dir='ltr'><strong>et</strong></span> 
     </span>
    </p>
   </div>
   <div class='ocr_carea' id='block_1_112' title="bbox 2213 5082 3800 5155">
    <p class='ocr_par' dir='ltr' id='par_1_112' title="bbox 2213 5082 3800 5155">
     <span class='ocr_line' id='line_1_112' title="bbox 2213 5082 3800 5155; baseline 0.003 -19"><span class='ocrx_word' id='word_1_850' title='bbox 2213 5083 2684 5155; x_wconf 86' lang='lat' dir='ltr'><strong>reddetacolytho.</strong></span> <span class='ocrx_word' id='word_1_851' title='bbox 2729 5082 2932 5139; x_wconf 89' lang='lat' dir='ltr'><strong>Deinde</strong></span> <span class='ocrx_word' id='word_1_852' title='bbox 2975 5082 3249 5138; x_wconf 85' lang='lat' dir='ltr'><strong>diverteris</strong></span> <span class='ocrx_word' id='word_1_853' title='bbox 3297 5093 3461 5138; x_wconf 80' lang='lat' dir='ltr'><strong>exuat</strong></span> <span class='ocrx_word' id='word_1_854' title='bbox 3506 5100 3570 5140; x_wconf 90' lang='lat' dir='ltr'><strong>se</strong></span> <span class='ocrx_word' id='word_1_855' title='bbox 3617 5102 3800 5141; x_wconf 81' lang='lat' dir='ltr'><strong>sacras</strong></span> 
     </span>
    </p>
   </div>
   <div class='ocr_carea' id='block_1_113' title="bbox 2213 5179 3797 5247">
    <p class='ocr_par' dir='ltr' id='par_1_113' title="bbox 2213 5179 3797 5247">
     <span class='ocr_line' id='line_1_113' title="bbox 2213 5179 3797 5247; baseline 0.005 -19"><span class='ocrx_word' id='word_1_856' title='bbox 2213 5186 2426 5243; x_wconf 88' lang='lat' dir='ltr'><strong>vestes,</strong></span> <span class='ocrx_word' id='word_1_857' title='bbox 2459 5187 2514 5233; x_wconf 91' lang='lat' dir='ltr'><strong>et</strong></span> <span class='ocrx_word' id='word_1_858' title='bbox 2557 5179 2739 5234; x_wconf 91' lang='lat' dir='ltr'><strong>induat</strong></span> <span class='ocrx_word' id='word_1_859' title='bbox 2769 5195 3114 5247; x_wconf 90' lang='lat' dir='ltr'><strong>communes;</strong></span> <span class='ocrx_word' id='word_1_860' title='bbox 3159 5194 3222 5235; x_wconf 89' lang='lat' dir='ltr'><strong>ac</strong></span> <span class='ocrx_word' id='word_1_861' title='bbox 3267 5180 3444 5235; x_wconf 87' lang='lat' dir='ltr'><strong>denuo</strong></span> <span class='ocrx_word' id='word_1_862' title='bbox 3494 5181 3691 5236; x_wconf 83' lang='lat' dir='ltr'><strong>redeat</strong></span> <span class='ocrx_word' id='word_1_863' title='bbox 3734 5183 3797 5236; x_wconf 84' lang='lat' dir='ltr'><strong>ad</strong></span> 
     </span>
    </p>
   </div>
   <div class='ocr_carea' id='block_1_114' title="bbox 2211 5277 3797 5347">
    <p class='ocr_par' dir='ltr' id='par_1_114' title="bbox 2211 5277 3797 5347">
     <span class='ocr_line' id='line_1_114' title="bbox 2211 5277 3797 5347; baseline 0.003 -17"><span class='ocrx_word' id='word_1_864' title='bbox 2211 5277 2534 5343; x_wconf 90' lang='lat' dir='ltr'><strong>pontificem.</strong></span> <span class='ocrx_word' id='word_1_865' title='bbox 2566 5289 2618 5332; x_wconf 92' lang='lat' dir='ltr'><strong>et</strong></span> <span class='ocrx_word' id='word_1_866' title='bbox 2649 5280 2864 5336; x_wconf 79' lang='lat' dir='ltr'><strong>assistat</strong></span> <span class='ocrx_word' id='word_1_867' title='bbox 2892 5279 3086 5346; x_wconf 87' lang='lat' dir='ltr'><strong>eidem,</strong></span> <span class='ocrx_word' id='word_1_868' title='bbox 3118 5291 3174 5336; x_wconf 91' lang='lat' dir='ltr'><strong>et</strong></span> <span class='ocrx_word' id='word_1_869' title='bbox 3200 5282 3396 5335; x_wconf 87' lang='lat' dir='ltr'><strong>serviat</strong></span> <span class='ocrx_word' id='word_1_870' title='bbox 3427 5282 3479 5333; x_wconf 94' lang='lat' dir='ltr'><strong>in</strong></span> <span class='ocrx_word' id='word_1_871' title='bbox 3515 5282 3660 5336; x_wconf 84' lang='lat' dir='ltr'><strong>Hora</strong></span> <span class='ocrx_word' id='word_1_872' title='bbox 3687 5283 3797 5347; x_wconf 86' lang='lat' dir='ltr'><strong>illa,</strong></span> 
     </span>
    </p>
   </div>
   <div class='ocr_carea' id='block_1_115' title="bbox 2211 5381 3795 5452">
    <p class='ocr_par' dir='ltr' id='par_1_115' title="bbox 2211 5381 3795 5452">
     <span class='ocr_line' id='line_1_115' title="bbox 2211 5381 3795 5452; baseline 0.003 -22"><span class='ocrx_word' id='word_1_873' title='bbox 2211 5394 2330 5448; x_wconf 71' lang='lat' dir='ltr'><strong>quae</strong></span> <span class='ocrx_word' id='word_1_874' title='bbox 2363 5391 2478 5449; x_wconf 92' lang='lat' dir='ltr'><strong>post</strong></span> <span class='ocrx_word' id='word_1_875' title='bbox 2507 5381 2717 5436; x_wconf 83' lang='lat' dir='ltr'><strong>Missam</strong></span> <span class='ocrx_word' id='word_1_876' title='bbox 2743 5382 2968 5437; x_wconf 90' lang='lat' dir='ltr'><strong>dicenda</strong></span> <span class='ocrx_word' id='word_1_877' title='bbox 2999 5393 3102 5447; x_wconf 90' lang='lat' dir='ltr'><strong>est,</strong></span> <span class='ocrx_word' id='word_1_878' title='bbox 3132 5385 3270 5436; x_wconf 88' lang='lat' dir='ltr'><strong>sicut</strong></span> <span class='ocrx_word' id='word_1_879' title='bbox 3301 5385 3500 5436; x_wconf 83' lang='lat' dir='ltr'><strong>dictum</strong></span> <span class='ocrx_word' id='word_1_880' title='bbox 3524 5395 3609 5437; x_wconf 64' lang='lat' dir='ltr'><strong>est</strong></span> <span class='ocrx_word' id='word_1_881' title='bbox 3637 5399 3795 5452; x_wconf 84' lang='lat' dir='ltr'><strong>supe-</strong></span> 
     </span>
    </p>
   </div>
   <div class='ocr_carea' id='block_1_116' title="bbox 2210 5481 3793 5552">
    <p class='ocr_par' dir='ltr' id='par_1_116' title="bbox 2210 5481 3793 5552">
     <span class='ocr_line' id='line_1_116' title="bbox 2210 5481 3793 5552; baseline -0.001 -19"><span class='ocrx_word' id='word_1_882' title='bbox 2210 5481 2320 5534; x_wconf 88' lang='lat' dir='ltr'><strong>rius</strong></span> <span class='ocrx_word' id='word_1_883' title='bbox 2342 5482 2408 5535; x_wconf 89' lang='lat' dir='ltr'><strong>de</strong></span> <span class='ocrx_word' id='word_1_884' title='bbox 2439 5481 2579 5538; x_wconf 74' lang='lat' dir='ltr'><strong>liora</strong></span> <span class='ocrx_word' id='word_1_885' title='bbox 2620 5500 2738 5552; x_wconf 73' lang='lat' dir='ltr'><strong>qua:</strong></span> <span class='ocrx_word' id='word_1_886' title='bbox 2762 5484 2976 5539; x_wconf 86' lang='lat' dir='ltr'><strong>Missam</strong></span> <span class='ocrx_word' id='word_1_887' title='bbox 3003 5483 3277 5551; x_wconf 65' lang='lat' dir='ltr'><strong>praecedit.</strong></span> <span class='ocrx_word' id='word_1_888' title='bbox 3333 5483 3387 5537; x_wconf 90' lang='lat' dir='ltr'><strong>Si</strong></span> <span class='ocrx_word' id='word_1_889' title='bbox 3419 5491 3602 5536; x_wconf 90' lang='lat' dir='ltr'><strong>autem</strong></span> <span class='ocrx_word' id='word_1_890' title='bbox 3632 5491 3793 5536; x_wconf 81' lang='lat' dir='ltr'><strong>exuto</strong></span> 
     </span>
    </p>
   </div>
   <div class='ocr_carea' id='block_1_117' title="bbox 2207 5587 3789 5657">
    <p class='ocr_par' dir='ltr' id='par_1_117' title="bbox 2207 5587 3789 5657">
     <span class='ocr_line' id='line_1_117' title="bbox 2207 5587 3789 5657; baseline -0.001 -18"><span class='ocrx_word' id='word_1_891' title='bbox 2207 5587 2456 5652; x_wconf 64' lang='lat' dir='ltr'><strong>pontifice</strong></span> <span class='ocrx_word' id='word_1_892' title='bbox 2486 5589 2650 5644; x_wconf 91' lang='lat' dir='ltr'><strong>sacris</strong></span> <span class='ocrx_word' id='word_1_893' title='bbox 2681 5589 2915 5643; x_wconf 86' lang='lat' dir='ltr'><strong>vestibus</strong></span> <span class='ocrx_word' id='word_1_894' title='bbox 2939 5587 3258 5657; x_wconf 91' lang='lat' dir='ltr'><strong>imponenda</strong></span> <span class='ocrx_word' id='word_1_895' title='bbox 3292 5597 3372 5642; x_wconf 89' lang='lat' dir='ltr'><strong>est</strong></span> <span class='ocrx_word' id='word_1_896' title='bbox 3413 5589 3462 5641; x_wconf 92' lang='lat' dir='ltr'><strong>ei</strong></span> <span class='ocrx_word' id='word_1_897' title='bbox 3495 5588 3680 5648; x_wconf 86' lang='lat' dir='ltr'><strong>mitra,</strong></span> <span class='ocrx_word' id='word_1_898' title='bbox 3709 5587 3789 5638; x_wconf 85' lang='lat' dir='ltr'><strong>di-</strong></span> 
     </span>
    </p>
   </div>
   <div class='ocr_carea' id='block_1_118' title="bbox 2202 5685 3793 5786">
    <p class='ocr_par' dir='ltr' id='par_1_118' title="bbox 2202 5685 3793 5786">
     <span class='ocr_line' id='line_1_118' title="bbox 2202 5685 3793 5786; baseline -0.001 -46"><span class='ocrx_word' id='word_1_899' title='bbox 2202 5694 2322 5741; x_wconf 85' lang='lat' dir='ltr'><strong>ctus</strong></span> <span class='ocrx_word' id='word_1_900' title='bbox 2365 5685 2652 5743; x_wconf 83' lang='lat' dir='ltr'><strong>cardinalis</strong></span> <span class='ocrx_word' id='word_1_901' title='bbox 2701 5688 2862 5786; x_wconf 50' lang='lat' dir='ltr'><strong>adsit,</strong></span> <span class='ocrx_word' id='word_1_902' title='bbox 2896 5699 2947 5742; x_wconf 89' lang='lat' dir='ltr'><strong>et</strong></span> <span class='ocrx_word' id='word_1_903' title='bbox 3003 5687 3175 5742; x_wconf 92' lang='lat' dir='ltr'><strong>nullus</strong></span> <span class='ocrx_word' id='word_1_904' title='bbox 3205 5688 3468 5743; x_wconf 87' lang='lat' dir='ltr'><strong>diaconus</strong></span> <span class='ocrx_word' id='word_1_905' title='bbox 3498 5687 3793 5742; x_wconf 78' lang='lat' dir='ltr'><strong>cardinalis</strong></span> 
     </span>
    </p>
   </div>
  </div>
