4006 6306
218 316 366 370 1135

1388 312 1647 369 ROMANI
1688 310 2001 367 nummus.
2045 343 2112 353 —
2153 314 2291 369 xw.
3340 331 3475 384 “5,

217 425 519 487 advenerit.
550 438 694 492 saepe
737 426 910 481 dictus
962 426 1248 481 cardinalis
1306 427 1515 481 mitram
1571 425 1795 495 imponit
1827 430 1869 486 Α
1899 438 2017 478 cttm
2069 426 2222 482 thure
2262 435 2315 480 et
2362 429 2659 493 cochleari;
2705 440 2759 485 et
2798 432 2978 497 libros,
3010 435 3258 490 videlicet
3291 441 3473 495 MlsSn-

218 520 321 585 ipsi
379 516 637 584 pontiﬁci.
673 517 844 571 Finita
894 534 1020 573 vero
1063 520 1198 573 llora
1231 521 1517 587 praedicta,
1549 519 1797 573 cardina-

221 610 286 663 lis
319 610 430 677 ipse
452 606 705 662 recedere
732 618 929 676 potest,
961 622 1178 679 peracto
1206 612 1452 666 videlicet
1500 611 1800 667 ministerio

215 717 340 755 SUO.

216 792 385 860 288
412 786 659 871 ΔΧςΝΙΙΙ.
715 786 791 841 De
823 789 921 871 Ibis
961 806 1076 871 qua:
1122 791 1604 871 obsen'audausuut
1658 794 1800 846 circa

292 859 608 927 iuysterium,
641 860 865 929 quando
905 859 1171 929 episcopus
1208 863 1489 915 cardinalis
1524 863 1799 915 Missurum

291 929 536 984 solemnia
573 927 826 988 celebrat;
853 938 898 980 et
943 927 1081 990 quos
1105 932 1367 983 ministros
1391 932 1535 983 debet
1578 931 1796 993 habere;

290 998 425 1053 etde
450 997 753 1050 aestimatis
798 1013 886 1051 seu
934 1000 1239 1051 ornamentis
1264 1001 1519 1067 pontiﬁcis
1565 1010 1611 1052 et
1656 1000 1796 1066 ipso-

290 1084 427 1121 rum.

288 1163 514 1231 Quando
543 1164 827 1234 episcopus
871 1163 1156 1218 cardinalis
1206 1162 1482 1217 Missarum
1539 1168 1794 1219 solemnia

215 1258 588 1311 celebraturus
618 1264 701 1310 est
730 1256 781 1309 in
812 1255 1036 1309 ecclesia
1066 1255 1263 1324 aliqua,
1288 1255 1467 1309 clerici
1506 1260 1651 1324 ejus,
1680 1258 1796 1326 qui-

215 1354 319 1402 bus
345 1347 566 1416 capella:
597 1361 722 1401 cura
751 1348 1122 1411 committitur,
1159 1348 1459 1415 prarcederc
1489 1348 1686 1401 debent
1726 1348 1792 1402 ad

212 1437 461 1492 eamdem
498 1437 778 1491 ecclesiam
801 1451 919 1489 cum
949 1436 1061 1505 ipsa
1089 1437 1313 1504 capella,
1342 1446 1396 1489 et
1417 1436 1645 1491 sollicite
1672 1453 1795 1504 pro-

214 1529 399 1585 videre
426 1528 567 1598 quod
610 1529 786 1582 omnia
817 1528 1058 1582 deferant
1092 1543 1209 1594 qua:
1243 1528 1537 1581 necessaria
1582 1538 1707 1581 sunt
1730 1527 1796 1582 ad

212 1619 569 1673 ministerium
615 1627 719 1671 tam
772 1632 865 1686 pro
920 1632 1143 1685 persona
1197 1618 1463 1685 pontiﬁcis
1499 1633 1654 1687 quam
1699 1634 1795 1687 peo

211 1712 475 1766 ministris
503 1710 642 1779 ejus,
675 1719 729 1765 et
775 1726 869 1779 pro
897 1724 1053 1764 sacro
1091 1710 1264 1763 altari.
1315 1709 1540 1765 Ministri
1592 1722 1790 1774 autem,

1905 517 2029 581 lem,
2064 518 2251 572 librum
2288 520 2713 601 Evangelioruui,
2756 532 2811 577 et
2842 525 3031 577 librum
3084 526 3473 595 Epistolarum;

1906 607 2145 661 tobaleas
2174 610 2357 675 etiam,
2382 627 2603 677 quarum
2656 628 2812 665 unam
2855 624 2997 669 tenet
3023 631 3104 681 ca;
3126 618 3363 682 ellanus,
3392 623 3474 674 vel

1899 696 2090 767 aliquis
2145 701 2280 753 alius
2333 701 2399 754 de
2461 704 2719 755 niin’swis
2769 705 3136 773 porrigendam
3191 710 3425 774 pontifici
3459 752 3476 776 ,

1899 803 2019 842 cum
2081 804 2214 858 opus
2258 791 2455 854 fuerit,
2512 793 2576 845 ad
2639 794 2949 861 tergendum
2998 810 3098 859 os,
3158 800 3237 852 vel
3296 816 3472 856 nares.

1901 878 2166 933 Tobaleas
2227 869 2419 934 habeat
2473 882 2517 935 is
2573 882 2661 949 qui
2719 883 2915 936 serviat
2963 886 3216 952 mitram,
3285 890 3349 943 ad
3401 902 3478 944 te-

1901 968 2131 1020 nendam
2199 970 2363 1035 ipsam
2433 972 2683 1034 mitram;
2743 972 2897 1024 aliam
2969 974 3127 1028 etiam
3183 978 3246 1030 ad
3290 988 3479 1033 exten-

1898 1054 2131 1108 dendum
2178 1072 2341 1124 super
2395 1062 2653 1124 gremium
2706 1062 2988 1127 pontiﬁcis,
3045 1064 3257 1133 quando
3299 1071 3469 1125 sedet.

1898 1146 2253 1199 Nbilominus
2303 1149 2528 1202 habeant
2562 1162 2768 1218 paratas
2816 1165 2869 1207 et
2918 1157 3049 1209 alias
3094 1159 3325 1214 tobaleas
3378 1164 3476 1217 ali—

1898 1250 2051 1303 quas.
2083 1247 2135 1289 et
2186 1238 2233 1289 al
2261 1254 2412 1302 quem
2455 1240 2617 1292 alium
2670 1257 2922 1311 pannum,
2954 1260 3046 1300 seu
3094 1263 3295 1313 pannos
3337 1256 3474 1305 seri-

1899 1339 2012 1384 cos,
2038 1326 2230 1393 quibus
2262 1328 2334 1378 uti
2362 1331 2652 1394 possintad
2680 1332 2781 1383 alia
2808 1338 3057 1399 mysteria
3082 1332 3198 1398 qua:
3224 1342 3471 1405 praedicta

1895 1425 2040 1480 sunt,
2073 1416 2117 1469 si
2158 1431 2376 1470 necesse
2410 1416 2586 1479 fuerit,
2619 1427 2673 1470 ut
2702 1430 2822 1485 pote
2853 1420 2917 1473 ad
2966 1424 3260 1477 ornandum
3289 1430 3474 1481 ambo-

1898 1522 2041 1569 nem,
2072 1508 2152 1561 vel
2187 1508 2533 1574 posteriorem
2588 1517 2789 1574 partem
2819 1510 3021 1577 altaris,
3064 1514 3108 1565 si
3149 1513 3265 1583 ejus
3292 1516 3475 1584 dispo-

1897 1599 2021 1651 sitio
2054 1598 2103 1651 id
2130 1598 2382 1665 requirat,
2416 1598 2498 1651 Vt’l
2522 1598 2751 1666 aliquem
2792 1600 2952 1653 alium
2998 1613 3264 1656 ornatum.
3316 1607 3473 1661 hele-

1900 1695 2020 1741 rant
2069 1703 2279 1756 quoque
2325 1689 2512 1740 testivo
2560 1696 2799 1754 tempore
2821 1688 3027 1742 ﬂabella
3056 1690 3122 1743 ad
3148 1692 3469 1761 abigendum

209 1815 350 1870 quos
381 1778 619 1869 ροηιπεχ
650 1800 795 1854 omni
839 1808 1080 1869 tempore
1110 1799 1303 1855 habere
1322 1800 1500 1862 debet.
1534 1811 1654 1854 sum
1688 1802 1737 1854 hi
1771 1817 1785 1853 ε
1824 1805 1871 1864 Β
1899 1794 2107 1835 muscas
2138 1794 2167 1831 a
2196 1778 2529 1844 ministerio;
2585 1780 2800 1846 insuper
2830 1779 3074 1833 deferant
3105 1788 3296 1847 tapetia
3324 1784 3473 1850 plura

209 1892 546 1961 capellauus,
567 1893 822 1945 diaconus
858 1900 912 1945 et
936 1890 1312 1958 subdiaconus,
1344 1900 1398 1946 et
1423 1902 1647 1960 quatuor
1667 1906 1797 1945 aeuo

211 1981 347 2052 lythi
376 1982 445 2036 ad
487 1982 679 2047 minus,
711 1981 956 2035 videlicet
1007 1995 1142 2035 unus
1184 1981 1275 2050 qui
1318 1981 1527 2036 mitram
1578 1997 1797 2038 servare

208 2071 393 2136 debet,
418 2083 553 2124 unus
581 2071 669 2139 qui
700 2070 770 2124 sit
800 2068 1191 2133 thurilerarius,
1214 2078 1269 2125 et
1310 2070 1419 2124 duo
1444 2072 1535 2140 qui
1564 2072 1671 2126 sint
1696 2085 1798 2126 ce-

211 2164 483 2220 rol'erarii.
527 2164 659 2218 Cum
691 2178 825 2232 opus
851 2172 953 2228 est,
985 2170 1233 2231 poterunt
1261 2161 1603 2217 nihilominus
1632 2162 1792 2232 aliqui

211 2254 304 2309 alii
343 2255 410 2309 de
436 2254 644 2310 clericis
672 2252 992 2308 celebrantis
1011 2252 1179 2307 induti
1210 2252 1599 2322 superpelliciis
1612 2251 1792 2307 eidem

211 2345 467 2401 assistere
501 2359 623 2399 eum
675 2343 940 2413 prardictis
987 2342 1264 2397 ministris.
1312 2343 1632 2397 Vestimenta
1665 2356 1793 2396 vero

212 2450 315 2489 seu
344 2443 658 2489 ornamenta
692 2449 787 2503 pro
811 2447 1034 2501 persona
1066 2431 1335 2502 pontiﬁcis
1364 2431 1650 2486 deferenda
1680 2431 1795 2486 haec

214 2534 344 2579 sunt
389 2542 403 2577 :
438 2524 647 2593 caliga,
696 2523 932 2578 sandalia
960 2561 976 2588 ,
1029 2522 1285 2586 amictus,
1336 2520 1453 2574 alba
1478 2560 1492 2583 ,
1523 2521 1791 2589 cingulum

210 2631 337 2671 cum
390 2615 782 2682 subcinctorio,
824 2614 964 2683 quod
1013 2612 1175 2668 habet
1217 2611 1627 2667 similitudinem
1671 2626 1789 2664 ma-

210 2707 421 2773 nipuli,
470 2714 524 2760 et
565 2704 869 2774 dependere
918 2704 1079 2758 debet
1126 2716 1156 2756 a
1199 2701 1413 2772 cingulo
1473 2702 1524 2755 in
1575 2701 1791 2754 sinistra

215 2808 402 2865 parte;
432 2811 560 2850 crux
609 2793 917 2863 pectoralis,
968 2793 1125 2857 stola,
1158 2792 1427 2853 tunicella,
1479 2790 1786 2853 dalmatica,

210 2888 562 2955 cbirotbecm,
620 2887 831 2956 planeta
860 2901 956 2953 seu
999 2884 1201 2950 casula,
1231 2893 1285 2938 et
1326 2882 1647 2951 manipulus,
1681 2881 1792 2949 pal-

213 2981 346 3033 lium
360 2994 479 3033 cum
505 2978 672 3032 tribus
694 2978 922 3045 spiuulis
947 2977 1141 3041 aureis,
1157 2976 1201 3029 si
1228 2974 1464 3044 pontifex
1493 2972 1652 3040 pallio
1683 2973 1789 3026 uti-

212 3080 332 3133 tur;
366 3069 518 3123 mitra
560 3077 613 3122 et
641 3069 867 3122 annulus
897 3066 1238 3137 pontiﬁcalis.
1271 3063 1527 3119 Cambuta
1571 3078 1667 3117 seu
1697 3063 1790 3115 ba-

210 3164 337 3216 culo
389 3160 638 3230 pastorali
690 3174 795 3214 non
851 3167 1068 3212 utuntur
1104 3156 1300 3212 summi
1358 3156 1656 3223 pontiﬁces,
1689 3149 1861 3213 uecC

209 3249 458 3319 episcopi
488 3248 793 3305 cardinales
821 3248 874 3302 in
898 3247 1134 3301 Romana
1165 3245 1330 3300 curia.
1384 3244 1519 3301 Sunt
1548 3256 1794 3297 necessa-

218 3341 301 3395 ria
347 3354 446 3407 pro
483 3352 708 3408 persona
763 3338 1027 3408 pontiﬁcis
1079 3345 1284 3405 pectem
1314 3343 1369 3388 et
1423 3331 1627 3386 tobalea
1681 3331 1800 3385 cir-.

216 3429 596 3497 cumpOnenda
621 3428 763 3482 collo
792 3425 911 3496 ejus
936 3425 1149 3496 quando
1188 3427 1499 3493 pectinatur,
1533 3420 1715 3490 pelves
1734 3426 1791 3474 et

213 3518 427 3574 mbalea
457 3518 522 3573 ad
563 3510 971 3587 abstergendum
1025 3530 1247 3578 manus,
1275 3511 1622 3568 faldistoriutn
1665 3525 1787 3565 cum

212 3608 455 3664 scabello
483 3619 539 3665 et
568 3608 799 3663 cussiuis
826 3606 1188 3675 suppoueudis
1226 3601 1545 3667 faldistorio,
1575 3609 1630 3655 et
1658 3616 1791 3670 pau-

214 3714 351 3753 num
383 3699 449 3753 ad
475 3697 786 3768 tergendum
811 3698 1005 3767 ipsum.

291 3788 611 3861 Capellanus
640 3798 813 3842 autem
842 3786 1125 3841 camiseam
1151 3785 1343 3839 lineam
1362 3796 1525 3850 super
1552 3794 1791 3835 commu-

216 3894 320 3935 nes
350 3890 545 3942 vestes,
578 3876 1006 3946 superpellicium
1052 3890 1144 3929 seu
1186 3882 1403 3936 cottam,
1436 3870 1685 3924 amictum
1740 3875 1796 3921 et

216 3970 453 4042 pluviale
491 3969 687 4023 habere
731 3969 911 4022 debet.
962 3964 1222 4019 Diacouus
1249 3962 1497 4017 amictum
1522 3999 1538 4024 ,
1594 3958 1791 4022 albam,

211 4062 514 4132 cingulum,
537 4061 751 4125 stolam,
781 4057 1116 4112 dalmaticam
1133 4064 1187 4111 et
1202 4054 1547 4121 manipulum.
1576 4051 1797 4107 Subdia-

213 4169 390 4209 conus
440 4154 711 4216 amictum,
761 4151 957 4216 albam,
999 4148 1288 4217 cingulum,
1336 4146 1684 4206 tunicellam,
1742 4152 1796 4196 et

218 4243 574 4311 manipulum.
603 4240 845 4310 Acolythi
868 4254 1053 4293 omnes
1099 4238 1289 4291 debent
1320 4250 1439 4289 esse
1468 4233 1638 4287 induti
1682 4240 1793 4286 cot-

218 4338 292 4390 tis
315 4336 602 4391 secundum
632 4332 1068 4387 consuetudinem
1102 4340 1298 4384 sancta:
1329 4328 1579 4380 Romame
1612 4324 1795 4378 Eccle-

218 4428 347 4480 siae.
408 4426 470 4478 Et
535 4423 817 4477 notandum
857 4420 998 4490 quod
1042 4420 1295 4472 diaconus
1344 4427 1397 4470 et
1445 4417 1797 4469 subdiaconus

218 4516 416 4569 diebus
442 4514 633 4583 quibus
662 4522 739 4567 est
772 4526 899 4566 usus
928 4510 1143 4564 violacei
1163 4524 1254 4562 seu
1288 4509 1422 4575 nigri
1446 4505 1660 4567 coloris,
1693 4519 1795 4556 non
1829 4502 1873 4558 D

217 4607 538 4660 dalmaticas
568 4617 619 4660 et
678 4604 991 4669 tunicellas,
1022 4602 1114 4656 sed
1162 4602 1402 4670 planetas
1440 4597 1795 4653 sacerdotales

222 4696 428 4752 habere
457 4696 668 4751 debent.

301 4787 625 4843 Provideant
670 4788 826 4840 etiam
870 4782 1103 4852 praedicti
1133 4781 1312 4836 clerici
1361 4778 1499 4846 quod
1554 4777 1797 4833 deferant

224 4893 352 4935 cum
376 4877 579 4947 capella
600 4877 961 4955 289.altare
991 4871 1266 4942 portatile,
1297 4871 1396 4923 nisi
1449 4868 1620 4922 sciant
1652 4867 1791 4935 quod

223 4971 400 5024 altare
441 4969 493 5023 in
539 4983 648 5037 quo
672 4963 1046 5021 celebrandum
1076 4974 1153 5016 est
1197 4964 1265 5014 sit
1304 4968 1699 5020 consecratum;
1745 4966 1799 5011 ct

224 5072 461 5128 pannum
485 5060 735 5121 sericum,
765 5056 853 5124 qui
886 5054 1084 5109 dicitur
1104 5052 1336 5116 dorsale,
1377 5059 1433 5104 et
1462 5048 1796 5117 auriﬁ-igium

220 5150 296 5204 ad
324 5148 691 5202 adornandum
738 5146 925 5200 faciem
973 5144 1187 5207 altaris,
1236 5156 1446 5196 crucem
1498 5139 1795 5209 ponendam

218 5256 392 5311 super
422 5240 591 5307 ipsum
620 5239 806 5301 alt-are,
842 5236 1057 5306 pallam,
1097 5233 1395 5302 corporale,
1435 5232 1676 5291 calicem,
1710 5244 1802 5296 pa-

224 5344 435 5397 leuam,
466 5330 768 5399 tuappulam
809 5330 872 5382 ad
906 5325 1214 5395 tergendqu
1258 5324 1495 5385 calicem,
1537 5320 1798 5388 ampullas

224 5440 331 5494 pro
359 5424 481 5476 vino
502 5432 554 5475 et
575 5438 709 5491 aqna
736 5421 801 5475 ad
834 5419 1174 5483 sacriﬁcium,
1206 5416 1476 5469 vasculum
1504 5412 1645 5482 quod
1676 5426 1805 5464 con-

225 5524 363 5567 t3net
386 5511 618 5575 Hostias,
656 5509 899 5565 barillum
932 5524 1026 5563 seu
1056 5521 1150 5561 vas
1188 5504 1329 5558 unde
1356 5504 1597 5557 deferant
1623 5500 1802 5554 vinum

225 5617 329 5671 pro
351 5602 636 5662 sacriﬁcio,
666 5610 721 5654 et
768 5599 907 5654 aliud
961 5613 1053 5651 vas
1098 5611 1194 5665 pro
1234 5610 1369 5665 aqua
1419 5591 1720 5647 necessaria
1751 5591 1803 5645 in

224 5694 550 5749 ministerio.
586 5691 833 5747 Del'erant
859 5692 1020 5744 etiam
1060 5686 1385 5743 tburibulum
1424 5694 1476 5740 et
1506 5682 1800 5738 naviculam

1896 1871 2185 1923 sternenda
2235 1870 2334 1922 sub
2387 1866 2722 1931 faldistorio,
2751 1879 2803 1922 et
2855 1879 2977 1923 ante
3005 1870 3168 1923 altare
3212 1882 3266 1926 et
3313 1887 3473 1942 super

1896 1959 2105 2025 sedilia,
2141 1960 2194 2013 in
2218 1958 2407 2027 quibus
2444 1958 2672 2012 debeant
2709 1957 2899 2011 sedere
2930 1960 3179 2013 ministri.
3210 1959 3471 2015 Pus-terea

1897 2052 2223 2124 prmvideant
2246 2049 2537 2119 supradicti
2557 2049 2737 2103 clerici
2764 2050 3003 2117 capellae,
3016 2065 3134 2119 qua:
3152 2054 3472 2109 vestimenta

1897 2144 2135 2214 pontiﬁci
2162 2153 2218 2198 et
2245 2141 2507 2196 ministris
2535 2141 2876 2205 conveniant,
2908 2149 2962 2194 et
2988 2141 3094 2194 siut
3121 2141 3318 2196 coloris
3339 2153 3471 2197 tem-

1896 2236 2011 2305 puri
2040 2235 2406 2302 congruentis.

1932 2323 2115 2379 XLIX.
2147 2324 2221 2378 De
2261 2324 2548 2378 diversitate
2591 2326 2816 2378 colorum
2852 2323 3033 2392 quibus
3066 2322 3296 2375 Romana
3336 2320 3435 2374 Ec.

2002 2394 2156 2516 clesia
2194 2395 2247 2447 in
2286 2400 2442 2449 sacris
2479 2396 2692 2448 vestibus
2741 2394 2952 2446 diversis
2999 2392 3306 2461 temporibus
3358 2392 3433 2444 uti

1998 2479 2055 2517 so
2078 2480 2104 2515 ε
2133 2501 2146 2514 .

1964 2554 2119 2608 Circa
2150 2553 2290 2622 quod
2312 2552 2585 2607 sciendum
2607 2560 2691 2605 est
2717 2550 2856 2620 quod
2882 2558 3065 2603 sancta
3107 2550 3341 2603 Romana
3368 2551 3467 2605 Ec-

1892 2643 2054 2698 clesia
2103 2644 2338 2712 quinque
2380 2644 2651 2697 coloribus
2699 2642 2864 2695 utitur
2916 2640 2965 2693 in
3010 2640 3179 2693 sacris
3212 2639 3467 2703 vestibus,

1824 2789 1830 2795 ,
1892 2734 2139 2788 videlicet
2188 2734 2349 2801 albo,
2405 2733 2603 2795 rubeo,
2654 2731 2833 2794 viridi,
2874 2730 3150 2794 violaceo,
3200 2738 3255 2783 et
3298 2733 3467 2799 nigro.

1892 2828 2114 2891 Quidam
2147 2836 2321 2879 autem
2373 2826 2506 2879 duos
2552 2826 2647 2877 bos
2679 2823 2892 2877 ultimos
2926 2836 3021 2889 pro
3051 2836 3158 2874 uno
3200 2830 3461 2885 reputant.

1890 2915 2082 2968 Colore
2127 2914 2249 2967 albo
2291 2917 2453 2967 utitur
2491 2929 2520 2966 a
2568 2912 2812 2979 Vesperis
2862 2912 2913 2964 in
2953 2912 3126 2978 vigilia
3166 2909 3467 2964 Nativitatis

1896 3005 2105 3059 Domini
2164 3018 2329 3071 usque
2372 3002 2439 3055 ad
2494 3002 2745 3055 Octavam
2806 3000 3112 3068 Epiphania:
3172 2998 3467 3063 inclusive,

1891 3094 2132 3161 exceptis
2198 3094 2348 3146 l'estis
2405 3102 2737 3161 martyrum,
2805 3092 3016 3158 quando
3089 3089 3468 3144 interveniunt.

1895 3184 2020 3237 Item
2066 3181 2195 3236 feria
2236 3182 2427 3250 quinta
2481 3180 2535 3234 in
2587 3180 2752 3233 Cinna
2808 3179 3038 3233 Domini.
3086 3177 3215 3232 Item
3261 3194 3289 3231 a
3338 3179 3470 3234 Sal»

1893 3273 2019 3328 bato
2064 3281 2250 3327 sancto
2307 3271 2361 3325 in
2409 3270 2591 3325 ofﬁcio
2638 3269 2812 3324 Missa:
2862 3283 3029 3338 usque
3083 3269 3148 3321 ad
3218 3270 3469 3325 Octavam

1893 3365 2240 3421 Ascensionis
2294 3361 2506 3417 Domini
2556 3360 2845 3426 inclusive,
2901 3358 3325 3428 quandocunque
3386 3360 3470 3415 oio

1892 3456 2069 3511 ﬁcium
2120 3456 2187 3508 de
2236 3462 2476 3523 tempore
2536 3452 2748 3520 agitur,
2808 3458 3002 3519 praeter
3053 3448 3168 3503 dies
3225 3448 3469 3519 Rogatio.

1892 3561 2056 3609 num,
2109 3553 2165 3599 et
2193 3554 2390 3613 praeter
2428 3541 2641 3594 Missam
2685 3554 2802 3607 quae
2830 3538 2898 3591 di.
2922 3539 3028 3591 itur
3064 3537 3116 3590 in
3167 3538 3253 3591 die
3300 3540 3470 3595 sancti

1893 3636 2054 3691 Marci
2110 3638 2177 3688 de
2226 3634 2403 3687 ollicio
2473 3631 2689 3685 litanizv.
2750 3628 2879 3682 Item
2940 3628 2990 3681 in
3019 3629 3267 3682 omnibus
3326 3629 3471 3682 festis

1892 3737 2090 3782 sancta:
2132 3727 2221 3779 Dei
2271 3724 2544 3795 genitricis
2598 3721 2795 3775 Marim.
2850 3722 3009 3791 290
3060 3721 3112 3772 In
3166 3722 3472 3789 recepiiune

1895 3828 2071 3872 tamen
2102 3815 2443 3869 candelarum
2478 3814 2529 3866 in
2576 3814 2710 3865 resto
2744 3810 3128 3864 Punticationis
3159 3810 3327 3865 beatae
3368 3810 3474 3863 Ma-

1893 3910 1989 3964 ria:
2039 3908 2257 3977 virginis
2312 3906 2475 3960 utitur
2534 3904 2716 3957 colore
2776 3903 3053 3965 vio'aceo,
3109 3910 3163 3954 et
3206 3912 3385 3970 postea
3422 3904 3471 3952 in

1895 3999 2049 4052 Missa
2087 3997 2230 4048 albo.
2263 3995 2316 4047 In
2362 3993 2501 4046 festo
2547 3992 2782 4043 omnium
2813 3991 3127 4043 Sanctorum
3152 4028 3170 4052 ,
3219 3991 3273 4043 in
3324 3991 3472 4045 festis

1896 4085 2240 4155 Angelorum,
2275 4082 2327 4135 in
2351 4081 2486 4135 festo
2518 4077 2815 4133 Nativitatis
2837 4079 3006 4131 saneti
3038 4079 3261 4132 Joannis
3294 4078 3471 4145 Bapti-

1899 4187 2019 4241 stae,
2064 4176 2113 4228 in
2165 4171 2444 4241 principali
2477 4169 2611 4223 festo
2639 4169 2808 4238 sancti
2851 4167 3072 4221 Joannis
3110 4166 3472 4235 evangelistm,

1898 4268 1949 4321 in
1980 4264 2343 4320 Conversione
2372 4260 2541 4314 sancti
2575 4258 2744 4323 Pauli,
2776 4258 2828 4311 in
2858 4256 3122 4310 Cathedra
3166 4257 3333 4310 sancti
3365 4258 3470 4311 Ρυ-

1899 4365 1987 4424 tri,
2008 4363 2059 4415 in
2094 4360 2240 4414 festis
2264 4355 2499 4409 omnium
2522 4353 2888 4406 confessutum
2918 4359 2970 4404 et
3010 4351 3242 4403 omnium
3268 4362 3470 4403 sancta-

1900 4469 2016 4506 rum
2072 4467 2188 4520 (μιςὲ
2247 4457 2510 4516 martyres
2572 4458 2678 4497 non
2739 4451 2882 4494 sunt.
2936 4440 2988 4491 In
3044 4439 3472 4493 Drdicatiouibus

1903 4544 2268 4606 ecclesiarum,
2302 4549 2355 4593 et
2396 4553 2489 4606 per
2518 4536 2744 4590 Octavas
2794 4531 3167 4599 praedictorum
3218 4530 3469 4583 festorum

1902 4649 2018 4702 qua:
2042 4634 2271 4687 Octavas
2297 4626 2515 4689 habent,
2540 4621 2752 4692 quando
2782 4621 2848 4675 de
2870 4620 2999 4688 ipsis
3029 4619 3244 4673 Octavis
3278 4620 3470 4689 agitur.

2376 4736 2434 4788 L.
2482 4734 2557 4788 De
2597 4731 2765 4785 colore
2812 4728 2986 4781 rubea.

1975 4859 2157 4913 [iubeo
2194 4856 2375 4911 colore
2403 4853 2570 4907 utitur
2597 4866 2626 4904 a
2650 4848 2825 4918 vigilia
2856 4845 3204 4901 Pentecostcs
3230 4840 3282 4892 in
3318 4837 3474 4891 Missa

1902 4951 2157 5021 usquead
2216 4948 2506 5004 Sabbatum
2570 4943 2689 5011 post
2728 4940 2921 4994 festum
2972 4938 3144 5005 ipsum
3197 4929 3474 5021 inclusive.

1905 5018 2030 5095 Item
2076 5041 2126 5093 iu
2160 5038 2304 5092 festis
2352 5043 2549 5089 sanitas
2586 5031 2793 5095 Crucis,
2844 5026 2895 5081 in
2926 5026 3062 5080 festo
3104 5018 3476 5076 Decollationis

1904 5134 2072 5189 sancti
2119 5130 2339 5187 Joannis
2370 5127 2639 5197 Baptistae,
2671 5122 2723 5177 in
2776 5121 2916 5176 festo
2940 5117 3175 5172 omnium
3215 5110 3476 5180 apostolu-

1902 5241 2039 5288 rum,
2069 5234 2121 5278 et
2169 5220 2616 5288 evangelistarum
2643 5256 2657 5279 ,
2708 5219 2905 5281 praeter
2948 5204 3239 5277 principale
3288 5202 3476 5253 festum

1905 5315 2072 5369 sancti
2105 5312 2324 5367 Joannis
2351 5306 2713 5375 evangelistzc,
2745 5310 2799 5355 et
2832 5307 3028 5365 praeter
3078 5290 3209 5349 festa
3243 5292 3477 5346 Comen

1908 5407 2076 5460 siouis
2103 5402 2271 5455 sancti
2305 5397 2483 5461 Pauli,
2523 5405 2578 5449 et
2615 5390 2899 5448 Calhcdrae
2951 5386 3119 5440 sancti
3154 5382 3317 5435 Petri.
3353 5380 3478 5434 item

1906 5495 1961 5549 in
2019 5495 2168 5549 festis
2205 5488 2441 5546 omnium
2492 5494 2797 5539 sanctorum
2836 5488 2890 5533 et
2927 5484 3229 5529 sanctarum
3285 5478 3478 5534 marty-

1907 5600 2050 5652 rum,
2082 5592 2272 5653 przeter
2293 5577 2489 5634 festum
2513 5582 2821 5630 sanctorum
2857 5566 3246 5626 Innocentium,
3270 5558 3477 5628 quando

1908 5651 2055 5734 extra
2085 5651 2411 5730 Dominicam
2439 5667 2614 5731 venit;
2646 5662 2740 5721 sed
2786 5660 2830 5717 si
2878 5662 2929 5717 in
2964 5658 3237 5715 Dominica
3267 5651 3437 5708 veniat
3462 5688 3477 5714 ,
