4006 6292
577 307 720 363 H55

1248 300 1587 355 APPENDIX
1630 304 1718 354 AD
1756 305 1812 354 S.
1857 304 2182 354 GREGURII
2224 301 2433 356 MAGNI
2479 303 2839 361 LITURGICA
2878 307 3128 365 OPERA.

3710 323 3843 379 “36

575 428 741 481 utitur
768 424 949 485 ruben,
978 430 1031 474 et
1061 421 1112 472 in
1141 427 1321 471 octava
1351 418 1542 482 ruben,
1584 431 1898 486 quacunque
1943 417 2031 469 die
2062 431 2151 471 ve—
2180 423 2223 476 Α
2258 420 2565 488 priusquam
2614 424 2849 491 pontifex
2884 429 3123 494 accedat,
3164 438 3234 484 stt
3267 432 3524 490 decenter
3564 447 3843 501 ornatum,

576 520 718 581 niat;
746 517 790 569 si
830 523 1005 566 autem
1034 520 1183 565 extra
1220 510 1547 587 Dominicam
1588 510 1786 574 veniat,
1816 518 1939 561 tunc
1982 509 2147 563 utitur

576 608 814 662 violaceo
842 604 1048 663 colore,
1093 600 1187 653 sed
1220 600 1270 651 in
1317 607 1501 651 octava
1542 597 1709 653 rubeo
1747 598 2001 653 utendum
2027 608 2143 662 est;

577 713 670 763 per
697 702 914 747 octavas
938 689 1312 756 praedictorum
1342 690 1593 742 festorum
1624 704 1741 756 qua:
1776 690 2005 744 Octavas
2038 690 2139 743 ba-

574 785 721 847 bent,
744 779 954 848 quando
979 776 1045 830 de
1073 776 1202 844 ipsis
1230 775 1446 829 Octavis
1469 778 1658 861 agitur.

995 867 1077 921 LI.
1120 866 1196 919 De
1238 869 1403 919 colore
1441 868 1611 919 viridi.

641 966 830 1019 Colore
860 964 1011 1017 viridi
1054 961 1218 1016 utitur
1266 964 1406 1015 inter
1444 960 1703 1015 Octavam
1747 962 2056 1031 Epiphania:
2090 972 2147 1016 et

576 1048 1056 1125 Septuagesimam,
1087 1062 1141 1109 et
1169 1054 1308 1109 inter
1348 1054 1535 1109 festum
1577 1054 1919 1108 Pentecostes
1955 1064 2008 1108 et
2043 1055 2148 1109 Ad-

572 1157 788 1200 ventum
806 1186 822 1212 ,
852 1144 1067 1215 quando
1095 1144 1414 1198 dominicale
1451 1144 1689 1198 officium
1717 1144 1907 1213 agitur.

1009 1234 1115 1287 LII.
1148 1233 1223 1286 De
1254 1234 1421 1287 colore
1467 1235 1709 1287 violaceo.

636 1324 830 1378 Colore
860 1324 1101 1378 violaceo
1124 1326 1288 1379 utitur
1315 1343 1342 1377 a
1369 1326 1539 1393 prima
1572 1326 1842 1379 Dominica
1875 1326 2149 1381 Adventus

566 1434 740 1488 usque
767 1422 832 1471 ad
864 1420 1078 1474 Missam
1120 1421 1172 1473 in
1214 1420 1398 1474 Natale
1436 1421 1643 1474 Domini
1680 1420 1936 1475 inclusive
1959 1462 1975 1486 ,
2030 1428 2084 1474 ct
2116 1437 2145 1474 a

570 1511 972 1579 Septuagesima
1025 1527 1191 1581 usque
1235 1512 1301 1565 ad
1355 1512 1585 1565 officium
1653 1512 1824 1565 Missa:
1880 1512 1929 1565 in
1971 1512 2145 1580 vigilia

569 1603 785 1656 Pascha:
816 1603 1113 1665 exclusive,
1142 1603 1565 1672 quandi‘icnnque
1608 1604 1659 1655 in
1714 1604 1983 1670 prmdictis
2014 1613 2147 1656 tem-

574 1691 793 1759 poribus
845 1690 1198 1746 ofﬁcium-de
1244 1704 1482 1760 tempore
1530 1692 1743 1761 agitur,
1794 1693 2032 1758 exceptis
2074 1692 2146 1745 fe-

2254 507 2370 561 sive
2404 512 2611 575 pannis,
2657 528 2797 579 quos
2839 515 2937 583 ipsi
2982 517 3247 586 deferant,
3297 522 3409 577 sive
3448 525 3562 579 sint
3601 526 3844 593 ejusdem

2252 598 2516 653 ecclesiae.
2544 601 2749 657 Ponant
2773 604 2993 675 insuper
3013 622 3171 677 super
3194 613 3367 680 ipsum
3402 616 3576 671 altare
3603 634 3843 685 crucem,

2250 704 2369 757 qua:
2419 692 2487 744 sit
2528 702 2717 747 contra
2751 698 2934 750 faciem
2978 703 3267 768 pontiﬁcis,
3310 711 3526 773 quando
3575 714 3752 765 stabit
3798 716 3843 768 in

2252 779 2427 833 medio
2467 783 2671 840 altaris.
2720 787 2830 841 lloc
2863 805 2990 846 vero
3017 796 3157 862 quod
3187 796 3382 852 dicitur
3420 801 3489 856 de
3518 819 3849 859 ornamento

2251 867 2454 936 altaris,
2484 874 2643 944 292
2673 875 2874 930 differri
2910 890 3084 947 potest
3115 900 3281 953 usque
3321 900 3442 958 post
3482 892 3843 965 Evangelium

2255 960 2332 1011 vel
2360 972 2473 1029 post
2498 967 2953 1034 praedicationem,
2974 974 3188 1040 quando
3214 979 3409 1034 nimius
3431 993 3515 1035 est
3536 960 3844 1042 concursus

2253 1052 2452 1115 populi.
2502 1055 2581 1107 Ad
2630 1056 2801 1124 ipsum
2852 1061 3023 1117 altare
3062 1065 3262 1121 debent
3303 1071 3402 1138 ipsi
3446 1075 3635 1130 clerici
3668 1080 3842 1132 induti

2251 1143 2409 1196 collis
2434 1159 2585 1199 sacra
2614 1161 2929 1204 ornamenta
2961 1164 3211 1212 tractare.

2326 1234 2485 1298 Igitur
2513 1239 2745 1303 pontifex
2774 1242 2838 1294 ad
2862 1248 3143 1301 ecclesiam
3172 1252 3412 1315 veniens,
3444 1267 3735 1328 [urstquam
3767 1262 3843 1317 in-

2250 1324 2549 1390 clinaverit,
2596 1342 2649 1381 et
2680 1330 2915 1387 breviter
2943 1344 3175 1393 oraverit
3214 1352 3337 1396 ante
3376 1347 3572 1414 altare,
3606 1351 3841 1407 divertat

2250 1415 2314 1467 ad
2346 1415 2518 1468 locum
2548 1420 2635 1472 ubi
2664 1423 2867 1486 capella
2910 1437 3205 1494 praeparata
3231 1444 3335 1496 est,
3367 1444 3422 1487 et
3450 1440 3653 1491 stando
3697 1443 3841 1498 dicat

2250 1511 2370 1559 c‘aim
2396 1507 2609 1564 clericis
2637 1514 2749 1564 suis
2778 1513 3030 1581 Tertiam,
3065 1521 3143 1573 vel
3169 1522 3325 1577 aliam
3359 1524 3580 1591 Horam,
3614 1545 3737 1598 qua:
3757 1534 3838 1587 di-

2249 1596 2416 1650 cenda
2447 1608 2526 1652 est
2550 1609 2674 1654 ante
2695 1602 2906 1658 Missam
2940 1622 3036 1673 pro
3064 1618 3340 1678 tempore;
3370 1625 3424 1668 et
3448 1596 3667 1684 quando
3697 1623 3837 1677 dictst

2249 1685 2578 1754 Orationem,
2608 1692 2916 1759 capellanus
2946 1697 3083 1763 ejus,
3114 1701 3157 1751 si
3184 1716 3318 1767 opus
3360 1714 3466 1767 est,
3506 1718 3687 1762 teneat
3716 1724 3837 1768 ante

570 1783 647 1833 ria
689 1782 871 1850 quin”
902 1782 952 1834 in
993 1780 1154 1835 omna
1204 1782 1431 1845 numini,
1466 1792 1522 1834 et
1573 1781 1703 1834 feria
1752 1793 1899 1834 ερχιε,
1944 1784 1994 1834 in
2055 1783 2146 1834 pa-
2182 1781 2223 1838 Β
2252 1791 2312 1829 se
2358 1780 2525 1845 ipsum
2575 1780 2792 1848 librum,
2843 1783 2896 1838 in
2947 1803 3054 1855 quo
3097 1791 3281 1845 Oratio
3320 1807 3517 1863 scripta
3567 1810 3669 1853 est.
3704 1801 3836 1856 Cum

570 1886 810 1926 rasceve.
897 1872 964 1925 Et
1016 1881 1101 1926 est
1146 1872 1545 1939 inte‘ligendum
1610 1870 1749 1938 quod
1802 1873 1853 1924 in
1912 1872 2143 1925 Sabbato

575 1968 762 2013 sancto
816 1960 868 2012 in
924 1969 1032 2012 toto
1090 1958 1267 2011 officio
1315 1961 1454 2027 quod
1512 1959 1688 2027 agitur
1747 1969 1870 2013 ante
1932 1960 2141 2014 Missam

576 2048 829 2102 utendmn
876 2056 957 2101 est
1014 2046 1283 2111 violaceo;
1351 2051 1451 2100 lioc
1513 2059 1740 2117 excepto
1793 2051 1948 2119 291
2004 2051 2144 2117 quod

575 2138 833 2190 diaconus
880 2136 969 2205 qui
1016 2144 1197 2189 cantat
1242 2137 1673 2191 Benedictionem
1726 2142 1867 2192 cerei
1930 2140 2142 2193 indutus

571 2227 874 2291 dalmatica,
906 2228 1290 2294 subdiaconus,
1327 2230 1410 2283 vel
1442 2229 1779 2295 subdiaconi,
1827 2232 1913 2300 qui
1942 2232 2027 2284 illa
2056 2234 2144 2287 die

568 2316 870 2370 ministrant
897 2318 1086 2379 induti,
1119 2319 1380 2373 tunicellis
1404 2328 1624 2373 utuntur
1647 2321 1811 2385 albis;
1848 2323 1940 2375 sed
1974 2323 2143 2376 Bene-

564 2408 796 2462 dictione
838 2408 979 2463 cerei
1011 2418 1246 2476 cantata,
1279 2411 1536 2466 diaconus
1561 2450 1577 2478 ,
1627 2421 1800 2465 amota
1835 2414 2139 2477 dalmatica,

564 2500 788 2551 assumit
820 2500 1089 2567 planetam
1140 2502 1358 2555 vinlacei
1406 2501 1638 2568 coloris,
1680 2512 1734 2556 et
1790 2510 1969 2556 teneat
2022 2518 2139 2556 eam

567 2588 860 2655 usquedum
886 2588 1167 2643 inchoatur
1184 2590 1415 2645 officium
1440 2591 1646 2654 Misste;
1681 2593 1991 2647 subdiaconi
2015 2608 2141 2647 vero

566 2691 669 2729 non
712 2686 919 2731 mutant
948 2686 1144 2733 vestes.
1195 2680 1369 2735 Utitur
1394 2689 1569 2735 autem
1601 2682 1782 2735 colore
1820 2681 2059 2737 violaceo
2087 2682 2138 2735 in

567 2778 794 2833 quatuor
827 2770 1155 2838 temporibus
1183 2786 1417 2840 semper,
1443 2783 1499 2827 ttt
1530 2774 1581 2826 in
1608 2773 1799 2842 vigiliis
1834 2785 2138 2828 sanctorum

563 2858 613 2909 itt
641 2857 830 2926 quibus
856 2869 937 2912 est
972 2860 1266 2928 jejunium,
1298 2864 1512 2932 quando
1542 2864 1699 2918 Missa
1732 2874 1815 2919 est
1842 2864 1909 2919 de
1939 2865 2137 2931 vigilia,

562 2961 614 3002 et
641 2950 690 3002 in
718 2950 906 3004 diebus
939 2951 1313 3021 ligationum,
1347 2963 1401 3007 et
1446 2957 1496 3009 in
1527 2955 1682 3010 Missa
1714 2973 1833 3026 qua:
1863 2958 2058 3011 dicitur
2084 2958 2137 3011 in

561 3040 648 3091 die
687 3042 855 3092 sancti
890 3043 1045 3095 Marci
1075 3043 1141 3097 de
1171 3041 1350 3097 ollicio
1398 3045 1616 3099 litanize.
1648 3049 1772 3100 Item
1820 3048 1872 3101 in
1900 3048 1986 3102 die
2017 3047 2134 3104 festi

2246 1877 2423 1921 autem
2454 1871 2565 1936 ipse
2594 1870 2735 1927 dicet
2763 1875 3070 1940 praedictam
3100 1879 3321 1947 Horam,
3349 1886 3617 1943 diaconus
3643 1901 3699 1944 et
3719 1895 3834 1946 stib-

2244 1954 2503 2012 diaconus
2541 1959 2762 2016 induant
2790 1978 2848 2018 se
2874 1968 3123 2023 omnibus
3149 1975 3317 2027 sacris
3362 1980 3607 2034 vestibus
3642 1994 3836 2049 praeter

2247 2050 2565 2115 manipulos,
2600 2057 2835 2119 exceptis
2865 2057 3055 2112 diebus
3086 2061 3136 2114 in
3165 2064 3356 2132 quibus
3394 2069 3559 2123 iidem
3596 2075 3829 2129 ministri

2248 2135 2475 2201 planetis
2516 2142 2590 2192 uti
2636 2143 2840 2208 solent;
2886 2155 3015 2201 tunc
3059 2152 3201 2203 ettitn
3238 2154 3381 2220 ipSas
3428 2160 3678 2225 planetas
3732 2179 3831 2218 ttoit

2244 2228 2441 2284 debent
2485 2232 2707 2288 induere
2743 2251 2907 2305 usque
2939 2242 2990 2292 in
3024 2241 3151 2296 bora
3178 2261 3284 2312 qua
3329 2252 3568 2315 pontifex
3621 2272 3835 2322 proces-

2245 2335 2402 2373 surus
2429 2333 2510 2376 est
2533 2325 2599 2378 ad
2636 2327 2829 2383 altare.
2856 2331 3124 2399 Capellani
3152 2352 3278 2393 vero
3304 2352 3358 2394 et
3388 2349 3568 2399 cat-teri
3598 2354 3831 2405 ministri

2243 2412 2349 2464 sint
2389 2412 2558 2469 induti
2597 2418 2774 2483 cottis,
2810 2428 2866 2472 ut
2895 2427 3135 2478 serviant
3165 2427 3265 2495 ipsi
3297 2436 3544 2498 pontiﬁci
3588 2439 3718 2493 dum
3758 2444 3834 2495 in-

2245 2498 2444 2554 duitur.
2479 2501 2762 2572 Postquam
2797 2522 2925 2578 ergo
2955 2514 3190 2578 pontifex
3227 2519 3423 2574 dictam
3458 2524 3658 2579 Horam
3684 2544 3833 2581 σοιιιο

2247 2587 2491 2656 pleverit,
2534 2593 2767 2648 resideat
2793 2597 2844 2649 in
2876 2599 3191 2670 faldistorio,
3222 2618 3268 2660 et
3294 2609 3515 2679 incipiat
3542 2630 3607 2669 ac
3636 2633 3773 2685 pros
3802 2645 3834 2665 ι-

2243 2688 2437 2746 quatur
2493 2682 2729 2742 Psalmos
2771 2687 2939 2751 Quam
2987 2694 3246 2762 amabilia,
3292 2707 3425 2768 etc.,
3470 2682 3777 2761 tum~Orati
3804 2737 3831 2750 ο

2244 2770 2397 2821 uilius
2425 2785 2542 2839 qua:
2563 2773 2667 2828 dici
2685 2777 2864 2832 solent
2885 2779 3008 2835 dum
3045 2786 3275 2850 politifex
3301 2793 3592 2847 calcentur.
3618 2795 3834 2855 Interea

2242 2859 2366 2914 dmn
2401 2878 2536 2917 unus
2565 2865 2631 2918 de
2667 2866 3016 2927 familiaribus
3046 2876 3159 2943 ejus
3189 2882 3453 2937 accedens
3500 2888 3757 2943 detrahat
3787 2894 3832 2945 ei

2242 2953 2587 3011 calciamenta
2629 2964 2957 3030 communia,
2989 2979 3041 3019 et
3070 2971 3427 3027 subdiaconus
3456 2978 3717 3035 deferens
3746 3000 3833 3036 ca-

2244 3044 2371 3111 ligas
2412 3056 2467 3100 et
2509 3051 2748 3104 sandalia
2778 3056 3097 3122 getiullectat
3139 3076 3319 3115 coram
3363 3068 3502 3133 ip~o,
3550 3083 3606 3124 et
3640 3078 3836 3127 calciet

562 3136 869 3180 sanctorum
926 3129 1315 3196 Innocentium,
1349 3133 1561 3199 quando
1613 3147 1761 3188 extra
1808 3138 2133 3191 Dominicam
2167 3146 2211 3205 ε
2241 3148 2384 3199 eum,
2418 3138 2485 3189 ita
2516 3140 2655 3206 quod
2691 3142 2860 3207 primo
2888 3147 3078 3201 calciet
3106 3150 3352 3206 dextrum
3385 3159 3600 3224 prdem.
3632 3164 3834 3219 dt‘iude

560 3219 816 3271 occurrit.
850 3220 979 3274 Item
1007 3221 1057 3275 in
1091 3222 1224 3275 festo
1257 3223 1643 3280 Purilicationis
1676 3230 1843 3282 beaue
1873 3229 2050 3283 Mariae
2083 3230 2131 3283 in

561 3310 866 3376 rt-ceptione
888 3310 1228 3365 candelarum
1262 3315 1313 3365 in
1341 3314 1707 3370 Processione.

1038 3404 1165 3459 Llll.
1202 3404 1275 3457 De
1304 3407 1471 3459 colore
1501 3408 1661 3476 nigro.

631 3492 823 3546 Colore
870 3494 1022 3562 nigro
1054 3499 1215 3549 utitur
1257 3498 1382 3551 feria
1431 3508 1579 3552 sexta
1630 3502 1679 3553 in
1723 3500 2033 3565 Parasceve,
2081 3504 2130 3557 in

564 3582 734 3637 Missis
772 3584 1168 3645 defunctorum.
1203 3597 1255 3640 et
1286 3590 1336 3639 in
1372 3589 1825 3667 l'rocyssiooibus,
1868 3607 2001 3662 quas
2028 3593 2132 3645 Ro-

570 3684 754 3723 manus
780 3672 1012 3739 pontifex
1039 3676 1192 3726 nudis
1220 3676 1439 3743 pedibus
1468 3678 1612 3731 facit.
1642 3680 1923 3733 Sciendum
1956 3693 2129 3736 tamen

559 3770 640 3812 cst
686 3762 824 3829 quod
871 3762 1057 3817 diebus
1095 3766 1290 3833 quibus
1330 3777 1411 3820 est
1455 3783 1579 3823 usus
1613 3771 1749 3839 nigri
1799 3772 2015 3839 coloris,
2056 3776 2129 3827 uti

566 3851 802 3906 riolaceo
827 3867 931 3906 non
959 3865 1039 3908 est
1069 3856 1469 3911 inconveniens.

624 3939 763 3994 Cum
792 3957 921 4014 ergo
966 3946 1198 4012 prmdicti
1229 3948 1433 4015 clerici,
1466 3953 1686 4019 capella:
1712 3967 1891 4007 curam
1932 3954 2132 4009 babeno

553 4039 660 4095 tes,
695 4035 1031 4100 pervenerint
1054 4036 1119 4089 ad
1148 4040 1427 4093 ecclesiam
1452 4055 1569 4094 cum
1598 4042 1783 4097 eadem
1813 4044 2037 4112 capella,
2062 4044 2130 4098 de

553 4122 889 4174 convenienti
946 4125 1066 4179 loco
1124 4126 1174 4179 in
1227 4143 1331 4196 quo
1383 4131 1616 4196 pontifex
1674 4137 1843 4187 sacris
1898 4137 2129 4188 vestibus

558 4210 706 4264 indui
733 4212 925 4267 debeat
954 4218 1287 4284 provideant,
1314 4225 1381 4274 ita
1411 4223 1548 4292 quod
1582 4225 1625 4277 si
1672 4227 1721 4277 in
1765 4226 1875 4292 ipsa
1904 4228 2125 4282 ecclesia

551 4304 894 4357 secretarium
925 4308 994 4359 sit
1016 4308 1127 4362 sive
1152 4310 1391 4364 sacristia
1415 4316 1757 4379 conveniens,
1790 4318 1840 4370 in
1871 4333 1969 4386 qua
1998 4334 2126 4387 pon-

550 4396 675 4447 tit‘ex
698 4395 1063 4451 celebraturus
1086 4399 1229 4453 indui
1261 4403 1451 4467 soleat,
1484 4404 1677 4457 ibidem
1707 4406 1900 4461 faciant
1924 4410 2121 4479 deponi

2240 3225 2539 3291 sinistrum,
2587 3240 2642 3284 et
2679 3247 2816 3287 unus
2860 3236 2929 3290 de
2968 3240 3238 3310 acolytltis
3273 3247 3522 3301 eumdem
3561 3253 3724 3317 juvet
3769 3259 3832 3309 ad

2237 3316 2590 3375 calciattdntn.

2307 3405 2570 3464 Calciatus
2602 3418 2835 3480 pontifex
2866 3434 3068 3492 surget,
3089 3435 3144 3480 et
3165 3438 3311 3484 stans
3333 3445 3498 3502 Super
3516 3430 3822 3496 scabcl‘utn

2236 3511 2456 3566 cappam
2488 3505 2736 3575 deponat,
2772 3520 2826 3564 et
2850 3529 3123 3573 remaneat
3149 3523 3198 3575 in
3221 3526 3435 3579 camisia
3466 3528 3633 3599 linea,
3660 3551 3825 3599 quam

2236 3604 2446 3660 semper
2475 3595 2635 3651 debet
2663 3601 2860 3658 habere
2887 3622 3044 3677 siipra
3077 3612 3257 3667 laneas
3284 3631 3480 3684 vestes,
3513 3627 3742 3691 quando
3765 3633 3831 3681 ad

2234 3681 2607 3740 celebrandum
2652 3690 2814 3756 vadit,
2861 3695 3069 3752 etiamsi
3116 3704 3395 3771 religiosus
3446 3681 3543 3766 sit.-
3590 3717 3659 3768 Et
3711 3718 3834 3784 ipso

2236 3770 2485 3833 pontifice
2542 3789 2707 3842 super
2759 3781 3056 3841 fa‘distorio
3100 3770 3408 3860 residente,
3464 3770 3751 3859 αἰεί-οπως,
3782 3826 3834 3863 et

2233 3860 2590 3918 subdiaconus
2619 3872 2951 3937 accipientes
2977 3878 3044 3929 ab
3071 3884 3339 3952 acolytbis
3369 3890 3644 3947 tobaleatn
3678 3911 3831 3953 soaut

2233 3960 2287 4004 et
2317 3963 2526 4019 pecten,
2553 3962 2845 4016 extendant
2875 3966 3133 4024 tobaleant
3165 3974 3303 4027 circa
3334 3982 3555 4045 collum,
3582 3998 3642 4041 et
3665 4004 3827 4055 caput

2231 4046 2348 4107 ejus
2396 4047 2585 4102 leviter
2630 4063 2686 4105 et
2733 4055 2986 4113 decenter
3037 4067 3326 4132 pectinent,
3363 4072 3624 4132 videlicet
3657 4081 3830 4147 primo

2232 4137 2486 4193 diaconus
2518 4158 2544 4194 a
2572 4155 2720 4210 parte
2750 4149 2960 4218 dextra,
2992 4155 3185 4212 deinde
3207 4164 3576 4222 subdaconm
3607 4188 3639 4224 a
3668 4178 3829 4226 sinis-

2232 4234 2330 4279 tra.
2366 4229 2517 4294 Quod
2551 4235 2592 4286 si
2627 4235 2883 4293 diaconus
2925 4258 2978 4297 et
3021 4248 3379 4321 subdiaconus
3420 4261 3484 4309 ad
3536 4261 3642 4316 hoc
3683 4266 3827 4319 dncti

2231 4332 2335 4370 non
2362 4324 2490 4384 sint,
2514 4327 2820 4391 capellanus
2844 4330 2944 4386 hoc
2973 4332 3134 4388 faciat
3154 4338 3268 4392 vice
3288 4357 3501 4401 eorum.
3533 4350 3655 4414 Quo
3685 4352 3827 4407 facto

2229 4409 2509 4478 acolythus
2540 4418 2797 4471 extendat
2826 4437 2986 4490 super
3021 4428 3279 4493 gremium
3334 4433 3503 4502 ipsius
3547 4409 3826 4507 pontiﬁcis

2891 4484 2903 4490 -
3021 4484 3048 4493 ν
3336 4484 3501 4502 ~r--~—v
3551 4484 3824 4507 Υν--ιι-ινια

547 4484 824 4551 capellam,
875 4497 929 4539 et
975 4497 1279 4544 sternantur
1324 4501 1498 4560 tapete
1523 4511 1615 4547 seu
1651 4501 1865 4565 tapetia.
1897 4510 1951 4553 et
1979 4517 2117 4568 ιιι-ως
2152 4503 2198 4561 1)
2227 4497 2384 4551 aliam
2423 4503 2705 4571 tolialeaui,
2733 4518 2787 4563 et
2816 4513 3076 4579 pontifex,
3110 4531 3291 4574 amoto
3328 4529 3531 4580 annulo
3564 4546 3686 4597 suo,
3713 4550 3824 4601 quc

548 4585 731 4601 ..Λ-ΑΙ..
767 4577 1115 4601 ΙΆΙᾸῖι-ιλμίαμ-
1155 4596 1261 4601 -.-ᾉᾼ
1310 4587 1435 4601 A--,-
1491 4599 1503 4601 _
1897 4592 1907 4601 .
1953 4593 1963 4601 .
2268 4600 2275 4601 ,
2313 4599 2319 4601 Α
2675 4600 2683 4601 ,

548 4585 736 4640 parcnt
766 4577 1118 4632 faldistorium
1148 4596 1266 4635 cum
1300 4587 1512 4637 cossino
1542 4600 1588 4640 et
1622 4602 1795 4654 panno
1821 4592 1907 4657 qui
1951 4593 2120 4659 ipsum

545 4668 837 4733 (‘oopct-iat,
871 4676 926 4720 et
954 4669 1210 4726 scabello.
1248 4673 1526 4740 Exponam
1553 4678 1710 4731 etiam
1745 4682 1794 4732 in
1827 4693 1951 4749 apto
1980 4686 2118 4754 loco,

552 4765 707 4820 prout
729 4756 933 4823 melius.
951 4767 1223 4823 poterunt,
1250 4775 1430 4817 sacras
1453 4776 1648 4829 vestes,
1673 4770 1864 4836 quibus
1888 4777 2117 4840 pontifex

544 4859 596 4900 et
628 4849 855 4902 ministri
897 4850 1146 4905 induendi
1174 4865 1319 4919 sunt,
1350 4866 1403 4909 et
1431 4859 1531 4913 alia
1559 4877 1678 4928 quas
1709 4864 1772 4916 ad
1810 4870 2117 4932 mysterium

543 4950 666 4992 sunt
693 4951 1015 5008 opportuna,
1062 4954 1118 4997 ut
1163 4946 1212 4999 in
1258 4960 1501 5016 promptu
1548 4955 1730 5008 haberi
1778 4969 2019 5025 possunt.
2061 4963 2116 5016 Si

541 5042 670 5083 vero
699 5029 752 5084 in
796 5033 983 5088 eadem
1026 5036 1249 5089 ecclesia
1282 5054 1385 5091 non
1417 5043 1486 5094 sit
1515 5049 1857 5100 secretarium
1899 5065 1990 5106 seu
2032 5071 2118 5108 sa-

538 5120 724 5175 eristia
765 5125 1111 5190 conveniens,
1142 5127 1438 5196 depooatnr
1475 5137 1696 5201 capella,
1750 5148 1806 5192 ut
1847 5140 1973 5194 ﬁant
1999 5161 2116 5213 qua:

548 5211 796 5275 prtedicta
828 5223 952 5266 sunt
983 5215 1033 5266 itt
1062 5215 1240 5283 aliquo
1269 5229 1393 5287 apto
1424 5221 1541 5273 loco
1575 5238 1737 5292 proiie
1765 5229 1950 5295 altare;
1978 5242 2031 5285 et
2066 5236 2111 5287 si

549 5298 685 5354 forte
713 5303 764 5354 in
794 5304 1025 5358 ecclesia
1055 5307 1141 5359 illa
1173 5322 1486 5364 consuetum
1529 5328 1671 5370 esset
1703 5321 1842 5387 quod
1877 5324 2111 5390 pontifex

545 5386 702 5456 longe
740 5392 807 5443 ab
855 5395 1008 5448 altari
1062 5398 1324 5466 induatur,
1371 5410 1426 5455 et
1467 5420 1587 5458 cum
1620 5409 1861 5465 ordinata
1892 5413 2112 5470 Proces-

543 5476 696 5530 sione
719 5481 785 5532 ad
811 5483 979 5537 altare
1007 5488 1280 5553 procedat,
1315 5496 1642 5550 consuetudo
1664 5503 1921 5558 servanda
1952 5516 2055 5559 est.

621 5565 880 5623 νηπίω-(νει
907 5573 1029 5625 dicti
1057 5575 1232 5630 clerici
1263 5591 1500 5637 Sternant
1528 5594 1653 5641 ante
1694 5592 1860 5646 altare
1902 5608 2111 5651 sacrum

549 5663 726 5722 tapete
753 5672 845 5712 seu
875 5664 1090 5733 tapetia,
1117 5677 1170 5720 et
1202 5670 1514 5736 provideant
1555 5680 1693 5746 quod
1725 5682 1893 5749 ipsum
1921 5689 2107 5758 altare,

2228 4589 2391 4643 utitur
2417 4600 2788 4663 communiter,
2825 4605 2998 4658 tradat
3044 4609 3214 4675 ipsum
3261 4622 3593 4671 servandum
3637 4630 3821 4691 capel-

2228 4680 2382 4745 lano;
2411 4685 2499 4750 qui
2527 4687 2799 4755 accipiens
2826 4694 2893 4745 ab
2921 4697 3172 4767 acolytho
3199 4702 3377 4768 pelves
3404 4722 3528 4759 cum
3568 4728 3732 4781 aqua,
3765 4725 3823 4769 et

2227 4776 2418 4824 tenens
2454 4774 2756 4831 inferiorem
2792 4783 2983 4848 pelvim
3015 4803 3177 4843 manu
3207 4794 3448 4861 sinistra,
3471 4805 3816 4867 superiorem

2229 4875 2355 4914 vero
2386 4864 2571 4918 dextra
2599 4884 2774 4934 manu,
2800 4873 2950 4928 flexis
2970 4881 3193 4943 genibus
3217 4883 3403 4940 fundat
3425 4864 3623 4957 aquam
3647 4908 3819 4963 super

2228 4966 2418 5007 tnanus
2452 4961 2736 5025 pontiﬁcis,
2770 4965 3138 5025 assistentibus
3172 4976 3384 5031 interim
3412 4981 3522 5049 ipsi
3569 4989 3815 5051 pontiﬁci

2229 5044 2456 5099 diacono
2486 5064 2513 5098 a
2546 5061 2695 5117 parte
2720 5054 2932 5119 dextra,
2963 5070 3019 5113 et
3046 5065 3376 5122 subdiacono
3405 5088 3434 5123 τι
3469 5088 3624 5139 parte
3651 5080 3817 5134 siuis-

2231 5144 2309 5187 tra
2330 5140 2556 5204 genibus
2579 5142 2750 5208 ﬂexis,
2777 5155 2829 5200 et
2855 5149 3117 5207 tobaleam
3139 5161 3444 5225 pragdictam
3473 5171 3814 5226 tenentibus.

2291 5238 2451 5308 293
2479 5240 2714 5312 Cumque
2762 5251 2994 5315 pontifex
3044 5270 3229 5310 manus
3257 5262 3488 5317 abfuerit
3514 5276 3571 5320 et
3599 5271 3815 5326 abster-

2218 5330 2369 5393 serit,
2403 5348 2627 5403 surgens
2669 5348 2721 5389 et
2766 5349 2915 5395 stans
2942 5360 3099 5412 super
3130 5350 3448 5416 scabellum,
3480 5369 3532 5410 et
3566 5361 3807 5414 ministri

2219 5434 2530 5477 reverenter
2558 5435 2613 5479 et
2638 5428 2921 5498 diligenter
2950 5433 3169 5491 induant
3195 5456 3339 5507 eum,
3386 5449 3455 5499 ita
3500 5451 3641 5513 quod
3675 5467 3810 5507 aen-

2217 5510 2346 5580 lytlii
2374 5513 2613 5568 deferant
2648 5532 2845 5584 veStcs,
2878 5534 2931 5576 et
2959 5526 3214 5584 diaconus
3247 5550 3275 5586 a
3316 5546 3465 5601 parte
3503 5539 3721 5606 dextra,
3755 5555 3812 5597 et

2215 5604 2573 5661 subdiaconus
2610 5624 2641 5663 a
2688 5602 2903 5669 sinistra
2951 5622 3207 5688 recipiant
3245 5630 3461 5683 easdem
3505 5646 3708 5698 vestes,
3754 5649 3807 5691 et

2216 5694 2435 5750 induant
2462 5713 2616 5766 eum;
2650 5717 2785 5771 quos
2814 5706 3002 5775 juvare
3031 5723 3278 5781 poterunt
3312 5722 3572 5789 capellam
3614 5737 3667 5780 ct
3706 5729 3807 5780 alii
