4006 6302
162 301 301 357 1157

1334 300 1595 358 ROMANI
1634 299 1947 357 ORDINES.
1988 330 2058 341 —
2095 302 2236 357 XIV.

3292 317 3431 375 “53

159 414 344 469 rlerici
378 410 644 483 pontificis
676 410 847 467 induti
871 410 1034 466 cottis
1058 419 1314 478 astantes,
1353 423 1511 481 prout
1540 428 1741 482 oppor-
1774 414 1821 473 A
1852 412 1978 466 lam.
2009 413 2410 484 Subsequeuter
2430 415 2682 471 diaconus
2705 432 2732 469 a
2758 420 2980 483 dextris.
3002 430 3057 476 et
3075 423 3440 482 subdiaconus

160 515 347 557 tuuum
380 502 557 556 fuerit.
592 501 648 555 In
679 503 863 569 primis
886 517 1014 572 ergo
1041 503 1273 573 acolytbi
1305 503 1549 557 deferant
1580 505 1743 559 amic-

162 608 295 655 tum,
330 608 489 662 quem
521 603 680 659 ponat
710 606 870 659 super
891 603 1050 661 caput
1082 594 1351 662 pontificis
1382 593 1659 660 diaconus,
1690 602 1747 649 et

159 686 402 753 ejusdem
465 682 692 735 amictus
748 681 1068 735 cbordulam
1120 684 1393 737 sinistram
1449 682 1745 747 diaconus,

161 783 404 834 dextram
434 774 792 830 subdiaconus
823 776 1067 843 accipiat,
1093 785 1147 829 ct
1184 788 1303 844 post
1334 786 1538 846 tergum
1573 778 1749 845 ponti-

164 873 283 925 ficis
306 871 505 922 ducant
538 876 593 921 et
616 865 874 918 reducant
902 867 967 918 ad
999 870 1324 921 anteriorem
1360 878 1561 933 partem
1586 883 1747 937 super

162 962 459 1029 cingulum,
491 972 623 1027 quas
672 957 904 1011 invicem
952 957 1209 1024 colligare
1241 956 1434 1023 poterit
1466 962 1581 1025 ipse
1612 975 1746 1026 pou-

165 1051 321 1106 ttfex.
355 1049 557 1103 Deinde
590 1047 813 1100 induant
839 1061 959 1098 eum
989 1047 1130 1112 alba,
1162 1062 1317 1114 quam
1342 1047 1625 1114 diligenter
1647 1063 1746 1113 ap-

175 1152 287 1196 tant
318 1142 459 1196 circa
491 1138 683 1193 collum
726 1148 779 1192 et
810 1137 949 1192 circa
993 1152 1218 1203 manus;
1264 1145 1318 1190 et
1359 1137 1749 1203 subsr‘quenter

164 1232 449 1301 subcingat
478 1244 599 1282 eum
624 1228 837 1297 cingulo
861 1244 981 1281 cum
1007 1227 1392 1291 subcinctorio,
1423 1242 1529 1281 uno
1563 1228 1629 1280 de
1652 1231 1750 1280 mi-

166 1322 352 1376 nistris
399 1313 610 1375 levante
664 1318 832 1387 ipsam
880 1317 1055 1370 albam
1105 1316 1360 1370 anteriori
1418 1327 1569 1385 parte
1610 1318 1750 1371 circa

167 1424 377 1483 pectus,
403 1423 457 1469 et
488 1411 654 1479 ipsius
682 1410 882 1479 cinguli
909 1407 1198 1463 chordulas
1238 1407 1493 1462 diacOous
1524 1408 1749 1461 invicem

169 1511 300 1576 liget
332 1516 385 1559 et
422 1505 674 1571 stringat,
706 1502 788 1554 vel
822 1502 935 1569 ipse
968 1498 1203 1567 pontifex
1234 1501 1502 1568 stringere
1533 1500 1750 1567 poterit,

164 1600 303 1652 sicut
328 1597 376 1650 ei
414 1594 687 1663 placuerit.
722 1592 946 1645 Mutistri
978 1605 1106 1644 vero
1135 1590 1315 1644 albam
1355 1592 1523 1659 ipsam
1567 1600 1752 1660 aptent

165 1694 308 1743 circa
342 1686 599 1748 fimbrias,
630 1694 687 1738 ut
728 1685 858 1752 ipsa:
886 1684 1115 1738 fimbriae
1152 1692 1347 1737 terram
1380 1700 1484 1737 non
1514 1692 1747 1751 tangant,

1848 517 1877 555 a
1918 504 2147 559 sinistris
2203 506 2467 573 planetam
2516 522 2678 579 super
2726 511 2939 566 brachia
2988 516 3253 583 pontificis
3307 529 3432 583 apte

1851 595 2190 662 complicent.
2222 595 2285 649 Et
2307 599 2350 651 si
2383 599 2613 665 pontifex
2646 615 2808 668 prope
2829 601 2998 658 altare
3022 602 3276 667 induitur,
3308 607 3432 659 sub-

1850 685 2104 741 diacoaus
2135 687 2187 741 in
2217 687 2327 755 ipsa
2359 690 2614 758 plicatura
2639 692 2843 746 sinistri
2872 692 3074 748 brachii
3102 695 3348 758 collocet,
3374 707 3431 749 et

1853 777 2003 844 quasi
2028 779 2319 832 abscondat
2346 781 2669 849 manipulum
2697 782 2962 851 pontificis
2989 784 3304 840 tradendum
3328 788 3427 841 sibi

1852 869 1920 921 ab
1951 870 2215 935 :tcol)l|l0.
2247 870 2397 936 Quod
2431 872 2474 925 εἰ
2507 872 2735 939 pontifex
2770 876 2924 942 longe
2954 874 3022 929 ab
3046 876 3201 929 altari
3232 879 3430 932 vestia—

1854 968 1957 1019 tur,
1992 973 2095 1009 non
2126 958 2284 1011 debet
2322 959 2677 1014 subdiaconus
2710 970 2833 1016 tunc
2873 965 3149 1031 imponere
3191 968 3435 1037 manipu-

1857 1050 1984 1113 lum,
2019 1048 2111 1100 scd
2155 1047 2313 1101 debet
2342 1047 2516 1116 ipsum
2551 1060 2764 1117 portare
2801 1068 2918 1106 cum
2959 1054 3093 1107 libro
3122 1054 3437 1127 Evangelio-

1856 1152 2005 1201 rum;
2036 1149 2084 1191 et
2116 1154 2236 1191 cum
2270 1143 2502 1206 pontifex
2554 1145 2851 1208 pervenerit
2882 1147 2946 1199 ad
2975 1147 3164 1209 altare,
3198 1149 3438 1217 imponat

1856 1238 1908 1280 et
1941 1232 2100 1293 "aptet
2152 1232 2474 1297 manipulum
2525 1233 2775 1299 praedicto
2807 1236 2986 1289 ntodo.
3039 1238 3257 1292 l’laneta
3307 1255 3436 1293 vero

1857 1318 2193 1385 complicata,
2238 1328 2295 1370 ut
2344 1322 2654 1387 prmdictum
2698 1334 2801 1388 est,
2849 1324 3105 1378 diaconus
3151 1327 3218 1380 de
3260 1329 3439 1394 capite

1859 1409 2125 1475 pontificis
2173 1411 2423 1462 amictum
2473 1412 2727 1477 deponat,
2769 1424 2817 1466 et
2867 1422 3012 1480 aptet
3055 1415 3195 1468 circa
3243 1416 3438 1470 collum

1858 1497 1994 1567 ejus,
2026 1508 2079 1552 et
2116 1500 2390 1568 provideat
2437 1502 2575 1569 quod
2621 1503 2825 1567 planeta
2861 1506 3015 1569 plane
3060 1505 3238 1573 jaceat
3280 1522 3441 1573 super

1860 1593 2131 1657 humeros,
2179 1602 2232 1646 et
2264 1592 2434 1645 trahat
2473 1594 2640 1661 ipsam
2669 1610 2699 1647 a
2728 1604 2877 1662 parte
2906 1596 3197 1660 anteriori;
3241 1596 3440 1652 deinde

1861 1681 2077 1749 pallium
2117 1694 2405 1751 componat
2463 1685 2532 1737 ita
2570 1684 2709 1753 quod
2756 1700 2882 1739 crux
2924 1687 3159 1739 anterior
3203 1688 3273 1740 sit
3317 1698 3444 1740 ante

167 1794 220 1833 et
248 1780 524 1846 aequaliter
552 1777 752 1830 distent
793 1791 822 1829 a
865 1786 1026 1830 terra.
1076 1779 1270 1842 aptent
1309 1778 1471 1829 etiam
1519 1777 1755 1830 lttauiCas
1788 1778 1832 1835 Β
1860 1782 2042 1841 pectus
2076 1788 2237 1841 super
2268 1774 2597 1843 aurifrigium
2647 1776 2894 1842 planetae,
2928 1784 2982 1830 et
3016 1775 3118 1844 ipsi
3161 1777 3306 1830 cruci
3350 1793 3444 1845 po-

169 1872 337 1939 ipsius
359 1870 513 1935 albae,
547 1866 914 1937 complicando
946 1882 1039 1921 eas
1077 1867 1329 1921 decenter
1360 1867 1501 1919 inter
1543 1882 1751 1919 armum

170 1978 222 2018 et
249 1965 503 2017 cubitum.
549 1960 949 2028 Consequenter
990 1959 1217 2027 accipiat
1265 1958 1499 2026 pontifex
1542 1970 1753 2011 crucem

172 2058 518 2125 pectoralem,
548 2054 819 2121 ipsamque
848 2052 1161 2105 deosculans
1184 2049 1447 2119 appendat
1465 2050 1605 2103 collo
1631 2064 1753 2115 suo,

173 2149 242 2201 ita
274 2145 415 2215 quod
461 2144 690 2213 pendeat
736 2152 860 2195 ante
902 2144 1104 2209 pectus.
1145 2140 1347 2195 Deinde
1376 2141 1602 2209 accipiat
1644 2150 1750 2194 sto-

169 2239 296 2302 lam,
326 2245 380 2289 et
420 2235 781 2290 deosculatatu
820 2234 959 2286 circa
993 2232 1226 2286 medium
1264 2231 1381 2300 ejus
1414 2239 1574 2300 ponat
1616 2231 1756 2285 circa

170 2329 582 2391 collum'suum,
623 2340 723 2380 nec
770 2324 988 2380 reducat
1026 2332 1205 2393 partes
1254 2323 1421 2393 ipsius
1448 2324 1601 2377 stola:
1634 2325 1758 2378 hinc

171 2430 222 2474 ct
252 2419 376 2473 inde
401 2418 450 2472 in
482 2416 695 2471 modum
726 2418 900 2469 crucis
942 2425 1065 2468 ante
1096 2425 1300 2482 pectus,
1344 2412 1436 2467 sed
1485 2414 1760 2481 permittat

175 2525 270 2564 eas
302 2508 543 2569 inferius
570 2507 873 2576 dependere
900 2507 1035 2561 sicut
1062 2520 1091 2558 a
1113 2505 1259 2581 collo
1289 2506 1538 2568 veniunt;
1570 2513 1625 2558 et
1649 2506 1753 2558 mi-

172 2602 327 2655 nlstri
378 2612 660 2668 utramque
692 2608 895 2666 partem
940 2596 1204 2665 stringunt
1249 2611 1369 2648 cum
1413 2594 1645 2664 cingulo,
1693 2608 1760 2649 ne

173 2691 407 2746 deﬂuere
429 2689 618 2759 possit.
654 2688 781 2742 Post
807 2688 919 2741 baro
947 2685 1172 2739 ministri
1205 2687 1428 2739 induant
1456 2700 1576 2738 eum
1609 2695 1754 2737 tum-

174 2784 325 2846 reila,
368 2790 613 2850 aptantes
658 2794 774 2834 eam
824 2780 963 2833 circa
1003 2777 1200 2831 collum
1248 2788 1300 2831 et
1337 2776 1485 2831 circa
1538 2790 1760 2844 manus;

174 2873 364 2927 deinde
396 2873 617 2925 induant
664 2885 782 2923 eam
825 2869 1129 2928 dalmatica,
1164 2878 1407 2935 aptantes
1450 2882 1567 2922 eam
1618 2867 1759 2921 circa

173 2963 365 3015 rollum
408 2972 461 3015 et
501 2960 734 3013 manicas
770 2958 886 3029 ejus
934 2959 1272 3028 replicante~,
1326 2959 1394 3011 ita
1436 2956 1576 3025 quod
1629 2957 1759 3026 ipsa:

174 3055 397 3108 manica:
423 3068 528 3106 non
562 3058 777 3120 tangant
804 3066 991 3103 manus
1021 3048 1302 3117 pontificis,
1335 3048 1430 3103 sed
1460 3048 1662 3102 distent
1688 3048 1759 3103 ab

176 3146 271 3209 eis,
305 3145 457 3214 quasi
491 3160 585 3214 per
610 3143 838 3211 spatium
866 3142 1069 3195 dimidii
1102 3143 1281 3209 palmi.

246 3240 371 3292 l’OSt
411 3238 523 3292 lucc
553 3235 785 3305 pontifex
814 3236 1005 3288 iterum
1037 3234 1286 3297 resideat,
1314 3242 1367 3288 et
1389 3233 1613 3302 recipiat
1636 3233 1758 3287 chi-

178 3330 423 3382 rothecas
450 3326 751 3381 offerendas
777 3325 876 3378 sibi
909 3329 975 3377 ab
1007 3325 1274 3394 acolytho,
1316 3324 1640 3378 immittentc
1669 3338 1764 3380 eas

179 3421 423 3476 manibus
443 3422 559 3487 ejus
582 3419 805 3472 diacono
829 3417 1051 3483 dextrae,
1077 3428 1130 3470 et
1152 3416 1477 3470 subdiacono
1502 3417 1763 3482 sinistrae,

180 3515 367 3583 quibus
399 3511 652 3579 acceptis,
702 3522 906 3578 surgat,
940 3520 994 3564 et
1033 3510 1267 3577 praedicti
1311 3508 1539 3561 ministri
1588 3508 1762 3576 impo-

179 3614 308 3658 nant
336 3603 385 3656 ei
417 3603 709 3671 planetatn;
742 3610 797 3655 ct
824 3602 866 3655 si
909 3599 1142 3669 pontifex
1173 3608 1350 3653 utatur
1380 3596 1559 3666 pallio,
1595 3599 1763 3667 impo-

179 3697 280 3750 sita
312 3696 516 3763 planeta
548 3692 873 3755 immediate,
922 3690 1200 3761 acolythus
1240 3690 1429 3744 offerat
1456 3691 1505 3744 ei
1548 3692 1764 3757 pallium

182 3763 377 3842 tenens
408 3787 581 3853 ipsum
612 3798 732 3838 cum
762 3782 979 3851 pulcb'a
1006 3782 1208 3835 lobalea
1232 3780 1474 3832 manibus
1503 3780 1762 3844 extensis,

180 3879 254 3932 ita
282 3877 424 3946 quod
464 3876 647 3930 dextra
699 3887 858 3927 manu
891 3878 1069 3926 teneat
1106 3870 1322 3939 pallium
1368 3869 1508 3923 circa
1551 3883 1764 3922 crucem

183 3971 480 4031 sinistram,
526 3976 581 4021 et
621 3966 831 4019 sinistra
874 3979 1030 4016 manu
1060 3966 1201 4015 circa
1243 3976 1453 4014 crucem
1497 3960 1763 4014 dextram.

184 4062 303 4131 Ipse
332 4069 509 4114 autem
542 4056 773 4127 pontifex
802 4054 963 4127 294
991 4054 1263 4108 osculetur
1289 4052 1504 4121 pallium
1534 4052 1585 4103 in
1612 4065 1771 4105 cruce

184 4152 494 4222 posteriori.
531 4149 729 4203 Deinde
758 4148 985 4200 ministri
1028 4145 1303 4213 imponant
1340 4145 1389 4196 ei
1438 4143 1654 4212 pallium
1687 4143 1769 4208 ip-

184 4260 331 4308 sum,
361 4243 586 4295 diacono
616 4244 860 4294 elevante
893 4245 1092 4304 partem
1129 4236 1270 4288 illnn
1303 4251 1419 4303 qua:
1462 4233 1622 4286 debet
1652 4247 1773 4300 po..-

186 4337 356 4388 terius
415 4330 740 4401 dependere.
800 4327 867 4379 lit
910 4326 1187 4379 attendant
1234 4324 1460 4377 ministri
1507 4322 1646 4389 quod
1686 4320 1771 4373 illa

1862 1878 1993 1916 neos
2015 1871 2266 1917 extensos
2289 1864 2481 1931 digitos
2509 1864 2709 1918 dextra:
2739 1881 2924 1919 manus
2947 1882 3065 1919 cum
3099 1882 3256 1920 manu
3279 1869 3440 1921 sinis-

1862 1965 1940 2006 tra
1969 1953 2142 2006 trahat
2172 1953 2389 2020 palliuut
2412 1969 2573 2021 super
2594 1954 2836 2009 duxtrnm
2874 1955 3143 2009 brabitium
3173 1957 3439 2023 pontificis

1858 2056 2051 2095 versus
2073 2042 2312 2095 cubitum
2338 2060 2352 2107 ;
2382 2054 2563 2111 postea
2591 2046 2869 2110 imponens
2889 2045 3061 2099 eidem
3088 2047 3232 2101 cruci
3255 2047 3450 2114 digitos

1859 2131 2093 2185 sinistra:
2126 2148 2336 2194 manus,
2372 2147 2489 2186 com
2521 2133 2705 2186 dextra
2740 2150 2897 2186 manu
2930 2135 3145 2200 pallium
3177 2151 3254 2201 su.
3277 2153 3337 2190 er
3361 2151 3444 2189 st-

1862 2222 2087 2274 nistrum
2132 2223 2409 2275 brachium
2466 2225 2729 2291 pontificis
2762 2226 2957 2287 trahat,
2993 2224 3276 2291 ptovidens
3304 2228 3446 2294 quod

1861 2312 2033 2380 ipsum
2082 2314 2297 2379 pallium
2344 2329 2505 2382 super
2556 2313 2773 2368 brachia
2827 2315 3118 2369 des'eudat
3170 2320 3319 2383 quasi
3378 2319 3444 2369 ad

1862 2404 2094 2457 medium
2118 2403 2258 2457 inter
2285 2418 2493 2457 artuum
2524 2414 2577 2457 et
2605 2403 2842 2457 cubitum
2866 2421 2880 2469 ;
2909 2415 2961 2457 et
2986 2404 3139 2473 juxta
3171 2404 3311 2460 hunc
3335 2423 3422 2462 mo
3441 2438 3453 2450 ι

1861 2492 1987 2546 dum
2017 2503 2229 2562 aptetur
2261 2493 2502 2561 pallium,
2528 2494 2741 2563 quOties
2764 2492 3027 2545 videbitur
3056 2504 3443 2562 opportunum.

1865 2582 2071 2637 Deinde
2115 2583 2368 2637 diaconus
2407 2584 2678 2653 accipiens
2709 2580 2918 2635 mitram
2949 2583 3018 2636 ab
3047 2597 3111 2636 eo
3141 2583 3230 2651 qui
3278 2584 3448 2652 ipsam

1867 2682 2068 2738 servat,
2102 2674 2341 2743 imponat
2370 2687 2487 2726 eaut
2519 2672 2675 2743 capiti
2710 2671 2994 2740 pontificis.
3029 2672 3241 2725 Interim
3271 2674 3451 2741 capel-

1869 2766 2022 2819 lauus
2053 2764 2238 2819 induat
2271 2780 2329 2819 se
2359 2764 2612 2833 pluviali;
2639 2773 2693 2818 et
2724 2763 2967 2831 imptsita
3002 2762 3156 2817 mitra
3191 2765 3452 2833 pontifici,

1869 2858 1984 2924 ipse
2009 2856 2316 2925 capellauus
2341 2854 2592 2908 immittat
2622 2856 2782 2925 295
2810 2863 2938 2922 pout
2962 2853 3165 2908 ficaletu
3193 2858 3449 2909 annulum

1869 2948 2111 3002 annulari
2145 2948 2310 3016 digito
2364 2947 2567 3000 dextra:
2613 2961 2805 2999 manus
2847 2946 3131 3013 pontificis,
3162 2946 3454 3000 osculando

1868 3057 2022 3106 eum;
2053 3041 2190 3109 quod
2222 3054 2437 3108 semper
2468 3038 2642 3092 facere
2665 3038 2844 3103 debet,
2877 3040 3089 3107 quando
3122 3038 3358 3093 immittit
3380 3040 3452 3102 ei,

1786 3119 1833 3183 C
1864 3141 1955 3185 aut
1994 3130 2210 3200 quando
2251 3137 2466 3183 amovet
2501 3129 2677 3198 ipsum
2725 3129 3000 3183 annulum.
3056 3130 3257 3183 Poterit
3293 3129 3456 3201 etiam

1867 3232 1986 3291 post
2037 3221 2398 3290 pontificalem
2454 3221 2707 3273 annulum
2764 3220 2979 3273 immitti
3040 3220 3177 3274 alter
3228 3220 3457 3275 annulus

1868 3324 2081 3378 parvus,
2116 3309 2204 3378 qui
2237 3309 2408 3377 ipsum
2457 3309 2817 3376 pontificalem
2852 3309 3012 3361 fixum
3043 3319 3242 3375 teneat,
3273 3318 3327 3361 ct
3353 3308 3456 3363 hoc

1866 3401 2239 3470 cpisCOpaliter
2259 3409 2486 3468 aptetur.
2511 3399 2755 3454 [inmisso
2777 3402 2995 3467 annulo,
3023 3400 3331 3468 capellauus
3357 3416 3451 3454 ac-

1869 3492 2033 3560 cipiat
2075 3492 2143 3547 de
2185 3508 2345 3546 manu
2376 3492 2697 3546 tlturiferarii
2729 3492 3022 3546 naviculam
3055 3508 3175 3547 cum
3211 3494 3365 3549 thure
3401 3504 3458 3549 et

1872 3584 2157 3647 cochleari,
2191 3593 2244 3637 et
2276 3583 2618 3637 tburiferario
2677 3593 3033 3649 pra'scntaute
3076 3567 3305 3651 pontifici
3334 3599 3457 3639 cum

1873 3676 2013 3746 igne.
2038 3690 2221 3743 quem,
2246 3675 2370 3728 dum
2398 3674 2629 3742 pontifex
2657 3674 2915 3739 induitur,
2941 3674 3056 3742 ipse
3084 3674 3460 3730 thuriferarius

1873 3780 2177 3833 pra-parare
2204 3764 2394 3829 debet;
2427 3765 2734 3832 capellauus
2774 3766 3006 3832 porrigat
3040 3764 3273 3832 pontifici
3306 3768 3463 3819 navi-

1874 3856 2047 3908 culam
2079 3856 2368 3920 detectam,
2399 3862 2452 3909 et
2484 3856 2718 3923 pontifex
2766 3855 3037 3923 accipiens
3080 3856 3267 3911 dextra
3299 3871 3462 3910 manu

1874 3948 2124 4003 Cocltlear
2153 3962 2273 4002 cum
2306 3949 2462 4001 thure
2494 3957 2656 4015 ponat
2686 3947 2736 4000 in
2780 3949 2903 4017 igne
2946 3949 3090 4012 thus,
3135 3958 3189 4002 et
3214 3949 3464 4002 cochlear

1875 4043 1927 4094 in
1958 4040 2196 4094 navicula
2244 4049 2486 4109 reponat,
2522 4043 2800 4107 ipsumque
2831 4040 2951 4094 tltus
2986 4040 3213 4108 pOsitum
3246 4041 3297 4093 in
3343 4041 3463 4108 igne

1876 4136 2157 4190 benedicat
2183 4136 2335 4203 signo
2364 4133 2557 4187 crucis.
2589 4133 2907 4200 Capellanus
2950 4146 3077 4185 vero
3106 4132 3335 4185 osculari
3367 4132 3464 4184 de-

1879 4227 1959 4280 bet
1995 4242 2208 4280 manum
2241 4226 2529 4294 pontificis,
2559 4234 2612 4280 et
2636 4224 2846 4293 quando
2886 4226 3135 4279 cocltlear
3163 4225 3378 4290 accipit,
3407 4235 3464 4277 et

1876 4317 2089 4386 quando
2138 4317 2311 4385 ipsum
2364 4317 2610 4384 reponit;
2667 4324 2721 4368 et
2771 4315 3035 4369 cochleari
3090 4314 3322 4382 reposito
3370 4329 3464 4383 per

193 4438 322 4490 pars
353 4420 515 4488 pallii,
550 4432 668 4487 qua:
712 4415 905 4483 duplex
951 4423 1051 4478 est,
1101 4412 1279 4465 veniat
1306 4425 1466 4480 supra
1496 4410 1771 4463 sinistrum
1804 4440 1851 4499 Ι)
1880 4410 2205 4477 pontificem,
2235 4410 2531 4462 naviculam
2560 4410 2725 4477 ipsam
2750 4407 3091 4461 tburiferario
3118 4407 3208 4461 red
3234 4413 3323 4461 iat.
3351 4408 3462 4462 lioc

190 4515 495 4566 humerum.
540 4509 666 4563 Post
698 4505 1005 4575 acolythum
1048 4502 1377 4556 deferentem
1423 4500 1639 4569 pallium
1686 4515 1770 4555 se~

186 4616 390 4675 quatur
420 4604 464 4656 is
492 4601 579 4669 qui
616 4599 827 4655 mitram
860 4610 1074 4651 servare
1101 4595 1282 4657 debet,
1306 4591 1552 4647 deferens
1572 4608 1687 4646 cam
1716 4593 1771 4647 in

191 4710 355 4751 manu
385 4693 607 4757 dextera
639 4690 905 4744 mediante
932 4686 1158 4749 tobalca,
1188 4693 1242 4738 et
1269 4685 1320 4737 iu
1351 4684 1567 4737 sinistra
1601 4684 1775 4747 Spino-

192 4788 275 4839 las
303 4783 592 4854 infigendas
621 4782 797 4850 pallio.
830 4784 946 4847 Quo
985 4777 1252 4846 imposito,
1298 4776 1523 4828 ministri
1554 4774 1773 4843 infigant

192 4877 435 4945 spinulas
462 4877 627 4942 ipsas,
659 4873 903 4925 videlicet
947 4872 1206 4923 diaconus
1236 4884 1393 4932 unam
1426 4868 1474 4920 in
1501 4883 1660 4922 cruce
1682 4882 1778 4920 an-

194 4968 404 5031 teriori,
433 4967 591 5018 aliam
622 4962 979 5016 subdiaconus
1017 4959 1068 5013 in
1115 4974 1273 5012 cruce
1312 4972 1475 5026 super
1497 4958 1770 5013 sinistrum

196 5061 503 5122 humerum,
547 5053 759 5108 tertiam
804 5065 939 5104 unus
977 5065 1042 5103 ex
1087 5050 1206 5103 aliis
1248 5050 1504 5102 ministris
1534 5050 1585 5103 in
1616 5064 1776 5105 cruce

196 5147 507 5220 posteriori.
560 5147 692 5216 Ipsa:
739 5154 915 5197 autem
948 5141 1169 5210 spinula:
1200 5142 1276 5194 sic
1307 5141 1585 5209 infigendte
1629 5150 1773 5207 sunt,

194 5242 343 5313 quod
372 5241 622 5311 quaelibet
650 5236 809 5291 tertio
851 5242 1084 5286 transeat
1116 5247 1208 5300 per
1234 5246 1442 5286 crucem
1479 5232 1563 5285 cui
1606 5232 1779 5300 inﬁgi-

198 5348 309 5401 tur,
358 5345 412 5390 et
454 5341 639 5400 quarta
669 5330 782 5383 vice
818 5342 1043 5381 acumen
1089 5325 1311 5393 spinula:
1342 5324 1587 5394 infigatur
1619 5325 1779 5392 pallio

198 5431 340 5482 ultra
366 5439 601 5487 crucem,
629 5421 842 5488 proviso
863 5420 1000 5488 quod
1019 5430 1286 5485 nunquam
1310 5416 1518 5483 spinula
1547 5414 1780 5482 perforet

200 5520 442 5589 pallium,
472 5526 526 5570 et
548 5514 694 5568 nullo
723 5512 880 5567 modo
900 5525 1125 5565 acumen
1147 5509 1264 5578 ejus
1288 5518 1465 5578 tangat
1489 5508 1777 5575 planetam,

201 5610 421 5679 proviso
448 5608 607 5661 etiam
634 5603 772 5673 quod
813 5602 1092 5672 cujuslibet
1132 5601 1355 5670 spinula:
1382 5610 1560 5668 caput,
1591 5601 1643 5653 in
1674 5615 1780 5669 quo

196 5713 285 5757 est
313 5712 544 5769 gemma,
574 5697 640 5749 sit
671 5709 700 5747 a
727 5696 912 5749 dextra
938 5704 1087 5763 parte
1117 5690 1379 5761 infigentis
1409 5691 1576 5758 ipsam
1606 5690 1780 5758 Spion-

1881 4509 2059 4553 autem
2091 4499 2233 4567 quod
2261 4499 2461 4552 dictum
2500 4508 2586 4552 est
2625 4498 2692 4552 de
2732 4511 2828 4566 pos
2853 4498 2995 4551 tione
3023 4497 3249 4563 incensi,
3278 4496 3465 4552 obser-

1882 4600 2111 4652 vandum
2141 4608 2225 4652 est
2274 4599 2490 4666 quando
2533 4596 2769 4665 pontifex
2822 4596 2978 4664 longe
3007 4595 3072 4649 ab
3102 4596 3254 4649 altari
3285 4595 3460 4648 indui-

1886 4698 1992 4742 tur.
2027 4687 2156 4741 Nam
2204 4688 2250 4741 si
2292 4688 2442 4755 juxta
2486 4687 2653 4740 altare
2700 4686 2968 4750 induatur,
2999 4701 3100 4738 non
3130 4695 3341 4752 Oportet
3383 4686 3459 4739 iu-

1881 4795 2100 4835 censum
2134 4794 2351 4848 ponere,
2381 4794 2551 4846 usque
2580 4789 2692 4845 post
2718 4777 2910 4832 factum
2941 4777 3066 4831 conf
3098 4778 3354 4831 ssionem.
3381 4779 3465 4832 lu-

1882 4873 2010 4924 duto
2042 4872 2290 4939 pontifice
2321 4870 2575 4939 prndicto
2599 4872 2777 4936 modo,
2806 4871 3010 4923 diaconi
3033 4884 3060 4922 s
3096 4878 3150 4923 et
3178 4870 3464 4924 subdiaco-

1889 4977 1989 5015 nus
2014 4961 2281 5033 accipiant
2305 4960 2605 5028 tuauipulos
2626 4976 2774 5025 suos,
2804 4970 2855 5014 et
2882 4960 3103 5013 induant
3132 4960 3392 5027 planetas,
3418 4959 3463 5013 si

1887 5062 2094 5121 tempus
2123 5051 2362 5120 requirit.
2398 5052 2489 5107 liis
2514 5054 2769 5121 peractis,
2794 5053 2835 5104 si
2867 5053 2978 5105 sint
3006 5052 3161 5120 longe
3193 5054 3262 5105 ab
3285 5053 3461 5114 altari,

1886 5147 2173 5215 procedant
2195 5146 2259 5199 ad
2283 5145 2476 5215 ipsum,
2509 5143 2845 5214 praet-edente
2878 5143 3241 5206 tburiferario,
3269 5150 3324 5196 et
3349 5151 3468 5210 post

1886 5240 2059 5309 ipsum
2088 5238 2194 5292 duo
2219 5236 2547 5302 ceroferarii,
2577 5234 2770 5289 deinde
2795 5235 3151 5287 subdiaconus
3174 5250 3294 5287 cum
3327 5232 3464 5286 libro

1891 5329 2331 5397 Evangeliorumi;
2368 5336 2485 5395 post
2530 5340 2664 5394 quos
2703 5324 2943 5393 sequitur
2990 5324 3249 5393 pontifex,
3296 5322 3465 5376 dedu-

1886 5418 2130 5473 centibus
2161 5417 2308 5469 illum
2331 5415 2608 5484 capellano
2637 5430 2666 5468 a
2697 5424 2847 5484 parte
2871 5413 3080 5477 dextra,
3103 5422 3157 5466 et
3179 5412 3403 5466 diacono
3434 5428 3463 5465 a

1884 5511 2121 5564 sinistra.
2152 5509 2201 5564 Is
2227 5519 2403 5564 autem
2451 5510 2542 5578 qui
2590 5508 2800 5563 mitram
2844 5518 3043 5576 servat,
3078 5518 3130 5564 et
3160 5509 3249 5562 alii
3285 5509 3465 5564 clerici

1883 5600 2054 5654 induti
2082 5603 2243 5654 conis
2265 5609 2554 5669 sequantur
2580 5607 2700 5668 post
2722 5599 3052 5669 pontificem.
3086 5601 3309 5667 Quando
3335 5615 3463 5669 pon-

1885 5690 2009 5745 tifex
2042 5691 2346 5760 pervenerit
2381 5696 2506 5744 ante
2535 5689 2731 5759 gradus
2764 5691 2970 5757 altaris,
3009 5692 3262 5744 diaconus
3290 5692 3467 5759 depo-
