4006 6346
555 351 689 407 H59

1238 340 1572 396 AI’PENDIX
1613 341 1704 393 AD
1744 340 1802 393 S.
1842 338 2164 393 GREGORII
2207 339 2419 393 MAGNI
2465 336 2830 393 LITURGICA
2869 340 3123 393 OPPIRA.

3695 339 3822 395 1160

560 476 637 518 lat
663 463 711 518 ei
745 461 977 522 mitram,
1006 455 1271 524 accipiens
1295 468 1411 506 eam
1435 469 1535 505 una
1568 468 1727 505 manu
1757 467 1851 520 per
1877 451 2115 505 anterius
2145 455 2192 514 Α
2221 450 2460 520 pontifex
2504 452 2569 505 ad
2620 454 2803 506 sedem
2837 455 3066 518 venerit,
3112 463 3260 508 stans
3296 470 3460 523 super
3513 456 3816 510 scabellum

544 572 733 614 cornu.
765 562 955 605 etcum
984 548 1085 599 a’lia
1119 560 1276 598 manu
1304 543 1610 612 complanet
1638 544 1859 612 capillos
1900 541 2113 612 pontifi-

546 648 645 708 cis,
674 642 716 695 si
739 652 872 708 opus
898 645 1000 700 est,
1026 634 1165 700 quod
1196 647 1407 702 semper
1437 632 1611 685 facere
1632 631 1791 684 debet
1819 631 1865 685 is
1903 631 1993 698 qui
2017 630 2117 683 mi-

548 747 683 787 tram
708 736 976 789 removet;
998 734 1053 777 et
1082 724 1159 779 sic
1180 732 1352 776 amota
1386 720 1563 786 mitra,
1586 721 1841 775 diaconus
1868 720 2045 774 tradat
2065 720 2114 774 ei

540 827 628 894 qui
669 824 837 891 ipsam
868 824 1066 884 servat,
1099 814 1187 883 qui
1218 829 1429 883 semper
1457 828 1575 867 eam
1608 812 1849 881 recipere
1869 812 2029 866 debet
2047 811 2115 865 de

541 929 697 968 manu
722 908 931 963 diaconi
960 906 1045 960 vel
1072 904 1333 974 capellani
1364 900 1659 955 amoventis
1688 902 1880 971 ipsam,
1902 908 1958 955 et
2010 910 2117 954 tra-

538 1006 667 1059 dere
694 1017 812 1056 eam
839 1000 939 1064 illi,
963 1012 1083 1052 cum
1112 996 1269 1049 fuerit
1299 993 1639 1062 imponenda.

611 1092 762 1159 Quod
787 1092 831 1144 si
862 1087 1096 1158 pontifex
1122 1087 1278 1155 juxta
1309 1086 1476 1138 altare
1517 1083 1787 1147 induatur,
1822 1098 1927 1136 non
1958 1097 2117 1151 opor-

539 1194 619 1239 tet
649 1179 951 1249 lmjusmodi
986 1175 1383 1247 processiOnem
1415 1175 1567 1238 fieri;
1598 1173 1691 1227 sed
1720 1173 1837 1237 ipso
1866 1174 2118 1242 pontifice

540 1275 831 1330 accedente
871 1274 937 1325 ad
984 1271 1188 1333 altare,
1219 1268 1599 1323 deducentibus
1637 1268 1808 1335 ipsum
1838 1266 2115 1333 capeliano

536 1374 593 1417 et
633 1364 879 1425 diacono,
927 1357 1234 1414 ceroferarii
1283 1357 1391 1410 sint
1438 1356 1605 1425 parati
1651 1357 1802 1424 juxta
1843 1356 2033 1421 altare,
2066 1364 2121 1407 et

538 1456 802 1524 accipiant
844 1452 911 1505 de
949 1452 1117 1504 altare
1162 1448 1480 1503 candelabra
1510 1464 1628 1501 cum
1656 1448 1828 1501 cereis
1857 1446 2116 1501 accensis.

538 1546 930 1599 Tlturiferarins
977 1554 1189 1610 quoque
1235 1541 1306 1594 sit
1349 1548 1564 1607 paratus
1605 1537 1658 1591 in
1709 1537 1924 1590 sinistra
1972 1543 2120 1604 parte

537 1653 657 1690 cum
708 1632 1001 1697 tlturibulo,
1034 1632 1085 1685 in
1134 1645 1241 1700 quo
1279 1630 1348 1683 sit
1392 1629 1549 1697 ignis,
1582 1637 1637 1681 et
1683 1643 1804 1681 cum
1856 1627 2117 1680 navicula.

543 1726 785 1781 Pontifex
828 1732 1005 1777 autem
1038 1722 1321 1776 inclinatus
1352 1720 1617 1787 paululum
1646 1727 1770 1771 ante
1796 1718 1963 1770 altare
1992 1731 2121 1769 con-

538 1818 823 1872 fessionem
871 1815 1057 1876 faciat,
1106 1812 1270 1882 296
1296 1809 1673 1864 assistentibus
1702 1812 1748 1861 ei
1787 1808 2061 1876 capellano
2090 1824 2118 1860 a
2151 1779 2197 1839 Β

540 1916 689 1974 parte
717 1906 924 1967 dextra,
949 1912 1002 1958 et
1026 1902 1250 1955 diacono
1272 1915 1303 1953 a
1326 1900 1563 1953 sinistra.
1582 1898 1949 1952 Subdiaconns
1967 1913 2118 1964 vero,

538 1997 583 2050 si
614 1994 774 2049 debet
802 1992 1112 2055 immittere,
1142 1987 1474 2057 manipulum
1501 1986 1738 2055 pontifici
1762 1986 2030 2040 immittat.
2056 1986 2123 2040 Et

537 2088 663 2142 dum
685 2082 917 2152 pontifex
943 2081 1068 2136 facit
1088 2079 1501 2143 confessionem,
1521 2087 1628 2132 stet
1646 2092 1765 2131 cum
1798 2077 1936 2131 libro
1959 2076 2123 2131 Evan-

536 2181 789 2251 geliorum
828 2176 971 2242 iuxta
1008 2172 1232 2243 gradum
1266 2171 1450 2225 altaris
1491 2171 1543 2224 in
1591 2170 1805 2223 sinistra
1855 2177 2033 2239 parte,
2065 2176 2119 2221 et

537 2265 842 2322 eeroferarii
891 2272 1034 2319 stent
1062 2263 1201 2317 circa
1242 2262 1434 2325 altare,
1464 2274 1600 2315 unus
1629 2261 1680 2313 in
1707 2258 1948 2322 dextera,
1981 2258 2118 2312 alius

538 2361 592 2415 in
640 2360 853 2412 sinistra
896 2365 1067 2425 parte.
1100 2355 1203 2410 Alii
1249 2354 1479 2409 ministri
1531 2364 1756 2422 possunt
1806 2363 1951 2407 stare
2002 2361 2122 2421 post

544 2448 874 2517 pontificem.
906 2446 1066 2501 Facta
1091 2443 1423 2499 confessione
1444 2452 1497 2498 et
1526 2442 1648 2498 data
1671 2440 2005 2497 absolutione
2025 2456 2122 2510 per

538 2542 861 2611 pontificem,
892 2539 1196 2610 priusquam
1219 2535 1362 2590 dicat
1394 2535 1528 2589 Deus
1569 2542 1626 2587 tu
1667 2548 1956 2603 conversus,
1985 2543 2118 2600 etc.,

537 2634 853 2703 (Iapellanus
884 2629 1110 2697 accipiat
1155 2628 1221 2681 de
1252 2641 1413 2680 manu
1455 2624 1781 2680 tburiferarii
1820 2623 2119 2678 naviculam

538 2742 659 2780 cum
686 2725 861 2785 thure,
892 2736 1048 2790 quam
1080 2719 1170 2773 ille
1199 2718 1298 2772 sibi
1332 2716 1605 2787 porrigere
1635 2716 1792 2771 debet
1819 2714 1959 2770 inter
1989 2730 2119 2783 pon-

539 2819 732 2873 tificem
764 2829 818 2870 et
844 2815 1030 2877 altare,
1055 2822 1107 2866 et
1141 2808 1376 2880 pontifex
1408 2814 1576 2880 ponat
1603 2806 1723 2861 thus
1749 2808 1801 2860 in
1825 2805 2117 2869 thuribulo,

538 2908 816 2977 eapellano
842 2901 1139 2959 naviculam
1171 2908 1225 2954 et
1255 2896 1600 2953 thuriferarin
1632 2894 1959 2949 thuribulum
1988 2892 2122 2947 olle-

539 2999 779 3053 rentibus
816 2996 896 3059 ei,
943 2995 1082 3050 sicut
1123 2990 1367 3060 superius
1407 2989 1606 3042 dictum
1654 2994 1756 3042 est.
1793 2985 1911 3053 Quo
1955 2984 2115 3047 facto,

2218 545 2361 598 dicat
2406 545 2523 599 sine
2550 553 2709 599 cantu
2757 559 2879 598 cum
2928 546 3041 599 suis
3092 546 3352 601 ministris
3402 547 3728 610 lntroitum,
3772 561 3825 601 et

2219 633 2401 705 It'yrie,
2427 635 2636 702 eleison,
2660 635 2821 705 297
2845 634 3124 703 capellano
3149 637 3359 690 interim
3386 647 3617 705 aptante
3647 649 3825 692 vestes

2217 725 2352 793 ejus,
2398 724 2646 779 videlicet
2699 723 2937 778 manicas
2985 725 3280 781 dalmaticz
3326 725 3722 795 componendo
3774 730 3822 781 in

2217 812 2398 866 debita
2430 811 2587 879 plica,
2619 820 2673 868 et
2704 813 2953 867 similiter
2989 818 3365 883 componendo
3399 822 3686 886 planetam
3740 832 3825 870 su-

2218 920 2316 973 per
2342 905 2585 970 brachia,
2620 914 2675 959 et
2717 906 3056 965 extendendo
3092 923 3213 963 eam
3258 923 3426 977 super
3479 910 3749 963 humeros
3772 923 3825 966 et

2221 994 2481 1049 trahendo
2507 1011 2535 1048 a
2566 1005 2718 1064 parte
2745 996 3030 1061 anteriori,
3073 1007 3218 1065 aptet
3260 1000 3483 1069 pallium
3508 999 3674 1067 juxta
3709 1015 3823 1051 mo-

2219 1084 2344 1137 dum
2372 1086 2619 1152 superius
2650 1085 3003 1155 dcscriptum.
3036 1087 3098 1140 Et
3138 1088 3242 1142 hoc
3280 1090 3426 1157 quod
3478 1091 3695 1142 dictum
3739 1100 3822 1143 est

2218 1174 2286 1229 de
2315 1176 2561 1244 aptandis
2592 1177 2831 1232 vestibus
2866 1178 3129 1245 pontificis
3155 1180 3465 1246 capellanus
3504 1196 3604 1235 seu
3637 1182 3823 1233 diaco-

2220 1279 2320 1318 nus
2347 1280 2500 1333 semp
2536 1282 2562 1319 r
2594 1266 2770 1320 facere
2799 1267 3018 1334 debent,
3051 1272 3263 1338 quando
3303 1272 3516 1325 videtur
3556 1283 3821 1340 opportu-

2224 1371 2375 1423 num,
2415 1364 2470 1410 et
2508 1357 2814 1424 specialiter
2841 1359 3055 1427 quando
3094 1359 3329 1427 pontifex
3370 1362 3563 1429 surgit.
3606 1364 3819 1429 Aptatis

2222 1448 2462 1501 vestibus
2494 1448 2730 1516 pontifex
2773 1451 2978 1514 sedeat,
3010 1450 3236 1506 diacono
3274 1452 3591 1519 imponente
3629 1453 3683 1505 ei
3724 1460 3815 1506 mi.

2224 1548 2386 1605 tram,
2404 1548 2459 1592 et
2485 1555 2592 1594 uno
2620 1539 2687 1593 de
2706 1540 2973 1610 acolytbis
2996 1542 3335 1610 expandente
3356 1559 3522 1610 super
3546 1545 3813 1611 gremium

2223 1628 2344 1698 eius
2373 1630 2650 1699 pulchram
2683 1630 2971 1698 tobaleam,
3003 1646 3160 1699 quam
3193 1632 3430 1700 pontifex
3468 1646 3694 1701 semper
3724 1634 3817 1686 ba-

2228 1722 2353 1775 bere
2382 1720 2545 1775 debet
2580 1720 2705 1773 dum
2737 1721 2923 1787 sedet;
2964 1731 3019 1776 et
3048 1722 3093 1776 si
3124 1735 3483 1792 opportunum
3519 1725 3814 1789 videbitur,

2226 1809 2270 1864 is
2293 1809 2385 1879 qui
2426 1811 2639 1864 mitram
2671 1820 2870 1876 servat,
2899 1820 3049 1866 stans
3081 1812 3237 1880 juxta
3265 1814 3598 1883 pontificem,
3630 1823 3690 1868 et
3725 1816 3817 1868 Περ

2224 1899 2422 1954 bellum
2466 1911 2675 1970 tenens,
2704 1901 2882 1973 abigat
2918 1904 2985 1957 ab
3014 1918 3081 1958 eo
3110 1918 3341 1958 muscas.
3372 1906 3819 1975 Quandocunque

2224 1998 2403 2045 autem
2443 2005 2667 2061 surgere
2696 1991 2853 2047 debet
2880 1991 3137 2047 diaconus
3166 1994 3271 2061 vel,
3311 1994 3358 2048 si
3384 1995 3436 2049 ei
3490 2010 3603 2049 non
3635 2006 3816 2061 vacat,

2222 2082 2550 2152 capellanus,
2599 2084 2869 2149 accipiens
2920 2084 3161 2139 eamdem
3213 2085 3500 2151 tobaleam,
3561 2087 3818 2140 extendat

2225 2188 2415 2228 manus
2456 2188 2602 2241 suas,
2658 2181 2713 2227 et
2766 2173 3033 2228 mediante
3080 2174 3194 2242 ipsa
3242 2176 3449 2229 tobalea
3502 2188 3819 2229 reverenter

2223 2263 2454 2333 accipiat
2482 2278 2670 2317 manus
2694 2265 2979 2333 pontificis,
3000 2274 3055 2319 et
3074 2265 3322 2319 eumdem
3353 2265 3574 2332 adjuvet
3602 2268 3669 2317 ad
3698 2281 3820 2319 sur-

2222 2356 2489 2424 gendum;
2533 2355 2728 2410 deinde
2768 2354 3032 2409 tobalc-am
3073 2355 3251 2409 tradat
3285 2357 3565 2425 acolytbo.
3611 2356 3679 2409 Et
3719 2356 3820 2411 hoc

2222 2445 2367 2516 quod
2410 2445 2609 2501 dictum
2657 2456 2739 2501 est
2775 2446 2843 2501 de
2874 2446 3081 2500 tobalea
3118 2446 3473 2514 expandenda
3503 2462 3673 2514 super
3701 2462 3821 2515 gre-

2223 2536 2389 2591 mium
2421 2536 2693 2606 pontiﬁcis
2722 2550 2938 2605 semper
2988 2538 3381 2592 observandum
3434 2547 3541 2604 est,
3597 2538 3819 2607 quando

2225 2625 2465 2698 pontifex
2496 2628 2730 2691 residet;
2758 2636 2814 2683 et
2843 2629 3056 2696 quando
3092 2643 3310 2698 surgere
3338 2628 3520 2695 debet,
3545 2629 3821 2696 iuvandus

2222 2726 2307 2772 est
2335 2717 2591 2786 praedicto
2622 2716 2801 2781 modo,
2836 2717 2917 2770 vel
2947 2731 3043 2785 per
3071 2716 3353 2771 diaconum
3383 2719 3468 2771 vel
3500 2732 3601 2786 per
3636 2719 3823 2786 capel-

2223 2807 2423 2862 lanum.
2462 2808 2753 2863 Residente
2789 2808 3061 2876 pontifice,
3103 2816 3160 2863 ut
3196 2810 3396 2864 dictum
3441 2818 3552 2875 est,
3584 2809 3824 2863 ministri

2224 2900 2450 2954 sedeant
2497 2901 2637 2956 circa
2694 2903 2889 2969 ipsum,
2944 2911 3103 2970 prout
3151 2901 3489 2956 commodius
3540 2910 3823 2971 poterunt,

2224 2992 2519 3047 secundum
2549 2994 2861 3062 qualitatem
2883 2992 3010 3047 loci.

541 3087 776 3158 pontifex
803 3085 1028 3140 dicendo
1074 3083 1212 3137 Deus
1250 3092 1305 3136 tu
1326 3094 1628 3145 conversus,
1659 3089 1790 3144 etc.,
1822 3076 2120 3131 ascendens
2144 3096 2197 3162 α
2296 3081 2536 3136 Cantatis
2578 3082 2799 3138 lntroitu
2830 3092 2885 3138 et
2908 3082 3090 3153 Κριτία,
3113 3083 3302 3137 eleison
3342 3097 3373 3136 a
3409 3083 3608 3148 choro,
3636 3093 3829 3155 surgat

543 3179 604 3233 ad
650 3175 839 3239 altare,
867 3184 922 3229 et
964 3170 1251 3227 inclinatus
1276 3179 1401 3224 ante
1431 3167 1629 3237 ipsum,
1657 3165 1785 3220 dicit
1811 3162 2120 3220 Orationem

542 3269 703 3337 Aufer
729 3284 761 3321 α
789 3266 966 3330 nobis,
1008 3269 1143 3329 etc.,
1190 3276 1292 3331 qua
1319 3260 1460 3315 dicta
1482 3300 1499 3325 ,
1524 3258 1798 3314 osculatur
1833 3257 2002 3312 altare
2021 3299 2034 3321 ,
2066 3264 2123 3311 et

543 3370 726 3430 postea
746 3359 1017 3414 osculetur
1040 3355 1230 3409 librum
1250 3351 1680 3418 Evangeliorum,
1694 3364 1853 3420 quem
1874 3357 2119 3418 apertum

546 3457 600 3509 in
626 3468 691 3508 eo
713 3453 854 3515 loco,
880 3450 931 3503 in
956 3463 1062 3518 quo
1081 3454 1163 3501 est
1192 3443 1536 3513 Evangelium
1560 3441 1842 3511 legendum
1868 3439 2118 3506 inMissa,

542 3544 736 3610 offerre
759 3541 916 3597 debet
941 3539 988 3594 ei
1010 3537 1399 3600 subdiaconus;
1428 3543 1481 3590 et
1506 3533 1803 3588 osculatum
1828 3546 1922 3601 per
1942 3532 2123 3601 ponti-

545 3641 701 3690 licem
747 3631 978 3687 dimittat
1023 3630 1261 3683 clausum
1290 3641 1450 3695 super
1489 3625 1687 3690 altare,
1722 3624 1820 3678 nisi
1852 3639 1919 3677 ex
1963 3636 2124 3676 causa

544 3722 669 3777 alibi
698 3719 1037 3789 reponendus
1067 3717 1329 3771 videatur.
1363 3714 1616 3769 Osculato
1654 3714 1790 3767 libro
1814 3752 1828 3775 ,
1862 3714 2037 3781 signet
2066 3726 2125 3765 se

549 3811 783 3878 pontifex
815 3812 968 3878 signo
995 3808 1188 3872 crucis,
1214 3816 1268 3862 et
1292 3815 1417 3859 tunc
1440 3804 1639 3860 chorus
1668 3802 1906 3872 incipi-rc
1947 3810 2124 3870 potest

548 3904 843 3960 lntroitum.
885 3902 1124 3970 Cumque
1152 3897 1387 3968 pontifex
1434 3896 1727 3966 signaverit
1769 3909 1829 3948 se
1861 3892 2122 3963 praedicto

548 3996 727 4058 modo,
762 4002 936 4048 vertat
962 4007 1020 4046 se
1060 3993 1125 4045 ad
1156 3990 1395 4044 dextram
1431 3996 1632 4056 partem
1677 3985 1893 4050 altaris;
1921 3993 1975 4038 et
2011 3984 2124 4036 dia-

544 4102 712 4143 conus
733 4085 1003 4154 accipiens
1031 4081 1357 4137 thuribulum
1383 4080 1450 4135 de
1481 4095 1637 4132 manu
1661 4075 1985 4131 tlturil‘erarii
2018 4085 2125 4129 tra-

547 4181 637 4231 dat
678 4174 942 4244 pontifici;
974 4182 1029 4228 et
1073 4174 1186 4237 ipse
1230 4170 1465 4239 pontifex
1504 4170 1743 4222 incensat
1771 4168 1961 4227 altare,
1993 4164 2123 4218 inci-

548 4270 699 4327 niens
726 4267 794 4320 ab
835 4266 950 4331 ejus
995 4262 1171 4317 medio
1203 4270 1387 4315 contra
1434 4260 1620 4314 faciem
1665 4273 1849 4323 suam;
1890 4267 1941 4311 ct
1980 4258 2124 4325 prius

548 4358 788 4419 incensat
815 4365 1014 4425 partem
1038 4357 1299 4415 dextram,
1323 4361 1377 4407 et
1396 4360 1577 4420 postea
1598 4350 1902 4416 sinistram;
1932 4349 2123 4404 deinde

549 4467 579 4504 a
608 4450 826 4505 sinistro
857 4448 1023 4501 latere
1058 4446 1241 4499 redeat
1269 4443 1334 4496 ad
1365 4442 1630 4506 dextram,
1672 4443 1995 4495 incensando
2034 4456 2129 4493 an-

557 4542 805 4596 teriorem
829 4546 1032 4605 partem
1054 4535 1221 4603 ipsius
1251 4533 1456 4587 altaris.
1480 4534 1597 4597 Quo
1619 4533 1914 4597 incensato,
1946 4531 2131 4586 reddat

556 4631 881 4688 thuribulum
908 4629 1156 4691 diacono,
1182 4628 1269 4694 qui
1304 4623 1533 4679 osculari
1563 4623 1718 4678 debet
1755 4636 1966 4676 manum
1998 4634 2131 4689 pon-

551 4723 732 4787 tificis,
760 4730 814 4777 et
856 4718 1070 4788 quando
1118 4716 1278 4770 tradit
1327 4715 1377 4769 ei
1428 4713 1779 4772 thuribulum.
1834 4720 1885 4765 et
1916 4710 2129 4779 quando

553 4815 741 4882 recipit
767 4812 835 4865 ab
862 4811 1001 4879 ipso.
1033 4807 1297 4862 Diaconus
1334 4819 1484 4870 vero,
1518 4814 1738 4872 accepto
1769 4800 2037 4858 thuribulo
2062 4801 2130 4855 de

552 4918 711 4959 matm
756 4898 1044 4970 pontiﬁcis,
1084 4897 1322 4950 incenset
1372 4895 1544 4963 ipsum
1578 4893 1902 4962 pontificem,
1933 4891 2128 4946 deinde

552 4996 721 5048 altare
750 5007 843 5061 per
881 4987 1192 5052 circuitum;
1231 4993 1412 5055 postea
1444 4985 1620 5038 tradat
1649 4983 1974 5037 thuribulum
2009 4984 2129 5036 tbu-

555 5088 821 5154 riferario,
848 5096 905 5141 et
929 5085 1045 5153 ipse
1070 5081 1289 5137 accedat
1315 5080 1380 5134 ad
1408 5079 1590 5134 sedem
1624 5078 1910 5147 pontificis.

629 5202 868 5258 Pontifex
911 5207 1089 5253 autem
1121 5204 1398 5266 postquam
1440 5190 1812 5255 incensaverit,
1845 5199 1903 5244 ut
1931 5190 2130 5245 dictum

555 5304 659 5359 est,
678 5290 1063 5347 deducentibus
1083 5303 1205 5343 eum
1224 5284 1501 5354 capellano
1522 5292 1575 5337 et
1600 5282 1951 5347 subdiacono,
1977 5282 2135 5335 vadat

559 5383 626 5435 ad
654 5382 837 5437 sedem
869 5396 1039 5446 suam,
1080 5378 1329 5432 videlicet
1368 5375 1432 5429 ad
1474 5372 1822 5428 faldistorium
1864 5386 2135 5441 praepara.-

562 5479 673 5523 tttm
714 5470 765 5523 in
795 5469 981 5523 dextra
1030 5477 1180 5537 parte
1216 5466 1420 5525 altaris,
1454 5480 1546 5518 seu
1578 5470 1696 5530 post
1726 5462 1897 5530 ipsum
1941 5460 2128 5523 altare,

562 5558 856 5613 secundum
900 5558 1211 5625 qualitatem
1258 5565 1311 5609 et
1359 5552 1792 5608 consuetudinem
1844 5548 1984 5614 loci;
2044 5548 2133 5601 ubi

566 5661 695 5700 vero
728 5658 1040 5700 consuetum
1066 5657 1145 5700 est
1176 5645 1314 5713 quod
1357 5641 1591 5712 pontifex
1645 5643 1830 5696 sedeat
1866 5639 1918 5694 in
1957 5639 2135 5695 altiori

564 5739 691 5791 sede
719 5734 923 5804 lapidea
952 5745 1002 5789 et
1027 5736 1221 5805 lignea,
1254 5743 1498 5789 servetur
1520 5732 1869 5787 consuetudo.
1895 5727 2138 5799 Cumque

2227 3171 2485 3241 pontifex,
2508 3182 2562 3227 et
2581 3173 2839 3227 diaconus
2867 3182 3017 3243 aptet
3046 3172 3097 3227 ei
3121 3184 3316 3238 vestes,
3350 3182 3510 3242 prout
3548 3187 3689 3241 opus
3719 3186 3825 3227 est.

2228 3260 2347 3330 Ipse
2372 3268 2549 3317 autem
2580 3262 2819 3330 pontifex
2844 3272 2994 3317 stans
3024 3278 3187 3333 super
3208 3264 3527 3328 scabellum,
3558 3275 3749 3318 amota
3777 3265 3828 3320 ei

2228 3352 2389 3406 mitra
2423 3367 2516 3420 per
2544 3351 2850 3415 diaconum,
2882 3354 3056 3408 elevet
3086 3368 3276 3408 manus
3298 3353 3447 3423 juxta
3476 3354 3824 3408 altitudinem

2230 3441 2601 3507 humerorum,
2635 3443 2704 3495 ita
2736 3445 2875 3512 quod
2899 3444 3087 3498 dextra
3114 3442 3185 3498 sit
3214 3454 3340 3498 ante
3360 3444 3616 3497 dextrum
3639 3452 3830 3499 hume-

2230 3547 2371 3598 rum,
2399 3542 2455 3587 et
2493 3533 2709 3588 sinistra
2752 3543 2877 3588 ante
2926 3535 3224 3599 sinistrum,
3255 3534 3497 3587 extensis
3546 3535 3829 3603 utriusque

2230 3638 2420 3678 manus
2450 3624 2555 3693 digi
2585 3624 2650 3690 is,
2683 3625 2775 3678 sed
2826 3640 2932 3679 non
2980 3624 3296 3693 disjunctis;
3340 3634 3396 3678 et
3440 3625 3701 3679 manibus
3752 3627 3830 3679 sic

2230 3716 2453 3772 elevatis
2492 3716 2708 3785 incipiat
2746 3715 2925 3770 Gloria
2969 3719 3023 3770 in
3053 3718 3289 3780 excelsis,
3320 3718 3363 3771 si
3393 3716 3514 3770 dies
3545 3720 3827 3786 requirat;

2229 3818 2433 3864 etcum
2482 3810 2677 3863 dixerit
2730 3809 2859 3875 Deo,
2904 3811 3093 3881 jungat
3136 3825 3325 3865 manus
3354 3820 3482 3863 ante
3514 3821 3731 3878 pectus,
3780 3821 3833 3864 et

2226 3899 2398 3969 ipsum
2424 3900 2692 3970 Hynnum
2711 3902 3020 3972 Angelicum
3049 3915 3397 3971 prosequatur
3418 3901 3541 3956 sine
3564 3914 3694 3957 nota
3710 3919 3831 3957 cum

2227 3992 2339 4048 suis
2388 3991 2667 4047 miniStris.
2698 3993 2815 4059 Quo
2843 3994 2921 4049 sic
2966 3994 3130 4057 dicto,
3173 3996 3428 4062 resideat,
3461 4005 3522 4050 et
3565 3996 3831 4050 diaconus

2231 4083 2469 4151 imponat
2498 4083 2547 4137 ei
2599 4086 2842 4148 mitram;
2874 4093 2929 4138 et
2959 4093 3235 4152 postquam
3266 4085 3518 4139 eumdem
3553 4084 3829 4155 Hymuum

2233 4176 2429 4229 chorus
2455 4177 2777 4240 cantavcrit,
2831 4177 3023 4229 iterum
3058 4184 3259 4243 surgat,
3300 4184 3353 4229 et
3381 4184 3564 4228 amota
3593 4175 3646 4228 ei
3677 4176 3830 4228 mitra

2237 4283 2333 4336 per
2359 4268 2664 4331 diaconum,
2687 4268 2910 4320 elevatis
2936 4267 3201 4332 manibus,
3227 4278 3284 4319 ut
3307 4282 3466 4335 supra
3491 4267 3701 4319 dictum
3726 4275 3829 4328 est,

2231 4358 2373 4413 dicat
2418 4357 2531 4410 Pax
2561 4358 2697 4410 vobis
2711 4356 2954 4421 ;’deinde
2992 4367 3341 4425 prosequatur
3391 4356 3715 4409 Orationem
3751 4356 3827 4406 vel

2234 4449 2518 4501 Orationes
2543 4447 2834 4516 Secundum
2866 4448 3186 4515 exigentiam
3230 4447 3509 4516 temporis,
3549 4448 3829 4515 capellanc

2234 4546 2449 4593 tenente
2477 4539 2666 4592 librum
2690 4539 2964 4592 Missalem
2995 4548 3120 4592 ante
3153 4540 3339 4593 faciem
3364 4539 3506 4606 ejus,
3534 4549 3590 4592 et
3621 4540 3824 4591 Oratio-

2235 4642 2330 4682 nes
2360 4627 2611 4683 dicendas
2640 4627 2811 4682 eidem
2846 4637 3223 4696 praesentante,
3258 4642 3319 4681 ac
3361 4628 3594 4681 diacono
3622 4643 3651 4679 a
3698 4628 3827 4681 dex-

2236 4721 2356 4784 tris,
2399 4729 2456 4774 et
2492 4720 2820 4773 subdiacono
2851 4735 2878 4772 a
2922 4719 3154 4774 sinistris
3201 4720 3634 4774 sustentantibus
3681 4735 3824 4771 eum.

2233 4813 2473 4881 Cumque
2520 4824 2639 4881 post
2682 4812 2921 4866 ultimam
2970 4812 3276 4867 Orationem
3314 4813 3457 4866 dicet
3500 4812 3610 4864 Per
3656 4811 3825 4863 omnia

2232 4906 2421 4960 sarcula
2441 4906 2765 4969 swculorum,
2791 4906 2972 4974 jungat
3001 4920 3187 4959 manus
3205 4913 3329 4959 ante
3352 4892 3574 4973 pectus;
3606 4914 3663 4957 et
3684 4914 3824 4970 post-

2235 5013 2392 5066 quam
2442 4998 2605 5067 298
2648 4996 2849 5050 dixerit
2896 4997 3176 5052 Orationes
3218 4997 3473 5051 dicendas
3500 5010 3625 5049 cum
3677 5004 3823 5055 nota,

2237 5090 2431 5158 poterit
2458 5090 2639 5142 dicere
2667 5088 2932 5141 submissa
2976 5102 3109 5141 voce
3134 5087 3268 5141 duas
3305 5086 3614 5150 Orationes,
3665 5099 3823 5136 unam

2239 5196 2335 5250 pro
2381 5196 2459 5243 se,
2490 5180 2737 5235 videlicet
2778 5179 2942 5243 illam,
2970 5178 3305 5248 Suppliciter,
3337 5187 3470 5243 etc.,
3519 5178 3604 5232 vel
3655 5177 3821 5235 illam.

2240 5271 2567 5341 Omnipotens
2593 5272 2893 5340 sempiterne
2935 5268 3094 5333 Deus,
3133 5271 3223 5338 qui
3255 5285 3333 5322 me
3370 5278 3716 5339 peccatorem,
3750 5268 3822 5319 vel

2237 5363 2415 5424 aliam,
2449 5377 2567 5429 qua:
2590 5359 2855 5414 sacerdoti
2884 5362 3167 5414 conveniat
3196 5375 3289 5427 pro
3316 5374 3374 5413 se
3408 5363 3551 5428 ipso,
3582 5370 3636 5413 et
3664 5360 3823 5411 aliam

2239 5450 2543 5505 Orationem
2578 5466 2672 5517 pro
2704 5450 2838 5503 vivis
2861 5461 2913 5504 et
2945 5450 3191 5515 mortuis,
3225 5448 3474 5502 videlicet
3500 5449 3671 5511 illam,
3705 5446 3825 5498 0m-

2242 5546 2472 5614 nipotcns
2499 5543 2802 5611 sempiterna
2823 5541 2981 5604 Deus,
3003 5540 3090 5607 qui
3112 5540 3360 5604 vicorum,
3391 5548 3495 5593 etc.
3528 5538 3622 5591 Hze
3649 5546 3823 5591 tamen

2243 5637 2361 5690 duae
2388 5636 2668 5691 Orationes
2708 5634 2762 5689 in
2802 5633 3232 5690 solemnitatibus
3276 5632 3446 5688 omitti
3490 5640 3740 5699 possunt.
3770 5627 3823 5681 Si

2245 5743 2372 5784 vero
2399 5745 2503 5784 non
2550 5728 2742 5784 debeat
2770 5727 2873 5783 dici
2905 5725 3084 5781 Gloria
3123 5725 3176 5778 in
3205 5724 3436 5790 excelsis,
3469 5732 3685 5778 cantato
3716 5720 3823 5789 Ey-

3946 88 3963 379 l
