4006 6296
131 393 252 450 Hii!

1270 393 1528 448 ROMANI
1567 393 1884 451 ORNNES.
1929 427 1993 436 ——
2033 395 2169 448 XiV.

3247 400 3375 452 1152

120 508 213 568 rie,
244 504 454 563 elcison,
485 511 662 570 surgat
689 518 768 569 ρος
795 503 942 569 ιὶΐυχ,
967 513 1013 560 et
1040 506 1259 561 eiet-stis
1284 509 1527 563 manibus
1556 523 1693 577 prte-
1725 511 1770 567 A
1801 509 2124 563 subdiacono
2153 517 2362 563 tenente
2391 524 2600 564 ntanum
2625 510 2893 566 sinistram
2923 511 3022 566 sub
3044 512 3180 568 l.b.o
3205 516 3373 572 Evan-

118 598 258 650 diclo
293 593 449 646 modo
480 591 620 646 dicat
653 593 897 648 Dominus
929 597 1186 651 vobiscum
1211 641 1224 660 ,
1259 608 1312 654 ct
1351 609 1700 668 prosequatur

119 686 424 742 Orationem
455 699 545 737 seu
575 684 876 748 Orationes,
912 697 965 739 ut
990 689 1186 742 diutum
1220 700 1320 746 cst.

193 781 258 833 Et
297 789 378 832 est
417 779 794 832 attendendum
847 781 983 848 quod
1028 782 1286 850 pontifex,
1321 785 1530 852 quando
1573 785 1702 838 dicit

123 868 238 921 Patr
262 867 423 932 vobis,
467 869 550 920 vel
583 866 834 921 Dominus
875 871 1162 935 vobiscum,
1197 873 1248 926 in
1277 874 1454 938 Missa,
1487 889 1702 943 semper

129 960 325 1013 habeat
368 959 551 1012 faciem
586 959 648 1012 ad
683 961 956 1028 pupulum,
1003 965 1103 1017 hoc
1142 964 1288 1016 Salvo
1319 966 1458 1034 quod
1489 967 1701 1033 quando

125 1049 256 1102 dicit
301 1048 549 1102 Dominus
579 1051 832 1104 uobiscum
861 1059 981 1106 ante
1010 1052 1378 1107 Przefationem
1397 1094 1411 1118 ,
1443 1069 1536 1108 seu
1576 1065 1701 1110 ante

121 1145 318 1212 ipsum,
363 1144 480 1198 sive
525 1155 642 1213 post
687 1146 857 1214 ipsum
887 1148 954 1200 sit
996 1148 1242 1215 populus,
1276 1157 1480 1203 vertere
1507 1165 1564 1204 sc
1598 1167 1699 1204 non

116 1237 298 1290 debet.
351 1237 575 1303 Quando
620 1240 795 1291 autem
844 1238 969 1292 dicit
1018 1238 1194 1292 Gloria
1239 1240 1291 1292 in
1347 1241 1576 1304 excelsis,
1619 1243 1700 1296 vel

113 1327 424 1393 Orationes,
451 1328 532 1381 vel
575 1328 757 1392 Credo,
792 1328 977 1383 faciem
1013 1329 1200 1384 habeat
1230 1330 1293 1384 ad
1324 1332 1464 1385 illam
1496 1341 1699 1401 partem

115 1420 182 1470 ad
216 1434 371 1488 quam
400 1421 638 1488 aspicere
673 1419 850 1482 debet,
894 1422 1262 1490 prosequendo
1294 1423 1505 1477 Missam
1539 1425 1588 1476 in
1619 1425 1699 1479 al~

115 1513 219 1564 tari
250 1513 542 1567 secundum
575 1513 978 1580 dispositionem
1008 1514 1208 1567 altaris.
1242 1514 1408 1569 Dictis
1439 1515 1703 1570 Orationi-

115 1609 241 1672 bus,
259 1608 490 1675 pontifex
517 1606 762 1671 resideat,
788 1606 1146 1661 subdiaconus
1169 1621 1296 1661 vero
1319 1608 1440 1662 dum
1467 1607 1698 1676 pontifex

114 1699 248 1751 dicit
290 1699 596 1753 Orationem
645 1712 739 1752 seu
789 1697 1088 1762 Orationes,
1137 1707 1376 1765 tempore
1405 1709 1702 1769 opportuno

115 1790 265 1842 vadit
295 1803 415 1842 cum
449 1789 581 1842 libro
609 1787 950 1855 epistularum
981 1788 1046 1842 ad
1078 1790 1246 1843 locum
1275 1790 1327 1842 in
1352 1805 1455 1858 quo
1477 1789 1699 1858 epistola

1807 599 2090 667 geliorum.
2151 600 2216 653 Et
2273 609 2355 654 est
2411 603 2787 657 attendendum
2843 604 2981 672 quod
3038 605 3374 677 Evangelium

1805 689 2013 758 legatur
2042 690 2092 742 in
2126 691 2352 744 authunc
2392 705 2486 746 seu
2523 693 2723 762 pulp’to
2753 695 3030 750 eminenti.
3062 698 3376 752 (Ierofvrarii

1805 789 1860 833 et
1890 780 2252 836 thuriferarius
2285 781 2334 834 in
2365 784 2539 836 medio
2564 800 2748 839 eorum
2772 794 2911 838 stare
2935 786 3132 842 debent
3162 789 3380 844 inferius

1809 879 1932 924 ante
1962 871 2132 939 ipsum
2168 870 2448 939 pulpitum,
2485 872 2739 928 habentes
2777 872 2941 929 facies
2963 860 3143 930 versas
3173 878 3238 930 ad
3271 879 3382 931 dia-

1806 978 2021 1018 conum.
2055 964 2107 1018 Si
2142 980 2266 1019 vero
2293 965 2635 1034 Evangelium
2665 968 2867 1038 legatur
2893 968 2943 1023 in
2978 970 3213 1026 inferiori
3245 973 3381 1040 loco,

1811 1053 1979 1108 nibi'o
2010 1053 2183 1107 minus
2215 1054 2517 1109 ceroferarii
2542 1067 2595 1111 et
2619 1057 2983 1114 thuriferarius
3005 1061 3056 1115 in
3090 1063 3266 1117 medio
3293 1080 3384 1118 co-

1809 1157 1923 1194 rttm
1953 1154 2096 1196 stare
2123 1143 2322 1196 debent
2343 1153 2464 1197 ante
2493 1145 2676 1200 faciem
2707 1149 2932 1203 diaconi.
2963 1151 3023 1204 Et
3055 1153 3178 1205 dum
3212 1155 3384 1208 Evan—

1806 1233 2000 1301 gelium
2027 1232 2236 1301 legitur,
2273 1234 2522 1302 pontifex,
2553 1248 2727 1292 amota
2755 1241 2906 1292 mitra
2948 1250 3001 1297 et
3040 1246 3234 1308 aptatis
3258 1261 3380 1300 ves.

1810 1323 1949 1376 tibus
1993 1339 2083 1391 per
2110 1325 2463 1391 capellanum,
2499 1339 2601 1381 stet
2642 1344 2801 1398 Super
2838 1331 3149 1398 scabellum,
3185 1337 3384 1390 habens

1811 1411 1996 1466 facient
2031 1427 2242 1466 versam
2272 1415 2336 1468 ad
2369 1416 2539 1469 locum
2575 1418 2659 1471 ubi
2692 1419 2880 1488 legitur
2915 1425 3276 1493 livaugetium.

1883 1499 1946 1553 Et
1982 1497 2132 1554 finito
2160 1502 2461 1571 livangelio,
2492 1504 2535 1559 si
2578 1513 2700 1559 tunc
2729 1509 3004 1576 pra‘dieari
3039 1529 3142 1566 non
3173 1514 3384 1581 debeat,

1807 1593 2025 1649 elevatis
2054 1595 2321 1662 manibus,
2349 1605 2405 1650 ut
2427 1612 2582 1664 supra
2608 1600 2806 1653 dictum
2833 1611 2932 1666 est,
2962 1604 3175 1673 incipiat
3202 1603 3366 1660 Credo

1803 1685 1850 1739 si
1883 1695 1966 1740 est
1991 1687 2300 1753 dicendum;
2337 1698 2388 1742 et
2415 1703 2532 1743 cum
2561 1690 2757 1745 dixerit
2782 1691 2966 1754 Deum,
2989 1694 3178 1766 jungat
3201 1714 3387 1752 manus

1807 1777 1870 1829 ad
1904 1787 2106 1847 peetus,
2136 1788 2188 1833 et
2213 1791 2560 1848 prosequatur
2587 1783 2756 1851 ipsum
2787 1784 3100 1853 Symbolum
3123 1789 3239 1841 sine
3263 1800 3385 1842 nota

118 1879 346 1947 [egelida
389 1889 488 1942 es},
521 1877 858 1948 prmccdente
909 1894 1028 1932 cum
1070 1892 1176 1931 uno
1224 1878 1291 1933 de
1331 1879 1623 1950 acolythis;
1655 1888 1708 1933 el
1741 1864 1783 1922 Β
1811 1883 1930 1922 cum
2199 1871 2295 1923 Sibi
2339 1873 2616 1926 assistunt.
2748 1883 2923 1928 autem
2957 1876 3119 1929 Credo
3284 1897 3387 1933 11011

115 1977 253 2024 tunc
284 1985 417 2023 unus
447 1969 513 2022 de
540 1970 656 2023 aliis
687 1967 941 2022 ministris
970 1977 1232 2024 sustentet
1259 1971 1560 2039 pontificem
1587 1970 1704 2024 loco

114 2061 466 2123 subdiaconi;
502 2070 552 2115 et
602 2061 880 2128 comp'etis
925 2061 1265 2115 Orationibus
1293 2077 1422 2129 quas
1464 2060 1706 2130 pontifex

115 2155 248 2208 dicit
282 2170 401 2207 cum
434 2164 579 2217 nota,
614 2153 968 2208 subdiaconus
999 2154 1215 2224 incipiat
1253 2161 1310 2208 et
1357 2165 1710 2222 prosequatur

112 2248 440 2315 epistolam;
490 2260 589 2314 qua
641 2245 809 2306 finita,
853 2245 1032 2300 redeat
1078 2261 1197 2300 cum
1243 2245 1429 2301 eodem
1463 2245 1597 2298 libro
1640 2245 1703 2299 ad

118 2340 462 2406 pontificem,
495 2347 549 2392 et
596 2337 959 2408 genuﬂcclens
1006 2350 1183 2390 coram
1232 2351 1298 2391 eo
1347 2344 1631 2404 praesentet
1659 2336 1706 2389 ei

117 2431 319 2482 librum
365 2429 674 2498 prmdictum
728 2429 988 2492 clausum,
1030 2443 1190 2496 super
1227 2442 1383 2496 quem
1414 2435 1574 2495 ponat
1599 2441 1710 2478 ma-

129 2533 262 2571 num
293 2518 555 2584 dextram,
589 2531 744 2586 quam
785 2515 1140 2570 Sulnfiaconus
1171 2515 1461 2579 osculatur,
1498 2523 1549 2568 et
1577 2529 1708 2581 pon-

54 2627 60 2632 ·
123 2611 256 2665 tifex
309 2610 587 2664 benedicat
642 2609 687 2662 ei
757 2608 908 2678 signo
972 2608 1166 2664 crucis.
1227 2606 1482 2662 Similiter
1538 2607 1710 2661 facere

120 2703 347 2765 debent,
378 2701 468 2771 qui
505 2699 807 2771 prophetias
839 2699 1040 2770 legunt,
1082 2698 1293 2768 quando
1319 2697 1610 2768 prephetia:
1638 2698 1706 2752 le.

117 2801 323 2864 guntur
355 2793 405 2845 in
442 2791 616 2845 Missa.

197 2885 325 2938 Post
379 2881 666 2951 Epistolam
724 2896 848 2935 vero
890 2880 1268 2946 subdiaconus,
1311 2879 1353 2935 si
1398 2895 1501 2935 non
1549 2879 1711 2937 debet

121 2977 408 3048 przrdicari
442 2976 494 3030 in
540 2975 719 3039 Missa,
744 2972 936 3027 ablutis
968 2972 1146 3044 digitis
1190 2981 1452 3042 praeparet
1495 2972 1546 3026 in
1586 2979 1712 3041 apto

123 3071 254 3124 loco
301 3069 522 3123 calicem
571 3079 733 3134 prope
770 3065 959 3130 altare,
1008 3079 1208 3134 ponens
1253 3065 1303 3120 in
1337 3082 1400 3121 eo
1433 3067 1630 3131 viuum,
1658 3073 1714 3121 et

119 3164 359 3229 desuper
391 3171 634 3230 patenam
664 3173 786 3213 cum
818 3158 1023 3224 hostia;
1053 3167 1106 3213 et
1132 3167 1412 3230 utrumque
1439 3161 1714 3228 cooptriat

1813 1961 1992 2025 debet,
2028 1963 2178 2016 finito
2219 1962 2526 2032 Evangelia,
2570 1964 2710 2018 dicat
2741 1967 2972 2036 pontifex
3006 1969 3254 2024 Dominus
3303 1987 3390 2024 vo-

1811 2051 2024 2119 biscum,
2075 2051 2306 2107 Oremus.
2351 2054 2610 2109 Diaconus
2651 2066 2847 2123 autem,
2896 2059 3032 2113 lecto
3080 2061 3387 2129 Evangelio,

1811 2145 2080 2198 osculetur
2127 2144 2355 2211 fibrum;
2389 2145 2579 2200 deinde
2628 2147 2820 2201 reverti
2860 2147 3018 2231 debet
3049 2150 3112 2204 ad
3157 2152 3388 2205 officium

1813 2234 2102 2303 pontificis.
2139 2236 2558 2302 praecedentibus
2588 2251 2709 2291 eum
2740 2238 3074 2293 tburiferario
3098 2252 3151 2295 et
3189 2244 3392 2298 ccrofo~

1814 2328 1970 2379 rariis
1999 2326 2186 2381 eodem
2233 2328 2420 2382 ordine
2459 2345 2564 2398 quo
2593 2332 2818 2397 iverunt,
2867 2333 3201 2399 prtecedente
3233 2335 3389 2389 etiam

1811 2415 2139 2470 subdiacono
2171 2417 2342 2484 ipsum
2375 2417 2656 2473 diaconum
2681 2421 3008 2491 immediate,
3035 2435 3086 2479 et
3118 2425 3391 2482 deferente

1814 2506 2006 2560 librum
2043 2507 2449 2578 Evangeliorum
2484 2521 2745 2580 apertum.
2787 2513 2990 2580 Quibus
3022 2515 3387 2588 redeuntibus,

1813 2600 2121 2670 capellanus
2151 2602 2375 2670 accipiat
2405 2601 2726 2657 thuribulum
2755 2605 2820 2659 de
2853 2622 3010 2659 manu
3043 2608 3389 2677 tauriferarii,

1813 2702 1868 2748 et
1897 2694 2134 2748 inccnset
2166 2695 2508 2763 pontificem;
2537 2695 2729 2752 deinde
2767 2699 3124 2754 subdiaconus
3156 2717 3392 2770 przrseno

1816 2794 1890 2842 tet
1921 2786 2112 2841 librum
2163 2787 2570 2859 Evangeliorum
2622 2804 2861 2862 apertum
2904 2794 3169 2862 pontifici;
3201 2805 3252 2847 ct
3282 2795 3393 2862 ipse

1815 2887 1961 2934 stans
1981 2879 2192 2933 detecto
2217 2885 2388 2950 cap-te
2409 2881 2571 2952 300
2593 2883 2859 2938 osculetur
2884 2885 3227 2954 Evangelium
3253 2887 3392 2955 quod

1817 2973 2012 3028 lectum
2065 2981 2185 3040 est;
2243 2975 2551 3042 capellanus
2602 2988 2775 3032 autem
2828 2978 3014 3034 reddat
3071 2979 3392 3036 thuribulutn

1820 3065 2185 3131 tburiferario,
2239 3075 2516 3138 postquam
2567 3067 2921 3124 inccnsavcrit
2971 3071 3293 3138 pontificem.
3329 3073 3394 3126 Et

1817 3158 2084 3213 residente
2116 3159 2384 3226 pontifice,
2418 3158 2671 3214 diaconus
2710 3159 2946 3229 imponat
2975 3161 3023 3214 ei
3068 3163 3309 3228 mitram;
3344 3174 3396 3220 et

123 3252 414 3323 mappula;
449 3250 586 3319 quod
619 3249 664 3302 si
697 3266 800 3302 non
835 3250 904 3302 sit
941 3263 1106 3319 prope
1151 3249 1314 3303 altare
1361 3249 1508 3304 locus
1538 3259 1710 3318 aptus,
1742 3234 1788 3297 C
1820 3248 1862 3302 si
1888 3249 2095 3302 dicatur
2126 3248 2309 3313 Credo,
2345 3249 2460 3318 ipso
2491 3259 2700 3303 cantato
2727 3263 2756 3302 a
2780 3249 3186 3328 choro,iterum
3217 3263 3398 3326 surgat

123 3359 298 3412 super
331 3344 500 3410 ipsum
529 3341 693 3394 altare
725 3349 1053 3408 prmparetur
1073 3340 1230 3394 calix.
1263 3339 1464 3395 Do'nde
1489 3343 1710 3397 subdia-

122 3449 298 3486 conus
343 3432 521 3486 sedeat
551 3447 668 3485 cum
702 3431 821 3484 aliis
853 3432 1129 3486 miniSIris.
1156 3432 1213 3485 Si
1255 3446 1380 3485 vero
1412 3435 1713 3502 pradican-

124 3524 260 3576 dum
291 3534 396 3588 est,
437 3521 736 3590 hujusmodi
769 3523 1088 3591 praeparatio
1118 3522 1315 3578 differri
1349 3531 1522 3592 potest
1549 3539 1716 3594 usque

124 3623 253 3683 post
282 3612 734 3682 praedicationem.
1173 3609 1178 3615 ’

204 3704 474 3758 Diaconos
517 3714 690 3757 autem
737 3711 1040 3772 opportuno
1087 3712 1352 3773 tempore,
1411 3705 1713 3776 priuzqnam

127 3794 394 3848 finiantur
439 3808 499 3847 ca
546 3808 662 3864 quae
707 3794 965 3848 eantanda
1017 3803 1138 3858 sunt
1179 3802 1300 3848 ante
1347 3795 1714 3867 Evangelium,

126 3885 505 3952 genuflectens
545 3893 667 3939 ante
714 3884 1016 3954 pontificem
1051 3888 1316 3940 osculetur
1347 3901 1538 3940 manus
1581 3885 1717 3958 ejus,

125 3974 272 4028 nihil
301 3974 547 4029 dicendo.
574 3973 773 4029 Deinde
803 3975 1064 4030 accedens
1092 3978 1252 4046 299
1279 3977 1342 4030 ad
1377 3977 1544 4032 aitare
1570 3982 1719 4046 geni-

126 4066 243 4121 bus
276 4067 426 4120 llexis
465 4066 608 4120 dicat
644 4066 840 4120 Mutda
880 4084 967 4121 cor
1007 4085 1188 4134 mcum,
1223 4079 1350 4136 etc;
1391 4085 1722 4142 surgensque

127 4158 373 4227 accipiat
405 4158 470 4211 de
507 4157 684 4212 medio
727 4159 908 4212 altatis
939 4159 1130 4212 librum
1181 4160 1607 4232 Evangeliorum,
1633 4165 1721 4234 qui

126 4259 272 4305 ante
304 4251 484 4304 horam
520 4251 663 4304 il‘am
705 4251 824 4320 poni
865 4251 1022 4306 debet
1065 4251 1261 4306 ibidem
1298 4271 1389 4322 per
1418 4256 1720 4326 acolytum;

125 4353 194 4397 ct
219 4343 454 4397 tenendo
481 4342 672 4397 librum
707 4352 828 4398 ante
857 4355 1060 4412 pectus,
1093 4361 1385 4401 conversus
1411 4349 1474 4402 ad
1507 4349 1721 4418 pontifi-

127 4452 300 4499 cem,
351 4444 494 4490 stans
547 4436 798 4489 inclinato
839 4435 1044 4504 capite,
1094 4445 1240 4505 petat
1291 4438 1722 4495 Benedictionem

127 4527 407 4580 submissa
439 4542 566 4581 voce
592 4526 773 4580 dicens
799 4525 951 4592 Jube,
978 4528 1182 4591 doutne,
1211 4527 1532 4594 benedicere;
1562 4546 1719 4599 quem

1819 3337 2057 3407 pontifex
2085 3354 2099 3403 ;
2133 3346 2186 3391 et
2215 3347 2388 3392 amota
2421 3340 2468 3392 ei
2503 3341 2659 3392 mitra
2686 3354 2777 3408 per
2807 3339 3087 3396 diaconum
3118 3341 3258 3398 dicat
3295 3345 3394 3398 Do.

1818 3430 1988 3483 minus
2017 3429 2292 3498 vobiscum,
2328 3437 2384 3483 et
2429 3429 2674 3495 Oremus;
2706 3429 2894 3484 deinde
2941 3431 3189 3487 resideat.
3237 3433 3398 3490 Cane-

1820 3536 1937 3574 rum
1969 3521 2013 3575 si
2042 3520 2275 3589 pontifex
2319 3521 2609 3591 prmdicare
2636 3521 2814 3589 debet,
2857 3537 2960 3577 non
2992 3524 3209 3594 incipiat
3237 3525 3399 3580 Credo

1819 3612 1903 3666 vel
1947 3611 2196 3667 Dominus
2232 3613 2520 3676 vobiscum;
2560 3613 2652 3667 sed
2700 3625 2971 3682 exspectet
3017 3617 3185 3672 donec
3223 3618 3400 3673 diaco-

1822 3720 1921 3757 nus
1953 3703 2172 3768 redeat;
2206 3712 2278 3769 et,
2313 3705 2552 3759 osculato
2583 3704 2893 3774 Evangelia,
2921 3707 3058 3761 sicut
3091 3711 3398 3777 praidictum

1821 3804 1923 3860 est,
1955 3795 2218 3850 accedens
2259 3804 2380 3847 ante
2426 3795 2615 3862 altare,
2656 3797 2893 3868 inclinet,
2933 3811 2984 3854 et
3023 3811 3141 3854 oret
3171 3801 3403 3858 breviter

1821 3885 2034 3940 detecto
2064 3885 2255 3953 capite.
2281 3885 2430 3949 Quod
2455 3887 2498 3939 si
2533 3887 2677 3940 locus
2698 3888 2750 3941 in
2782 3905 2886 3955 quo
2911 3890 2970 3944 let
2993 3900 3101 3944 tum
3125 3901 3204 3944 est
3233 3893 3403 3946 Evan-

1821 3979 2017 4048 gelium
2047 3977 2211 4031 distet
2238 3990 2266 4028 a
2308 3977 2434 4031 sedc
2475 3978 2764 4046 pontificis,
2802 3979 3104 4050 priusquam
3145 3982 3401 4040 diaconus

1825 4071 2030 4138 redeat,
2065 4078 2242 4141 potest
2274 4071 2508 4139 ponti'ex
2539 4073 2796 4128 accedere
2825 4074 2890 4128 ad
2933 4075 3232 4129 Orationem
3264 4092 3401 4144 pra:-

1826 4161 2043 4227 dictam,
2071 4173 2122 4216 et
2156 4170 2275 4230 post
2304 4162 2472 4229 ipsam
2501 4162 2740 4231 recipere
2769 4163 3066 4231 incensum,
3098 4173 3151 4219 et
3178 4165 3404 4220 osculari

1826 4254 2039 4308 Lbrum.
2076 4253 2272 4307 Deinde
2305 4253 2550 4322 imposita
2577 4254 2624 4308 ei
2653 4255 2806 4308 mitra
2833 4270 2927 4326 per
2950 4257 3255 4320 diaconum,
3285 4274 3405 4327 per-

1825 4352 1915 4412 gat
1941 4344 2004 4397 ad
2036 4347 2205 4398 locum
2257 4344 2307 4395 in
2352 4359 2457 4414 quo
2488 4345 2868 4412 prmdicaturus
2909 4355 3009 4411 est,
3037 4348 3122 4401 ubi
3153 4347 3406 4404 diaconus

1827 4441 1972 4502 aptet
2002 4435 2047 4486 ei
2087 4443 2275 4498 vestes,
2303 4442 2460 4502 prout
2486 4447 2617 4504 opus
2651 4443 2764 4500 est;
2811 4442 2865 4489 et
2893 4434 3122 4504 pontifex
3157 4438 3407 4500 praedicet

1829 4542 1892 4581 cu
1920 4547 1946 4579 ιι
1991 4527 2164 4581 mitra.
2205 4557 2216 4568 -
2619 4544 2622 4548 '

131 4617 382 4683 pontifex
412 4617 584 4684 signet
623 4619 774 4686 signo
811 4616 1017 4682 crucis,
1047 4617 1231 4673 decus
1274 4616 1523 4672 Dominus
1565 4621 1627 4672 sit
1671 4622 1723 4675 in
1753 4604 1806 4664 Ῑ)
1901 4621 2072 4675 Finita
2097 4619 2495 4690 prmdieatioae,
2526 4618 2684 4673 faciat
2707 4619 3096 4676 confess’onem
3121 4620 3406 4686 diaconus;

133 4709 303 4761 corde
333 4720 443 4773 tuo,
469 4718 571 4762 etc.
597 4707 726 4762 Cum
761 4717 938 4762 autem
966 4709 1220 4763 diaconus
1242 4710 1305 4762 ad
1333 4711 1500 4763 altare
1523 4703 1724 4766 accedit

131 4812 419 4866 oraturus,
442 4809 495 4852 ιιι
518 4799 567 4852 di
606 4809 713 4854 tum
737 4810 838 4865 est,
863 4798 1228 4854 tlturiferarius
1253 4799 1580 4855 thuribulum
1603 4817 1720 4856 cum

131 4893 274 4961 igne
295 4891 543 4970 deferens
569 4903 690 4948 ante
711 4893 1032 4962 pontiﬁcem,
1064 4895 1243 4950 flectat
1268 4910 1454 4966 genua,
1482 4905 1534 4950 et
1557 4897 1729 4952 tradat

134 4993 452 5047 naviculam
483 5008 601 5048 cum
644 4993 796 5047 thure
836 4993 1144 5060 capellano,
1192 4994 1277 5062 qui
1313 4995 1560 5048 similiter
1589 5009 1726 5063 genu

129 5084 367 5149 ﬂectat;
397 5092 449 5136 et
472 5083 583 5151 ipso
607 5083 841 5151 pontifex
874 5083 1144 5138 incensum
1177 5093 1335 5151 ponat
1361 5086 1410 5139 in
1434 5085 1725 5150 tlmribulo,

133 5187 206 5231 ct
241 5175 524 5230 benedicat
543 5189 610 5229 eo
638 5173 797 5229 modo
826 5174 912 5244 qui
939 5189 1096 5244 Supra
1129 5175 1443 5231 de-cribitur
1474 5177 1525 5231 in
1559 5182 1639 5247 pri
1665 5192 1728 5232 ita

141 5267 423 5336 positione
463 5265 687 5320 incensi.
731 5266 960 5334 Accepta
1011 5265 1422 5333 Benedictione,
1473 5269 1731 5323 diaconus

141 5360 339 5412 ferens
369 5356 561 5411 librum
592 5357 994 5426 Evangeliorum
1034 5366 1156 5413 ante
1185 5369 1368 5427 pectus
1397 5373 1570 5427 suum,
1597 5375 1734 5429 pra:—

140 5448 475 5504 cedentibus
501 5465 618 5504 cum
652 5451 822 5519 primo
851 5449 965 5504 loco
985 5437 1346 5513 thuriferario,
1381 5452 1614 5506 secundo
1639 5469 1732 5507 cc-

143 5538 467 5604 referariis,
514 5553 695 5611 pergat
724 5543 789 5597 ad
822 5542 997 5597 locum
1039 5543 1091 5597 in
1120 5556 1224 5611 quo
1253 5541 1596 5610 Evangelium
1631 5545 1733 5615 legi

141 5631 346 5694 debet,
379 5633 703 5688 subdiacono
731 5649 852 5688 eum
891 5644 1176 5701 sequente;
1215 5642 1268 5688 et
1299 5632 1462 5686 finitis
1487 5636 1736 5691 omnibus

140 5737 282 5790 qua:
313 5723 364 5775 in
397 5723 562 5776 choro
587 5725 789 5780 cantari
818 5725 1016 5780 debent
1043 5733 1168 5778 ante
1208 5724 1568 5794 Evangelium,
1602 5725 1735 5778 inci-

147 5818 242 5888 pit
289 5817 540 5871 Dominus
581 5819 856 5886 vobiscum,
895 5827 948 5873 et
986 5827 1337 5888 prosequatur
1369 5817 1732 5887 Evangelium.

652 5918 910 5977 PATBOL.
958 5915 1304 5976 LXXVIII.

1830 4724 1882 4768 et
1906 4714 2017 4781 ipse
2036 4711 2271 4782 pontifex
2295 4711 2554 4765 concedat
2571 4711 2680 4765 sive
2703 4711 2979 4766 annuutiet
3000 4711 3404 4782 indulgentiam.

1835 4804 2034 4859 Deinde
2067 4813 2241 4858 amota
2272 4802 2319 4857 ei
2357 4803 2512 4855 mitra
2547 4817 2639 4870 per
2678 4801 2982 4866 diaconum,
3015 4801 3168 4856 faciat
3196 4803 3405 4859 absolu-

1833 4899 2051 4962 tionem,
2097 4895 2239 4949 clara
2287 4909 2420 4947 voce
2460 4892 2707 4955 dir-endo,
2752 4906 2871 4946 cum
2923 4903 3046 4947 n0ta
3082 4891 3323 4949 Precibus
3363 4907 3408 4949 et

1833 4991 2044 5052 meritis,
2068 4999 2197 5053 etC.,
2232 4967 2636 5058 Indulgendum:
2662 4994 2764 5039 etc.
2802 4985 2999 5042 Ultimo
3037 4987 3122 5042 det
3154 4989 3408 5044 Benedic-

1836 5080 2032 5132 tionem
2061 5077 2286 5132 dicendo
2317 5074 2380 5128 Et
2409 5075 2688 5129 benedictio
2724 5075 2820 5129 Det
2859 5077 3238 5145 omnipotentis,
3278 5089 3406 5144 etc.,

1835 5171 2094 5241 signando
2134 5171 2382 5239 populum
2414 5168 2781 5224 circumcirca.
2836 5167 2927 5223 His
2977 5172 3225 5238 peractis,
3259 5185 3407 5225 reas.

1838 5271 2046 5330 sumpta
2100 5264 2253 5315 mitra
2309 5261 2494 5315 redeat
2543 5258 2608 5313 ad
2655 5257 2836 5313 sedem
2883 5272 3057 5324 suam,
3094 5269 3146 5315 et
3195 5260 3414 5331 incipiat

1841 5352 2028 5418 Credo,
2051 5363 2176 5418 etc.,
2201 5352 2280 5406 vel
2302 5351 2546 5404 Dominus
2570 5351 2842 5417 vobiscum,
2869 5358 2924 5404 ut
2945 5351 3189 5419 superius
3213 5351 3408 5407 dictum

1841 5455 1943 5498 est.
1973 5443 2122 5510 Quod
2172 5444 2216 5497 si
2267 5445 2514 5513 pontifice
2561 5444 2864 5498 celebrante
2912 5442 3048 5497 alius
3093 5442 3310 5498 inferior
3349 5459 3413 5498 eo

1840 5537 2129 5607 prtedicare
2159 5536 2422 5602 debuerit,
2456 5546 2569 5606 post
2615 5535 2959 5606 Evangelium
3001 5535 3219 5590 accedat
3249 5537 3291 5589 is
3323 5539 3412 5609 qui

1840 5629 2135 5698 prmdicare
2164 5627 2322 5682 debet
2349 5627 2410 5680 ad
2443 5626 2770 5694 pontificem,
2803 5637 2854 5680 et
2885 5627 3039 5681 flexis
3065 5627 3286 5695 genibus
3316 5614 3413 5681 fle-

1845 5720 2199 5776 nedictionem
2233 5727 2396 5790 petat,
2423 5720 2607 5774 dicens
2651 5720 2804 5786 lube,
2848 5721 3051 5786 domne,
3093 5720 3415 5774 benedicere:

1843 5824 1895 5870 ct
1925 5811 2162 5884 pontifex
2200 5813 2351 5866 faciat
2382 5825 2538 5880 Super
2571 5826 2687 5863 cum
2714 5812 2920 5878 signum
2950 5811 3142 5874 erucis,
3183 5811 3360 5864 dicens
3386 5829 3398 5863 :

2946 5900 3020 5958 37
