4006 6296
647 352 787 410 1163

1321 348 1666 406 ΑΡΡΕΝΟΙΧ
1712 349 1801 403 AD
1840 348 1897 403 S.
1939 348 2208 405 GREGOll

2312 347 2518 404 MAGNI
2558 346 2932 407 LITURGICA
2970 350 3221 409 OPERA.

3787 354 3905 410 ιιιι

648 467 888 521 Dominus
913 466 975 519 sit
999 465 1050 517 in
1080 464 1229 516 corde
1254 472 1337 516 tuo
1366 472 1411 515 et
1434 462 1486 515 in
1518 461 1664 515 labiis
1696 461 1794 514 tuis
1815 461 1882 513 ad
1899 461 2216 514 annuntian—
2244 466 2289 521 A
2319 475 2437 516 cum
2467 476 2599 531 aqua
2644 461 2832 516 offerat
2875 463 3072 531 eidem,
3103 474 3158 519 et
3195 463 3431 534 pontifex
3480 476 3822 519 convertens
3863 483 3909 522 se

643 559 764 612 dum
792 558 946 628 digne
966 564 1012 608 et
1038 554 1297 623 fructuose
1324 552 1472 607 verba
1491 563 1690 619 sancta,
1719 554 1771 606 in
1796 554 1995 607 nomine
2027 551 2219 617 Patris,

640 655 687 701 et
705 643 833 699 Filii
853 653 899 698 ct
929 642 1157 713 Spiritus
1185 645 1372 697 sancti.
1398 642 1578 697 Amen.
1597 642 1745 697 Tunc
1773 643 1817 697 is
1844 643 1933 712 qui
1968 641 2220 711 praedica-

641 753 791 795 turus
812 747 893 793 est
914 746 1101 809 pergat
1124 737 1190 791 ad
1214 738 1409 805 locum,
1436 739 1486 793 in
1510 752 1615 808 quo
1640 738 1930 806 praedicare
1956 736 2002 792 d.
2025 736 2133 802 bet,
2165 746 2219 792 et

640 828 1068 898 prmdicationem
1123 840 1511 899 prosequatur;
1571 844 1674 899 qua
1728 828 1907 894 finita,
1960 828 2217 883 diaconus

637 932 786 976 stans
837 920 987 990 juxta
1045 921 1349 991 pontificem
1413 918 1568 974 faciat
1629 919 2056 985 confessionem;
2115 933 2216 990 qua

638 1010 782 1066 finita
808 1026 904 1082 per
927 1011 1234 1078 diaconum,
1251 1009 1294 1065 is
1318 1009 1403 1080 qui
1429 1009 1819 1080 prtedieaverit,
1845 1018 1993 1064 stans
2019 1010 2069 1063 in
2098 1010 2217 1064 loco

639 1104 692 1158 in
720 1117 826 1173 quo
874 1101 1198 1171 przedicavit,
1250 1102 1531 1155 annuntiet
1580 1101 1984 1172 indulgentiam,
2025 1101 2068 1154 si
2124 1116 2219 1157 an-

641 1191 928 1246 uttntianda
957 1201 1073 1258 est;
1118 1202 1297 1260 postea
1331 1190 1567 1260 pentifex
1612 1190 1771 1243 faciat
1807 1189 2214 1256 absolutionem,

633 1280 829 1339 deinde
859 1282 1071 1359 incipiat
1098 1281 1283 1348 Cre.!o,
1321 1282 1403 1337 vel
1453 1281 1702 1335 Dominus
1728 1283 2002 1346 vobiscum,
2035 1291 2093 1335 ut
2131 1282 2214 1335 di-

637 1384 782 1428 ctum
812 1382 913 1430 est.
950 1373 997 1428 Is
1026 1382 1202 1428 autem
1234 1374 1322 1445 qui
1353 1374 1680 1443 praedicavit,
1709 1382 1986 1442 postquam
2009 1388 2215 1428 annun-

640 1466 853 1521 tiavcrit
879 1465 1285 1536 indulgentiam,
1318 1465 1493 1519 redire
1536 1473 1708 1533 potest
1734 1464 1797 1519 ad
1828 1464 2003 1519 locum
2035 1478 2207 1517 suum.

636 1559 879 1629 Cumque
905 1558 1140 1628 pontifex
1173 1557 1453 1627 incmperit
1476 1554 1660 1621 Credo,
1694 1556 1774 1611 vel
1813 1555 2007 1611 dixerit
2039 1554 2215 1608 Domi-

635 1671 731 1708 nus
757 1653 1009 1707 vobiscum
1028 1661 1083 1706 ct
1105 1652 1433 1716 Orationem,
1448 1649 1660 1719 quando
1685 1665 1787 1703 non
1807 1649 2001 1703 dicitur
2026 1646 2209 1710 Credo,

636 1743 866 1812 acolytlii
896 1742 1187 1798 extendant
1216 1741 1405 1811 pallam
1432 1741 1587 1810 301
1620 1754 1780 1809 super
1801 1741 1988 1803 a‘tare,
2020 1746 2074 1793 et
2113 1752 2208 1805 po-

2326 560 2484 619 ponat
2514 565 2705 620 aquam
2737 552 2791 605 in
2822 552 3066 621 calicem,
3087 554 3341 608 “dicendo
3389 554 3535 609 illam
3560 553 3904 622 Orationem,

2325 642 2458 695 Deus
2487 642 2576 713 qui
2604 642 2847 696 humana:
2884 644 3206 709 substantiw,
3246 652 3353 697 etc.
3400 643 3607 699 Deinde
3659 642 3905 699 diaconus

2321 734 2546 802 accipiat
2565 733 2633 787 de
2657 749 2818 787 manu
2840 732 3152 788 subdiaconi
3179 734 3349 802 ipsum
3376 733 3631 797 calicem,
3651 744 3712 788 et
3737 742 3907 790 tenens

2321 825 2507 879 dextra
2549 839 2710 878 manu
2762 824 2920 879 faciat
2962 838 3082 880 cum
3120 838 3189 878 eo
3219 838 3383 893 super
3420 824 3590 894 302
3635 826 3908 894 corporale

2320 918 2529 986 signum
2554 915 2750 984 crucis,
2776 924 2830 969 et
2850 914 3077 970 collocet
3095 929 3217 970 eum
3242 929 3405 984 super
3426 916 3572 970 idem
3604 929 3763 983 corp:
3786 915 3904 975 sale,

2320 1022 2423 1060 non
2474 1016 2619 1061 recte
2672 1004 2723 1060 in
2768 1006 2943 1061 medio
2996 1015 3183 1061 contra
3230 1002 3421 1061 faciem
3472 1005 3779 1075 pontificis,
3825 1009 3906 1062 scil

2320 1096 2583 1167 paulisper
2609 1098 2675 1153 ad
2705 1097 2949 1152 dextram
2981 1105 3185 1166 partem
3213 1112 3227 1162 ;
3255 1105 3310 1149 et
3340 1110 3462 1150 cum
3496 1096 3687 1165 digitis
3719 1096 3903 1151 utrius-

2317 1207 2419 1262 que
2448 1206 2634 1247 manus
2659 1192 2927 1259 arcipiens
2955 1191 3230 1260 corporale
3252 1190 3402 1255 illud,
3428 1190 3580 1259 quod
3612 1204 3727 1244 non
3747 1190 3903 1258 exple.

2316 1292 2467 1337 catur
2486 1283 2616 1353 [ΑΛ.
2641 1280 3003 1351 explicatum],
3027 1281 3298 1349 cooperiat
3320 1289 3342 1313 ⁸
3368 1295 3491 1334 cum
3518 1280 3647 1347 ipso
3671 1278 3900 1333 calicem.

2318 1374 2451 1428 Dum
2480 1374 2637 1428 etiam
2668 1373 2923 1428 diaconus
2950 1372 3027 1426 sic
3062 1373 3207 1441 ponit
3240 1386 3400 1441 super
3426 1370 3629 1433 altare,
3664 1372 3893 1438 pontifex

2317 1463 2456 1518 dicet
2481 1464 2783 1517 Orati0nem
2833 1463 2996 1526 il'am,
3051 1460 3330 1526 O/ferimus
3362 1461 3473 1524 tibi,
3503 1461 3759 1524 Domine,
3784 1472 3899 1523 etc.,

2315 1564 2367 1606 et
2393 1553 2694 1621 subsequen
2709 1559 2788 1605 ter
2819 1551 2987 1616 illam,
3038 1547 3101 1603 In
3126 1550 3312 1619 spiritu
3340 1549 3685 1603 humilitaris.
3718 1550 3899 1604 Deinde

2316 1642 2514 1697 faciens
2551 1643 2757 1711 signum
2799 1641 2974 1695 crucis
3016 1655 3175 1693 unum
3211 1654 3371 1705 super
3409 1639 3642 1695 calicem
3683 1650 3739 1695 et
3778 1637 3896 1694 llos-

2317 1736 2465 1802 tiam,
2496 1734 2741 1788 similiter
2768 1732 2913 1786 dicat
2936 1732 3244 1787 Orationem
3279 1732 3445 1797 illam,
3489 1731 3645 1799 Veni,
3670 1734 3893 1799 sanctiﬁ-

635 1843 763 1889 nant
809 1834 1000 1889 librum
1051 1833 1314 1897 Missalem
1371 1846 1533 1900 super
1579 1832 1852 1886 cussinum
1904 1830 1955 1885 in
1995 1829 2209 1885 sinistra
2243 1820 2285 1881 Β
2313 1836 2472 1890 calor,
2504 1838 2606 1881 etc.

636 1940 784 1997 parte
812 1926 962 1995 ejus;
996 1938 1133 1978 unus
1161 1933 1336 1977 autem
1366 1922 1431 1977 de
1460 1922 1745 1993 acolythis,
1772 1929 2052 1992 postquam
2082 1935 2213 1991 pon-

636 2017 760 2073 tifex
792 2016 989 2071 dixerit
1020 2014 1270 2068 Dominus
1316 2014 1573 2068 vobiscum
1607 2022 1661 2069 et
1702 2013 1939 2079 Oremus,
1969 2011 2214 2068 deferens

635 2107 923 2169 tobaleam,
947 2103 1199 2173 expandit
1223 2117 1385 2173 super
1422 2103 1682 2173 gremium
1714 2101 1851 2170 ejus,
1877 2116 1938 2156 ac
1967 2101 2214 2156 detrahat

636 2196 683 2251 ei
730 2192 1099 2262 chirothecas,
1132 2200 1313 2247 amoto
1354 2192 1501 2262 prius
1547 2192 1746 2247 annulo
1795 2191 2078 2262 pontificali
2119 2207 2212 2261 per

636 2285 989 2357 capellanum.
1023 2283 1174 2338 'l‘unc
1214 2283 1471 2338 diaconus
1514 2298 1543 2337 a
1589 2284 1808 2349 dextris,
1842 2293 1896 2338 et
1935 2282 2211 2337 subdiaco-

635 2393 734 2439 nus
755 2392 785 2431 a
807 2376 1059 2442 sinistris,
1086 2375 1237 2430 flexis
1257 2374 1484 2444 genibus
1506 2373 1795 2429 obvolvaut
1815 2375 2049 2429 manicas
2073 2375 2210 2427 tuni-

631 2468 781 2525 cellte
827 2467 1092 2539 pontificis
1117 2466 1273 2536 juxta
1320 2481 1506 2520 manus
1550 2482 1670 2522 cum
1710 2466 1849 2521 dicta
1898 2466 2126 2531 tobalca,
2154 2474 2211 2520 et

631 2563 874 2634 eamdem
898 2562 1107 2616 elevent
1134 2566 1256 2614 ante
1286 2567 1469 2629 pectus
1492 2557 1788 2627 pontificis;
1822 2566 1876 2613 et
1903 2556 2210 2625 eapellanus

633 2654 901 2722 accipiens
951 2651 1151 2721 pelves,
1210 2649 1361 2705 ﬂexis
1410 2649 1633 2720 genibus
1680 2656 1806 2704 ante
1854 2662 1974 2702 eum
2027 2646 2212 2701 fundat

632 2758 821 2813 aquam
852 2758 1013 2812 super
1043 2755 1232 2796 manus
1260 2740 1375 2810 ejus
1419 2754 1484 2794 co
1514 2741 1673 2795 modo
1709 2740 1801 2811 qui
1839 2741 2084 2809 superius
2118 2754 2211 2809 po-

632 2833 793 2887 nitur.
825 2829 977 2897 Quod
1023 2830 1068 2884 si
1104 2845 1169 2885 eo
1204 2838 1441 2900 tempore
1470 2829 1724 2884 diaconus
1750 2838 2044 2899 occupetur
2070 2828 2209 2885 circa

634 2918 1077 2989 praeparationem
1100 2917 1301 2982 calicis,
1323 2918 1441 2972 loro
1461 2918 1576 2985 ejus
1596 2918 1786 2973 serviat
1814 2917 1860 2971 is
1883 2917 1971 2987 qui
2001 2918 2208 2972 mitram

630 3017 828 3065 servat.
862 3008 1014 3075 Quod
1059 3008 1104 3062 si
1151 3008 1385 3076 pontifex
1434 3021 1623 3061 manus
1661 3007 1911 3074 aLluerit,
1953 3007 2208 3061 diaconus

631 3100 825 3155 ablutis
860 3099 1041 3169 digitis
1070 3095 1134 3149 ad
1164 3098 1332 3150 altare
1370 3096 1629 3151 accedens
1657 3096 1906 3151 extendat
1932 3095 2208 3166 corporale

630 3195 791 3260 super
819 3190 1037 3259 pallam.

699 3279 942 3335 Pontifex
973 3284 1148 3331 autem
1176 3276 1403 3331 extersis
1428 3290 1548 3331 eum
1581 3276 1785 3331 tobalca
1813 3277 2054 3332 manibus
2081 3316 2096 3344 ,
2142 3292 2205 3331 ac

630 3382 907 3442 resumpto
928 3370 1129 3425 annulo
1160 3370 1472 3440 pontificali,
1528 3370 1860 3424 immittendo
1888 3369 2051 3440 digito
2091 3370 2206 3439 ejus

630 3479 726 3534 per
750 3462 1110 3532 capellanum,
1147 3468 1348 3530 surgat,
1380 3467 1453 3525 et,
1485 3460 1677 3529 aptatis
1704 3461 1943 3515 vestibus
1968 3461 2086 3530 ejus
2113 3475 2206 3528 per

630 3552 877 3607 eumdem
904 3550 1262 3621 capellanum,
1292 3559 1474 3619 pergat
1505 3548 1570 3602 ad
1602 3549 1788 3615 altare,
1822 3548 2205 3604 deducentibus

633 3660 754 3700 eum
783 3643 1065 3715 capellano
1094 3652 1147 3697 et
1169 3643 1514 3708 subdiacono,
1549 3642 1634 3697 vel
1674 3641 1768 3695 il'o
1801 3642 1889 3712 qui
1917 3642 2082 3699 servit
2108 3642 2206 3697 mi-

629 3745 801 3801 tram;
852 3745 1052 3790 etcum
1101 3733 1307 3789 venerit
1356 3733 1419 3787 ad
1462 3734 1649 3799 altare,
1683 3732 1939 3788 diaconus
1967 3742 2114 3787 stans
2153 3732 2205 3786 in

632 3828 816 3883 dextra
851 3837 1000 3897 parte
1028 3834 1274 3881 amoveat
1304 3827 1512 3880 mitram
1545 3824 1683 3895 ejus,
1714 3840 1833 3894 quas
1866 3835 1989 3878 tunc
2018 3823 2203 3891 reponi

629 3935 790 3991 super
829 3920 996 3974 altare
1024 3919 1106 3974 vel
1147 3917 1198 3972 in
1229 3916 1338 3970 alio
1368 3916 1485 3970 loco
1527 3924 1651 3993 apto
1684 3924 1880 3984 poti-st.
1908 3915 2056 3970 Tunc
2082 3913 2204 3967 sub-

629 4011 889 4068 diaconus
919 4009 1187 4079 aecipiens
1206 4008 1391 4064 dextra
1421 4021 1609 4074 manu,
1636 4007 1904 4063 mediante
1936 4006 2203 4077 mappula,

628 4102 849 4159 calicem
881 4116 1000 4154 cum
1049 4111 1241 4170 patena
1284 4105 1339 4153 et
1383 4097 1555 4152 hostia
1603 4096 1974 4165 superpositis,
2005 4106 2204 4152 etcum

632 4195 848 4251 sinistra
879 4207 1038 4247 manu
1063 4188 1337 4245 vasculum
1371 4203 1491 4243 eum
1530 4202 1687 4258 aqua,
1718 4202 1836 4257 qua:
1866 4186 2204 4241 admiscenda

628 4296 710 4343 est
741 4301 861 4341 cum
895 4284 1039 4350 vino,
1065 4292 1210 4337 stans
1238 4281 1290 4336 in
1318 4280 1503 4336 dextra
1534 4288 1682 4348 parte
1713 4278 1894 4332 altaris
1922 4286 2208 4347 praesentet

625 4381 850 4435 calicem
888 4385 941 4433 et
983 4384 1233 4447 patenam
1277 4373 1525 4433 diacono.
1570 4372 1760 4439 etipse
1801 4371 2056 4426 diaconus
2084 4386 2204 4426 eum

624 4481 850 4543 quatuor
871 4468 1047 4538 digitis
1063 4466 1336 4535 utriusque
1356 4479 1542 4518 manus
1563 4462 1791 4533 accipiat
1814 4472 2059 4532 patenam
2083 4477 2202 4517 cum

2389 1919 2652 1975 Diaeonus
2720 1933 2847 1973 vero
2911 1926 3188 1985 postquam
3245 1914 3465 1971 calicem
3528 1915 3891 1982 collocaverit,

2314 2009 2582 2080 accipiens
2611 2016 2861 2079 patenam
2903 2006 3078 2063 tradat
3124 2021 3238 2062 eam
3269 2006 3628 2070 subdiacono,
3663 2007 3757 2077 qui
3782 2021 3891 2062 eam

2316 2101 2537 2168 recipiat
2564 2113 2683 2153 cum
2711 2099 2898 2154 dextra
2928 2113 3105 2164 manu,
3139 2097 3408 2152 mediante
3439 2099 3724 2167 mappula,
3749 2099 3892 2167 cujus

2315 2194 2624 2249 extremitas
2675 2192 2908 2247 defluere
2958 2190 3116 2246 debet
3157 2197 3276 2259 post
3318 2190 3569 2244 dextrum
3620 2191 3891 2245 humerum

2315 2285 2458 2355 ejus;
2490 2284 2768 2353 ipsamque
2795 2291 3041 2352 patenam
3074 2288 3252 2334 teneat
3278 2288 3471 2333 tectam
3514 2288 3571 2333 ct
3601 2280 3887 2347 cleratam,

2313 2385 2460 2431 stans
2492 2387 2636 2429 retro
2659 2384 2774 2443 p03t
2804 2373 3106 2443 pontificem
3140 2385 3305 2440 usque
3350 2378 3471 2440 post
3512 2369 3680 2424 Pater
3705 2380 3886 2425 uesta.

2316 2467 2444 2521 Data
2476 2475 2664 2534 patena
2696 2479 2725 2518 a
2757 2463 3108 2530 subdiacono,
3139 2460 3508 2516 thuriferarius
3536 2461 3753 2517 deferat
3775 2462 3890 2515 tbuo

2252 2550 2255 2555 ’
2318 2554 2546 2608 ribulum
2578 2567 2707 2629 cunt
2726 2552 2965 2607 navicula
2997 2551 3063 2606 ad
3096 2551 3378 2605 diaconum
3410 2552 3463 2605 in
3510 2549 3705 2605 dextra
3748 2562 3891 2620 parte

2315 2642 2519 2711 altaris,
2556 2651 2611 2697 et
2646 2628 2902 2697 diaconus
2938 2650 3098 2711 ponat
3135 2644 3257 2696 thus
3296 2644 3350 2701 in
3388 2640 3685 2709 thuribulo,
3735 2644 3890 2712 petita

2314 2735 2458 2802 prius
2500 2733 2876 2788 benedictione
2918 2749 2945 2785 a
2994 2735 3260 2802 pontifice.
3310 2734 3553 2789 Pontifex
3584 2748 3716 2786 vero
3755 2744 3889 2802 post-

2314 2840 2470 2896 quam
2494 2825 2704 2887 dixerit,
2742 2823 2893 2890 Veni,
2924 2824 3291 2894 sanct.’/icator,
3321 2836 3452 2888 etc.,
3478 2834 3810 2879 convertens
3835 2839 3891 2877 se

2313 2915 2519 2985 signum
2541 2914 2715 2969 crucis
2740 2912 2891 2967 faciat
2912 2922 3095 2968 contra
3110 2913 3281 2983 ipsum
3306 2913 3891 2980 thuribulum,dicendu

2316 3007 2460 3061 illam
2485 3006 2815 3071 Orationem,
2846 3004 2944 3059 Per
2964 3005 3391 3070 intercessionem,
3414 3013 3517 3058 etc.
3548 3004 3618 3057 Et
3639 3006 3892 3057 diaconus

2312 3097 2577 3164 accipiens
2599 3095 2771 3166 ipsum
2794 3096 3119 3150 tliutibulum
3145 3105 3178 3147 tu
3194 3095 3314 3148 adat
3337 3094 3574 3163 pontiﬁci
3594 3096 3891 3148 oscu'ando

2237 3194 2282 3255 (ζ
2315 3200 2501 3240 manus
2554 3186 2711 3256 ejus;
2753 3195 2807 3239 et
2856 3184 3112 3255 pontifex,
3180 3195 3400 3256 accepto
3452 3187 3731 3241 thuribulo
3776 3202 3889 3241 ctua

2310 3278 2500 3333 dextra
2542 3292 2719 3342 matiu,
2765 3287 2909 3331 stans
2952 3277 3001 3329 in
3050 3276 3226 3331 medio
3251 3276 3439 3329 altaris
3472 3291 3625 3331 versa
3662 3277 3803 3332 faeie
3830 3281 3890 3331 ad

2310 3370 2477 3437 ipsum
2512 3370 2697 3436 altare,
2729 3369 2899 3422 elevet
2930 3368 3193 3437 paulisper
3233 3368 3284 3422 in
3312 3369 3477 3422 altum
3513 3368 3689 3436 ipsum
3715 3370 3886 3422 thuri-

2309 3459 2511 3527 bulum,
2527 3460 2751 3515 dicendo
2768 3458 2912 3514 illaut
2929 3459 3256 3525 Orationem,
3277 3458 3548 3512 Incensum
3570 3460 3739 3525 istud,
3760 3470 3892 3523 eun;

2309 3551 2502 3606 deinde
2539 3565 2659 3605 cum
2713 3551 2829 3619 ipso
2878 3550 3150 3605 thuribqu
3198 3550 3360 3605 f.:ciat
3386 3560 3465 3605 ter
3487 3564 3709 3605 crucem
3736 3567 3894 3620 supe:

2309 3644 2532 3699 calicem
2574 3652 2630 3697 et
2661 3643 2896 3697 Hostiam
2930 3644 3106 3708 simul,
3134 3642 3360 3698 dicendo
3409 3652 3490 3698 ter
3536 3643 3693 3696 illum
3725 3645 3895 3698 versi-

2306 3736 2507 3802 culum,
2541 3734 2832 3806 Dirigatur,
2862 3733 3099 3800 Domine,
3129 3743 3257 3799 etc.,
3288 3733 3679 3804 subsequenter
3708 3748 3895 3804 prose-

2308 3827 2517 3896 quendo
2548 3826 2670 3881 illos
2696 3826 3009 3893 versiculos,
3035 3824 3266 3879 Elevatio
3308 3842 3578 3891 manuum,
3612 3840 3791 3895 usque
3831 3828 3894 3881 ad

2312 3920 2468 3973 linem
2497 3918 2643 3972 illius
2670 3931 2880 3983 versus,
2917 3915 2986 3971 Ut
3029 3932 3128 3969 non
3157 3914 3379 3970 declines
3412 3932 3501 3970 cor
3542 3933 3607 3970 m.
3628 3933 3741 3984 um,
3768 3927 3894 3982 etc.,

2311 4020 2362 4066 et
2392 4011 2731 4066 circumferat
2762 4020 2843 4063 ter
2874 4008 3045 4078 ipsum
3098 4009 3426 4063 thuribulum
3476 4007 3531 4062 in
3575 4024 3713 4080 gyro
3760 4009 3895 4064 circa

2307 4102 2526 4156 calicem
2548 4108 2601 4154 et
2625 4099 2886 4154 Hostiam.
2922 4098 3123 4153 Deinde
3153 4099 3418 4152 thuritieet
3469 4105 3645 4152 totum
3690 4097 3893 4162 altare,

2309 4192 2570 4262 incipiens
2598 4190 2650 4245 in
2682 4190 2859 4245 medio
2881 4199 3065 4244 contra
3092 4187 3283 4244 faciem
3312 4202 3488 4253 suam,
3513 4196 3569 4242 et
3600 4187 3893 4257 procedens

2307 4283 2373 4338 ad
2406 4283 2647 4338 dextram
2672 4290 2913 4354 partem;
2938 4291 3120 4351 postea
3151 4279 3361 4336 rediens
3392 4280 3458 4334 ad
3485 4280 3753 4343 medium,
3782 4278 3895 4334 inde

2307 4375 2558 4446 procedat
2576 4374 2643 4428 ad
2668 4375 2936 4429 sinistram
2964 4383 3200 4441 partem;
3221 4370 3412 4427 deinde
3432 4384 3461 4423 a
3484 4370 3715 4426 sinistro
3736 4372 3894 4423 latere

2304 4468 2488 4523 altaris
2545 4465 2801 4535 procedat
2855 4462 3223 4520 thuriferando
3293 4461 3634 4518 anteriorem
3696 4468 3891 4532 partem

628 4562 830 4625 hostia.
863 4562 933 4614 ita
956 4556 1097 4628 quod
1130 4556 1461 4625 manipulum
1492 4545 1647 4609 suum
1679 4564 1841 4623 ponat
1865 4553 2007 4609 inter
2028 4562 2203 4610 extre-
2235 4575 2284 4635 ο
2311 4575 2475 4628 usque
2501 4558 2566 4612 ad
2597 4559 2843 4612 dextrum
2875 4556 3034 4609 latus.

626 4652 858 4707 mitatem
893 4659 1098 4719 patente
1125 4656 1177 4700 et
1203 4646 1508 4715 superiores
1550 4644 1760 4714 digitos,
1811 4645 2003 4713 quibus
2032 4644 2205 4714 ipsum

625 4753 804 4810 tenet;
838 4743 1023 4810 sicque
1052 4750 1297 4808 patenam
1319 4751 1440 4792 cum
1474 4736 1655 4791 llostia
1679 4735 1869 4792 offerre
1893 4736 2054 4791 debet
2074 4752 2206 4807 pon-

625 4836 753 4891 tifici
801 4831 1095 4889 osculando
1138 4844 1354 4885 manum
1385 4830 1535 4899 ejus;
1566 4829 1652 4899 qui
1681 4826 1921 4883 eamdem
1957 4836 2198 4896 patenam

624 4929 799 4983 elevet
827 4941 949 4981 cum
980 4923 1184 4989 Ilomia,
1211 4921 1733 4977 dicensOrationem
1766 4921 1931 4987 illam,
1964 4920 2199 4991 Suscipe,

624 5028 794 5072 sancte
816 5016 1140 5084 Pater,ete.,
1168 5013 1441 5082 capellano
1463 5011 1777 5081 providente
1799 5011 1936 5080 quod
1963 5010 2198 5080 pontifex

624 5108 932 5164 Orationem
965 5108 1106 5162 illam
1140 5115 1195 5161 et
1225 5111 1532 5175 sequentem
1570 5102 1748 5172 legere
1780 5104 1947 5169 possit
1989 5104 2039 5156 in
2069 5102 2205 5157 libro

629 5200 826 5256 Missali
850 5218 863 5267 ;
891 5210 942 5254 et
975 5199 1115 5254 circa
1149 5197 1310 5252 finem
1352 5194 1620 5265 praedictae
1658 5192 1926 5248 Orationis
1975 5194 2203 5262 pontifex

626 5293 854 5350 collocet
884 5294 1119 5348 Ilostiam
1147 5304 1307 5359 super
1331 5286 1632 5356 corporale,
1656 5301 1763 5341 non
1786 5285 1990 5341 directe
2017 5295 2201 5340 contra

631 5386 821 5442 faciem
852 5401 1023 5452 suam,
1053 5385 1145 5441 sed
1178 5381 1445 5453 paululum
1491 5380 1559 5435 ad
1588 5378 1858 5435 sinistram
1885 5384 2120 5447 partem;
2153 5386 2206 5432 et

627 5487 874 5547 patenam
915 5478 1147 5546 deponat
1185 5475 1237 5529 in
1266 5474 1469 5549 .dextra
1513 5481 1666 5542 parte
1710 5481 1858 5527 extra
1901 5469 2201 5540 corporale.

628 5572 737 5636 Qua
762 5569 1025 5640 deposita,
1056 5567 1413 5623 subdiaconus
1444 5574 1631 5621 tenens
1661 5564 1901 5627 calicem,
1930 5562 2203 5619 vasculum

701 5730 725 5755 ε
766 5721 839 5775 Its
863 5720 1020 5774 etiam
1045 5734 1183 5775 nunc
1211 5722 1433 5775 actitant
1460 5719 1819 5779 Carthusiani.

2383 4651 2547 4707 Facta
2574 4646 2976 4703 tlturiferatioue
3005 4643 3261 4716 praedicto
3306 4642 3489 4711 modo,
3522 4643 3693 4698 tradit
3719 4642 3875 4697 thuri~

2308 4740 2490 4795 bulum
2521 4739 2768 4804 diacono,
2799 4733 3028 4791 dicendo
3060 4735 3203 4789 illam
3245 4733 3583 4801 Orationem,
3634 4734 3888 4786 Ascendet

2312 4836 2582 4901 Dominus,
2612 4843 2717 4888 etc.
2754 4831 2819 4886 Et
2847 4830 3101 4884 diaconus
3130 4827 3421 4882 osculando
3455 4842 3683 4881 manum
3722 4826 3891 4895 ponti-

2311 4927 2442 4993 ficis,
2486 4925 2756 4994 aecipiens
2805 4922 2977 4991 ipsum
3018 4919 3343 4975 thuribnlum
3394 4917 3678 4971 tliurifieet
3723 4916 3892 4985 ipsum

2311 5017 2644 5082 pontificem;
2673 5023 2727 5068 et
2771 5012 2983 5067 tradens
3004 5007 3329 5064 thuribulum
3359 5006 3696 5059 servandum
3726 5006 3893 5058 thuri-

2308 5106 2537 5170 ferario,
2584 5104 2749 5175 303
2795 5110 2940 5170 aptet
2982 5109 3157 5154 vestes
3204 5095 3494 5166 pontificis,
3538 5104 3708 5164 prout
3745 5093 3894 5147 fuerit

2308 5204 2686 5267 opportunum.
2719 5190 2920 5259 Quibus
2949 5190 3165 5260 aptatis,
3201 5188 3424 5257 recipiat
3464 5185 3807 5240 thuribulum
3834 5186 3865 5236 d

2311 5301 2467 5342 manu
2496 5283 2842 5351 thuriferarii,
2875 5290 2929 5336 et
2954 5280 3218 5335 thurificet
3248 5280 3413 5332 altare
3445 5292 3546 5347 per
3585 5277 3889 5333 circuitum.

2311 5382 2480 5450 primo
2510 5394 2539 5432 a
2568 5388 2716 5448 parte
2739 5378 2950 5445 dextra,
2976 5375 3170 5432 deinde
3198 5391 3226 5429 a
3255 5376 3472 5429 sinistra
3497 5392 3513 5439 ;
3549 5386 3742 5442 postea
3783 5373 3892 5425 tlin-

2312 5473 2481 5526 rificet
2509 5469 2842 5538 capellannm
2873 5467 2964 5538 qni
2992 5467 3158 5522 servit
3188 5466 3446 5535 pontifici.
3482 5465 3681 5519 Potest
3732 5466 3890 5518 etiam

2311 5562 2619 5619 thurificare
2663 5558 2911 5629 prmlatos
2952 5567 3007 5615 et
3052 5558 3323 5629 digniores
3370 5570 3662 5629 personas,
3697 5556 3746 5611 si
3785 5566 3890 5626 qua
