4006 6292
124 370 268 425 1165

1266 361 1524 418 ROMANI
1564 355 1881 414 OliDlNES.
1923 384 1991 395 --
2032 353 2170 409 XIV.

3244 354 3374 405 i163

119 481 463 539 interfueiint
511 481 705 535 Missaz.
738 480 938 536 Deinde
961 479 1146 534 reddat
1179 478 1504 533 tliuribulum
1530 474 1695 529 thuri-
1726 475 1772 532 A
1802 470 1959 534 mine,
2014 469 2321 538 famularum
2369 455 2778 536 famularumque
2835 475 3068 531 tuarum,
3119 466 3373 520 subsistat

120 574 347 638 ferario,
375 574 463 643 qui
489 573 758 627 tliuritieet
780 572 952 639 ipsum
993 571 1272 625 diaconum
1314 580 1367 624 et
1415 568 1551 621 alios
1592 564 1697 619 mi-

119 669 345 730 nistros,
395 673 451 719 et
519 663 755 733 reliquos
812 668 1070 726 astantes,
1114 670 1267 731 prout
1313 659 1576 714 videbitur
1617 658 1701 711 l'a-

118 756 397 811 ciendum.

200 846 444 901 Pontifex
478 858 610 900 vero
637 850 921 914 postquam
949 842 1278 898 tliuribulum
1329 842 1556 897 diacono
1583 839 1705 894 red-

118 937 343 1001 diderit,
370 943 543 1005 potest
564 934 629 988 ad
659 930 915 1003 majorem
943 933 1250 986 munditiam
1277 932 1493 987 abluere
1513 929 1707 998 digitos

120 1043 254 1083 suos
277 1028 329 1081 in
350 1025 535 1081 dextra
558 1034 707 1095 parte
726 1024 930 1090 altaris,
948 1038 1009 1077 ca
1019 1024 1226 1091 pellano
1248 1022 1502 1076 fundente
1516 1034 1706 1088 aquam

128 1133 255 1171 cum
281 1116 539 1186 pelvibus,
564 1114 805 1186 quamvis
829 1113 928 1169 hoc
956 1127 1060 1167 non
1087 1122 1331 1166 servetur
1353 1109 1710 1165 communiter

130 1208 190 1261 in
226 1206 463 1261 Ecclesia
514 1204 773 1259 Romana.
828 1203 894 1257 Et
937 1200 1175 1255 attendat
1204 1198 1345 1269 quod
1391 1210 1537 1263 tunc,
1589 1211 1709 1250 cum

124 1298 342 1353 duobus
364 1295 565 1366 digitis,
613 1296 864 1350 videlicet
904 1293 1095 1364 pollice
1129 1299 1184 1346 et
1222 1290 1397 1344 indice
1440 1289 1712 1356 utriusque

125 1406 347 1455 manus,
380 1405 501 1461 cum
531 1388 723 1457 quibus
754 1397 983 1456 tractare
1031 1385 1190 1439 debet
1212 1398 1419 1437 sacram
1452 1381 1711 1445 llostiam,

126 1482 267 1534 nihil
299 1481 439 1535 aliud
471 1488 654 1550 tangat
682 1493 848 1548 usque
878 1486 999 1546 post
1024 1474 1473 1538 communionem,
1504 1473 1598 1527 sed
1627 1487 1714 1525 ca-

128 1570 292 1625 licem
340 1580 395 1626 et
442 1580 688 1638 paternam
737 1580 789 1623 et
830 1568 932 1621 alia
975 1581 1094 1635 quae
1143 1574 1360 1633 tangere
1393 1562 1712 1632 Oportuerit,

131 1669 320 1730 tangat
345 1675 463 1713 cum
496 1660 715 1728 reliquis
742 1656 941 1727 digitis.
973 1656 1184 1711 Ablutis
1209 1669 1336 1709 vero
1374 1662 1428 1709 et
1458 1652 1717 1708 abstersis
1761 1711 1772 1727 .

128 1754 338 1823 digitis,
374 1753 591 1807 inclinet
619 1767 677 1808 se
698 1761 820 1807 ante
843 1750 1076 1805 medium
1099 1748 1303 1816 altaris,
1330 1745 1555 1800 dicendo
1575 1745 1715 1799 il'am

1812 561 2078 614 modicum
2110 575 2137 611 a
2169 558 2465 628 prolatione
2514 557 2819 625 verborum,
2872 567 2924 611 et
2968 565 3145 611 mente
3190 558 3377 611 liabeat

1809 666 1987 706 coram
2040 651 2148 705 Deo
2194 650 2506 704 memoriam
2560 650 2819 711 vivorum,
2873 664 2967 715 pro
3014 649 3202 718 quibus
3225 662 3379 702 orare

1812 742 2068 807 intendit;
2099 751 2151 796 et
2181 751 2301 811 post
2330 741 2601 811 paululum
2630 748 2864 797 resumat
2894 740 3043 807 illud,
3078 749 3126 794 et
3154 740 3380 793 omnium

1810 835 2258 897 circumstantium,
2296 842 2401 888 etc.

1881 924 2120 995 Cumque
2145 924 2446 996 perveneit
2470 925 2535 977 ad
2570 924 2715 978 illum
2746 924 2943 987 locum,
2980 924 3141 987 Quam
3171 922 3385 975 oblatio-

1813 1031 1945 1084 nem,
2001 1025 2131 1080 etc.,
2183 1014 2340 1068 faciat
2379 1014 2589 1082 signum
2636 1015 2810 1068 crucis
2852 1028 3012 1081 super
3057 1013 3281 1067 calicem
3332 1022 3390 1067 et

1817 1108 2095 1171 llostiam;
2138 1107 2388 1161 similiter
2422 1108 2649 1161 dicendo
2688 1106 3038 1171 Benedictum,
3089 1117 3141 1161 et
3189 1109 3383 1162 iterum

1813 1196 2038 1250 dicendo
2064 1195 2375 1263 Ascriptam,
2409 1206 2461 1250 et
2492 1198 2647 1250 tertio
2668 1195 2893 1251 dicendo
2922 1198 3129 1261 liatam,
3174 1206 3301 1260 etc.;
3335 1205 3391 1253 et

1814 1302 1932 1340 cum
1962 1285 2100 1341 dicet
2133 1286 2199 1339 Ut
2229 1288 2369 1339 nobis
2394 1302 2598 1357 corpus,
2633 1286 2788 1341 faciat
2816 1287 3025 1356 signum
3070 1302 3229 1353 super
3258 1288 3390 1340 llos-

1819 1381 1942 1433 tiam
1998 1388 2219 1433 tantum.
2270 1378 2532 1433 Similiter
2577 1394 2698 1432 cum
2749 1378 2875 1433 dicit
2925 1379 3182 1449 Sanguis,
3238 1378 3396 1433 faciat

1817 1485 2029 1525 crucem
2062 1485 2225 1538 super
2254 1470 2474 1524 calicem
2506 1478 2741 1534 tantum;
2773 1468 3000 1523 dicenda
3035 1478 3212 1524 autem
3257 1469 3396 1522 Dile-

1816 1562 2027 1615 ctissimi
2041 1559 2190 1627 Filii,
2206 1568 2336 1626 etc.,
2345 1560 2541 1629 junctis
2562 1560 2805 1614 manibus
2827 1561 2892 1614 ad
2920 1570 3124 1629 pectus,
3142 1562 3396 1631 suspiciat

1820 1653 2086 1721 paulisper
2113 1652 2165 1705 in
2203 1651 2393 1706 altum.
2433 1650 2633 1705 Deinde
2659 1650 2885 1705 dicendo
2921 1652 3019 1717 Qui
3043 1652 3229 1721 pridie,
3262 1660 3395 1717 etc.,

1822 1753 1992 1811 tergat
2040 1741 2313 1812 paululum
2363 1755 2523 1810 super
2576 1739 2855 1809 corporale
2904 1741 3179 1809 utriusque
3208 1755 3397 1795 manus
3442 1740 3445 1749 '

131 1822 471 1909 Orationem,
497 1844 737 1912 Suscipe,
759 1849 937 1897 sancta
960 1841 1205 1905 Trinitas,
1233 1850 1363 1903 etc.;
1392 1847 1445 1893 et
1471 1851 1532 1891 ea
1554 1836 1715 1898 dicta,
1754 1844 1794 1900 Î’
1824 1833 2065 1904 pollicem
2111 1840 2163 1886 et
2208 1831 2461 1896 indicem,
2504 1842 2558 1885 et
2603 1830 2827 1899 accipiat
2872 1846 2991 1885 cum
3043 1832 3169 1899 ipsis
3217 1822 3399 1902 digitis

131 1934 419 1988 osculetur
481 1933 651 1987 altare
713 1946 875 2002 super
934 1930 1216 1999 corporale
1262 1930 1400 1983 circa
1448 1928 1715 1982 sinistram

134 2032 347 2091 partem
379 2023 602 2078 lloStite.
631 2023 819 2079 Postea
857 2037 916 2077 se
946 2021 1157 2091 erigens
1178 2034 1329 2075 versa
1360 2018 1494 2075 facie
1534 2018 1597 2072 ad
1627 2033 1721 2087 po-

136 2118 345 2183 pulum,
377 2114 536 2181 dicat,
573 2114 748 2180 Orate,
782 2114 989 2185 fratres,
1022 2124 1125 2166 etc.
1168 2111 1231 2166 Et
1260 2110 1548 2181 notandum
1580 2106 1718 2177 quod

135 2202 566 2273 quandocunque
591 2204 876 2273 dispositio
904 2201 1090 2258 altaris
1129 2201 1365 2272 requiret
1397 2209 1453 2254 ut
1484 2198 1719 2269 pontifex

132 2304 294 2351 stans
338 2312 500 2365 super
548 2297 719 2351 altare
766 2310 827 2351 se
868 2304 1041 2350 vertat
1069 2294 1134 2349 ad
1169 2293 1445 2363 populum,
1475 2290 1635 2345 debet
1664 2303 1723 2344 se

136 2395 355 2440 vertere
382 2400 445 2439 ex
480 2385 671 2439 dextra
701 2398 870 2456 parte,
904 2395 959 2439 et
986 2399 1047 2439 ex
1077 2384 1263 2438 eadem
1304 2393 1620 2436 convertere
1657 2380 1722 2433 ad

134 2474 333 2538 altare,
359 2482 580 2542 excepto
603 2474 742 2544 quod
768 2489 887 2529 cum
917 2474 1131 2540 dixerit,
1166 2471 1340 2538 Orate,
1365 2474 1571 2541 fratres,
1592 2480 1722 2537 ete.,

135 2564 311 2620 debet
346 2578 403 2619 se
431 2573 753 2620 convertere
791 2564 857 2619 ad
887 2565 1055 2619 altare
1083 2579 1147 2619 ex
1202 2571 1353 2633 parte
1397 2564 1641 2628 sinistra;
1673 2572 1727 2618 et

140 2664 297 2709 stans
334 2654 385 2709 in
418 2655 594 2710 medio
623 2656 806 2710 altaris
833 2670 984 2709 versa
1016 2654 1150 2711 facie
1187 2654 1251 2709 ad
1277 2655 1488 2720 librum,
1518 2663 1572 2709 et
1609 2668 1725 2707 ma-

145 2744 311 2798 nibus
337 2746 576 2812 elevatis,
611 2756 664 2799 ut
687 2746 927 2815 superius
958 2747 1154 2800 dictum
1184 2756 1290 2813 est,
1318 2744 1459 2799 dicat
1485 2754 1725 2800 secretas

138 2835 432 2891 Uratloncs
479 2828 960 2906 eoi-respondentes
1011 2836 1134 2901 illis,
1185 2850 1318 2905 quas
1357 2845 1511 2890 antea
1556 2834 1726 2901 dixit,

138 2924 262 2979 sive
289 2938 410 2978 cum
436 2933 461 2961 â¸
489 2935 665 2991 cantu,
690 2927 801 2980 sive
821 2926 1106 2981 submisse.
1136 2925 1399 2980 Diaconos
1426 2940 1554 2981 vero
1579 2936 1726 2994 post-

138 3030 309 3082 quam
339 3016 630 3071 reddiderit
660 3017 984 3073 tliuribulum
1019 3018 1380 3083 thariferario,
1412 3027 1514 3072 stet
1539 3018 1729 3072 imme-

140 3106 293 3161 diate
322 3115 439 3176 post
479 3114 608 3176 pont
630 3106 804 3174 licem,
850 3109 1101 3164 videlicet
1141 3110 1280 3164 inter
1308 3109 1477 3178 ipsum
1505 3116 1559 3163 et
1597 3105 1727 3162 sub-

1826 1925 2085 1987 llostiam,
2136 1938 2234 1978 nec
2281 1922 2505 1978 multum
2554 1923 2732 1978 elevet
2784 1936 2945 1991 super
2994 1924 3165 1991 ipsum
3194 1923 3398 1987 altare;

1822 2015 2049 2071 dicendo
2075 2022 2253 2069 autem
2286 2012 2511 2067 Elevatis
2544 2014 2707 2067 oculis
2735 2014 2787 2067 in
2814 2015 3015 2081 etaiam,
3049 2014 3227 2068 elevet
3254 2013 3401 2080 ipsos

1823 2108 2033 2171 oculos;
2059 2114 2114 2161 et
2133 2104 2361 2160 dicendo
2390 2103 2682 2171 Benedicit,
2704 2103 2858 2156 faciat
2878 2117 2999 2157 cum
3024 2104 3206 2158 dextra
3240 2119 3399 2157 manu

1826 2197 2033 2265 signum
2076 2196 2249 2251 crucis
2294 2210 2456 2263 super
2506 2194 2763 2259 llostiam,
2814 2209 2972 2263 quam
3026 2201 3204 2249 teneat
3243 2209 3400 2247 manu

1827 2288 2064 2352 sinistra;
2089 2301 2194 2355 quo
2218 2284 2380 2352 facto,
2406 2285 2598 2340 iterum
2625 2293 2802 2340 teneat
2824 2285 3059 2339 llostiam
3082 2299 3202 2339 cum
3227 2285 3405 2355 digitis

1827 2379 2101 2447 utriusque
2121 2391 2320 2439 manus.
2349 2386 2402 2433 et
2423 2378 2655 2447 proferat
2677 2377 2927 2431 distincte
2948 2391 3012 2432 ac
3031 2378 3221 2432 devote
3241 2378 3404 2432 verba

1828 2470 2286 2537 consecrationis;
2313 2470 2503 2539 quibus
2534 2469 2712 2537 dictis,
2745 2469 2860 2538 ipse
2896 2470 3067 2538 primo
3108 2470 3291 2525 adoret
3320 2471 3404 2524 in-

1833 2564 2033 2618 clinato
2059 2564 2234 2632 capite
2265 2577 2475 2618 sacrum
2499 2562 2735 2617 divinum
2762 2577 2997 2632 corpus;
3027 2563 3223 2619 deinde
3260 2578 3407 2619 reve-

1831 2666 2011 2711 renter
2037 2664 2091 2711 et
2114 2666 2316 2712 attente
2368 2657 2537 2725 ipsum
2568 2656 2741 2711 elevet
2779 2655 2833 2712 in
2881 2657 3046 2711 altum
3077 2656 3407 2713 adorandum

1831 2763 1861 2802 a
1891 2748 2105 2817 p0pulo,
2156 2756 2213 2804 et
2260 2747 2535 2803 adoratam
2579 2762 2789 2803 sacram
2834 2748 3072 2803 llostiam
3097 2749 3327 2819 deponet
3354 2750 3406 2803 in

1833 2838 1951 2892 loco
1979 2852 2097 2890 suo.
2130 2837 2198 2891 Et
2226 2836 2466 2891 attendat
2497 2836 2635 2906 quod
2664 2851 2730 2891 ex
2767 2846 2892 2893 tunc
2919 2838 3196 2908 utriusque
3221 2854 3409 2893 manus

1834 2930 2081 2999 pollicem
2106 2944 2227 2985 cum
2259 2930 2433 2984 indice
2462 2928 2488 2969 Î¹â€™
2516 2931 2758 3000 junctum
2789 2942 2985 2999 teneat,
3021 2948 3119 2990 nec
3141 2934 3409 3004 disjungat

1835 3024 1979 3091 ipsos
2005 3022 2199 3091 digitos
2227 3036 2394 3091 usque
2422 3032 2539 3090 post
2567 3024 3024 3091 communionem,
3070 3026 3172 3080 nisi
3197 3026 3410 3095 quando

1839 3116 2011 3184 ipsum
2042 3122 2249 3183 oportet
2271 3112 2585 3182 contingere
2610 3126 2818 3168 sacram
2841 3114 3103 3180 Hostiam,
3137 3116 3218 3171 vel
3260 3116 3410 3186 signa

139 3200 452 3263 diaconum,
478 3208 690 3267 piratas
710 3198 775 3252 ad
796 3198 1143 3253 ministerium
1165 3208 1540 3268 opportunum.
1564 3198 1720 3252 Juxta
1748 3208 1795 3271 Î¿
1829 3206 2025 3261 facere,

140 3291 325 3358 ipsum
352 3289 630 3344 diaconum
658 3300 802 3345 stare
829 3298 1004 3361 potest
1048 3290 1100 3345 in
1137 3302 1286 3361 parte
1320 3292 1503 3347 dextra
1550 3292 1593 3345 is
1636 3292 1725 3362 qui

150 3382 369 3436 mitram
398 3393 611 3450 servat;
635 3392 688 3437 et
709 3425 722 3447 ,
753 3384 797 3438 si
826 3393 1033 3451 tempus
1054 3384 1309 3455 requirit,
1339 3392 1516 3439 teneat
1546 3382 1726 3438 ï¬‚abel-

152 3473 291 3539 lum,
322 3482 375 3529 et
406 3474 570 3529 nihilo
599 3476 772 3529 minus
802 3475 1128 3545 capellanus,
1169 3476 1248 3531 vel
1280 3476 1470 3546 aliquis
1498 3475 1634 3529 alius
1664 3476 1729 3530 de

145 3564 436 3630 ministris,
471 3566 610 3620 aliud
642 3576 823 3621 tenere
853 3576 1027 3634 patest
1049 3567 1113 3620 ad
1144 3566 1463 3636 abigendum
1492 3581 1726 3620 muscas.

143 3655 404 3727 Acolythi
452 3667 503 3710 et
547 3656 632 3711 alii
661 3657 841 3711 clerici
903 3659 1061 3710 eottis
1103 3656 1274 3710 induti
1320 3665 1461 3710 stare
1510 3665 1731 3723 possunt

137 3745 291 3801 circa
316 3746 723 3813 subdiaconum,
748 3748 914 3817 parati
937 3749 1001 3802 ad
1022 3747 1395 3813 ministerium,
1423 3756 1578 3816 prout
1599 3762 1730 3815 opus

137 3839 334 3893 fuerit.

222 3928 467 3986 Pontifex
508 3939 682 3986 autem
720 3941 998 4001 postquam
1036 3930 1230 3985 dixerit
1258 3937 1492 3986 secretas
1522 3930 1731 3984 Oratio-

140 4037 270 4085 nes,
308 4022 538 4090 deponat
582 4038 768 4076 manus
818 4036 977 4090 super
1021 4023 1210 4087 altare,
1256 4029 1309 4077 et
1354 4022 1555 4077 elevata
1603 4038 1730 4077 voce

139 4115 300 4168 dicat
347 4112 448 4165 Per
490 4113 660 4166 omnia
706 4113 892 4166 circulo
937 4111 1272 4178 swculorum;
1314 4111 1475 4183 304
1520 4121 1573 4166 et
1612 4127 1729 4166 cum

136 4204 371 4269 dixerit,
401 4201 621 4258 Sursum
645 4204 818 4269 corda,
854 4220 1061 4259 sursum
1089 4205 1263 4259 elevet
1289 4219 1494 4269 manus,
1530 4213 1583 4258 et
1609 4219 1732 4274 pro-

135 4306 410 4365 sequatur
440 4295 824 4365 prazfationem.
856 4296 966 4362 Qua
995 4297 1280 4364 completa,
1313 4297 1500 4368 jungat
1545 4312 1732 4350 manus

135 4387 214 4440 ad
245 4395 452 4456 peetus,
484 4396 535 4440 et
563 4386 705 4440 dicat
735 4385 980 4451 Sanctus,
1015 4387 1260 4451 Sanctus,
1291 4398 1416 4455 ctc.,
1467 4386 1731 4440 submissa

136 4493 314 4543 voce,
346 4493 463 4532 cum
496 4478 750 4531 ministris
775 4478 874 4532 sibi
898 4478 1212 4531 astantibus.
1243 4480 1432 4532 Postea
1456 4478 1732 4547 capellano

1902 3300 2063 3372 305
2082 3297 2325 3368 Deposita
2352 3297 2552 3357 llostia.
2569 3306 2624 3350 ut
2645 3297 2841 3352 dictum
2863 3307 2964 3365 ÎµÎµÎ¹,
2988 3298 3215 3354 dicendo
3235 3299 3413 3357 Simili

1832 3393 2006 3457 modo,
2033 3401 2161 3454 etc..
2194 3391 2416 3460 accipiat
2449 3392 2668 3445 calicem
2704 3391 2874 3458 ipsum
2916 3390 3331 3461 discoopertum,
3359 3403 3412 3447 ut

1831 3484 1975 3553 prius
2004 3491 2324 3539 teneateum
2383 3490 2607 3550 utraque
2653 3497 2812 3535 manu
2860 3482 3124 3551 paulisper
3153 3484 3412 3539 elevatnm

1830 3587 1989 3641 super
2021 3574 2207 3640 altare,
2238 3584 2294 3629 et
2330 3587 2450 3627 eum
2480 3573 2613 3628 dicit
2659 3571 2949 3638 Benedixit,
2983 3574 3224 3644 deposito
3253 3589 3415 3645 super

1832 3668 1999 3720 altare
2023 3666 2209 3731 calice,
2242 3665 2398 3720 faciat
2420 3679 2579 3734 super
2611 3664 2778 3733 ipsum
2803 3664 3021 3719 calicem
3044 3678 3258 3720 crucem
3288 3680 3407 3719 cum

1831 3758 2018 3813 dextra
2050 3772 2232 3821 manu,
2266 3755 2497 3812 tenendo
2527 3770 2649 3811 eum
2678 3770 2799 3809 cum
2842 3755 3082 3822 sinistra,
3113 3771 3218 3825 quo
3249 3755 3411 3821 facto,

1834 3861 2113 3903 resumens
2142 3862 2261 3901 cum
2307 3858 2529 3914 utraque
2560 3862 2740 3912 manu,
2788 3855 2844 3902 et
2890 3847 3103 3901 elevans
3144 3846 3414 3915 paululum

1833 3940 1898 3993 ad
1943 3939 2134 4000 altare,
2171 3946 2525 4007 prosequatur
2569 3940 2728 3992 verba
2776 3939 3197 3994 consecrationis
3254 3955 3418 4011 usque

1833 4032 1898 4086 ad
1926 4031 2071 4085 illum
2104 4030 2298 4095 locum,
2346 4027 2713 4083 Remissianem
2743 4038 3083 4096 peccatorum.
3117 4028 3319 4095 Quibus
3351 4031 3413 4081 liâ€”

1838 4125 1984 4191 nitis,
2016 4123 2274 4177 inclinato
2313 4122 2581 4191 paululum
2613 4122 2782 4189 capite
2830 4120 3019 4176 adoret
3064 4137 3271 4176 sacrum
3306 4123 3413 4177 Do-

1837 4214 1964 4268 mini
2009 4212 2343 4283 sanguinem,
2383 4221 2439 4267 et
2465 4210 2637 4264 elevet
2666 4210 2994 4264 adorandum
3025 4226 3055 4263 a
3097 4214 3310 4279 populo,
3361 4223 3418 4265 ut

1836 4320 1995 4374 supra
2047 4304 2115 4357 de
2188 4317 2413 4371 corpore
2470 4302 2665 4355 dictum
2710 4309 2809 4355 est.
2867 4301 2975 4356 Nec
3021 4312 3227 4369 Oportet
3276 4306 3414 4371 quod

1841 4400 1921 4452 vel
1966 4412 2158 4463 corpus
2184 4435 2199 4459 ,
2258 4395 2339 4448 vel
2389 4395 2700 4462 sanguinem
2743 4394 2835 4447 diu
2887 4401 3064 4449 teneat
3098 4393 3405 4459 elevntutn;

1840 4486 1933 4541 sed
1961 4496 2076 4555 post
2106 4486 2321 4540 brevem
2355 4498 2556 4538 moram
2614 4483 2866 4551 deponat,
2922 4484 2992 4537 ita
3055 4493 3228 4539 tamen
3272 4487 3410 4554 quod

144 4578 449 4643 pra-stante
475 4568 573 4623 sibi
606 4569 795 4622 librum
832 4569 1117 4636 Missalem,
1157 4570 1426 4624 osculetur
1466 4570 1727 4639 imagines
1764 4569 1807 4625 Ï…
1837 4577 2159 4631 elevationes
2203 4583 2256 4628 et
2302 4573 2657 4643 depositiones
2688 4572 2845 4627 faciat
2875 4587 2995 4627 cum
3042 4573 3216 4627 debita
3262 4588 3414 4628 reve-

141 4677 275 4734 quae
300 4661 493 4716 debent
518 4675 636 4715 esse
667 4662 885 4731 depicta:
918 4663 967 4715 in
996 4662 1181 4715 eodem
1227 4660 1363 4716 libro
1402 4671 1524 4716 ante
1555 4664 1730 4717 Cano-

142 4772 278 4812 nem
314 4755 506 4808 Missae.
537 4754 936 4823 Subsequenter
959 4753 1420 4822 manibusjunctis
1443 4754 1732 4809 inclinatus

138 4854 279 4899 ante
312 4845 480 4899 altare
510 4845 727 4912 incipiat
768 4845 1031 4898 submissa
1082 4860 1211 4898 voce
1260 4844 1329 4898 Te
1364 4845 1541 4915 igitur,
1587 4854 1729 4910 etc.;

136 4948 202 4992 et
230 4952 354 4990 cum
385 4937 524 4991 dicet
556 4936 645 4989 Uti
672 4947 879 5003 accepta
910 4936 1117 5001 habeas,
1150 4938 1317 5000 erigat
1360 4951 1438 5001 se,
1478 4946 1531 4991 et
1573 4952 1728 4992 oscu-

140 5030 295 5082 letur
324 5027 492 5080 altare
522 5027 573 5080 in
601 5035 752 5095 parte
782 5025 991 5080 sinistra
1025 5041 1188 5094 praue
1226 5025 1487 5080 Hostiam.
1532 5027 1731 5082 Deinde

140 5128 508 5188 prosequatur
535 5118 704 5188 ipsum
737 5119 1028 5180 Canninem,
1062 5118 1193 5171 sicut
1233 5116 1283 5171 in
1317 5119 1451 5172 libro
1483 5119 1727 5184 habetur,

139 5210 404 5265 faciendo
432 5211 640 5280 signum
688 5210 866 5263 crat-is
916 5224 1077 5278 super
1121 5211 1341 5264 calicem
1387 5219 1441 5264 et
1489 5210 1729 5265 Hostiam

137 5302 424 5366 similiter,
458 5303 667 5369 quando
708 5302 834 5356 dicit
866 5300 988 5355 Hice
1024 5302 1180 5365 dona,
1213 5311 1265 5354 et
1299 5301 1490 5355 iterum
1523 5303 1733 5371 quando

140 5394 284 5447 dicit
313 5392 436 5445 Hice
458 5410 687 5461 munera,
713 5402 768 5447 et
797 5393 985 5447 iterum
1012 5391 1223 5461 quando
1250 5392 1377 5446 dicit
1404 5391 1529 5444 "(BC
1555 5401 1732 5446 sancta

138 5484 415 5553 sacrificia
440 5458 680 5539 illigata.
708 5484 839 5539 Cum
870 5458 1046 5538 autem
1086 5483 1279 5538 dixerit
1313 5483 1583 5548 Memento,
1621 5483 1731 5537 Da-

224 5646 247 5673 Î¹
291 5632 444 5688 Nunc
472 5647 684 5701 semper
710 5632 960 5688 dicuntur
985 5627 1273 5684 submisse.

220 5707 252 5745 Î´
297 5706 348 5758 ld
380 5706 487 5772 jam
518 5704 569 5755 in
594 5692 701 5757 'usu
727 5711 839 5757 erat
870 5700 1066 5772 sasculo
1095 5716 1167 5763 XI,
1203 5712 1319 5772 quo
1343 5707 1594 5772 tempore
1637 5692 1733 5747 Mi-

137 5764 405 5845 Ï€Î¿Î¹Î¼ÎµÏ…á½²
438 5776 577 5828 liunc
605 5774 764 5828 ritum
808 5771 1033 5841 imponit
1065 5772 1116 5824 in
1146 5764 1266 5837 cap.
1300 5766 1368 5823 16
1399 5782 1413 5819 :
1448 5764 1567 5819 Non
1615 5781 1735 5835 ergo

1841 4670 2009 4721 rentia
2039 4675 2090 4719 et
2122 4663 2443 4718 maturitate.
2479 4664 2798 4731 Deponendn
2825 4673 2999 4717 autem
3029 4664 3247 4718 calicem
3276 4666 3415 4719 dicat

1841 4757 1953 4811 haec
1977 4757 2132 4811 verba
2164 4773 2177 4809 :
2214 4754 2342 4809 Haec
2382 4756 2788 4825 quotiescunque,
2818 4765 2918 4809 etc.
2952 4755 3200 4825 Deposito
3230 4756 3414 4823 calice,

1843 4856 1898 4904 et
1924 4850 2182 4905 collocato
2210 4846 2262 4900 in
2294 4845 2411 4899 loco
2453 4860 2569 4910 suo,
2622 4845 2843 4900 elevatis
2883 4845 3126 4900 manibus
3163 4854 3220 4898 ut
3250 4845 3411 4914 prim,

1842 4948 2190 5008 prosequatur
2216 4935 2341 4989 illud
2376 4952 2388 4987 :
2426 4934 2573 4989 Unde
2601 4944 2645 4988 at
2668 4951 2932 5002 memores,
2957 4950 3058 4989 etc.
3093 4936 3155 4988 Et
3188 4950 3305 4989 cum
3336 4935 3415 4989 di-

1839 5041 1922 5083 cet
1951 5027 2190 5081 Hostiam
2222 5043 2426 5096 puram,
2469 5026 2627 5079 faciat
2662 5026 2868 5095 signum
2900 5028 3073 5079 crucis
3103 5041 3261 5094 super
3288 5026 3414 5081 cali-

1838 5135 1955 5176 cem
1978 5130 2033 5175 et
2060 5120 2293 5174 llOStiani
2321 5117 2509 5183 simul;
2540 5126 2593 5171 et
2622 5118 2811 5173 iterum
2853 5116 3008 5173 faciat
3036 5118 3261 5173 dicendo
3306 5116 3413 5171 Ua-

1840 5212 1993 5264 stiam
2016 5218 2266 5274 sanctam,
2301 5220 2353 5263 et
2384 5207 2576 5262 iterum
2610 5206 2769 5261 faciat
2798 5207 3022 5263 dicendo
3062 5206 3298 5261 [Iastium
3319 5209 3411 5259 im-

1841 5303 2180 5368 maculatam;
2206 5310 2260 5356 et
2286 5317 2406 5355 cum
2448 5301 2590 5355 dicet
2628 5299 2819 5354 Panem
2839 5310 3075 5373 sanetum
3121 5302 3235 5353 vine
3262 5309 3413 5354 teter"

1840 5409 1940 5456 me,
1975 5392 2130 5447 faciat
2167 5395 2377 5462 signum
2410 5406 2571 5460 super
2616 5391 2854 5445 llostiam
2910 5400 3132 5446 tantum.
3163 5391 3416 5446 Similiter

1838 5501 1958 5539 cum
1998 5485 2126 5541 dicit
2155 5485 2221 5539 Et
2259 5484 2465 5539 calicem
2493 5484 2676 5538 salutis
2706 5496 2980 5553 perpetua),
3024 5482 3181 5539 faciat
3206 5481 3413 5553 signum

1843 5629 1992 5768 Idigiti
2019 5637 2136 5682 sunt
2163 5625 2515 5692 cantrahettdi,
2544 5633 2595 5677 ut
2618 5624 2829 5694 quidam
2859 5638 2967 5692 prie
3014 5624 3175 5676 nimia
3216 5621 3413 5676 cautela

1870 5711 2059 5752 uetant.

1870 5711 2059 5752 uetant.
