4006 6290
650 266 782 322 “67

1322 270 1665 328 Al’i‘ENDlx
1708 274 1795 328 AD
1838 278 1873 332 S
1938 279 2265 341 GRECORII
2309 287 2523 343 MACXI
2568 284 2931 340 LITCRGICA
2977 290 3228 346 OPERA.

3804 306 3932 358 “63

644 407 801 460 super
825 389 1043 445 calicem
1075 398 1295 442 tantum.
1328 390 1460 444 Cum
1491 400 1664 445 autem
1696 393 1837 445 dicet
1878 393 2146 463 Supplices
2176 407 2221 449 ιιτ
2256 402 2298 458 Α
2331 398 2547 459 llosﬁze,
2580 415 2696 465 quae
2736 403 2989 456 remansit
3042 406 3093 458 in
3125 421 3207 471 ea,
3235 418 3286 462 et
3330 410 3469 465 duos
3497 412 3706 481 digitos
3740 431 3932 473 manus

644 501 901 554 rogamus,
930 492 1054 543 etc.,
1092 482 1333 535 manibus
1376 484 1685 537 cancellatis
1727 494 1849 539 ante
1899 498 2103 555 pectus,
2151 491 2221 541 ita

643 578 778 644 quod
813 576 1057 628 dextrum
1092 573 1364 626 brachium
1394 576 1461 626 sit
1489 588 1647 642 supra
1684 577 1977 642 sinistrum,
2009 579 2225 633 inclinet

642 677 762 719 ante
792 667 985 729 altare;
1019 674 1216 718 etcum
1240 664 1477 719 dicturus
1508 678 1587 721 est
1612 684 1624 719 :
1663 666 1743 721 Ex
1765 669 1859 722 hac
1886 670 2064 723 altoris
2095 689 2215 732 par-

641 755 949 824 ticipatione,
981 765 1109 819 etc.,
1144 754 1298 819 erigit
1330 770 1409 817 se,
1439 766 1491 809 et
1522 758 1793 811 osculetur
1831 760 1995 815 altare
2019 762 2069 814 in
2094 762 2223 814 sini-

639 855 744 897 stra
792 854 941 910 parte
998 859 1161 911 prejse
1211 845 1468 899 Hostiam.
1527 847 1925 917 Subsequenter
1972 851 2217 921 dicendo,

641 944 1047 999 sacrosanctum,
1097 944 1227 1001 etc.,
1279 936 1431 989 faciat
1479 937 1684 1005 signum
1732 940 1903 993 crucis
1930 955 2088 1008 super
2117 942 2221 996 llo-

637 1027 814 1089 stiam,
848 1034 901 1079 et
931 1024 1075 1079 aliud
1107 1025 1264 1079 faciat
1290 1042 1451 1096 super
1478 1029 1695 1084 calicem
1729 1031 1955 1085 dicendo
2004 1031 2070 1084 Et
2100 1050 2220 1087 sun-

636 1118 859 1186 gniucm.
888 1118 1122 1187 Cumque
1143 1118 1281 1172 diect
1306 1117 1456 1172 Omni
1483 1118 1860 1190 Benedictione,
1888 1133 2016 1190 etc.,
2047 1126 2220 1195 signet

637 1209 823 1262 faciem
855 1222 1026 1261 suam.
1062 1208 1192 1261 Cum
1220 1220 1395 1262 autem
1429 1212 1625 1266 dixerit
1666 1212 1945 1280 Memento,
1978 1226 2107 1284 etc.,
2143 1218 2218 1270 fa-

634 1299 736 1352 ciat
771 1298 1083 1352 memoriam
1120 1314 1214 1367 pro
1242 1298 1524 1365 defunctis.
1559 1302 1691 1355 sicut
1722 1306 1967 1373 superius
1989 1308 2055 1361 de
2085 1312 2217 1365 vivis

633 1388 831 1443 dictum
863 1398 962 1443 est.
999 1390 1061 1442 Et
1086 1403 1204 1442 cum
1235 1390 1537 1457 pervenerit
1567 1391 1632 1445 ad
1656 1393 1804 1458 illud,
1834 1394 1994 1449 Nabis
2017 1415 2219 1468 quoque

632 1478 999 1546 peccatoribus,
1032 1490 1157 1543 etc.,
1199 1478 1427 1534 dicendo
1484 1480 1665 1549 Nobis,
1720 1485 1901 1539 elevet
1948 1490 2216 1554 paululum

637 1590 820 1629 vocem
852 1575 967 1628 sine
998 1584 1141 1641 nota,
1173 1584 1227 1628 et
1253 1575 1512 1643 percutiat
1535 1584 1721 1644 peetus
1749 1592 1903 1632 suum
1930 1594 2050 1633 cum
2077 1581 2215 1649 digi—

632 1666 697 1718 tis
728 1666 929 1720 dextra:
962 1680 1172 1731 manus,
1227 1680 1331 1718 non
1366 1667 1558 1734 pollice
1605 1676 1657 1721 et
1702 1668 1893 1734 iudice,
1929 1670 2019 1725 sed
2072 1674 2212 1727 aliis.

2330 489 2565 542 sinistra:
2590 490 2802 559 junctos
2843 508 3005 562 super
3032 497 3273 563 calicem,
3308 501 3530 570 incipiat
3557 505 3627 556 cli
3650 514 3779 557 vata
3808 522 3931 563 Vfth

2330 579 2433 631 Per
2472 583 2643 634 omnia
2692 584 2880 636 saecula
2930 588 3266 655 swculorum;
3305 603 3357 646 et
3396 594 3631 648 dicendo
3681 593 3809 648 Pa:
3840 597 3941 652 Do-

2328 675 2451 725 mini
2472 676 2536 726 sit
2586 691 2783 742 semper
2836 677 3108 743 vobiscum,
3167 681 3323 735 faciat
3370 698 3490 738 Cum
3536 686 3741 740 eadem
3788 701 3931 756 parte

2326 762 2522 816 "ostia:
2554 774 2633 817 ter
2658 768 2865 833 signum
2914 771 3089 823 crucis
3136 772 3270 825 intra
3300 775 3546 830 calicem.
3585 776 3807 832 Deinde
3849 795 3931 847 po-

2326 864 2412 907 nat
2442 854 2611 921 ipsam
2646 858 2695 909 in
2725 858 2915 922 calice,
2979 860 3203 916 dicendo
3252 862 3371 917 Fiat
3420 869 3747 935 commistio,
3822 880 3923 923 etc.

2325 941 2440 1007 Quo
2484 946 2644 1011 facto,
2678 946 2931 1003 diaconus
2962 958 3103 1018 tegat
3129 953 3375 1022 calicem,
3406 966 3461 1008 ut
3492 959 3675 1024 prius,
3712 968 3766 1012 et
3791 974 3922 1027 pon-

2325 1034 2471 1101 tifev,
2510 1037 2705 1104 junctis
2736 1049 2858 1094 ante
2887 1052 3071 1109 pectus
3102 1046 3367 1109 inanibus,
3400 1048 3535 1102 die:t
3564 1052 3753 1119 Agnus
3800 1050 3917 1117 Dei,

2322 1125 2579 1180 submissa
2602 1143 2730 1181 voce
2758 1146 2877 1183 cum
2909 1132 3165 1187 ministris
3189 1138 3504 1192 astantibus.
3546 1140 3764 1194 Deinde
3786 1144 3919 1197 dicat

2322 1214 2465 1268 illam
2490 1215 2815 1285 Orationem,
2845 1221 3060 1275 Domine
3075 1224 3104 1275 .Ι
3112 1240 3197 1276 esu
3214 1223 3430 1292 Chri..te,
3451 1231 3543 1297 qui
3558 1231 3773 1298 dixisti,
3789 1244 3912 1297 etc.;

2322 1318 2421 1371 qua
2452 1304 2615 1373 dicta,
2650 1311 2918 1363 osculetur
2960 1313 3127 1367 altare
3176 1316 3228 1368 in
3276 1318 3492 1371 sinistra
3548 1332 3713 1386 parte
3766 1338 3919 1393 prope

2320 1398 2548 1452 calicem
2590 1410 2643 1453 et
2691 1400 2949 1456 Hostiam.
3000 1406 3319 1474 Capellanus
3368 1424 3517 1475 vero,
3575 1413 3713 1466 dum
3772 1416 3916 1485 307

2320 1491 2554 1559 pontifex
2584 1492 2709 1548 dicit
2754 1496 3064 1563 pr.cdictam
3105 1498 3435 1567 Orationem,
3468 1503 3740 1558 dextram
3778 1520 3917 1561 acce-

2318 1583 2401 1635 dat
2434 1583 2499 1637 ad
2533 1593 2731 1653 partem
2782 1590 2999 1655 altaris;
3038 1602 3091 1644 et
3146 1594 3404 1663 pontifex,
3438 1598 3700 1652 osculato
3750 1601 3914 1665 altari,

2318 1686 2598 1731 eonvertat
2624 1694 2682 1734 se
2711 1680 2776 1734 ad
2808 1682 3004 1751 ipsum,
3062 1696 3113 1740 et
3167 1686 3255 1742 det
3302 1689 3353 1745 ei
3411 1706 3630 1761 pacem,
3697 1695 3914 1751 dicendo

634 1758 831 1825 Deinde
860 1766 1207 1826 prosequatur
1232 1774 1349 1825 qua:
1380 1757 1581 1828 scripta
1611 1769 1735 1814 sunt
1762 1774 1929 1829 usque
1961 1762 2026 1814 ad
2058 1763 2206 1817 illum
2243 1768 2283 1826 Β
2316 1771 2431 1827 Pax
2462 1785 2645 1840 terunt,
2679 1793 2835 1846 quam
2870 1780 2961 1835 ille
2991 1796 3301 1853 recepturus
3332 1788 3478 1853 prius
3511 1790 3748 1845 inclinet
3776 1808 3912 1848 rere-

628 1850 821 1916 locum,
860 1850 960 1905 Per
984 1869 1130 1920 quem
1159 1853 1349 1916 omnia,
1378 1860 1482 1905 etc.
1507 1867 1521 1915 ;
1551 1860 1605 1905 et
1626 1851 1860 1909 dicendo
1878 1854 2203 1920 Sancti/iens,

628 1941 785 1995 faciat
814 1945 1020 2009 signum
1052 1956 1211 2008 super
1240 1940 1463 1994 calicem
1508 1950 1563 1994 ct
1595 1943 1829 1995 Hostiam
1860 1944 2124 2011 similiter,
2157 1959 2207 2001 et

628 2035 817 2087 iterum
876 2034 1033 2087 faciat
1084 2032 1313 2086 dicendo
1370 2031 1633 2100 Vini/iras,
1683 2045 1735 2088 et
1786 2036 1942 2089 tertio
1986 2037 2209 2092 dicendo

630 2126 911 2178 Brnedicis.
948 2124 1073 2179 Post
1102 2124 1218 2179 lucc
1259 2125 1515 2179 diaconus
1541 2125 1753 2195 detegat
1782 2128 2021 2194 calicem,
2060 2146 2209 2183 amo-

630 2217 803 2270 vendo
823 2217 1099 2286 corporale
1130 2217 1269 2285 quod
1298 2217 1470 2285 ipsum
1502 2219 1647 2287 tegit,
1676 2229 1727 2273 et
1779 2220 1949 2288 ipsum
1984 2222 2205 2276 calicem

624 2321 720 2378 per
749 2306 935 2375 pedem
985 2316 1159 2361 teneat
1196 2307 1406 2361 ﬁrmum
1441 2324 1559 2362 cum
1611 2309 1786 2378 digitis
1838 2310 2037 2366 dextra:
2092 2328 2202 2367 ηια-

626 2412 757 2460 nus;
791 2398 952 2468 303
982 2408 1033 2451 ct
1074 2407 1201 2452 tunc
1252 2397 1393 2451 idem
1450 2399 1681 2467 pontifex
1742 2416 1858 2453 cum
1911 2405 2205 2457 reverentia

622 2488 841 2554 recipiat
868 2501 1062 2553 eorpus
1094 2488 1298 2540 Domini
1333 2503 1453 2541 cum
1484 2488 1667 2542 dextra
1715 2504 1895 2551 manu,
1947 2500 1999 2543 et
2050 2490 2205 2545 facint

620 2592 740 2632 cum
772 2594 836 2631 eo
867 2579 1072 2646 signum
1102 2578 1276 2632 crucis
1314 2592 1473 2645 super
1508 2592 1599 2630 ora
1647 2580 1827 2633 ealicis
1872 2596 1899 2634 a
1942 2581 2080 2634 labio
2119 2597 2208 2635 us-

619 2685 720 2739 que
748 2670 812 2723 ad
843 2669 1055 2732 labium,
1086 2669 1316 2723 dicendo
1350 2669 1450 2723 Per
1483 2671 1684 2740 ipsum;
1727 2671 1866 2725 idem
1929 2671 2084 2727 faciat
2131 2674 2203 2727 si-

619 2776 774 2827 gnum
812 2760 1078 2827 paululum
1106 2760 1255 2827 juxta
1296 2760 1538 2827 calicem,
1570 2761 1796 2816 dicendo
1853 2761 1919 2814 Et
1970 2764 2021 2815 in
2071 2765 2202 2834 ipso.

618 2850 856 2918 Cumque
879 2852 1022 2904 dicet
1052 2849 1143 2903 Est
1182 2851 1271 2904 tibi
1331 2850 1458 2918 Deo,
1514 2860 1646 2918 etc.,
1684 2852 1837 2905 faciat
1868 2867 1986 2906 cum
2018 2854 2205 2908 eadem

619 2944 800 2997 llostia
828 2943 1036 3012 signum
1082 2943 1255 2996 crucis
1305 2943 1446 2996 inter
1475 2958 1533 2997 se
1563 2952 1616 2996 et
1644 2944 1864 2997 calicem
1895 2954 2080 2999 contra
2122 2945 2207 2998 la-

618 3032 757 3084 biurn
795 3032 999 3093 ealiciS,
1041 3040 1094 3084 et
1125 3034 1315 3084 iterum
1350 3032 1508 3085 faciat
1559 3033 1768 3102 signum
1800 3043 1984 3088 contra
2016 3036 2204 3103 pedem

2314 1877 2491 1921 reuter
2512 1880 2632 1924 ante
2662 1873 2963 1939 pontiﬁcem
2997 1877 3193 1948 absque
3221 1882 3639 1951 genuﬁexione;
3696 1886 3905 1953 deinde,

2312 1970 2523 2029 recepta
2555 1978 2703 2031 pace,
2735 1968 3021 2035 respondet
3053 1968 3117 2022 Et
3150 1988 3265 2025 cum
3294 1976 3483 2045 spiritu
3506 1987 3715 2041 tuo;et
3745 1996 3901 2035 oscu-

2314 2052 2451 2105 letur
2473 2066 2661 2121 pectus
2694 2058 2978 2125 pontificis,
3013 2069 3063 2113 et
3086 2069 3231 2130 aptet
3259 2064 3306 2117 ei
3339 2076 3543 2133 vestes,
3588 2081 3755 2137 prout
3782 2072 3908 2125 vide

2310 2142 2375 2196 rit
2406 2154 2786 2212 Opportunum.
2815 2148 3000 2204 Postea
3029 2152 3119 2206 det
3155 2169 3336 2222 pacem
3367 2159 3623 2221 diacono.
3654 2173 3709 2216 et
3733 2163 3905 2216 diaco-

2311 2250 2407 2288 nus
2437 2237 2780 2307 subdiacono,
2806 2251 2857 2295 et
2881 2244 3240 2300 subdiaconus
3269 2249 3317 2302 ei
3351 2253 3439 2317 rpii
3460 2264 3648 2307 servat
3675 2256 3900 2321 mitram,

2309 2333 2362 2378 et
2394 2326 2484 2380 ille
2511 2326 2596 2381 uni
2639 2330 2705 2383 de
2742 2332 3025 2401 acolytltis,
3056 2343 3111 2388 et
3161 2336 3248 2392 ille
3288 2339 3435 2405 aliis;
3470 2351 3524 2395 et
3553 2344 3635 2397 sic
3670 2361 3777 2413 pas
3815 2347 3897 2400 dif

2311 2413 2561 2471 fundatur
2612 2434 2705 2487 per
2758 2422 3183 2481 circumstantes.
3234 2428 3556 2497 Capellanus
3603 2451 3738 2490 vero
3787 2437 3901 2491 data

2312 2522 2440 2578 pace
2482 2509 2730 2579 diacono,
2792 2515 2834 2567 si
2885 2516 3118 2587 episcopi
3152 2518 3343 2574 adsunt
3376 2521 3426 2575 in
3460 2523 3647 2589 Missa,
3683 2527 3772 2581 vel
3822 2529 3902 2583 alii

2311 2599 2535 2665 praelati,
2567 2616 2659 2655 seu
2689 2604 2981 2672 principes,
3007 2611 3275 2675 po.teteis
3306 2626 3514 2680 pacem,
3551 2618 3644 2682 qui
3672 2619 3719 2670 si
3753 2618 3901 2671 simi-

2311 2688 2429 2743 liter
2458 2702 2624 2758 stent,
2659 2692 2857 2750 sufﬁcit
2904 2698 3044 2766 quod
3092 2700 3182 2754 det
3214 2701 3303 2755 tttti
3332 2718 3517 2757 t-otutn
3547 2708 3640 2775 qui
3673 2708 3901 2777 primum

2310 2782 2482 2837 locum
2514 2792 2673 2849 tenet,
2704 2788 2749 2839 si
2774 2803 2899 2842 Vero
2930 2784 3070 2846 stent
3095 2793 3143 2846 in
3186 2794 3410 2869 diversis
3466 2798 3623 2864 locis,
3674 2809 3900 2855 accedat

2308 2873 2371 2926 ad
2400 2888 2514 2938 eos,
2548 2887 2699 2944 prout
2725 2876 2912 2934 viderit
2964 2884 3247 2951 expedire;
3276 2895 3327 2941 et
3366 2888 3428 2941 da
3460 2903 3488 2941 a
3518 2891 3601 2945 eis
3633 2908 3793 2959 pace,
3827 2910 3900 2949 re-

2306 2974 2542 3019 vertatur
2571 2967 2636 3021 ad
2670 2973 2994 3037 pontificem.
3031 2972 3094 3026 Et
3125 2984 3204 3028 est
3235 2976 3635 3033 observandum
3674 2985 3825 3052 qnol
3856 2986 3899 3037 si

2308 3057 2499 3112 adsunt
2547 3062 2989 3118 communicaturi
3040 3067 3089 3119 in
3142 3067 3244 3123 ﬁne
3294 3071 3490 3137 Missas,
3524 3072 3628 3142 ipsi
3661 3091 3697 3128 n
3728 3094 3775 3129 ιη
3806 3077 3897 3131 de-

619 3125 787 3191 ipsius
815 3124 1018 3189 calicis,
1042 3123 1271 3178 dicendo
1301 3122 1367 3176 In
1398 3126 1592 3178 unitate
1616 3124 1841 3193 Spiritus
1868 3130 2051 3193 sancti,
2089 3138 2193 3184 etc.
2225 3147 2269 3209 c
2303 3146 2429 3201 hem
2457 3163 2639 3217 pacem
2670 3153 2910 3220 recipere
2938 3156 3150 3223 quando
3176 3159 3294 3213 aliis
3325 3161 3500 3216 datur.

618 3222 733 3283 Quo
765 3217 923 3280 facto,
949 3216 1182 3285 deponat
1233 3217 1401 3286 ipsam
1447 3216 1681 3271 Hosﬁam
1724 3218 1777 3272 in
1834 3219 1950 3273 loco
1980 3234 2099 3287 suo,
2148 3233 2203 3277 et

616 3308 868 3360 diaconus
922 3307 1142 3360 calicem
1179 3315 1320 3374 tegat
1347 3322 1468 3360 cum
1498 3308 1786 3375 corporali,
1817 3324 1880 3363 ac
1924 3313 2197 3366 osculetur

614 3402 661 3451 al
690 3414 781 3453 are
810 3409 861 3453 et
890 3398 1135 3453 dextrum
1185 3398 1462 3452 humerum
1498 3399 1788 3466 pontiﬁcis,
1830 3408 1885 3454 et
1912 3402 1990 3455 sic
2019 3402 2200 3456 redeat

614 3492 676 3544 ad
712 3492 882 3544 locum
909 3504 1062 3543 suum
1087 3498 1207 3558 post
1250 3490 1574 3557 pontiﬁcem.

689 3584 806 3651 Ipse
837 3592 1013 3658 autem
1046 3582 1280 3650 pontifex
1312 3593 1499 3649 postea
1530 3580 1582 3636 in
1627 3582 1743 3636 loco
1773 3596 1894 3650 suo,
1942 3582 2199 3651 depositis

615 3675 878 3737 manibus,
912 3676 1114 3727 elevata
1147 3687 1280 3726 voce
1309 3672 1450 3726 dicat
1479 3672 1581 3726 Per
1614 3674 1786 3726 omnia
1816 3676 2010 3728 secula
2036 3690 2196 3729 sarcu-

611 3770 798 3832 lorum,
827 3776 878 3818 et
909 3773 1280 3834 prosequatur,
1313 3764 1550 3831 Oremus,
1581 3764 1853 3832 Prmeptis
1881 3768 2196 3823 salutaribus

613 3859 813 3922 moniti,
845 3869 975 3924 etc.,
1004 3866 1056 3913 et
1089 3872 1209 3911 cum
1241 3858 1423 3927 incipit
1481 3858 1636 3913 Pater
1659 3872 1846 3927 noster,
1879 3863 2050 3918 elevet
2078 3880 2192 3918 ma-

610 3965 729 4013 nus,
764 3960 821 4003 ut
847 3964 1024 4017 Supra.
1053 3947 1294 4017 Cumque
1323 3959 1441 4018 post
1480 3949 1637 4004 Pater
1664 3962 1855 4017 noster,
1886 3953 2027 4009 dicet
2055 3954 2190 4010 Ora-

609 4044 831 4107 tionem,
868 4039 1047 4093 Libera
1081 4058 1192 4106 nos,
1243 4050 1373 4101 etc..
1409 4042 1662 4096 diaconus
1711 4045 1902 4114 accipit
1947 4055 2190 4115 patenam

605 4132 673 4185 de
716 4147 873 4185 manu
901 4132 1233 4198 subdiacoui,
1265 4144 1314 4187 et
1350 4132 1522 4187 tradet
1569 4148 1686 4187 eam
1739 4135 1994 4203 pontiﬁci,
2036 4151 2190 4191 oscu-

608 4225 764 4278 lando
800 4241 986 4280 manus
1021 4225 1167 4294 ejus;
1202 4240 1252 4277 et
1282 4225 1517 4294 pntifex
1554 4227 1721 4291 ipsam
1769 4228 2034 4295 accipiens
2064 4244 2183 4283 cum

610 4318 796 4370 dextra
829 4332 1008 4382 manu,
1038 4316 1248 4385 quando
1274 4315 1401 4369 dlCll
1423 4316 1775 4370 Intercetlente
1799 4318 1938 4371 beata
1971 4318 2059 4371 Dei
2080 4319 2186 4373 Ge-

606 4409 783 4460 nitrice
812 4406 1003 4472 Maria,
1053 4416 1182 4472 etc.,
1235 4407 1387 4460 faciat
1414 4408 1515 4461 sibi
1555 4412 1818 4477 eumipsa
1874 4418 2060 4477 patcna
2114 4414 2186 4467 si-

2378 3241 2613 3297 Pontifex
2663 3247 3003 3312 autem,data
3052 3264 3196 3317 pace,
3228 3262 3285 3305 ut
3308 3270 3413 3318 pra:
3434 3254 3621 3311 lictum
3677 3268 3788 3323 est,
3814 3274 3896 3314 ca«

2306 3334 2530 3399 pellano,
2563 3345 2881 3391 convertens
2926 3353 2985 3393 se
3029 3342 3093 3393 ad
3141 3342 3311 3397 altare
3342 3345 3564 3401 inclinet
3602 3360 3730 3403 ante
3764 3351 3898 3405 ﬂos-

2304 3424 2427 3479 tiam
2458 3438 2509 3481 et
2549 3428 2797 3495 calicem,
2829 3438 2883 3484 et
2910 3432 3110 3498 junctis
3148 3437 3390 3492 manibus
3415 3438 3559 3493 dicat
3585 3452 3897 3498 reverenter

2305 3514 2420 3569 illas
2449 3516 2750 3583 Orationes,
2790 3518 3005 3575 Domine
3034 3532 3055 3557 ο
3083 3522 3204 3578 Jesu
3235 3525 3453 3593 Christe,
3488 3529 3569 3596 ﬁli
3621 3529 3724 3584 Dei
3769 3535 3897 3597 eiei,

2301 3621 2426 3678 etc.,
2452 3622 2506 3667 et
2525 3614 2655 3667 alias
2678 3614 2977 3682 Orationes,
3000 3634 3117 3689 quae
3140 3620 3376 3676 dicendae
3400 3632 3527 3677 sunt
3552 3636 3682 3679 ante
3712 3641 3895 3697 sump-

2301 3702 2495 3758 tionem
2546 3709 2807 3773 cor,:oris,
2841 3718 2998 3776 prout
3048 3710 3311 3767 habentur
3361 3716 3414 3769 in
3466 3716 3628 3771 libro.
3689 3717 3896 3774 Subse-

2296 3804 2517 3859 quenter
2562 3797 2829 3864 accipiens
2877 3812 2999 3853 cum
3048 3801 3226 3871 digitis
3270 3805 3502 3861 sinistras
3534 3822 3734 3864 martis
3783 3811 3895 3865 illas

2297 3880 2427 3933 duas
2460 3892 2638 3950 partes
2668 3884 2885 3953 "Ostiae,
2909 3903 3027 3956 quae
3062 3899 3184 3945 sunt
3214 3907 3373 3963 supra
3406 3907 3687 3963 pa'enam,
3716 3913 3892 3955 sumat

2297 3971 2508 4025 easdem
2554 3988 2673 4028 cum
2704 3977 2847 4029 omni
2890 3976 3171 4036 devotione
3213 3992 3266 4037 et
3307 3989 3727 4055 reverentia;et
3771 3992 3890 4045 dum

2297 4061 2454 4115 liabet
2502 4062 2553 4116 in
2604 4080 2697 4119 ore
2729 4081 2939 4122 sacrum
2991 4068 3197 4127 Domini
3239 4088 3452 4143 corpus,
3492 4086 3679 4133 tene-at
3707 4096 3889 4135 manus

2294 4161 2416 4206 ante
2443 4162 2623 4220 pectus
2648 4153 2862 4224 junctas
2887 4160 2935 4213 in
2961 4161 3174 4216 modum
3201 4164 3419 4219 orantis.
3448 4165 3649 4224 Postea
3674 4171 3884 4227 detccm

2294 4254 2387 4307 per
2433 4242 2713 4300 diaconum
2763 4249 2944 4314 calice,
2992 4255 3182 4320 poteait
3228 4269 3391 4325 super
3430 4275 3555 4314 eum
3608 4262 3882 4335 detergere

2295 4332 2563 4398 paululum
2595 4346 2837 4404 patenam
2876 4355 2993 4395 cum
3024 4344 3216 4411 pollice
3245 4346 3408 4401 dextr
3431 4372 3461 4412 ο,
3500 4362 3555 4404 ut
3583 4355 3634 4407 si
3679 4332 3805 4424 quid
3836 4361 3879 4413 in

2291 4438 2350 4476 ea
2399 4428 2654 4479 remansit
2693 4429 2760 4482 de
2807 4431 3008 4499 llostia,
3050 4436 3202 4489 cadat
3247 4438 3300 4491 in
3347 4441 3602 4507 calicem,
3646 4456 3704 4501 et
3750 4448 3875 4503 dicat

600 4514 760 4565 gnum
795 4500 1002 4562 crucis;
1050 4508 1103 4551 ct
1139 4499 1349 4566 quando
1394 4497 1519 4551 dicit
1561 4499 1639 4551 Da
1692 4502 1943 4569 propitius
1987 4519 2179 4572 pacem,
2214 4512 2266 4571 1)
2294 4513 2409 4567 illos
2455 4530 2660 4584 versus,
2712 4519 2849 4585 Quid
2894 4524 3193 4590 retribuam,
3226 4535 3352 4593 etc.,
3386 4526 3639 4598 Calicem,
3673 4547 3803 4603 etc.,
3830 4548 3875 4593 et

600 4591 871 4644 osculetur
894 4591 1061 4658 ipsum
1093 4600 1338 4656 patenam
1367 4590 1417 4642 itt
1443 4591 1699 4658 superiori
1724 4592 1837 4658 ejus
1869 4603 2035 4661 parte.
2063 4596 2179 4660 Quo

602 4683 789 4748 facto,
852 4682 1222 4750 prosequendo
1292 4679 1459 4748 ipsam
1530 4682 1884 4750 Orationem,
1957 4687 2180 4755 accipiat

597 4791 719 4830 cum
764 4790 921 4829 manu
974 4775 1188 4828 sinistra
1245 4774 1500 4842 Hostiam,
1553 4788 1604 4830 et
1647 4789 1891 4845 patenam
1948 4779 2179 4850 deponat

595 4870 747 4939 juxta
778 4868 998 4923 calicem
1033 4868 1083 4919 in
1118 4868 1235 4921 loco
1265 4869 1351 4921 ubi
1386 4869 1543 4922 fuerit
1570 4870 1779 4935 llostia;
1837 4881 1889 4924 ct
1939 4871 2173 4929 llnstinm

599 4977 784 5019 tenens
812 4976 971 5029 super
1015 4960 1235 5014 calicem
1269 4960 1610 5028 cum'digitis
1642 4961 1917 5031 uti-iusque
1964 4980 2171 5033 manus,

595 5056 796 5110 dividat
834 5069 949 5107 eam
1006 5070 1097 5122 per
1126 5054 1376 5117 medium,
1409 5064 1461 5107 ct
1500 5054 1727 5107 mediam
1777 5065 1999 5122 paztem,
2053 5075 2171 5126 qua:

596 5158 835 5204 remanet
862 5149 913 5202 itt
946 5148 1129 5201 dextra
1163 5162 1343 5210 manu,
1374 5157 1531 5216 ponat
1559 5162 1719 5216 super
1748 5160 1987 5214 patenim
2030 5154 2168 5206 circa

595 5242 899 5311 przcdictaut
932 5240 1157 5293 mediam
1189 5250 1386 5307 partem
1419 5239 1634 5292 Hostiae.
1669 5240 1885 5295 Interim
1918 5243 2170 5299 diaconus

593 5337 779 5402 positis
803 5332 980 5400 digitis
1001 5333 1199 5385 dextrae
1233 5347 1419 5385 manus
1446 5348 1605 5401 super
1639 5336 1825 5402 pedem
1858 5336 2059 5403 c.tlicis,
2094 5348 2169 5392 te-

594 5435 713 5479 neat
737 5425 907 5493 ipsum
942 5424 1170 5477 firmum.

663 5522 901 5574 Pontifex
962 5534 1135 5574 autem
1184 5528 1369 5575 tenens
1409 5518 1460 5573 in
1510 5520 1695 5574 dextra
1754 5537 1910 5575 manu
1961 5534 2164 5591 partem

660 5646 681 5669 ιι
709 5637 855 5688 llztuc
903 5635 1206 5689 (irationem
1238 5679 1250 5703 ,
1280 5652 1377 5688 non
1412 5654 1474 5691 es:
1503 5637 1693 5690 0rd'ne
1744 5637 1994 5701 llontano,

598 5707 706 5759 itte:
730 5722 784 5771 ν.
827 5706 906 5753 ιὸ.

2290 4607 2391 4660 alia
2439 4608 2663 4663 dicenda
2710 4622 2832 4666 ante
2875 4618 3233 4685 sumptitnem
3277 4621 3577 4690 sanguinis,
3628 4640 3787 4695 prout
3830 4632 3874 4683 in

2289 4699 2423 4753 libro
2450 4701 2728 4757 habentur.
2765 4704 2985 4759 Demum
3030 4720 3207 4763 sumat
3235 4713 3551 4781 sanguinem
3580 4732 3707 4770 cum
3739 4732 3873 4787 parte

2287 4792 2504 4863 lio~tize,
2539 4812 2655 4866 quae
2700 4796 2751 4854 in
2800 4802 2968 4856 calice
3010 4813 3111 4868 cst,
3154 4820 3272 4859 cum
3311 4808 3457 4863 omni
3490 4816 3801 4868 reverentia
3828 4824 3871 4869 et

2282 4888 2517 4942 cautela.
2553 4891 2667 4955 Quo
2713 4903 2945 4962 sumpto,
2979 4896 3201 4965 recipiat
3240 4900 3509 4955 modicum
3555 4903 3628 4957 de
3662 4906 3787 4961 vino
3825 4909 3866 4959 in

2280 4978 2464 5046 calice,
2502 4982 2812 5038 inlundcttte
2864 4985 2989 5040 illud
3036 4987 3401 5055 subdiacono;
3429 5004 3482 5047 et
3526 4995 3660 5049 illud
3702 5008 3867 5053 sumat

2279 5068 2345 5122 ad
2392 5072 2711 5127 abluentluin
2761 5089 2822 5129 os
2865 5090 3040 5131 suum.
3089 5079 3283 5135 Postea
3321 5082 3554 5139 dicendo
3580 5087 3713 5143 illas
3751 5091 3864 5143 Ora-

2281 5162 2470 5232 tiones,
2508 5164 2659 5231 Quod
2701 5183 2788 5220 ore
2832 5172 3158 5236 sumpsimus,
3209 5182 3340 5240 etc.,
3371 5187 3426 5246 et
3457 5178 3665 5248 Corpus
3714 5194 3861 5237 tuam.

2279 5262 2460 5306 tenens
2486 5270 2646 5323 super
2668 5259 2883 5313 calicem
2906 5260 3097 5329 digitos
3127 5264 3400 5334 utriusque
3436 5282 3655 5338 manus,
3685 5288 3754 5341 qn
3776 5274 3861 5326 bus

2278 5346 2450 5415 tetigit
2492 5348 2747 5416 llostiam,
2792 5352 2975 5406 abluat
3022 5355 3502 5425 ipsos'ntodicutn,
3542 5365 3859 5419 subdiacoo

2280 5435 2469 5490 iterum
2515 5439 2825 5495 infundettte
2855 5444 3069 5510 vinum;
3096 5456 3147 5498 et
3176 5456 3459 5517 antequam
3492 5452 3627 5507 illud
3676 5466 3858 5518 suniat,

2275 5528 2455 5583 abluat
2484 5531 2673 5587 iterum
2703 5550 2796 5588 eos
2825 5534 3017 5603 digitos
3047 5539 3209 5608 308
3249 5556 3370 5596 cum
3400 5555 3565 5612 aqua,
3595 5561 3759 5613 quam
3790 5549 3854 5599 in-

2043 5641 2129 5692 svd
2166 5656 2227 5694 ex
2268 5645 2618 5714 religiosorum
2659 5649 2933 5706 traditione
2981 5653 3163 5708 haberi
3220 5656 3491 5712 existimat
3542 5659 3853 5731 Micrulogus
