4006 6284
114 332 257 390 ηδε)

1298 335 1558 393 ROMANI
1597 335 1914 392 OﬂDlNES.
1958 369 2027 380 -
2068 341 2206 397 XIV.

3257 347 3386 400 “773

112 449 300 501 [tinniat
332 446 636 515 cafel‘lanus
667 461 786 501 cum
829 445 1092 516 pelvibus,
1117 456 1168 501 et
1213 447 1325 515 ipsa
1356 461 1488 516 aqua
1518 453 1543 480 ει
1577 461 1699 515 pro-
1732 449 1776 507 Α
1807 448 1960 516 culis,
1981 459 2036 504 et
2080 451 2427 527 Orationibus
2448 449 2688 508 dicendis
2709 460 2827 524 post
2855 452 3164 510 Missam.Et
3191 457 3234 510 si
3261 471 3386 525 ροη.

103 539 327 609 jiciatur
355 537 408 591 in
442 539 558 593 loco
592 538 809 594 mundo;
846 538 1109 606 Pontifex,
1143 539 1334 594 ablutis
1363 537 1539 608 digitis
1563 552 1700 608 prm-

108 632 258 685 dicto
290 631 467 693 modo,
502 646 620 685 cum
648 646 786 699 aqua
833 632 1102 703 abstergat
1140 649 1201 689 os
1230 654 1352 691 rum
1387 650 1562 708 panno
1593 645 1700 691 ter-

109 722 278 786 sorio,
313 737 468 791 quem
499 722 545 775 ei
587 724 819 792 porrigat
847 724 892 777 is
921 727 1009 795 qui
1044 728 1254 783 mitram
1285 740 1483 786 servat.
1510 732 1701 788 Postea

108 823 327 882 sumpto
352 815 474 868 vino
503 815 640 883 quod
667 824 784 869 erat
814 816 863 870 in
895 818 1081 885 ealice,
1118 829 1286 890 tergat
1307 838 1368 877 os
1393 839 1545 878 suum
1581 841 1700 880 cum

105 905 304 960 eodem
336 921 529 976 panno.
566 906 770 960 Interea
807 907 1084 976 diaconus,
1114 911 1308 968 abfutis
1351 916 1547 983 digitis,
1580 933 1702 972 cor-

107 997 318 1064 poralia
348 997 654 1066 complicet,
684 1006 737 1052 et
760 1010 978 1067 reponat
1009 1000 1061 1055 in
1091 1001 1266 1058 loculo
1291 1005 1342 1058 in
1368 1020 1472 1074 quo
1500 1008 1704 1062 servari

105 1089 332 1146 dehenL

191 1183 409 1238 Peracta
438 1186 834 1252 communione,
869 1187 1122 1242 diaconus
1161 1199 1309 1260 aptet
1349 1201 1522 1248 vestes
1571 1209 1703 1262 pon-

105 1274 295 1342 tiﬁcis,
329 1285 484 1344 prout
506 1291 642 1344 opus
668 1276 860 1342 fuerit;
895 1281 1246 1337 subdiaconus
1274 1283 1452 1338 abluat
1479 1287 1699 1342 calicem

107 1381 248 1421 eum
285 1383 417 1438 aqua
449 1369 667 1435 munda,
701 1385 818 1440 qua:
845 1371 1168 1439 projicicnda
1197 1385 1275 1428 est
1313 1375 1366 1428 in
1398 1376 1520 1430 loco
1551 1394 1706 1432 mun-

107 1457 225 1524 do;
260 1469 440 1528 postea
487 1459 660 1528 ipsum
713 1461 1003 1528 abstergat,
1033 1473 1086 1516 et
1132 1464 1384 1518 decenter
1432 1467 1704 1534 obvolvat,

106 1547 296 1615 ipsum
341 1549 499 1603 simul
539 1564 659 1604 cum
713 1561 924 1618 patena,
959 1563 1009 1606 et
1040 1554 1209 1608 tradat
1257 1555 1506 1625 acolytho
1551 1571 1706 1626 repo-

108 1639 377 1693 nendum.
407 1639 650 1711 Acolythi
682 1657 807 1694 vero
837 1652 1147 1698 removeant
1184 1643 1251 1698 de
1300 1644 1452 1698 altari
1486 1647 1702 1714 pallam,

107 1737 168 1783 et
205 1730 577 1799 complicatam
627 1742 906 1798 reponant.
945 1733 1178 1804 Denique
1220 1744 1431 1789 cantata
1460 1751 1700 1791 comnm-

1807 538 1932 593 tifex
1971 541 2090 594 exui
2121 540 2280 597 debet
2325 543 2480 611 juxta
2523 545 2691 599 altare
2718 585 2732 609 ,
2792 559 2894 597 non
2943 543 3103 600 debet
3146 547 3390 615 accipere

1806 632 2016 684 mitram
2051 631 2351 687 recedendo
2382 634 2449 689 ab
2471 635 2656 701 altari;
2705 635 2748 689 si
2791 649 2918 690 vero
2957 635 3151 690 debeat
3199 637 3276 691 ire
3323 641 3386 691 ad

1806 729 2096 780 sacrarium
2121 728 2234 781 sive
2264 728 2329 780 ad
2369 730 2665 783 sacristiam
2695 731 2967 784 exuendus
2989 770 3004 794 ,
3043 729 3238 784 ibidem
3272 746 3390 785 cum

1807 815 1960 868 mitra
1989 817 2180 882 vadat,
2227 818 2650 886 pra-cedentibus
2675 836 2798 876 eum
2826 819 3031 875 duobus
3058 819 3394 875 ceroferariis

1806 919 1857 962 et
1889 897 2216 964 subdiacoao
2243 951 2257 977 ,
2303 927 2364 967 ac
2394 911 2783 968 deducentilius
2814 929 2932 968 eum
2961 915 3170 983 capelle
3198 922 3253 968 et
3281 914 3393 968 dia-

1807 1013 1963 1053 cono.
1995 1000 2233 1068 Cumque
2264 1004 2564 1071 pervenerit
2607 1003 2672 1056 ad
2705 1004 2876 1058 locum
2918 1004 2968 1056 in
2994 1018 3096 1073 quo
3119 1005 3392 1060 exuendtts

1807 1097 1906 1149 est,
1939 1096 2042 1143 stet
2073 1100 2194 1145 ante
2223 1091 2568 1145 faldisturium
2592 1108 2752 1161 super
2775 1094 3096 1161 scabellum;
3129 1105 3181 1150 et
3211 1099 3252 1150 si
3282 1098 3391 1162 palo

1809 1178 1940 1231 lium
1974 1179 2153 1248 habet,
2187 1183 2415 1252 acolythi
2447 1183 2708 1252 accipiant
2730 1185 2968 1252 Spinulas
3001 1187 3161 1252 pallii,
3196 1199 3244 1240 et
3274 1187 3396 1239 dia-

1810 1285 1978 1325 conus
2003 1270 2234 1339 deponat
2259 1274 2308 1327 ei
2343 1275 2552 1328 mitram
2579 1314 2594 1339 ,
2642 1274 2686 1328 si
2726 1275 2950 1342 detulit;
2997 1285 3050 1330 et
3091 1277 3398 1343 capellanus

1810 1361 2060 1418 extrahat
2081 1363 2333 1417 annulum
2367 1366 2746 1434 pontiﬁcalem,
2770 1382 2928 1437 quem
2954 1367 3126 1421 tradat
3147 1369 3397 1437 aculytho

1810 1452 2200 1521 reponendum.
2237 1453 2436 1509 Deinde
2466 1454 2722 1510 diaconus
2753 1465 2807 1509 et
2831 1455 3210 1522 subdiaconus,
3243 1472 3394 1510 amo-

1812 1544 1879 1599 tis
1912 1552 2114 1596 tantum
2142 1542 2424 1611 manipulis
2455 1545 2596 1610 suis,
2623 1554 2822 1600 exuant
2855 1560 2977 1600 eum
3007 1547 3253 1601 erunibus
3281 1548 3400 1602 aliis

1814 1638 2046 1692 vestibus
2073 1637 2315 1692 ordinate
2342 1649 2395 1692 et
2425 1637 2688 1702 modeste,
2723 1638 2982 1710 acolythis
3020 1639 3397 1708 recipientibus

1813 1729 1954 1798 ipsas
1974 1738 2173 1795 vestes;
2204 1739 2254 1784 et
2277 1729 2320 1782 si
2350 1728 2580 1796 pontifex
2604 1729 2765 1799 pallio
2787 1730 2967 1796 utitur,
2991 1731 3203 1800 quando
3227 1731 3395 1798 ipsum

108 1823 282 1876 n’one
311 1837 339 1874 a
370 1823 554 1889 choro,
587 1823 819 1890 pontifex
843 1825 984 1879 dicat
1017 1827 1292 1881 Orationes
1313 1828 1500 1881 dicend
1540 1843 1565 1882 s
1591 1838 1710 1896 post
1742 1822 1788 1882 Β
1817 1822 2033 1892 pallium
2064 1831 2341 1877 amovetur
2369 1823 2436 1876 ab
2465 1823 2600 1891 ipso,
2629 1824 2900 1878 osculetur
2927 1839 3137 1878 crucem
3165 1825 3280 1894 ejus
3309 1843 3401 1893 pu-

109 1914 574 1981 communionem,
610 1917 680 1971 ita
709 1918 849 1987 quod
898 1918 941 1972 si
974 1919 1023 1972 iu
1061 1919 1319 1988 principio
1350 1920 1525 1975 Missa:
1575 1921 1709 1976 dixit

107 2005 386 2061 submisse
417 2006 695 2063 Orationes
743 2023 837 2075 pro
868 2025 926 2064 se
967 2019 1020 2066 et
1068 2027 1164 2081 pro
1201 2012 1338 2066 vivis
1387 2028 1448 2068 ac
1481 2030 1576 2083 pro
1617 2017 1711 2069 de-

109 2095 850 2169 functi<,correspondentes
891 2101 995 2156 illis
1047 2103 1210 2173 dicat,
1242 2115 1522 2176 antequam
1569 2107 1712 2162 dicat

111 2190 471 2258 principalem
502 2192 846 2262 Orationem;
873 2205 924 2250 et
946 2197 1048 2252 illis
1079 2197 1236 2253 dictis
1266 2201 1531 2256 submiSSa
1557 2218 1711 2270 voce,

111 2283 396 2337 osculetur
430 2287 600 2341 altare
630 2287 770 2342 circa
805 2289 1037 2344 medium
1073 2291 1221 2361 ejus;
1251 2302 1305 2347 et
1333 2293 1553 2348 elevatis
1596 2311 1711 2348 ma-

112 2371 283 2428 nibus
312 2374 448 2428 dicat
483 2378 685 2433 elevata
717 2394 847 2434 voce
871 2379 1120 2436 Dominus
1144 2382 1434 2448 vobiscum;
1465 2396 1512 2440 et
1539 2383 1582 2439 si
1607 2384 1715 2439 dis-

113 2461 320 2528 νομῆιίει
364 2463 548 2518 altaris
581 2465 818 2534 requirat
846 2469 986 2538 quod
1032 2483 1091 2524 se
1131 2477 1303 2525 vertat
1333 2471 1398 2525 ad
1437 2473 1714 2540 populum,

113 2549 243 2619 ipso
272 2567 335 2608 se
357 2565 596 2612 vertente
628 2567 834 2614 vertant
860 2561 1019 2615 etiam
1042 2577 1099 2616 se
1129 2561 1388 2617 diaconus
1416 2573 1467 2617 et
1496 2564 1711 2619 subdia-

114 2658 318 2700 conus.
356 2647 618 2703 Diaconus
659 2665 808 2716 vero,
837 2659 1122 2722 antequam
1161 2653 1393 2721 pontfex
1440 2664 1716 2710 convertat

113 2748 184 2787 se
216 2735 282 2787 ad
311 2735 500 2802 altare,
530 2738 640 2806 ipse
683 2748 962 2794 convertat
1005 2750 1058 2796 ct
1082 2743 1252 2797 trahat
1303 2743 1570 2812 paululum
1606 2747 1715 2814 pla-

115 2838 309 2882 netam
363 2831 627 2896 pontiﬁcis
675 2833 741 2886 ab
773 2834 1023 2896 anteriori
1052 2846 1220 2905 parte.
1266 2836 1506 2893 Pontifex
1536 2850 1714 2892 autem

112 2933 419 2974 conversus
467 2920 530 2974 ad
568 2922 757 2989 altare,
807 2937 860 2978 et
906 2935 1050 2982 stans
1082 2929 1219 2982 circa
1271 2928 1516 2983 dextrum
1549 2944 1713 2984 cornu

111 3011 264 3080 ejus,
295 3022 644 3083 prosequatur
693 3015 974 3074 Orationes
1016 3035 1132 3088 qua:
1191 3021 1430 3077 dicenda:
1475 3032 1631 3088 sunt;
1663 3031 1717 3076 et

111 3121 247 3159 eum
301 3106 450 3172 dicit,
484 3117 604 3177 post
651 3110 888 3165 ultimam
939 3112 1264 3182 Orationem,
1297 3113 1396 3168 Per
1441 3113 1716 3168 Dominum

1814 1913 2113 1967 sterioiem.
2163 1913 2419 1968 Similiter
2460 1915 2731 1969 osculetur
2752 1916 2944 1969 stolam
2979 1925 3034 1970 et
3063 1931 3274 1971 crucem
3306 1933 3397 1986 pe-

1813 2004 2092 2070 ctoralem,
2116 2006 2329 2075 quando
2361 2013 2643 2060 amovetur
2670 2006 2737 2060 ab
2765 2021 2847 2060 eo.
2884 2007 3126 2073 Demum,
3161 2010 3399 2075 deposita

1814 2093 1956 2157 alba,
1991 2094 2212 2163 recipiat
2240 2109 2463 2164 cappam
2488 2109 2639 2148 suam
2664 2110 2997 2150 communem
3016 2139 3030 2163 ,
3055 2113 3212 2166 quam
3241 2098 3400 2152 debet

1815 2185 2274 2269 habereparatam
2303 2203 2438 2242 unus
2474 2187 2541 2242 de
2581 2187 2791 2242 famulis
2817 2189 2963 2260 ejus;
3008 2203 3054 2244 et
3091 2190 3399 2258 capellanus

1816 2280 1898 2334 vel
1929 2280 2063 2334 alius
2087 2280 2174 2348 qui
2208 2291 2385 2334 servat
2425 2283 2681 2336 annulum
2727 2284 2842 2352 ejus
2881 2283 3282 2352 quotidianum,
3317 2301 3399 2340 re-

1816 2373 2000 2427 stituat
2024 2373 2124 2428 sibi
2155 2375 2432 2428 annulum.
2471 2371 2600 2427 Cum
2652 2384 2828 2428 autem
2879 2375 3072 2430 ﬁnierit
3117 2374 3400 2444 praedictas

1815 2463 2096 2519 Orationes
2122 2463 2372 2520 dicendas
2404 2447 2522 2535 post
2553 2465 2800 2530 Missam,
2833 2465 2995 2534 incipi
3015 2476 3051 2519 ιι
3078 2466 3292 2520 Sextam
3314 2467 3401 2520 Vel

1818 2554 1978 2608 aliam
2010 2555 2206 2609 Horam
2239 2571 2358 2626 quae
2388 2566 2504 2625 post
2535 2557 2747 2612 Missam
2778 2559 3005 2613 dicenda
3041 2559 3108 2612 sit
3140 2574 3233 2628 pro
3264 2568 3398 2613 tem-

1819 2659 1976 2714 pore,
2005 2655 2057 2700 et
2084 2646 2460 2717 prosequendo
2485 2663 2602 2703 eam
2633 2663 2754 2702 curn
2779 2647 3060 2713 miu'stris,
3093 2650 3322 2704 resideat
3351 2650 3402 2706 ia

1821 2737 2149 2805 faldistorio;
2199 2749 2252 2794 et
2278 2739 2638 2796 subdiaconus
2669 2741 2886 2798 indutus
2912 2784 2928 2809 ,
2972 2743 3110 2798 sicut
3153 2745 3204 2797 in
3243 2744 3402 2800 Missa

1821 2827 1934 2894 fuit,
1968 2830 2170 2901 absque
2200 2832 2473 2902 manipulo
2502 2849 2620 2888 cum
2649 2849 2752 2888 uno
2783 2835 2849 2889 de
2875 2849 2948 2889 ac.
2977 2834 3137 2904 lytltis
3161 2835 3404 2890 detrahat

1817 2922 1867 2978 ei
1895 2924 2128 2978 sandalia
2161 2934 2214 2980 et
2245 2927 2467 2996 caligas,
2499 2930 2688 2997 quibus
2717 2947 2844 2984 usus
2873 2939 2956 2984 est
2985 2931 3040 2984 in
3067 2930 3364 2985 ministerio
3386 2970 3413 2996 ,,

1819 3015 2105 3070 assistente
2133 3033 2238 3071 uno
2269 3018 2463 3072 famulo
2492 3064 2506 3088 ,
2539 3021 2872 3076 ctcalciante
2904 3039 3024 3078 eum
3056 3025 3404 3079 calciamenta

1821 3109 2155 3174 communia;
2182 3112 2268 3179 qui
2295 3110 2545 3165 calciatus
2571 3113 2763 3182 surgit,
2800 3122 2855 3166 ut
2883 3112 3030 3166 ﬁniat
3056 3114 3246 3168 Horam
3273 3129 3402 3184 prat-

112 3208 377 3264 nostrum,
411 3210 538 3267 etc.,
573 3203 754 3258 redi-at
799 3206 863 3259 ad
897 3205 1130 3262 medium
1171 3207 1369 3276 altaris,
1403 3220 1456 3265 et
1488 3211 1710 3280 capella-

1820 3197 2036 3252 dictam.
2088 3200 2290 3254 luterea
2321 3199 2578 3256 diaconus
2609 3211 2663 3257 et
2695 3204 2786 3258 alii
2830 3203 3060 3258 ministri
3106 3219 3164 3260 se
3202 3215 3403 3261 exuant

113 3305 230 3348 nus
286 3293 557 3349 osculetur
603 3297 775 3350 altare
831 3313 894 3352 ac
942 3299 1186 3354 dextrum
1239 3299 1356 3369 ejus
1407 3302 1711 3359 humerum.

115 3379 378 3437 Pontifex
423 3398 598 3440 autem
649 3385 894 3452 dicendi,
938 3396 1058 3454 post
1117 3388 1355 3444 ultimam
1385 3391 1710 3461 Orationem,

115 3469 232 3523 Per
258 3472 429 3525 omnia
448 3475 637 3528 amula
665 3477 985 3544 surculorum,
1012 3477 1199 3548 jungat
1230 3494 1417 3533 manus
1446 3490 1568 3534 ante
1594 3496 1713 3548 pec-

115 3570 243 3626 tus;
273 3561 471 3616 deinde
503 3563 736 3619 osculato
763 3566 952 3621 iterum
985 3568 1163 3634 altari,
1187 3577 1241 3622 et
1267 3569 1509 3623 man'bus
1531 3571 1711 3625 eleva-

38 3720 46 3725 η
113 3653 216 3722 tis,
249 3653 393 3708 dicat
423 3654 668 3709 Dominus
705 3657 993 3724 vobiscum;
1025 3670 1081 3715 et
1117 3661 1164 3714 si
1210 3661 1488 3729 diSpositio
1530 3663 1713 3716 altaris

110 3748 369 3813 requirat
419 3753 475 3801 ut
515 3757 685 3802 vertat
716 3763 775 3804 se
808 3751 871 3803 ad
906 3751 1180 3819 populum,
1210 3752 1468 3806 diaconus
1507 3764 1562 3808 et
1589 3757 1715 3807 snt.-

115 3834 391 3890 diaconus
436 3837 681 3894 similiter
729 3848 940 3894 vertant
987 3855 1047 3896 se
1090 3841 1356 3897 similiter.
1388 3842 1504 3912 ipse
1534 3852 1712 3898 autem

109 3929 394 3998 pantifex,
427 3931 571 3986 dicto
603 3932 851 3987 Dominus
888 3934 1164 4002 vobiscum,
1193 3945 1426 3990 revertat
1465 3951 1524 3990 se
1553 3937 1616 3989 ad
1649 3939 1715 3990 al-

109 4034 262 4088 tare,
293 4032 346 4078 et
365 4022 620 4080 diaconus
639 4025 781 4081 dicat
805 4025 901 4095 Ite,
933 4026 1094 4080 Missa
1111 4037 1203 4091 est,
1232 4028 1309 4081 vel
1346 4027 1720 4084 Bcnedicamus

106 4114 369 4180 Domino,
406 4131 501 4184 pro
531 4127 809 4184 tempore;
845 4121 914 4172 ita
943 4119 1083 4188 quod
1129 4121 1170 4172 si
1203 4121 1492 4174 secundum
1536 4121 1714 4190 dispo-

101 4203 378 4260 sitionem
411 4207 590 4262 aftaris
621 4208 855 4278 pontifex
913 4209 1073 4265 vertit
1123 4226 1180 4264 se
1221 4212 1288 4266 ad
1337 4213 1718 4282 populum,di-

107 4297 305 4352 cendo
357 4296 606 4352 Dominus
648 4302 926 4368 uobiscum,
959 4303 1214 4357 diaconus
1264 4305 1424 4360 etiam
1458 4315 1628 4360 vertat
1657 4321 1716 4362 se

101 4375 387 4458 dicendo:
410 4389 490 4444 Ite
521 4378 695 4444 Missa
723 4405 832 4458 est;
862 4394 955 4448 sed
987 4392 1033 4446 si
1083 4393 1449 4452 Benedicamus
1496 4397 1716 4452 Domino

102 4485 293 4551 dicat,
330 4495 537 4540 vertere
560 4501 617 4539 se
645 4487 804 4557 309
836 4502 940 4540 nou
973 4485 1152 4543 debet.
1181 4488 1246 4542 Et
1273 4500 1553 4560 pOSIquam
1581 4490 1715 4546 cbo-

1820 3302 2015 3361 praiter
2052 3293 2334 3364 acolythus
2357 3334 2374 3361 ,
2405 3295 2493 3365 qui
2533 3311 2638 3350 non
2662 3296 2860 3352 debent
2890 3297 3160 3367 deponere
3201 3309 3407 3366 cottas,

1819 3385 1990 3438 donec
2023 3383 2400 3455 recollegetint
2430 3397 2482 3440 et
2518 3387 2960 3456 complicaverint
2987 3401 3170 3444 sacras
3203 3398 3402 3445 vestes.

1818 3472 2064 3530 Pontifex
2133 3487 2352 3538 autem.
2413 3476 2557 3530 ﬁnita
2611 3479 2864 3546 przedicta
2917 3478 3098 3544 liora,
3151 3480 3406 3536 recedere

1820 3575 2022 3636 potest,
2071 3568 2471 3624 remanentibus
2502 3569 2666 3640 310
2693 3569 2956 3643 acolytltis
2999 3584 3120 3626 cum
3164 3572 3367 3642 capella
3390 3612 3406 3638 ,

1817 3655 1985 3712 donec
2014 3658 2181 3726 ipsam
2212 3658 2409 3715 faciant
2439 3660 2722 3730 reportari.

1935 3773 2067 3829 LIV.
2112 3775 2190 3830 De
2217 3793 2311 3830 usu
2343 3778 2662 3842 p.’anetm'um
2689 3778 2895 3833 diaconi
2923 3787 2968 3832 et
2993 3772 3306 3833 subdiaconi'

2499 3848 2725 3903 rubrica.

1890 3938 2040 3992 Circa
2090 3938 2376 4005 praemissa
2397 3939 2674 3993 sciendum
2708 3951 2786 3995 cst
2811 3941 2954 4008 quod
2985 3944 3197 4011 quando
3228 3943 3417 4002 ἀίειεο-

1821 4044 1920 4084 nus
1950 4039 2003 4083 et
2047 4027 2408 4083 subdiaconus
2440 4038 2664 4082 utuntur
2700 4030 2927 4097 planetis
2969 4033 3262 4086 secundum
3294 4033 3407 4087 exi-

1783 4193 1787 4198 .
1817 4120 2050 4190 gentiam
2085 4121 2335 4190 temporis
2360 4160 2376 4185 ,
2409 4135 2592 4174 earum
2623 4135 2745 4172 usus
2776 4121 2894 4175 talis
2916 4122 3073 4177 debet
3101 4137 3242 4178 esse.
3277 4123 3402 4178 Dia-

1819 4228 1987 4269 conus
2020 4213 2234 4270 indutus
2261 4213 2380 4270 alba
2402 4224 2455 4268 et
2475 4213 2635 4280 stola,
2660 4214 3016 4270 subdiaconus
3041 4216 3184 4282 alba,
3209 4215 3405 4273 debent

1821 4304 2027 4362 servire
2047 4305 2289 4376 pontiﬁci
2323 4307 2446 4360 dum
2476 4319 2536 4360 se
2558 4305 2752 4369 induit,
2774 4321 2880 4373 quo
2903 4304 3110 4373 induto,
3143 4308 3405 4376 accipiant

1819 4397 2126 4467 manipulos
2175 4405 2230 4450 et
2274 4397 2516 4466 planetas
2540 4436 2554 4460 ,
2605 4410 2704 4450 nec
2735 4395 2936 4465 pliceut
2965 4410 3059 4451 eas
3089 4411 3119 4450 a
3147 4397 3360 4452 dextris
3387 4439 3405 4464 ,

1823 4505 1922 4546 nec
1949 4505 1979 4544 a
2009 4491 2272 4552 sinistris,
2316 4491 2455 4544 sicut
2483 4488 2680 4545 faciunt
2711 4488 3054 4554 sacerdotes,
3089 4489 3185 4545 sed
3213 4489 3283 4544 ab
3312 4503 3405 4544 an.

99 4591 212 4630 rus
241 4576 581 4643 resiioaderit
610 4577 716 4632 Deo
741 4580 956 4650 gratias,
992 4579 1222 4648 pontifex
1255 4581 1397 4637 dicat
1440 4598 1558 4636 cum
1585 4591 1709 4637 nota
1743 4571 1792 4630 Ι)
1821 4587 2004 4640 teriori
2046 4593 2195 4654 parte
2219 4582 2244 4621 δ
2288 4584 2501 4639 elevent
2529 4597 2622 4637 eas
2650 4597 2810 4651 super
2845 4582 3066 4637 brachia
3088 4623 3103 4646 ,
3141 4593 3198 4639 ut
3237 4582 3399 4637 mini-

100 4667 208 4725 Sii’
225 4685 409 4724 nomen
445 4669 646 4724 Domini
685 4671 1020 4739 b.n.-dictum,
1051 4681 1180 4738 etc.,
1213 4683 1267 4729 et
1306 4675 1398 4730 det
1448 4676 1716 4732 Benedic-

102 4763 328 4817 tionem
358 4763 619 4831 signando
661 4765 932 4832 populum,
963 4773 1016 4820 et
1050 4765 1304 4820 vertendo
1345 4782 1426 4831 se,
1468 4767 1594 4824 dum
1630 4769 1716 4824 si-

95 4865 270 4925 gnat,
311 4868 468 4924 prout
506 4856 797 4911 secundum
843 4859 1150 4928 qualitatem
1194 4861 1295 4915 loci
1320 4862 1526 4917 videtur
1550 4879 1714 4932 expe-

91 4951 256 5003 dire.
297 4949 515 5004 Domum
561 4950 844 5005 inclinatus
891 4961 1014 5008 ante
1055 4954 1224 5009 altare
1270 4955 1413 5011 dicat
1451 4959 1714 5014 submisse

91 5045 265 5098 illam
290 5041 626 5108 Orationem,
657 5043 866 5098 Placeat
899 5047 1010 5110 tibi,
1046 5055 1149 5100 etc.

183 5135 310 5200 Qua
342 5135 501 5201 dicta,
532 5136 914 5191 deducentibus
935 5151 1056 5190 eum
1083 5138 1360 5204 capellano
1392 5151 1444 5194 et
1465 5140 1712 5210 diacono,

91 5235 308 5294 pergat
354 5226 420 5278 ad
456 5226 628 5280 locum
661 5226 747 5280 ubi
786 5228 905 5280 exui
937 5226 1128 5293 debet,
1161 5228 1385 5282 dicendo
1408 5244 1528 5284 cum
1555 5233 1713 5287 mini-

83 5320 243 5372 stris
269 5317 631 5386 Anliphnnam
666 5320 806 5374 illam
831 5361 845 5383 ,
880 5319 936 5372 Τι
950 5321 1056 5372 ium
1084 5337 1382 5388 puerorum,
1410 5334 1462 5376 et
1491 5321 1711 5377 Benedi-

85 5411 232 5472 cite,
269 5419 324 5463 et
359 5409 591 5464 Laudate
625 5411 899 5464 Dominum
928 5414 979 5464 in
1000 5413 1214 5478 sanctis,
1246 5427 1365 5466 cum
1395 5414 1717 5480 repetitione

85 5502 276 5557 dicta:
326 5502 646 5571 Antiphone
672 5545 686 5569 ,
717 5512 770 5557 et
809 5506 1062 5559 Oratione
1091 5505 1357 5559 dominica
1387 5519 1509 5559 cum
1542 5506 1717 5563 Versi-

185 5652 213 5680 ι
251 5643 414 5696 Modo
442 5657 574 5710 aqua
607 5644 757 5696 simul
787 5659 906 5696 cum
934 5643 1056 5696 vino
1085 5643 1148 5696 ad
1176 5642 1619 5711 purificationem,
1653 5656 1708 5700 ut

89 5719 436 5781 loquuntur,
469 5715 722 5769 miscetur
753 5716 801 5768 itt
843 5717 1026 5782 calice,
1063 5722 1220 5784 atque
1267 5724 1549 5785 utrumque
1581 5717 1711 5772 ltau-

89 5787 180 5843 rit
211 5786 493 5838 sacerdos.

1824 4689 1996 4733 strare
2024 4677 2232 4749 possint
2253 4687 2410 4746 prout
2441 4676 2596 4730 fuerit
2626 4687 3008 4744 opportunum.
3037 4674 3405 4730 Subdiaconul

1791 4783 1795 4787 ·
1823 4781 2025 4838 autem,
2049 4769 2261 4841 quando
2282 4783 2500 4839 pergere
2517 4767 2678 4823 debet
2702 4767 2766 4821 ad
2792 4766 3074 4836 legendum
3097 4764 3405 4834 epistolam.

1823 4866 2053 4934 deponat
2076 4863 2374 4934 planetam,
2392 4870 2445 4915 et
2471 4861 2524 4916 in
2551 4860 2668 4914 alba
2694 4875 2814 4914 cum
2838 4860 3107 4930 manipulo
3127 4858 3407 4929 epistolam

1823 4958 1990 5028 legat,
2019 4967 2069 5012 et
2091 4956 2306 5012 rediens
2336 4955 2401 5009 ad
2445 4955 2613 5008 altare
2640 4962 2878 5009 resumat
2907 4955 3206 5019 planetam.,
3240 4964 3294 5008 et
3333 4963 3406 5006 te-

1823 5060 1948 5106 neat
1989 5065 2156 5120 usque
2197 5058 2316 5118 post
2343 5047 2556 5102 Missam
2599 5046 2824 5099 ﬁnitam.
2871 5045 3132 5103 Diaconos
3155 5062 3405 5114 quoque.

1822 5145 2055 5200 instante
2102 5143 2229 5197 liora
2255 5180 2278 5205 ,.
2312 5139 2524 5210 quando
2569 5153 2793 5209 pergere
2829 5136 2989 5192 debet
3014 5138 3077 5191 ad
3122 5137 3406 5207 legendum

1826 5236 2192 5306 lﬂvangelium,
2224 5234 2460 5300 deponat
2486 5232 2753 5299 plauetam
2779 5267 2794 5292 ,
2819 5239 2873 5282 et
2894 5228 3124 5294 arolvtlii
3151 5228 3404 5283 decenter
3463 5249 3473 5258 -

1823 5338 1946 5377 eam
1991 5325 2344 5392 compliccnt,
2391 5331 2444 5376 et
2475 5322 2746 5389 imponant
2788 5332 2952 5387 super
2983 5319 3254 5372 sinistrum
3306 5319 3402 5372 hu-

1820 5431 2024 5472 merum
2056 5416 2169 5486 ejus
2193 5457 2209 5481 ,
2255 5431 2316 5467 ac
2344 5415 2446 5468 sub
2472 5415 2666 5468 dextro
2693 5411 2914 5466 brachio
2953 5411 3118 5480 ligeut
3154 5428 3270 5466 eam
3298 5457 3312 5478 ,
3345 5422 3401 5466 ut

1821 5510 2012 5565 melius
2043 5515 2308 5576 poterunt,
2334 5505 2404 5557 ita
2427 5504 2566 5572 quod
2594 5505 2660 5557 ab
2685 5503 2908 5557 humero
2937 5501 3154 5558 sinism)
3177 5503 3400 5560 descen-

1886 5649 1913 5685 ιι
1957 5648 2086 5702 llinc
2113 5645 2293 5700 videas
2321 5661 2422 5717 qua
2455 5644 2661 5699 ratione
2692 5643 2846 5699 dicta:
2886 5653 3011 5700 sunt
3044 5645 3268 5715 planetis
3300 5645 3401 5716 pii-

1815 5727 1970 5775 ςέιὲιε.
