4006 6292
598 307 721 360 ΗΠ

1266 300 1602 356 ΑΡΡΙιΝΟΙΧ
1643 298 1735 352 AI)
1770 298 1824 352 S.
1868 292 2167 352 GREGORI

2288 292 2441 350 AGNI
2482 290 2847 347 LITUBGICA
2885 291 3134 347 OPERA.

595 422 684 473 dat
712 417 775 469 ad
817 418 953 471 latus
984 414 1224 469 dextrum
1247 454 1261 480 ,
1292 412 1431 466 sicut
1456 410 1745 465 diaconalis
1778 409 1915 464 stola
1943 409 2167 463 descen-
2200 414 2242 466 Α
2278 405 2429 459 licem
2456 419 2758 473 prmparare
2798 404 3011 470 debeat,
3042 403 3350 473 capellanus
3378 403 3463 459 vel
3498 403 3801 465 diaconus,
3831 405 3869 455 si

595 513 700 573 dit;
732 518 784 562 et
814 508 911 560 hoc
934 504 1091 571 modo
1117 503 1372 557 diaconus
1395 501 1659 571 planetam
1689 504 1865 555 teneat
1890 499 2014 553 dum
2045 499 2171 568 legit

598 598 973 666 Evangelium,
1006 602 1058 648 et
1090 606 1370 662 usquequo
1395 592 1603 647 dicatur
1635 592 1818 645 ultima
1846 591 2026 646 Oratio
2053 598 2171 658 post

597 687 1045 742 communionem.
1097 685 1245 737 Tunc
1288 682 1577 752 adjuvante
1628 698 1731 735 uno
1772 681 1839 735 de
1879 681 2170 749 acolyibis,

596 784 839 831 amoveat
870 774 1134 844 planetam
1160 773 1391 841 desuper
1418 772 1717 836 humerum,
1746 780 1803 826 et
1828 771 2007 824 induat
2029 785 2168 834 eam,

594 868 731 921 sicut
762 865 937 919 fuerat
965 866 1015 918 in
1048 863 1307 933 principio
1339 863 1528 916 Missae.
1552 863 1663 926 Qua
1688 862 1829 914 finita
1850 903 1864 927 ,
1913 869 2017 913 tam
2060 859 2172 928 ipse

596 972 749 1026 quam
790 954 1152 1009 subdiaconus
1180 953 1454 1009 venientes
1478 968 1596 1007 cum
1624 951 1873 1022 pontiﬁce
1904 951 1967 1003 ad
2000 951 2170 1005 locum

596 1049 644 1101 lu
676 1062 780 1117 quo
808 1047 928 1102 exui
958 1046 1154 1101 debent
1179 1087 1192 1109 ,
1239 1046 1479 1115 planetas
1504 1044 1809 1113 deponunt,
1860 1051 1913 1096 et
1941 1041 2176 1095 serviant

597 1138 831 1206 pontifici
866 1139 1082 1191 exuenti
1117 1152 1296 1191 sacras
1320 1145 1529 1200 vestes;
1560 1144 1751 1188 cattera
1779 1135 1959 1188 omnia
1982 1134 2177 1187 faciant

598 1232 850 1284 diaconus
868 1239 917 1283 et
934 1230 1312 1294 subdiaconus,
1334 1228 1548 1300 quando
1564 1238 1779 1281 utuntur
1792 1227 2037 1295 planetis,
2058 1240 2176 1294 quie

601 1321 775 1375 facere
791 1320 983 1375 debent
1000 1320 1211 1389 quando
1230 1328 1447 1375 utuntur
1463 1320 1742 1373 dalmatica
1769 1330 1818 1372 et
1835 1316 2106 1372 tunicella.

688 1431 797 1487 LV.
843 1431 919 1486 De
967 1431 1139 1500 ofﬁcio
1187 1432 1474 1513 clipei/ani,
1513 1433 1599 1501 qui
1635 1432 1779 1486 debet
1806 1432 1990 1486 servire
2028 1430 2091 1484 de

596 1510 604 1516 ”
1304 1510 1475 1556 mitra.

671 1591 955 1647 Sciendum
980 1604 1059 1647 est
1105 1595 1263 1648 etiam
1290 1635 1305 1661 ,
1346 1593 1483 1663 quod
1533 1594 1584 1647 in
1623 1593 1905 1661 prmcipuis
1938 1592 2085 1647 festis
2113 1591 2177 1645 ad

603 1682 882 1752 prazdictos
914 1686 1185 1741 ministros
1231 1686 1514 1755 superaddi
1558 1693 1731 1754 potest
1764 1699 1898 1738 unus
1924 1726 1939 1748 ,
1982 1683 2071 1751 qui
2112 1684 2179 1737 de

2273 496 2465 550 doctus
2490 495 2665 559 fuerit,
2699 495 2949 563 suppleat
2978 496 3147 548 vicem
3186 492 3324 563 ejus,
3357 502 3451 547 aut
3481 494 3529 547 si
3564 493 3721 547 idem
3748 492 3867 547 sab-

2277 587 2530 641 diaconus
2557 600 2663 640 non
2694 588 2767 640 sit
2788 585 2979 640 doctus
2999 586 3240 641 calceare
3270 587 3610 656 pontiﬁcem,
3640 599 3789 639 unus
3812 584 3869 640 de

2275 676 2538 745 acolytbis
2576 677 2697 731 vice
2729 677 2896 744 ipsius
2925 676 3026 730 hoc
3058 677 3247 741 faciat;
3281 685 3339 730 et
3381 677 3462 730 sic
3497 677 3575 730 de
3618 676 3771 729 aliis.
3803 675 3867 728 Ea

2276 784 2403 823 vero
2430 782 2549 837 quae
2576 767 2644 821 ab
2673 765 2935 836 acolythis
2974 765 3213 821 facienda
3245 777 3391 833 sunt,
3432 767 3619 823 facere
3645 776 3871 839 poseant

2278 861 2580 931 quicunque
2608 857 2785 913 clerici
2818 858 2987 913 induti
3008 859 3187 913 cottis.

2409 952 2543 1006 LVI.
2585 950 2665 1006 De
2694 952 3047 1007 communione
3074 968 3249 1006 eorum
3282 953 3372 1023 qui
3398 952 3741 1007 ordinantur.

2350 1044 2553 1098 Prmter
2580 1044 2945 1113 praetermissa
2976 1044 3268 1098 notandum
3299 1053 3382 1098 est
3412 1042 3561 1112 quod
3606 1043 3655 1096 si
3704 1043 3870 1111 ponti.

2279 1135 2365 1189 fex
2412 1134 2656 1190 celebres
2685 1135 2846 1206 312
2876 1134 3116 1200 ordines,
3171 1134 3205 1187 ii
3246 1134 3337 1204 qui
3368 1142 3767 1203 promoventur
3808 1134 3865 1185 ad

2279 1238 2462 1281 sacros
2490 1225 2889 1279 communicare
2919 1225 3116 1280 debent
3147 1239 3213 1279 ex
3247 1224 3570 1289 honestate;
3601 1234 3659 1278 et
3684 1224 3870 1293 praedi-

2281 1319 2509 1373 cendum
2540 1328 2622 1372 est
2651 1318 2731 1372 eis
2774 1325 2833 1371 ut
2868 1317 3025 1388 digne
3056 1333 3115 1372 se
3167 1327 3509 1386 ptazparent;
3552 1325 3608 1371 et
3643 1316 3864 1385 acolytbi

2282 1410 2553 1481 inquirere
2593 1411 2790 1465 debent
2817 1409 2905 1480 qui
2934 1426 3002 1464 ex
3040 1412 3119 1465 eis
3166 1412 3273 1463 sint
3299 1409 3782 1473 communicaturi,
3821 1421 3870 1462 ut

2281 1501 2595 1555 annuutient
2626 1502 2727 1555 hoc
2763 1501 3110 1566 subdiacono,
3142 1502 3356 1569 quando
3385 1502 3623 1556 calicem
3671 1516 3869 1569 prmpa-

2284 1607 2402 1646 rare
2449 1591 2649 1657 debet,
2702 1601 2759 1645 ut
2810 1601 3071 1660 tirmparet
3119 1591 3334 1646 Hostias
3379 1608 3502 1663 quae
3556 1594 3867 1646 necessari:

2287 1682 2501 1735 fuerint.
2539 1682 2778 1753 Cumque
2802 1683 3044 1753 pontifex
3075 1684 3214 1739 circa
3249 1684 3409 1739 finem
3445 1684 3633 1738 Missa:
3661 1686 3861 1753 sangui-

607 1773 759 1837 mjtra
784 1776 1016 1841 serviat,
1065 1776 1279 1830 indutus
1320 1775 1537 1844 pluviali
1569 1775 1709 1831 sicut
1749 1775 2085 1843 capellauus;
2132 1783 2186 1828 et
2219 1772 2260 1831 Β
2291 1787 2410 1828 nem
2441 1774 2749 1843 sumpserit,
2785 1783 2904 1843 post
2934 1774 3155 1844 primam
3183 1775 3301 1845 ejus
3330 1775 3699 1840 ablutionem,
3732 1786 3867 1830 ante.

607 1870 727 1918 tunc
756 1865 869 1933 ipse
897 1866 1053 1921 debet
1082 1881 1110 1919 a
1146 1876 1293 1934 parte
1323 1865 1540 1919 sinistra
1571 1864 1835 1919 deducere
1879 1862 2179 1932 pontificem

604 1967 721 2005 cum
749 1956 1043 2024 capellano,
1069 1971 1383 2026 quocunque
1412 1955 1649 2023 pontifex
1681 1954 1963 2024 procedat;
1992 1965 2043 2008 et
2069 1953 2182 2023 ipse

603 2054 763 2109 debet
792 2053 965 2109 eidem
1012 2050 1224 2105 facienti
1255 2048 1646 2103 confessionem
1679 2048 1931 2103 assistere
1952 2048 2002 2102 in
2031 2057 2181 2115 parte

602 2143 835 2196 sinistra.
881 2141 1044 2195 Debet
1072 2154 1283 2208 semper
1314 2138 1544 2208 pontiﬁci
1571 2139 1838 2208 deponere
1860 2147 1912 2193 ct
1933 2153 2181 2194 amovere

602 2236 847 2297 mitram,
900 2244 1126 2303 excepto
1169 2233 1345 2302 quod,
1398 2233 1612 2302 quando
1666 2234 1838 2302 primo
1888 2234 2179 2303 imponitur

603 2328 761 2397 311
807 2329 987 2393 mitra,
1017 2324 1268 2381 diaconus
1302 2326 1467 2395 ipsam
1500 2326 1772 2394 imponere
1790 2326 1968 2391 debet,
1993 2335 2047 2381 et
2069 2328 2180 2396 ipse

602 2419 858 2473 diaconus
899 2418 1059 2473 debet
1102 2432 1347 2472 amovere
1394 2419 1639 2480 mitram,
1688 2419 1898 2489 quando
1946 2419 2177 2487 pontifex

601 2509 890 2563 accesserit
926 2510 989 2562 ad
1020 2509 1218 2572 altare,
1246 2518 1352 2562 tam
1400 2509 1449 2561 iu
1495 2508 1752 2577 principio
1782 2509 1955 2562 Μίδεω
1976 2550 1989 2572 ,
2020 2524 2176 2579 quam

606 2610 725 2669 post
753 2600 1127 2670 Evangelium;
1157 2611 1206 2653 et
1230 2601 1441 2669 quando
1466 2599 1696 2669 pontifex
1724 2600 1859 2654 redit
1880 2616 1997 2654 cum
2025 2602 2177 2654 mitra

601 2689 666 2741 ad
712 2690 1079 2744 secretarium.
1130 2690 1350 2757 Quando
1381 2698 1553 2743 autem
1602 2689 1752 2758 ipse,
1794 2690 1882 2757 qui
1928 2690 1994 2744 de
2025 2692 2178 2746 mitra

604 2781 766 2834 servit
791 2822 806 2845 ,
834 2779 1091 2850 prtcdicto
1122 2782 1280 2835 modo
1309 2780 1521 2836 deducit
1555 2781 1882 2850 pontiﬁcem,
1912 2791 2035 2837 tunc
2065 2783 2180 2838 dia-

600 2886 765 2925 conus
813 2872 971 2926 debet
1032 2874 1337 2940 pra-cedere
1390 2874 1692 2941 pontificem
1742 2874 2076 2939 immediate;
2126 2884 2179 2928 et

601 2963 811 3031 quando
854 2964 991 3017 idem
1022 2965 1111 3030 qui
1150 2965 1217 3019 de
1254 2966 1409 3018 mitra
1437 2964 1631 3031 servit,
1665 2966 1934 3035 statjuxta
1967 2968 2179 3036 pontiﬁ-

602 3066 720 3106 cem
754 3051 1030 3107 facientem
1057 3055 1466 3120 confessionem,
1494 3065 1550 3108 ut
1577 3056 1778 3111 dictum
1803 3068 1905 3123 est,
1936 3060 2018 3113 vel
2049 3060 2178 3114 resi-

604 3145 814 3198 dentem
846 3144 898 3197 in
923 3145 1049 3198 sede
1079 3159 1171 3199 sua
1199 3184 1213 3207 ,
1269 3156 1393 3199 tunc
1440 3145 1696 3202 diaconus
1737 3148 1896 3204 debet
1941 3158 2084 3205 stare
2127 3151 2179 3204 in

605 3234 789 3288 dextra
829 3244 977 3303 parte
1017 3245 1131 3303 post
1167 3234 1521 3304 capellanum.
1559 3237 1670 3306 Ipse
1691 3253 1901 3308 quoque
1930 3239 1997 3294 de
2024 3240 2178 3293 mitra

606 3326 867 3389 serviens,
894 3325 1103 3395 quando
1130 3325 1207 3379 sic
1228 3336 1310 3380 cst
1343 3326 1555 3381 indutus
1586 3327 1826 3395 pluviali,
1859 3328 2020 3384 debet
2044 3345 2177 3399 pon-

605 3414 730 3468 tiﬁci
754 3415 881 3470 sede
909 3430 1001 3469 sua
1032 3416 1268 3484 surgenti
1313 3418 1588 3487 porrigere
1630 3434 1857 3486 manus,
1907 3430 1963 3474 et
2008 3423 2177 3490 ipsum

604 3508 791 3575 iuvare
835 3507 899 3561 ad
939 3508 1296 3577 surgendum;
1349 3518 1402 3563 et
1438 3509 1562 3564 dum
1596 3509 1831 3577 pontfex
1875 3522 1976 3565 Stat
2019 3528 2179 3581 super

605 3599 795 3664 altare,
831 3599 944 3667 ipse
972 3599 1128 3654 debet
1155 3610 1297 3654 Stare
1325 3610 1440 3668 post
1465 3615 1583 3655 eum
1610 3602 1660 3655 iu
1686 3602 1867 3656 dextra
1898 3612 2046 3674 parte
2067 3604 2179 3659 dia-

605 3690 747 3755 coni,
776 3698 850 3751 et,
882 3690 925 3743 si
957 3698 1165 3759 tempus
1186 3691 1455 3760 requirat,
1488 3691 1752 3747 ﬂabellum
1783 3703 1959 3748 teneat
1983 3696 2047 3747 ad
2069 3694 2180 3750 abi-

608 3768 834 3851 gendum
857 3796 1088 3836 muscas.
1116 3782 1231 3851 Ipse
1256 3783 1416 3838 etiam
1448 3793 1622 3838 teneat
1646 3799 1707 3838 ac
1733 3786 1965 3854 pontiﬁci
1998 3787 2180 3855 porri-

607 3880 696 3938 gat
726 3885 952 3939 pannum
976 3872 1251 3926 tersorium
1274 3880 1393 3941 post
1416 3874 1863 3930 communionem.
1880 3875 2181 3945 Intelligeu.

608 3964 733 4014 dum
755 3976 881 4015 vero
917 3968 999 4015 est
1026 3962 1164 4030 quod
1212 3961 1425 4030 quando
1471 3962 1585 4030 ipse
1629 3964 1698 4017 de
1744 3965 1900 4018 mitra
1943 3967 2180 4020 serviens

609 4050 770 4103 utitur
799 4049 1035 4118 pluviali,
1068 4049 1235 4104 nihilo
1267 4050 1437 4103 minus
1460 4051 1619 4106 debet
1649 4052 1787 4107 alius
1820 4068 1938 4108 esse
1968 4054 2180 4108 indutus

603 4149 765 4205 cotta,
801 4139 891 4210 qui
923 4139 1131 4196 mitram
1178 4151 1410 4195 amotam
1442 4154 1655 4211 servet,
1703 4153 1757 4198 et
1803 4146 2179 4215 imponeudam

602 4229 792 4283 tradat.

675 4321 731 4373 lu
776 4320 1044 4389 prmdictis
1094 4336 1223 4392 ergo
1270 4322 1479 4389 diebus,
1515 4324 1565 4379 in
1621 4322 1813 4394 quibus
1844 4325 2100 4381 diaconus
2129 4342 2182 4383 ct

602 4412 962 4468 subdiaconus
989 4420 1208 4467 utuntur
1233 4413 1486 4484 planetis,
1517 4424 1570 4469 et
1616 4418 1829 4486 quando
1860 4419 1903 4473 is
1932 4420 2019 4487 qui
2062 4434 2177 4474 ser-

2283 1879 2442 1934 quam
2472 1863 2667 1933 digitos
2693 1863 2893 1929 abluat,
2923 1863 3180 1936 accedant
3209 1865 3275 1918 ad
3305 1879 3428 1920 eum
3457 1864 3552 1934 qui
3584 1867 3865 1919 communi-

2282 1956 2395 2011 cari
2448 1956 2669 2024 debent,
2727 1956 2901 2026 primo
2960 1958 3291 2023 sacerdotes,
3339 1957 3590 2011 secundo
3648 1956 3866 2020 diaconi,

2284 2047 2441 2102 tertio
2469 2047 2799 2102 subdiaconi.
2835 2048 2949 2101 Duo
2977 2058 3153 2103 autem
3186 2063 3251 2104 ex
3290 2048 3559 2103 ministris
3591 2049 3863 2104 extendant

2283 2140 2585 2209 mappulam
2615 2155 2717 2210 qua
2751 2140 2945 2210 tegitur
2972 2141 3132 2206 calix,
3168 2140 3251 2195 vel
3291 2141 3453 2195 aliam
3486 2141 3796 2208 decentem,
3818 2152 3863 2196 et

2285 2240 2804 2288 teneantextensam
2847 2234 2987 2288 inter
3033 2233 3335 2301 pontificem
3369 2245 3425 2289 et
3466 2234 3864 2289 communium

2287 2332 2387 2377 tes.
2414 2323 2656 2377 Pontifex
2687 2338 2813 2379 vero
2838 2325 3103 2394 accipiens
3126 2340 3245 2379 cum
3275 2325 3503 2381 sinistra
3536 2341 3707 2381 manu
3735 2338 3860 2393 pa'eo

2283 2433 2425 2475 nam.
2459 2427 2513 2471 et
2541 2431 2845 2487 supponens
2878 2418 3088 2473 Ilostias
3122 2426 3471 2473 consecratas
3506 2410 3621 2472 non
3663 2421 3861 2483 multas,

2280 2505 2527 2560 similiter
2573 2516 2855 2561 convertat
2900 2522 2959 2562 se
3016 2508 3079 2561 ad
3141 2524 3233 2576 eos
3278 2510 3370 2579 qui
3420 2510 3865 2565 communicatari

2281 2611 2425 2663 sunt,
2459 2608 2512 2653 et
2553 2598 2788 2667 porrigat
2822 2600 3042 2669 singulis
3074 2615 3193 2655 cum
3227 2599 3417 2656 dextra
3449 2614 3627 2654 manu
3676 2614 3866 2654 sacram

2281 2692 2739 2756 communionem,
2771 2691 3001 2747 dicendo
3026 2709 3039 2746 :
3063 2692 3261 2761 Corpus
3301 2692 3519 2746 Domini
3563 2695 3736 2745 nostri
3758 2690 3867 2745 Iesu

2283 2782 2475 2837 Christi
2538 2783 2792 2836 melodiat
2836 2784 3058 2835 animum
3110 2791 3250 2836 luam
3298 2783 3351 2835 in
3403 2784 3569 2835 vitam
3615 2793 3867 2836 internum.

2282 2872 2464 2926 Amen.
2505 2872 2552 2927 Is
2602 2883 2778 2927 autem
2820 2872 2910 2941 qui
2949 2856 3397 2938 couuuun'catur,
3443 2872 3604 2926 ﬂexis
3635 2873 3867 2940 genibus,

2283 2962 2553 3017 osculetur
2610 2964 2757 3032 prius
2800 2978 3013 3016 manum
3062 2963 3348 3031 pontiﬁcis,
3405 2974 3597 3032 postea
3644 2964 3867 3017 Hostiam

2283 3063 2496 3119 sumat;
2529 3065 2603 3121 et,
2637 3055 2684 3109 si
2715 3055 2996 3126 presbyter
3034 3063 3137 3122 est,
3172 3054 3253 3109 vel
3284 3053 3572 3121 diaconus,
3616 3054 3868 3125 pontifex,

2208 3129 2253 3191 C
2287 3146 2407 3201 data
2467 3147 2670 3215 llostia,
2726 3146 3034 3201 immediate
3074 3146 3298 3213 accipiat
3338 3160 3461 3199 eum
3512 3146 3584 3199 ad
3633 3146 3868 3200 osculum

2290 3239 2465 3308 pacis;
2508 3238 2864 3293 subdiaconus
2894 3252 3022 3292 vero
3052 3247 3212 3306 ponat
3235 3246 3261 3273 ἰ
3287 3237 3468 3291 vinum
3506 3235 3562 3290 in
3594 3236 3791 3300 calice,
3826 3246 3868 3289 et

2286 3333 2521 3402 porrigat
2550 3332 2614 3388 iis
2641 3332 2729 3402 qui
2760 3334 3309 3397 communicaverunt,
3343 3341 3400 3386 ut
3426 3347 3494 3387 ex
3530 3347 3599 3387 eo
3629 3341 3868 3393 sumant,

2285 3434 2337 3478 et
2367 3439 2428 3479 os
2463 3424 2703 3478 abluant.
2745 3424 2895 3490 Quod
2928 3425 2971 3478 si
3015 3424 3166 3479 multi
3212 3433 3339 3479 sunt
3374 3424 3863 3482 communicantes.

2287 3516 2480 3586 pulerit
2507 3515 2765 3572 diaconus
2807 3517 2885 3572 vel
2910 3517 3046 3572 alius
3088 3517 3155 3571 de
3185 3515 3447 3571 ministris
3490 3516 3661 3569 alium
3697 3525 3872 3570 tenere

2282 3613 2502 3666 Calicem
2533 3626 2652 3666 cum
2686 3612 2830 3679 vino,
2864 3621 2919 3667 et
2957 3598 3804 3679 conmunicatitibusporrigere.

2284 3701 2439 3758 LVII.
2487 3703 2563 3757 De
2588 3704 2943 3756 communione
2968 3703 3325 3773 episcoporum
3353 3703 3443 3772 qui
3476 3711 3870 3765 consecrantur,

2356 3802 2357 3805 η
2645 3782 2691 3827 et
2720 3773 2960 3827 abbatum
3001 3773 3091 3842 qui
3120 3774 3509 3826 benedicuntur.

2360 3867 2627 3922 Praeterea
2650 3866 2695 3921 si
2729 3865 2962 3935 pontifex
2993 3864 3281 3935 aliquando
3316 3866 3398 3919 vel
3430 3864 3641 3933 aliquos
3669 3862 3869 3932 episco-

2283 3976 2381 4031 pos
2424 3975 2753 4029 consecrare
2800 3959 3088 4023 debuerit,
3146 3959 3502 4013 subdiaconus
3562 3968 3869 4028 opportuno

2285 4062 2526 4122 tempore
2572 4061 2839 4122 praeparet
2869 4050 3128 4115 Hostiam,
3180 4051 3261 4103 vel
3311 4050 3522 4104 Hostias
3556 4065 3656 4120 pro
3684 4065 3869 4105 conse-

2284 4147 2514 4212 crando,
2543 4146 2626 4199 vel
2655 4144 3054 4210 consecrandis,
3082 4143 3521 4209 consecrandam,
3558 4144 3639 4197 vel
3692 4158 3867 4197 conse-

2283 4237 2549 4301 crandas;
2576 4246 2629 4290 et
2662 4235 2937 4304 provideat
2966 4233 3106 4300 quod
3138 4242 3338 4287 tantum
3370 4233 3436 4287 de
3458 4234 3587 4287 vino
3625 4234 3680 4288 in
3712 4234 3866 4287 calice

2285 4338 2445 4399 ponat
2471 4329 2539 4382 ad
2568 4324 2956 4381 conﬁciendum
2988 4325 3299 4395 sanguinem
3341 4324 3579 4389 Domini,
3610 4334 3863 4395 quantum

2284 4420 2536 4476 sufﬁcere
2584 4427 2756 4488 poteSt
2795 4418 2893 4487 ipsi
2943 4418 3179 4487 ροηιίῐὶιηί
3228 4426 3283 4472 et
3332 4418 3729 4481 consecrando,
3774 4432 3862 4469 seu

601 4502 672 4555 vit
712 4502 779 4557 de
826 4503 981 4558 mitra
1034 4506 1201 4559 utitur
1232 4506 1470 4573 pluviali,
1520 4508 1836 4575 provideant
1873 4512 2050 4567 clerici
2081 4527 2170 4567 ca-
2208 4493 2255 4551 υ
2280 4512 2683 4578 consecrandis,
2712 4509 2800 4578 qui
2825 4509 2891 4564 de
2921 4509 3179 4578 sanguine
3208 4508 3612 4562 communicare
3642 4507 3856 4562 debent.

600 4593 754 4662 pellae
782 4594 872 4663 qui
903 4595 1145 4650 deferant
1173 4597 1451 4662 praedictas
1496 4610 1670 4656 vestes
1696 4615 1791 4667 pro
1836 4600 1982 4667 ipsis.
2016 4601 2168 4655 Circa

604 4688 716 4739 haec
745 4685 1022 4740 attendere
1052 4686 1251 4740 debent
1275 4701 1461 4743 omnes
1487 4688 1735 4756 ministri,
1770 4700 1825 4744 ut
1860 4706 1922 4745 ea
1946 4707 2066 4761 quae
2096 4692 2170 4745 fa-

600 4790 722 4831 cere
751 4776 947 4832 debent
971 4775 1164 4845 singuli
1195 4778 1487 4834 secundum
1515 4796 1669 4835 suum
1704 4782 2056 4837 ministerium
2084 4780 2168 4837 fa—

597 4866 742 4921 ciant
771 4874 1034 4935 prompte,
1081 4867 1345 4938 ordinate,
1385 4885 1447 4925 ac
1479 4880 1807 4937 reverenter,
1854 4889 1957 4927 non
1998 4874 2165 4940 tarde,

597 4972 659 5012 ac
707 4967 1052 5028 praepostere,
1097 4968 1190 5014 aut
1236 4960 1559 5030 impetuose;
1610 4973 1664 5018 et
1709 4965 1750 5017 si
1782 4965 1946 5032 aliqui
1986 4981 2169 5021 eorum

599 5047 775 5103 minus
795 5050 1000 5119 experti
1033 5050 1227 5106 fuerint
1253 5052 1306 5106 in
1333 5052 1650 5121 ministerio,
1676 5054 1816 5123 quod
1838 5056 1905 5110 ad
1937 5070 2030 5111 eos
2052 5071 2173 5126 per-

596 5142 750 5208 tinet,
778 5142 941 5211 aliqui
973 5146 1061 5214 qui
1104 5146 1270 5213 magis
1308 5148 1513 5215 experti
1560 5155 1684 5201 sunt
1728 5146 1926 5203 debent
1963 5162 2055 5204 eos
2083 5150 2174 5205 doc

561 5251 569 5257 ’
596 5246 723 5290 cere
744 5236 1011 5305 quomodo
1036 5250 1197 5306 agere
1225 5237 1474 5305 debeant,
1499 5239 1586 5293 vel
1613 5241 1771 5294 etiam
1804 5242 2055 5309 supplere
2091 5243 2169 5294 vi-

599 5340 712 5377 cem
742 5340 787 5380 ei
810 5342 949 5382 rum.
986 5327 1141 5382 Verbi
1185 5328 1377 5396 gratia,
1428 5329 1475 5384 si
1522 5330 1777 5385 diaconus
1823 5332 2025 5386 neSciat
2069 5334 2168 5386 tui-

601 5422 733 5467 tram
764 5416 1054 5484 imponere,
1090 5428 1179 5472 aut
1203 5429 1386 5486 aptare
1419 5430 1593 5475 vestes
1630 5422 1910 5489 pontiﬁcis,
1941 5424 2167 5491 cape’la-

600 5524 695 5562 nus
727 5512 815 5579 qui
844 5511 1036 5566 doctus
1064 5519 1168 5579 est,
1212 5513 1371 5567 faciat
1412 5515 1527 5568 haec
1558 5516 1673 5570 vice
1700 5516 1884 5584 ipsius.
1917 5517 2170 5571 Similiter

596 5599 643 5653 si
678 5600 1036 5656 subdiaconus
1075 5618 1178 5657 nou
1209 5605 1278 5658 sit
1303 5604 1490 5661 doctus
1513 5606 1739 5675 qualiter
1766 5617 1819 5662 et
1842 5608 2055 5678 quando
2082 5624 2168 5663 ca-

2284 4604 2527 4659 Pontifex
2569 4614 2769 4671 autem,
2815 4603 3032 4673 quando
3062 4601 3424 4659 communicat
3470 4602 3539 4657 de
3579 4604 3859 4673 sauguPne,

2280 4711 2385 4751 non
2414 4705 2581 4752 totum
2606 4703 2799 4759 sumat,
2832 4693 2923 4749 sed
2956 4701 3157 4762 partem
3188 4692 3303 4762 ejus
3328 4706 3448 4748 cum
3483 4703 3640 4760 parte
3668 4692 3861 4746 Hostia:

2277 4805 2396 4857 quae
2429 4788 2481 4843 in
2524 4788 2711 4841 calice'
2738 4786 2957 4841 dimissa
3000 4783 3127 4851 fuit;
3176 4784 3439 4850 reliquum
3472 4799 3606 4839 vero
3636 4784 3860 4839 dimittet

2282 4883 2335 4936 in
2362 4882 2545 4935 calice.
2580 4880 2677 4935 Det
2706 4893 2914 4934 sacram
2952 4877 3189 4933 lIostiam
3219 4875 3378 4947 313
3409 4890 3736 4932 consecra:o
3773 4890 3860 4928 seu

2281 4968 2610 5025 consecratis
2640 4970 2728 5038 qui
2756 4967 3151 5022 communicare
3179 4965 3395 5031 debent,
3433 4969 3575 5019 sicut
3604 4980 3772 5033 supra
3799 4965 3860 5019 de

2278 5060 2645 5117 sacerdotibus
2673 5059 2933 5113 ordinatis
2962 5057 3161 5112 dictum
3194 5065 3297 5122 est,
3330 5065 3558 5127 excepto
3589 5059 3738 5126 quod
3775 5072 3857 5125 ge—

2276 5169 2378 5210 nua
2419 5153 2637 5208 flectere
2684 5165 2789 5206 non
2841 5151 3078 5216 debent;
3111 5160 3163 5205 et
3193 5150 3240 5203 si
3284 5149 3392 5203 sint
3434 5164 3577 5203 unus
3628 5150 3712 5203 vtl
3760 5149 3856 5203 duo

2273 5246 2570 5301 consecrati
2604 5253 2829 5309 tantum,
2872 5257 2933 5296 ac
2961 5241 3240 5310 dispositio
3272 5240 3374 5295 loci
3404 5239 3691 5309 permittat
3720 5239 3853 5309 quod

2274 5347 2478 5393 stantes
2506 5338 2645 5391 circa
2672 5349 2874 5391 cornua
2910 5334 3109 5398 altaris,
3142 5332 3275 5386 sicut
3303 5340 3571 5387 steterunt
3606 5331 3849 5385 concele-

2279 5428 2480 5482 lirando
2501 5427 2734 5493 Missam,
2761 5427 3155 5482 communicare
3177 5424 3400 5494 possint,
3433 5424 3640 5478 ibidem
3671 5424 3853 5476 stando

2275 5521 2688 5583 communicent,
2720 5520 2952 5587 alioquin
2984 5518 3300 5572 accedentes
3328 5517 3395 5571 ad
3433 5517 3609 5584 ipsum
3645 5514 3849 5586 pontiﬁ-

2276 5625 2390 5665 cem
2416 5624 2622 5665 sacram
2654 5611 3082 5665 communionem
3116 5608 3390 5680 recipiant.
3424 5607 3845 5680 Subsequenter,

668 5721 693 5748 ι
718 5713 835 5766 iam
865 5728 989 5781 ergo
1036 5714 1266 5768 desierat
1297 5730 1423 5770 usus
1453 5718 1587 5771 sacri
1631 5717 1809 5773 calicis
1840 5718 1891 5772 in
1920 5721 2293 5776 communione
2319 5723 2474 5777 etiam
2507 5736 2601 5791 pro
2628 5719 2882 5775 ministris
2913 5720 3095 5775 sacris.

3744 290 3868 344 1172
3954 284 3957 344 Ῑ
