4006 6300
139 282 283 334 H75

1323 275 1588 332 ROMANI
1629 274 1946 333 ORDINES.
1989 310 2054 318 —
2098 278 2235 335 XIV.

3271 290 3397 342 ΗΠ

126 393 369 446 diacono
398 389 477 446 eis
507 391 811 461 porrigeute
838 390 1083 457 calicem,
1115 390 1513 447 communicent
1538 390 1607 447 de
1629 404 1717 445 eo-
1751 393 1797 451 Α
1826 394 2104 452 incensare
2151 396 2309 452 debet
2349 396 2627 452 dominum
2680 412 2892 467 papam,
2928 398 3131 459 deinde
3177 402 3402 459 reddere

133 484 264 534 dem
306 480 603 549 sanguine;
637 478 726 548 qui
775 488 1028 550 poterunt
1073 494 1194 536 eum
1223 495 1438 536 sumere
1485 495 1605 536 cum
1634 495 1720 535 ca-

137 572 306 639 lamo,
357 574 402 627 si
452 572 710 627 habeatur
760 584 1011 641 paratus;
1068 575 1301 643 alioquin
1346 584 1562 631 sumant
1600 590 1720 630 cum

136 665 263 734 ipso
292 666 479 720 calice.
516 665 702 720 Postea
734 666 970 733 pontifex
1010 667 1188 722 abluat
1222 669 1415 738 digitos
1444 684 1563 725 eum
1599 671 1723 723 vino

135 772 308 824 super
328 756 573 820 calicem,
602 763 658 809 et
696 756 762 810 de
790 756 906 825 ipso
953 757 1075 812 vino
1112 758 1303 814 iterum
1335 759 1512 813 abluat
1542 773 1624 825 os,
1655 760 1723 814 de

59 876 67 881 -
136 863 251 916 quo
274 847 434 903 etiam
462 846 528 900 ad
560 845 883 902 abluendum
914 862 976 904 os
1016 860 1359 906 consecratus
1403 853 1486 907 vel
1534 866 1724 906 conse-

138 941 274 995 crati
304 954 517 995 sumere
561 939 758 993 debent
788 953 909 993 cum
960 941 1220 1009 praedicto
1246 943 1476 1009 calamo,
1528 944 1599 997 ita
1639 954 1720 998 ta-

138 1045 271 1086 men
300 1030 439 1100 quod
470 1029 513 1084 si
557 1030 601 1084 is
642 1030 733 1099 qui
782 1029 969 1084 ultimo
1020 1030 1203 1099 sumit,
1236 1032 1350 1086 sive
1384 1032 1719 1101 sanguinem,

138 1123 262 1179 sive
283 1124 486 1186 vinum,
520 1133 801 1192 postquam
831 1122 1056 1191 sumpsit
1078 1136 1202 1176 eum
1232 1123 1439 1177 calamo
1466 1131 1720 1191 quantum

138 1225 356 1268 sumere
384 1220 581 1281 potest,
616 1212 885 1266 residuum
915 1211 1031 1266 sine
1060 1211 1268 1266 calamo
1301 1211 1528 1277 hauriat,
1562 1220 1617 1265 ut
1645 1215 1725 1265 ni-

138 1304 227 1358 Itil
269 1305 319 1357 in
348 1302 515 1357 calice
547 1310 842 1369 remaneat,
887 1302 1053 1358 nihilo
1098 1303 1272 1358 minus
1302 1310 1457 1374 sugat
1484 1318 1548 1358 ex
1580 1310 1725 1356 utra-

140 1410 252 1463 que
285 1403 433 1463 parte
478 1394 692 1458 calami,
726 1394 773 1449 si
819 1395 943 1465 quid
976 1394 1113 1451 forte
1143 1396 1194 1450 in
1226 1397 1340 1465 ipso
1371 1397 1720 1459 remanserit;

141 1495 199 1541 et
224 1487 436 1541 tandem
464 1485 709 1541 eumdem
734 1486 997 1541 calamum
1027 1488 1384 1544 subdiaconus
1414 1496 1584 1558 tergat
1603 1503 1725 1544 cum

143 1591 327 1644 panno
357 1593 463 1646 quo
492 1579 714 1648 tergitur
738 1579 900 1636 calix.

220 1668 449 1733 Quando
474 1668 711 1738 pontifex
735 1668 988 1725 abbatem
1015 1669 1098 1724 vel
1125 1669 1343 1725 abbates
1373 1669 1725 1737 benedixerit,

1828 482 2158 542 thuribulum
2182 488 2555 555 thuriferario;
2584 504 2684 545 nec
2712 488 2910 546 debent
2936 491 3199 546 incensari
3231 492 3322 547 alii
3348 493 3399 547 in

1826 578 2086 648 principio
2124 580 2316 637 Missae.
2356 581 2486 638 Item
2536 584 2917 652 subdiaconus,
2948 585 3081 641 lecta
3134 587 3398 655 Epistula,

1826 681 1930 722 non
1977 671 2134 725 debet
2182 673 2541 728 reverentiam
2590 674 2766 731 facere
2807 675 3043 743 pontifici
3078 676 3398 741 celebranti,

1824 758 1918 813 sed
1950 760 2027 815 ire
2052 760 2214 817 debet
2251 763 2317 817 ad
2357 764 2594 818 o~culum
2629 768 2775 835 pedis
2816 766 3020 822 domini
3066 783 3232 838 papae.
3265 769 3395 825 Item

1825 849 2080 907 diaconus
2122 852 2357 909 lecturus
2399 855 2742 925 Evangelium
2787 857 2865 912 ire
2914 857 3075 913 debet
3115 858 3182 912 ad
3214 857 3399 926 pedem

1826 939 2093 1009 ejusdem,
2125 952 2199 1009 et,
2246 954 2466 1013 accepto
2506 945 2641 1001 libro
2684 946 2752 1002 de
2778 945 2957 1013 altari,
2989 948 3057 1002 ab
3086 947 3202 1017 ipso
3235 948 3401 1003 Bene-

1826 1029 2113 1087 dietionem
2145 1032 2305 1088 debet
2338 1042 2541 1102 petere.
2572 1035 2724 1102 Item,
2770 1038 2910 1091 lecto
2941 1038 3249 1108 Evangelia,
3284 1040 3402 1093 thu-

1825 1119 2101 1174 riferatius
2144 1119 2326 1177 ferens
2355 1123 2678 1179 thuribulum
2704 1125 2860 1180 debet
2891 1126 3017 1181 illud
3054 1130 3262 1184 tradere
3285 1144 3401 1184 car-

1825 1212 1986 1267 dinali
2036 1215 2363 1283 supradicto,
2409 1216 2499 1284 qui
2556 1216 2875 1272 thuriflcare
2917 1217 3079 1273 debet
3131 1219 3404 1297 dominum

1826 1316 2015 1371 papam
2045 1318 2058 1369 ;
2111 1313 2163 1359 et
2193 1313 2585 1373 consequenter
2618 1306 2840 1360 veniens
2883 1306 3245 1364 subdiaconus
3280 1323 3400 1362 eum

1827 1392 1962 1445 libro
1993 1390 2432 1459 Evangeliorutn,
2463 1404 2708 1462 apertum
2742 1407 3068 1463 prazsentare
3106 1398 3266 1453 debet
3301 1399 3399 1468 ipsi

1828 1480 2044 1536 domino
2074 1496 2227 1552 papa:
2257 1483 2631 1548 osculandum,
2665 1484 2766 1539 nisi
2799 1485 2956 1541 Missa
2986 1486 3146 1543 fuerit
3188 1503 3285 1558 pro
3314 1491 3431 1545 (Ie-

1828 1571 2041 1628 functis.
2092 1574 2219 1628 Item
2270 1574 2483 1642 quando
2512 1575 2761 1631 dominus
2804 1591 2937 1646 papa
2989 1579 3136 1648 ponit
3190 1581 3313 1635 thus
3355 1582 3407 1636 in

1832 1665 2099 1719 thuribulo
2128 1674 2246 1734 post
2284 1665 2648 1733 Olfertorium,
2681 1669 2913 1735 pontifex
2938 1669 3215 1724 celebrans
3246 1670 3408 1727 debet

143 1758 516 1827 praeparanda:
544 1768 667 1815 sunt
708 1759 896 1816 hostiae
926 1776 1021 1830 pro
1066 1762 1218 1830 ipsis,
1268 1770 1322 1817 et
1358 1761 1456 1831 ipsi
1488 1768 1724 1832 tempore
1759 1751 1802 1812 Β
1832 1756 2080 1813 omittere
2124 1757 2266 1811 illam
2317 1758 2647 1823 Orationem,
2697 1756 2800 1813 Per
2841 1760 3268 1830 intercessionem,
3302 1774 3407 1819 etc.

145 1860 452 1918 opportuno
488 1850 803 1905 accedentes
849 1851 916 1905 ad
965 1850 1290 1921 pontificem,
1324 1854 1726 1909 communicare

147 1940 345 1995 debent
376 1941 530 1995 modo
560 1942 837 2009 praedicto,
870 1957 976 1997 non
1021 1956 1201 1999 tamen
1246 1959 1462 2001 sumere
1484 1945 1551 2001 de
1596 1961 1723 2002 san-

147 2030 328 2100 gnitte.

500 2124 636 2179 LIX.
679 2125 757 2179 De
789 2125 964 2180 Missis
1005 2127 1384 2196 defunctorum.

222 2214 513 2282 Cancrum,
539 2218 753 2286 quando
779 2218 1016 2288 pontifex
1039 2219 1350 2285 solemniter
1376 2222 1611 2277 celebrat
1633 2238 1730 2293 pro

153 2306 445 2374 defunctis,
500 2307 613 2365 hate
664 2311 996 2366 observanda
1062 2320 1206 2377 sunt,
1257 2313 1526 2377 videlicet,
1589 2315 1729 2383 quod

150 2408 431 2469 postquam
471 2400 728 2456 diaconus
782 2411 901 2471 post
945 2402 1285 2478 Oﬂertorium
1336 2405 1731 2461 thuriferaverit

152 2491 480 2557 pontificem,
531 2492 733 2548 nullum
780 2494 939 2549 alium
997 2495 1314 2551 thuriferare
1369 2497 1545 2551 debet.
1601 2498 1730 2553 Item

153 2581 396 2649 Epistola
425 2591 481 2638 et
507 2584 853 2654 Evangelium
885 2598 989 2640 nou
1035 2585 1235 2642 debent
1276 2587 1379 2657 legi
1410 2587 1461 2642 in
1504 2589 1734 2644 amboue

151 2689 249 2728 seu
279 2674 452 2730 altiori
478 2676 702 2746 pulpito,
736 2678 831 2733 sed
863 2679 917 2733 in
956 2679 1072 2749 ipso
1104 2679 1437 2750 presbyterio
1465 2696 1629 2749 prope
1651 2680 1729 2734 al-

156 2773 294 2819 tare.
347 2764 509 2820 Lecto
553 2760 734 2822 autem
782 2768 1097 2837 Evangelia,
1146 2783 1250 2823 non
1293 2778 1374 2823 est
1414 2768 1733 2825 deferendos

157 2856 298 2911 liber
329 2858 732 2927 Evangeliorum
760 2858 824 2911 ad
855 2858 1163 2929 pontificem
1193 2860 1261 2914 ab
1291 2876 1356 2916 eo
1384 2861 1730 2926 osculandus,

152 2947 295 3003 sicut
324 2949 382 3004 fit
408 2952 458 3005 in
481 2951 599 3006 aliis
630 2950 821 3006 Missis.
852 2950 981 3007 Item
1006 2962 1282 3022 postquam
1311 2953 1545 3023 pontifex
1579 2954 1733 3007 dixe-

154 3040 226 3093 rit
267 3040 441 3111 Agnus
489 3040 609 3109 Dei,
646 3056 748 3097 non
794 3043 957 3098 debet
996 3042 1175 3099 dicere
1216 3045 1362 3099 illam
1406 3046 1732 3110 Orationem,

1832 1848 1965 1902 Item
2019 1860 2296 1919 postquam
2340 1850 2575 1919 pontifex
2629 1852 3011 1909 tlturificaverit
3065 1855 3241 1909 oblata
3291 1866 3408 1922 post

1830 1939 2193 2004 Offertorium,
2245 1942 2536 2009 diaconus,
2584 1952 2806 2010 accepto
2848 1943 3139 2010 thuribulo,
3197 1945 3405 2001 tltuxiti—

1831 2048 1953 2088 care
1980 2034 2140 2089 debet
2168 2034 2340 2103 ipsum
2376 2033 2681 2104 pontificem
2711 2035 3092 2099 celebrantem,
3122 2046 3302 2105 postea
3326 2038 3406 2091 al-

1835 2135 1969 2191 tare,
2000 2126 2193 2181 deinde
2222 2130 2391 2196 ipsum
2424 2127 2747 2181 thuribulnm
2778 2126 2987 2183 tradere
3023 2129 3288 2201 acolytbo,
3320 2131 3407 2199 qui

1836 2226 2002 2284 portet
2039 2214 2211 2283 ipsum
2262 2216 2521 2271 cardinali
2570 2218 2839 2271 assiS'euti
2888 2218 3105 2272 domino
3134 2234 3303 2289 papm,
3355 2232 3408 2275 ut

1834 2308 1946 2377 ipse
1970 2308 2235 2364 tlturilicet
2262 2311 2423 2381 315
2451 2311 2721 2365 dominum
2755 2326 2967 2382 papam,
2992 2312 3083 2383 qui
3114 2316 3261 2369 solus
3285 2317 3404 2369 titu-

1836 2398 2118 2454 rifieandus
2156 2403 2275 2463 erit,
2320 2402 2363 2454 si
2399 2402 2551 2455 Missa
2592 2403 2661 2456 sit
2707 2417 2801 2471 pro
2849 2402 3148 2468 defunctis;
3203 2405 3254 2458 in
3286 2406 3406 2460 ali:s

1837 2506 1963 2546 vero
2003 2493 2198 2555 Missis,
2241 2495 2543 2548 lltltriliealo
2581 2494 2796 2550 domino
2842 2510 2994 2566 papa,
3041 2497 3409 2552 thurificentur

1838 2593 1892 2637 et
1928 2583 2017 2637 alii
2051 2585 2151 2637 hoc
2180 2583 2359 2638 modo.
2394 2585 2676 2655 Pestquam
2709 2586 2994 2641 cardinalis
3028 2586 3409 2644 thurifieaverit

1835 2674 2110 2730 dominum
2143 2691 2352 2744 papam,
2380 2677 2552 2732 tradat
2576 2677 2898 2733 thuribulum
2933 2677 3292 2743 thuriferario,
3317 2686 3404 2749 qui

1838 2772 2143 2827 thurificare
2169 2772 2327 2827 debet
2356 2773 2525 2841 primo
2552 2773 2797 2829 eumdem
2836 2773 3186 2839 cardinalem,
3215 2772 3409 2828 deinde

1838 2860 2123 2916 diaconum
2170 2861 2491 2917 cardinatem
2533 2862 2871 2918 assistentean
2920 2863 3139 2920 domino
3186 2879 3337 2936 papa
3378 2880 3408 2919 a

1839 2953 2063 3018 dextris,
2092 2961 2147 3008 et
2179 2952 2568 3022 subst-quenter
2597 2953 2874 3008 diaconum
2916 2955 3250 3011 assistentem
3282 2971 3309 3010 a
3339 2957 3408 3010 si-

1841 3045 2052 3108 nistris;
2085 3056 2265 3113 postea
2293 3044 2591 3099 cardinales
2614 3044 2747 3099 alios
2774 3046 2862 3113 qui
2886 3054 3012 3099 sunt
3035 3061 3065 3100 a
3093 3047 3295 3102 dextris
3316 3047 3412 3100 do-

155 3128 369 3184 Domine
399 3131 525 3187 Jesu
571 3132 792 3203 Christe,
836 3144 965 3201 etc.,
1000 3149 1098 3191 nec
1140 3137 1363 3192 osculari
1397 3139 1729 3207 timealtarc,
1759 3128 1813 3192 Ο
1842 3135 1972 3189 mini
2022 3149 2190 3203 papze,
2224 3135 2437 3188 demum
2487 3134 2787 3189 cardinales
2826 3134 2919 3204 qui
2955 3145 3077 3191 sunt
3101 3152 3129 3189 a
3159 3138 3411 3205 sinistris,

154 3220 279 3284 quia
310 3235 408 3289 pax
440 3236 544 3277 non
567 3223 739 3277 datur.
774 3224 903 3278 Item
953 3240 1058 3279 non
1089 3226 1248 3282 debet
1283 3228 1387 3283 dici
1422 3228 1504 3284 Sit
1544 3246 1725 3284 nomen

154 3307 369 3366 Domini
391 3312 731 3383 benedictum,
778 3326 898 3385 post
936 3315 1165 3371 Missam.
1197 3316 1404 3373 Czrtera
1436 3320 1563 3376 fiant
1596 3323 1735 3378 sicut

156 3398 215 3452 in
256 3401 374 3455 aliis
402 3402 602 3460 Missis.

153 3490 323 3563 314,
346 3491 458 3548 LX.
502 3495 565 3551 Si
591 3497 859 3579 episwpus
890 3500 1171 3556 cardinalis
1189 3501 1407 3557 celebret
1437 3503 1488 3558 in
1514 3520 1735 3575 pra’sen-

806 3580 879 3623 tta
906 3587 1073 3642 papae.

232 3654 501 3713 Prartereo
541 3659 589 3713 si
619 3659 900 3732 episcopus
930 3663 1217 3718 cardinalis
1242 3665 1479 3721 celebret
1518 3667 1569 3721 in
1603 3682 1738 3735 prin-

157 3746 334 3801 sentia
365 3762 533 3818 papae,
588 3749 690 3806 hoc
738 3752 1105 3821 principaliter
1146 3755 1394 3809 convenit
1440 3757 1734 3811 observari.

155 3838 217 3891 In
252 3839 435 3906 primis
466 3841 697 3910 pontifex
726 3845 893 3899 sacris
920 3844 1156 3899 vestibus
1189 3844 1427 3911 indutus,
1461 3854 1738 3914 postquam

154 3943 284 3982 cum
312 3929 422 3984 suis
453 3930 708 3987 ministris
747 3938 1052 4004 pervenerit
1076 3936 1141 3990 ad
1182 3936 1613 4004 altareﬁpectet
1639 3937 1738 3990 do-

155 4021 364 4076 minum
396 4037 606 4092 papam,
667 4026 756 4094 qui
801 4027 1022 4081 veniens
1072 4038 1214 4081 stare
1263 4026 1423 4081 debet
1470 4026 1524 4081 iu
1566 4026 1741 4082 medio

154 4118 350 4165 contra
386 4111 588 4176 altare;
621 4122 676 4168 et
705 4114 938 4181 pontifex
982 4116 1353 4171 celebraturus
1378 4124 1530 4171 stans
1558 4116 1624 4172 ad
1668 4117 1742 4171 si-

156 4200 384 4256 nistram
407 4218 555 4273 papa:
584 4204 801 4273 incipiat
826 4206 1123 4271 Introitutn,
1154 4217 1281 4271 etc.,
1311 4215 1366 4262 et
1394 4217 1742 4277 prosequatur

155 4311 316 4351 more
339 4297 495 4351 solito
512 4297 781 4354 Psalmum
812 4298 1003 4354 Indica
1032 4316 1130 4354 me.
1161 4300 1277 4367 Quo
1304 4300 1465 4365 dicto,
1492 4301 1742 4355 dominus

158 4402 299 4458 papa
328 4387 455 4443 dicit
499 4390 849 4460 Adjntorium,
894 4401 1023 4460 etc.,
1058 4401 1113 4446 et
1152 4393 1262 4460 ipse
1294 4389 1419 4444 facit
1448 4392 1744 4447 confessio-

1838 3225 2034 3280 deinde
2058 3225 2192 3279 alios
2218 3225 2467 3294 praelatos
2511 3233 2565 3278 et
2595 3224 2826 3293 reliquos
2854 3234 3111 3292 astantes,
3155 3236 3313 3297 prout
3341 3228 3413 3282 vi~

1839 3318 1979 3373 derit
2012 3317 2288 3388 expedire.
2318 3317 2448 3372 Item
2495 3326 2775 3386 postquam
2805 3319 3090 3373 cardinalis
3131 3317 3413 3388 prta-uictus

1839 3412 2095 3467 assiStens
2119 3411 2336 3466 domino
2366 3424 2515 3479 papa:
2544 3410 2739 3465 dixerit
2760 3426 2879 3466 cum
2906 3412 3022 3481 ipso
3042 3411 3258 3467 domino
3281 3426 3413 3481 papa

1840 3506 2012 3572 Agnus
2044 3501 2161 3571 Dei,
2190 3509 2375 3572 pergat
2417 3501 2482 3554 ad
2529 3502 2725 3568 altare;
2770 3512 2824 3556 et
2852 3517 2971 3556 eum
3005 3503 3238 3573 pontifex
3268 3503 3413 3559 cele-

1841 3594 2000 3648 brans
2029 3593 2289 3649 convertit
2316 3606 2376 3647 se
2415 3592 2481 3646 ad
2503 3592 2732 3647 dandam
2764 3608 2968 3662 pacem,
2996 3593 3215 3661 recipiat
3244 3595 3413 3663 ipsam

1840 3684 1907 3739 ab
1935 3698 2021 3747 eo,
2052 3691 2106 3738 et
2152 3691 2326 3751 portet
2364 3682 2583 3738 domino
2614 3698 2762 3754 papa
2784 3724 2800 3750 ,
2842 3685 2930 3755 qui
2968 3686 3060 3739 dat
3087 3700 3205 3740 eam
3237 3687 3415 3754 primo

1842 3775 2067 3829 diacono
2097 3774 2369 3828 assistenti
2396 3789 2427 3828 a
2458 3774 2689 3840 dextris,
2722 3783 2776 3830 et
2816 3786 2996 3846 postea
3026 3776 3255 3833 diacono
3285 3779 3413 3833 ³εεί-

1843 3866 2003 3920 stenti
2035 3881 2064 3917 a
2090 3865 2357 3931 sinistris;
2399 3874 2454 3920 et
2501 3866 2600 3935 ipsi
2650 3866 2757 3921 duo
2784 3867 2908 3922 dant
2960 3881 3079 3923 eam
3111 3868 3320 3924 duobus
3346 3870 3416 3924 de

1843 3956 2206 4012 cardinalibus
2235 3955 2356 4009 aliis
2382 3956 2761 4011 assistentibus
2805 3957 2931 4013 hinc
2973 3966 3029 4013 et
3066 3959 3213 4025 inde,
3247 3970 3303 4015 et
3342 3961 3414 4014 illi

1843 4049 1972 4103 dant
1990 4062 2110 4104 eam
2152 4046 2309 4112 aliis;
2338 4056 2391 4101 et
2432 4046 2513 4103 sic
2559 4061 2662 4117 pax
2697 4047 2729 4101 d
2754 4047 3009 4103 lfunditur
3051 4064 3143 4117 per
3179 4050 3414 4109 circum-

1842 4149 2069 4196 stantes.
2118 4139 2245 4194 Item
2278 4145 2399 4207 post
2437 4137 2677 4204 Missam,
2708 4153 2829 4207 quae
2859 4152 2963 4193 non
3012 4139 3070 4192 Iit
3096 4153 3192 4207 pro
3220 4138 3415 4193 defun-

1844 4234 1969 4297 ctis,
2005 4234 2119 4300 ipse
2147 4231 2397 4285 dominus
2430 4244 2561 4301 papa
2583 4227 2733 4298 dicit,
2768 4229 2851 4286 Sit
2885 4245 3065 4285 nomen
3096 4229 3302 4285 Domini
3337 4233 3417 4285 be-

1845 4323 2125 4376 nrdictum.
2171 4321 2297 4376 Item
2339 4321 2385 4375 si
2434 4321 2753 4389 praedicatur
2806 4333 2901 4389 per
2930 4320 3100 4388 ipsum
3149 4320 3417 4375 celebran-

1846 4423 1975 4479 tem,
2011 4413 2155 4467 Iinita
2196 4412 2572 4483 praedicatione
2591 4455 2605 4481 ,
2634 4419 2688 4468 et
2715 4411 2857 4468 dicto
2892 4412 3147 4483 Conﬁteor
3175 4428 3269 4483 per
3295 4413 3414 4468 dia-

159 4496 316 4546 nem,
347 4491 399 4537 et
427 4482 516 4537 dat
545 4483 965 4549 absolutionem;
996 4498 1095 4552 qua
1118 4482 1262 4548 data,
1294 4484 1438 4537 vadit
1460 4482 1524 4536 ad
1555 4484 1733 4539 sedem

1846 4519 2062 4567 conum,
2079 4513 2133 4557 et
2152 4502 2276 4558 data
2296 4502 2624 4572 Indulgentia
2648 4518 2743 4571 per
2762 4503 3143 4568 celebrantem,
3165 4482 3417 4560 dominus

155 4586 340 4641 suam,
387 4583 440 4629 et
485 4575 721 4645 pontifex
775 4576 959 4631 dicens
1004 4576 1140 4628 Deus
1176 4584 1229 4627 tu
1269 4590 1561 4640 conversus,
1608 4585 1734 4643 etc.,

156 4664 404 4719 ascendit
449 4667 515 4720 ad
547 4667 747 4733 altare;
782 4668 895 4736 ipse
941 4676 1118 4721 autem
1147 4666 1395 4720 dominus
1426 4680 1557 4735 papa
1589 4667 1740 4736 ponit

160 4759 291 4814 thus
320 4758 375 4813 in
408 4759 697 4822 thuribulo,
729 4760 1148 4829 quotiescunque
1189 4758 1492 4827 ponendum
1521 4768 1625 4828 est,
1661 4758 1741 4814 vi-

156 4852 361 4906 delicet
406 4864 522 4919 post
553 4850 966 4918 confessionem,
1018 4859 1071 4905 et
1112 4860 1236 4906 ante
1284 4851 1654 4921 Evangelium,
1686 4860 1742 4906 et

158 4952 292 5012 post
339 4942 702 5007 UII’ertorium,
754 4941 1095 4997 thuriferario
1139 4939 1413 4997 deferente
1451 4941 1517 4995 ad
1566 4942 1739 5010 ipsum

156 5036 442 5090 dmninum
492 5049 684 5104 papam
725 5033 1051 5089 thuribulum
1100 5047 1221 5086 cum
1268 5032 1536 5097 navicula,
1579 5048 1740 5102 quant

159 5129 382 5184 tradere
407 5128 567 5183 debet
595 5128 909 5196 presbytero
936 5126 1188 5181 cardinali
1228 5125 1497 5180 assistenti
1526 5126 1743 5181 domino

160 5232 361 5287 papze;
401 5228 455 5273 et
484 5217 638 5272 thure
671 5233 765 5285 per
807 5218 978 5287 ipsum
1011 5215 1280 5270 dominum
1327 5231 1513 5284 papam
1548 5219 1738 5286 posito,

155 5310 413 5365 eamdem
461 5310 757 5364 naviculam
814 5308 1001 5364 reddat
1040 5306 1402 5363 tburiferario.
1448 5306 1576 5363 Item
1622 5320 1742 5378 post

156 5402 562 5458 confessionem
618 5401 935 5456 tlturiferato
984 5399 1135 5454 altari
1170 5414 1264 5469 per
1309 5397 1636 5466 pontificem,
1682 5415 1745 5455 ac

156 5493 388 5546 demum
420 5491 537 5561 ipso
565 5491 814 5560 pontifice
860 5500 914 5544 et
943 5490 1096 5545 altari
1151 5488 1483 5542 thuriferatis
1512 5505 1604 5557 per
1629 5489 1745 5543 dia-

155 5596 389 5646 conum,
420 5581 809 5647 thuriferarius,
841 5581 1105 5651 recipiens
1135 5579 1460 5633 thuribulum
1493 5579 1558 5634 de
1589 5595 1746 5634 manu

157 5673 363 5743 ipsius,
394 5672 554 5729 debet
577 5672 701 5727 illud
734 5682 947 5743 portare
972 5670 1226 5729 cardinali
1260 5669 1535 5740 prredicto,
1561 5680 1610 5724 cl
1636 5669 1747 5740 ipse

1849 4606 1980 4662 papa
2007 4591 2133 4646 dicit
2158 4591 2399 4647 Precibus
2416 4603 2461 4647 et
2482 4592 2691 4662 meritis,
2713 4601 2844 4658 etc.,
2864 4590 3269 4662 Indulgentiom,
3284 4606 3415 4661 etc.,

1846 4684 2160 4745 Benedictio,
2191 4695 2296 4737 etc.

1848 4778 1982 4834 LXI.
2025 4775 2104 4830 De
2146 4775 2321 4829 Missis
2362 4789 2475 4843 qua
2519 4774 2834 4829 celebrantur
2873 4791 3048 4830 coram
3077 4777 3341 4832 cardinele
3368 4777 3420 4831 in

2121 4847 2318 4912 capella
2348 4848 2460 4917 ejus
2489 4861 2578 4915 per
2606 4844 2929 4913 capellanum
2953 4848 3139 4916 ipsius.

1906 4924 2045 4992 Ilaec
2079 4943 2205 4990 sunt
2248 4950 2365 5005 quae
2395 4933 2697 5003 apeeialiter
2723 4934 2996 4990 observari
3027 4948 3429 4995 consueverunt

1850 5028 1903 5082 in
1938 5027 2117 5093 Missa,
2150 5024 2362 5095 quando
2391 5025 2450 5079 in
2480 5026 2762 5093 praesentia
2795 5025 3083 5080 cardinalis
3123 5026 3423 5082 celebratur

1849 5121 1902 5175 in
1933 5112 2138 5186 capella
2190 5117 2327 5185 ejus.
2381 5114 2672 5170 Sacerdote
2714 5114 2974 5184 siquidem
3025 5116 3208 5171 induto
3256 5118 3424 5173 sacris

1847 5210 2105 5275 vestibus,
2155 5206 2449 5262 cardinalis
2494 5203 2714 5259 accedat
2766 5212 2892 5259 ante
2933 5205 3166 5260 medium
3195 5206 3420 5272 altaris;

1849 5313 1905 5359 et
1951 5315 2099 5359 stans
2150 5301 2403 5359 sacerdos
2450 5302 2517 5357 ad
2569 5301 2843 5357 sinistram
2900 5301 3039 5371 ejus,
3098 5303 3284 5372 incipit
3333 5303 3420 5359 In-

1853 5399 2090 5464 troitum,
2125 5407 2179 5452 et
2206 5405 2421 5462 ca'tera,
2455 5403 2509 5451 et
2536 5402 2889 5465 prosequatur
2914 5410 3063 5450 more
3090 5398 3249 5453 solito
3278 5398 3421 5452 PsaI.

1849 5504 1992 5545 mum
2013 5485 2202 5540 Indica
2232 5502 2327 5539 me.
2353 5486 2469 5553 Quo
2498 5485 2666 5547 finito,
2700 5484 2992 5540 cardinalis
3021 5486 3167 5541 dicat
3195 5488 3417 5557 Adjuto-

1846 5582 1999 5645 rium,
2041 5590 2170 5643 etc.,
2203 5588 2255 5633 et
2297 5577 2457 5632 faciat
2483 5576 2913 5638 confessionem;
2958 5585 3012 5633 et
3053 5576 3172 5631 data
3203 5580 3416 5633 absolu-

1851 5672 2016 5738 tione,
2048 5677 2233 5740 pergat
2263 5668 2331 5724 ad
2370 5668 2547 5725 locum
2582 5681 2760 5736 suum,
2790 5677 2842 5724 et
2873 5668 3125 5724 sacerdos
3168 5670 3422 5725 ascendat
