4006 6292
610 217 743 274 H75

606 436 657 480 et
703 443 838 482 unus
888 430 954 483 de
1004 433 1296 499 capellanis
1347 439 1649 493 astantibus
1707 443 2006 497 naviculam
2058 462 2177 500 eum

605 518 762 574 thure
806 534 981 573 coram
1013 523 1286 578 eardinale
1317 526 1591 596 deferant,
1642 540 1694 585 et
1740 534 1851 596 ipse
1896 534 2180 591 cardinalis

602 611 722 662 thus
770 611 819 663 in
878 612 1148 668 thuribulo
1193 628 1372 684 ponat.
1420 620 1467 674 ls
1512 632 1690 677 autem
1740 625 1829 693 qui
1878 628 2176 681 naviculam

604 705 997 757 tenetoscmati
1024 706 1180 762 debet
1208 724 1421 765 manum
1478 716 1784 782 cardinalis,
1835 719 2046 787 quando
2090 736 2180 775 co-

599 790 785 844 chlear
824 795 1039 863 accipit,
1079 808 1133 851 et
1171 802 1384 868 quando
1420 808 1589 871 ipsum
1623 808 1855 874 reponit.
1889 811 2179 881 Acolythns

602 898 729 936 vero
768 886 860 953 qui
914 897 1057 943 tenet
1108 893 1461 958 thuribnlum,
1516 907 1789 967 postquam
1839 900 1890 953 in
1940 917 2004 955 eo
2056 903 2179 959 thus

602 972 829 1035 positum
877 975 1061 1043 fuerit,
1095 980 1301 1036 deferat
1335 984 1503 1051 ipsum
1544 986 1615 1039 ad
1642 989 1974 1044 sacerdotem
2017 993 2180 1063 316

596 1060 682 1125 qui
730 1060 1012 1120 incensore
1044 1068 1199 1124 debet
1240 1072 1443 1140 altare;
1496 1092 1602 1143 quo
1646 1077 1945 1148 incenSato,
1992 1083 2179 1137 reddat

596 1148 921 1207 thuribulutn
972 1158 1245 1229 acolytho,
1278 1167 1366 1230 qui
1410 1164 1650 1220 incenset
1702 1166 1873 1236 ipsum
1923 1172 2176 1224 sacerdo—

596 1243 700 1293 tcln
728 1259 742 1305 ;
769 1254 823 1297 et
849 1253 998 1301 stans
1037 1248 1188 1316 juxta
1232 1252 1426 1321 ipsum,
1474 1254 1617 1310 dicat
1654 1272 1775 1311 cum
1806 1274 1869 1312 eo
1898 1259 2173 1316 lntroitnm

593 1337 646 1382 et
668 1327 858 1400 Kyrie,
908 1336 1139 1403 eleison';
1190 1342 1382 1409 quibus
1420 1344 1599 1410 dictis,
1631 1347 1870 1403 incenset
1894 1352 2060 1405 altare
2086 1368 2178 1420 per

592 1420 890 1491 circuitum,
950 1430 1210 1498 Incipiens
1260 1434 1402 1488 circa
1456 1436 1687 1490 medium
1741 1438 1857 1506 ejus
1905 1441 1972 1495 ab
2027 1454 2177 1497 ante-

599 1512 725 1567 riori
762 1526 932 1583 parte,
972 1529 1024 1573 et
1064 1522 1362 1589 procedens
1402 1525 1467 1579 ad
1510 1527 1757 1582 dextram
1785 1545 1849 1585 ac
1871 1533 2081 1587 rediens
2109 1534 2175 1588 ad

594 1604 892 1673 sinistram,
924 1610 1054 1665 alios
1086 1627 1189 1666 non
1222 1624 1431 1683 oportet
1454 1617 1737 1672 incensare
1767 1618 1867 1674 hac
1896 1623 2028 1677 vice.
2049 1621 2175 1678 Car-

596 1694 786 1750 dinalis
817 1708 1017 1769 autem,
1058 1712 1337 1773 postquam
1370 1707 1503 1761 facta
1536 1710 1873 1766 confessione
1904 1712 1969 1765 ad
1997 1712 2169 1768 locum
2208 1732 2247 1790 ις
2277 1728 2471 1783 dicitur
2510 1694 2638 1787 λειω
2689 1736 2865 1806 Agnus
2909 1739 3004 1794 Dei

587 1801 740 1843 suum
791 1796 1018 1861 venerit,
1070 1807 1217 1854 stans
1260 1815 1379 1854 cum
1430 1805 1728 1860 astantibus
1753 1807 1854 1861 sibi
1886 1805 2179 1864 lntroitum'

584 1888 642 1932 ct
685 1879 846 1951 Kyrie
900 1886 1088 1940 eleison
1137 1889 1253 1943 sine
1307 1900 1464 1945 cantu
1519 1894 1685 1961 dicit;
1729 1898 1921 1965 quibus
1971 1900 2163 1967 dietis,

584 1971 822 2026 residere
850 1984 1042 2041 potest.
1078 1976 1336 2034 Similiter
1368 1981 1546 2048 faciat,
1573 1987 1787 2053 quando
1815 1988 2012 2042 dicitur
2042 1990 2166 2044 (ilo-

582 2057 682 2123 ria,
705 2068 833 2125 etc.,
872 2072 924 2115 et
956 2063 1139 2119 Credo.
1174 2064 1414 2137 Cumque
1448 2072 1702 2127 sacerdos
1733 2075 1876 2129 dcet
1903 2076 2155 2132 Dominus

581 2148 855 2215 uobiscum,
887 2165 1099 2222 surget;
1126 2166 1177 2209 et
1212 2158 1256 2211 si
1284 2160 1353 2213 sit
1383 2161 1538 2215 Missa
1572 2164 1636 2218 de
1663 2164 1791 2219 feria
1824 2169 1906 2222 vel
1940 2184 2034 2236 pro
2062 2172 2165 2225 dc-

581 2236 775 2295 functis
824 2252 973 2298 extra
1028 2255 1236 2317 tempus
1288 2254 1560 2319 paschale,
1613 2258 1695 2311 vel
1746 2270 1896 2313 extra
1937 2261 2162 2318 Octavas

580 2327 833 2383 festorum
871 2349 987 2401 quae
1021 2335 1217 2391 habent
1269 2340 1517 2409 Octavas,
1570 2355 1675 2401 stet
1724 2350 1946 2417 genibus
1985 2352 2155 2415 ﬂexis,

577 2418 703 2471 dum
757 2418 1008 2476 dicuntur
1058 2442 1243 2483 omnes
1288 2431 1605 2499 Orationes;
1660 2437 1777 2491 aliis
1816 2454 1941 2494 vero
1971 2441 2157 2497 diebus

578 2523 682 2569 stet
726 2529 925 2586 rectus,
972 2522 1073 2576 nisi
1102 2541 1163 2577 ex
1193 2527 1407 2594 speciali
1454 2529 1749 2587 devotione
1805 2535 1871 2588 ad
1924 2536 2155 2604 aliquam

576 2607 880 2664 Orationem
915 2627 1052 2681 genu
1102 2616 1319 2674 flectere
1373 2620 1551 2675 vellet.
1604 2622 1770 2679 Dictis
1813 2627 2160 2685 Orationibus

575 2700 755 2753 sedeat
799 2687 963 2773 usque
994 2706 1055 2759 ad
1093 2708 1451 2779 Evangelium.

645 2813 802 2869 Lecta
846 2818 1100 2885 Epistula,
1136 2823 1179 2876 is
1210 2825 1298 2892 qui
1326 2825 1451 2895 legit
1489 2829 1709 2884 accedat
1735 2833 1801 2885 ad
1829 2835 2153 2891 cardinalem

572 2918 689 2958 cum
719 2907 853 2961 libro
880 2910 1260 2976 Epistolarum,
1302 2926 1355 2971 et
1378 2919 1648 2974 osculetur
1676 2937 1890 2978 manum
1915 2925 2063 2995 ejus,“
2101 2938 2154 2981 et

574 2997 686 3064 ipse
723 2998 1002 3056 benedieat
1040 3020 1159 3058 cum
1201 3007 1354 3076 signo
1383 3012 1577 3067 crucis.
1613 3013 1836 3078 Quando
1865 3027 2041 3072 autem
2075 3021 2147 3076 le-

1282 227 1622 287 APf’ENDlX
1666 235 1755 288 AD
1799 236 1854 290 S.
1899 234 2224 293 GliEGOllll
2268 240 2477 299 MAGNI
2521 248 2891 312 LlTURGlCA
2933 260 3182 318 OPERA.

607 337 671 390 ad
720 335 911 392 altare.
960 340 1257 410 Acolythus
1285 347 1524 400 serviens
1557 349 1607 402 in
1641 350 1796 405 Missa
1829 353 2177 418 thuribulum,
2211 356 2248 414 A

3764 274 3883 329 Ητε

2284 362 2639 431 sacerdotem,
2675 381 2856 436 postea
2882 376 3074 441 altare,
3096 379 3290 435 deinde
3312 383 3675 449 cardinalctu,
3702 390 3886 447 ultimo

2283 452 2415 508 alios
2440 466 2697 525 astantes,
2724 462 2825 518 nisi
2849 466 2987 523 forte
3010 469 3166 525 Missa
3186 452 3258 526 si't
3280 490 3379 544 pro
3404 477 3713 534 defunctis.
3748 483 3884 540 Tunc

2282 546 2421 599 enim
2465 551 2643 606 nullus
2669 553 2931 612 incensari
2961 560 3119 617 debet
3149 566 3249 620 nisi
3288 571 3545 627 sacerdos
3577 574 3880 630 celebrans.

2353 638 2573 703 Quando
2617 646 2865 701 sacerdos
2893 650 3022 708 dicit
3061 653 3163 707 Per
3204 662 3377 713 omnia
3407 666 3613 717 siccata
3652 669 3880 722 ntale-

2281 743 2409 794 rum,
2452 742 2573 785 ante
2613 731 3009 805 Praefationem,
3042 746 3328 802 cardinalis
3367 764 3601 822 surgat;
3637 767 3701 810 et
3746 756 3904 817 dieta.

2288 816 2641 887 praefatione,
2701 825 2844 880 dicat
2895 830 3010 885 sine
3067 845 3191 889 nota
3249 837 3509 907 Sanctus,
3566 853 3706 909 etc.,
3765 860 3878 900 cum

2285 909 2590 965 astantibus
2619 914 2759 982 sibi;
2787 928 2862 983 et,
2890 921 2933 973 si
2968 937 3071 977 non
3104 925 3173 978 sit
3207 927 3365 983 Missa
3396 931 3467 986 de
3499 931 3634 987 feria
3666 936 3757 989 vel
3790 954 3879 1006 pro

2282 996 2571 1065 defunctis,
2622 1017 2725 1059 stet
2776 1023 2942 1076 usque
2971 1012 3036 1066 ad
3070 1014 3424 1074 elevationem
3466 1021 3737 1079 dominici
3766 1042 3874 1081 cor-

2284 1091 2444 1157 poris.
2480 1094 2716 1151 lns‘ante
2754 1111 2928 1155 autem
2963 1102 3074 1172 ipsa
3106 1108 3428 1176 elevatioue,
3475 1112 3663 1168 ﬂectat
3708 1133 3874 1184 genua

2281 1191 2335 1235 ct
2393 1193 2499 1238 stet
2548 1185 2700 1244 flexis
2750 1193 2974 1259 genibus
3024 1213 3191 1266 usque
3240 1211 3360 1269 post
3404 1209 3871 1265 consecrationem

2280 1276 2571 1344 sanguinis,
2622 1281 2727 1344 vel,
2771 1282 2813 1336 si
2842 1285 2890 1338 ei
2919 1285 3093 1354 placet
3121 1304 3285 1359 usque
3319 1294 3387 1347 ad
3428 1293 3535 1350 Per
3565 1300 3749 1351 omnia
3780 1318 3867 1353 nr-

2280 1364 2398 1416 cula
2423 1368 2745 1435 saeculorum,
2775 1383 2896 1426 ante
2923 1373 3077 1429 Pater
3111 1390 3305 1436 noster.
3348 1382 3403 1437 Si
3445 1399 3580 1439 vero
3609 1387 3681 1439 sit
3724 1388 3868 1444 Misy:

2278 1454 2346 1509 de
2396 1457 2525 1511 feria
2576 1459 2659 1514 vel
2712 1478 2805 1528 pro
2863 1465 3127 1521 defunctis
3172 1480 3320 1525 extra
3352 1483 3567 1543 tempus
3599 1478 3862 1549 paschale,

2278 1556 2560 1617 postquam
2589 1550 2786 1606 chorus
2816 1560 3109 1613 cantavcrit
3133 1560 3377 1628 Sanctus,
3407 1575 3517 1619 stet
3548 1568 3706 1623 flexi~
3734 1574 3863 1642 geni.

2278 1637 2377 1692 bus
2429 1655 2592 1709 usque
2634 1642 2700 1695 ad
2744 1642 2846 1697 Per
2890 1650 3065 1701 omnia
3108 1654 3294 1707 sarcula
3338 1656 3683 1722 oraculorum,
3737 1663 3863 1729 quod

3028 1758 3047 1806 ;
3097 1743 3170 1798 ita
3224 1754 3405 1802 tamen
3454 1752 3606 1819 quod
3662 1754 3862 1810 detecto

2281 1821 2457 1889 capite
2479 1821 2669 1878 faciem
2707 1830 2876 1896 erigat
2908 1829 2958 1884 in
2985 1832 3285 1890 elevatione
3312 1837 3576 1895 dominici
3604 1846 3858 1911 corporis,

2270 1919 2326 1963 et.
2357 1922 2532 1966 erecta
2571 1913 2704 1970 facie
2733 1916 2885 1972 ﬂexis
2910 1922 3135 1990 genibus
3166 1935 3274 1980 Stet
3313 1942 3489 1995 usque
3523 1944 3647 1998 post
3675 1950 3857 1989 conse-

2277 2004 2573 2059 crationern
2606 1995 2897 2078 sanguinis,
2923 2024 2973 2067 et
3000 2024 3103 2070 tam
3135 2034 3328 2089 corpus
3356 2039 3519 2093 quam
3551 2030 3856 2096 sanguinem

2277 2103 2584 2151 reverenter
2615 2100 2816 2161 adoret.
2851 2103 3090 2174 Cumque
3119 2114 3372 2169 sacerdos
3403 2116 3554 2172 dicet
3598 2118 3721 2173 Pax
3763 2122 3856 2175 Do-

2268 2186 2416 2251 mini,
2447 2196 2576 2255 etc.,
2612 2199 2734 2247 tunc
2765 2197 3051 2253 cardinalis
3084 2215 3308 2271 surgens
3349 2206 3496 2261 dicat
3529 2212 3713 2281 Agnus
3746 2211 3849 2281 Dei,

2270 2281 2388 2336 sine
2416 2296 2572 2339 contu
2604 2302 2722 2342 cum
2768 2295 3058 2348 astantibus
3087 2298 3221 2363 sibi;
3264 2309 3337 2362 et,
3368 2304 3417 2355 si
3449 2318 3559 2357 non
3591 2306 3661 2360 sit
3693 2309 3839 2364 Mssa

2277 2386 2372 2437 pro
2417 2375 2706 2445 defunctis,
2735 2383 3042 2450 capellanus
3093 2386 3185 2442 ille
3230 2391 3325 2458 qni
3368 2391 3562 2449 detulit
3606 2400 3854 2455 cardinali

2262 2461 2613 2536 Evangelium
2645 2472 3019 2541 osculandum,
3060 2487 3340 2548 postquam
3374 2486 3637 2541 sacerdos
3668 2488 3857 2544 dixerit

2267 2555 2532 2617 submisse
2566 2564 2737 2631 Agnus
2768 2561 2887 2629 Dei,
2927 2568 3147 2623 accedat
3175 2571 3240 2624 ad
3273 2572 3461 2640 altare,
3500 2588 3559 2630 et
3593 2581 3856 2648 recipiens

2264 2661 2447 2714 pacein
2478 2666 2506 2703 a
2539 2655 2818 2711 sacerdO'e
2867 2662 3037 2716 trahat
3084 2664 3150 2720 ab
3182 2670 3438 2725 anteriori
3485 2687 3642 2742 parte
3684 2679 3854 2747 plures

2263 2748 2364 2793 tam
2398 2741 2551 2811 ejus;
2594 2745 2788 2803 deinde
2826 2754 3086 2809 accedens
3118 2756 3183 2810 ad
3215 2762 3575 2832 cardiualem,
3635 2769 3853 2827 inclinet

2260 2855 2318 2892 se
2349 2850 2472 2896 ante
2503 2843 2695 2912 ipsum,
2728 2857 2784 2902 et
2810 2848 2901 2904 det
2923 2841 2969 2905 ei
3003 2869 3206 2922 pacem.
3238 2859 3359 2927 Ipse
3387 2872 3573 2918 autem
3602 2870 3851 2921 cardine.

2262 2930 2325 2985 lis
2355 2933 2439 2987 det
2478 2950 2659 3002 pacem
2687 2943 2883 2996 astanti
2922 2944 3025 2998 sibi
3071 2952 3387 3019 propinquo,
3432 2962 3489 3007 et
3536 2958 3850 3025 capellanus

2266 3022 2355 3077 det
2383 3027 2653 3097 acolytho,
2698 3040 2750 3083 et
2776 3032 2865 3088 ille
2896 3034 2988 3089 det
3017 3036 3168 3093 alteri
3195 3044 3463 3114 acolytho,
3500 3047 3545 3100 si
3569 3022 3683 3103 sint
3712 3050 3850 3117 duo;

2504 3088 2520 3097 -
2641 3088 2653 3097 ’
2946 3088 2951 3089 γ
2975 3088 2982 3089 κ
3021 3088 3168 3093 πί----
3196 3088 3335 3114 ..κον-1
3352 3088 3463 3114 νι-ν’
3500 3088 3545 3100 υ.
3569 3088 3683 3103 ιιι-ἰ
3712 3088 3848 3117 un“.

573 3088 800 3158 gendum
832 3102 911 3145 est
947 3094 1324 3165 Evangelium,
1371 3101 1659 3159 cardinalis
1716 3118 1876 3173 ponat
1926 3110 2048 3165 thus
2091 3113 2144 3166 in
2178 3108 2219 3163 C
2255 3123 2305 3167 et
2338 3129 2433 3183 per
2461 3132 2581 3172 eum
2618 3123 2702 3190 qui
2728 3126 2919 3194 recipit
2948 3143 3130 3195 pacem
3160 3148 3187 3185 a
3216 3136 3516 3205 cardinale,
3546 3156 3613 3195 ac
3634 3142 3848 3199 dernnm

573 3179 835 3205 .Ι.-...Η...1..
870 3182 1014 3205 ἕ---..-
1054 3202 1129 3205 μ--
1159 3187 1171 3205 Ι
1298 3204 1305 3205 κ
1406 3204 1409 3205 ν
1456 3192 1467 3202 ⁸
1582 3193 1595 3205 “
1726 3196 1737 3205 ¹
1960 3199 1969 3205 ⁸
2010 3201 2020 3205 “

572 3179 838 3234 thuribulo
862 3182 1023 3251 juxta
1051 3187 1263 3242 modum
1289 3192 1535 3258 superius
1564 3193 1912 3265 descriptum.
1944 3199 2148 3256 Adver-

571 3280 683 3323 tant
730 3284 905 3329 autem
957 3276 1029 3331 illi
1077 3279 1165 3347 qui
1214 3279 1537 3337 thuribulum
1586 3296 1640 3340 et
1687 3290 1982 3345 naviculam
2029 3308 2147 3349 cum

568 3364 725 3417 thure
754 3365 818 3418 ad
855 3366 1024 3434 ipsum
1076 3369 1342 3439 deferunt,
1396 3383 1455 3428 ut
1504 3376 1547 3430 si
1593 3379 1879 3436 cardinalis
1926 3384 2144 3453 sedeat,

567 3456 782 3509 flectant
827 3473 1005 3513 coram
1058 3462 1176 3531 ipso
1223 3480 1414 3533 genua,
1469 3469 1593 3523 dum
1639 3472 1760 3528 thus
1791 3474 1842 3527 in
1878 3477 2145 3533 thuribulo

567 3545 731 3607 t'onit.
763 3547 1029 3604 Similiter
1044 3551 1199 3607 faciat
1226 3557 1506 3625 acolythus
1527 3559 1653 3614 dum
1677 3562 1917 3619 incensat
1946 3568 2139 3633 ipsum.

564 3634 620 3689 Si
650 3652 776 3691 vero
805 3640 1095 3697 caidinalis
1123 3654 1249 3713 stet,
1284 3662 1420 3717 genu
1452 3651 1667 3707 flectere
1695 3669 1800 3709 non
1830 3657 2010 3713 debet.
2040 3660 2136 3715 Sa-

562 3724 757 3780 cerdos
798 3736 974 3783 autem
1007 3730 1243 3787 lecturus
1286 3735 1655 3806 Evangelium,
1703 3752 1851 3798 stans
1876 3744 2025 3813 juxta
2058 3749 2139 3802 al-

563 3828 675 3869 tare
724 3833 910 3874 versus
939 3822 1005 3875 ad
1044 3824 1391 3893 cardinalem,
1438 3829 1688 3901 inclinato
1747 3837 1939 3904 capite,
1997 3851 2138 3906 petat

562 3907 1010 3977 licuedictioncm,
1045 3913 1271 3969 dicendo
1298 3919 1565 3975 submissa
1597 3938 1724 3978 voce
1754 3925 1906 3995 lube,
1929 3930 2132 3994 domne,

558 3998 869 4068 benedicere,
910 4016 1065 4070 quam
1096 4005 1185 4061 ille
1213 4007 1321 4071 det,
1353 4008 1554 4067 faciens
1583 4025 1767 4069 contra
1799 4022 2129 4078 sacerdotem

550 4087 759 4158 signum
801 4093 995 4159 crucis,
1028 4104 1083 4150 et
1108 4096 1291 4153 dicens
1324 4100 1569 4157 Dominus
1596 4110 1680 4169 sit,
1710 4119 1838 4171 etc.;
1871 4119 1922 4163 et
1954 4128 2133 4167 sacer-

549 4178 648 4234 dos
693 4195 1046 4252 prosequatur
1092 4188 1461 4260 Evaogelium,
1510 4196 1764 4265 acolytlto
1802 4212 1978 4257 stante
2010 4219 2127 4259 cum

551 4269 823 4328 thuribulo
868 4277 1009 4331 circa
1057 4280 1325 4336 sinistram
1358 4294 1562 4351 partem
1595 4287 1799 4356 altatis,
1834 4293 1918 4346 ubi
1953 4295 2126 4349 Evan-

544 4366 740 4433 gelium
792 4370 1010 4434 legitur.
1061 4374 1177 4439 Quo
1222 4376 1377 4439 lecto,
1434 4378 1674 4433 incenset
1714 4384 2042 4441 sacerdotem
2072 4399 2125 4441 et

546 4455 737 4511 librum
782 4460 1187 4530 Evangeliorum
1215 4465 1396 4533 simul,
1425 4473 1723 4527 amovendo
1753 4474 1924 4543 ipsum
1955 4478 2124 4535 tburi-
2159 4470 2205 4529 υ

549 4549 727 4604 bulum
769 4565 949 4607 contra
981 4565 1297 4625 utrumque;
1331 4559 1523 4616 deinde
1552 4567 1812 4622 accedens
1841 4572 2120 4642 acolythus

541 4639 606 4693 ad
642 4642 962 4699 cardinalem
1005 4648 1242 4703 incenset
1283 4666 1404 4706 eum
1461 4656 1672 4724 solum;
1715 4670 1769 4715 et
1807 4666 2119 4732 capellanus

544 4733 854 4802 prmdirtns,
887 4739 975 4806 qui
1009 4738 1201 4793 detulit
1229 4745 1525 4801 naviculam
1569 4764 1690 4804 cum
1722 4752 1896 4821 thure,
1938 4770 2115 4825 portet

534 4825 727 4880 lihrutn
775 4828 1186 4897 Evangeliorum
1232 4847 1474 4902 apertum
1516 4841 1581 4893 ad
1613 4844 1979 4915 cardinajem;
2023 4856 2110 4919 qui

532 4928 680 4974 stans
709 4920 919 4976 detecto
961 4924 1135 4993 capite
1163 4932 1432 4985 osculetur
1462 4933 1634 5001 ipsum
1666 4936 1879 5003 librum,
1913 4943 2013 4995 nisi
2044 4946 2113 4998 sit

533 5012 588 5063 in
636 5011 796 5067 Missa
846 5029 941 5082 pro
991 5016 1274 5074 defunctis.
1315 5022 1447 5076 Cum
1479 5034 1655 5079 autem
1702 5030 1952 5085 sacerdos
1984 5033 2111 5089 dicit

529 5112 652 5158 ante
682 5106 1020 5163 Otl‘ertorinm
1052 5109 1301 5167 Dominus
1330 5115 1607 5183 vobiscum,
1638 5128 1687 5172 et
1725 5118 1957 5190 Oremus,
1991 5141 2107 5181 car-

527 5194 721 5250 dinalis
762 5208 905 5266 stet;
951 5201 1143 5267 quibus
1177 5205 1355 5268 dictis.
1404 5210 1593 5263 sedere
1638 5221 1811 5279 potest
1839 5232 2008 5287 usque
2037 5222 2100 5274 ad

528 5285 914 5352 praefationem.
960 5293 1026 5348 Et
1062 5296 1188 5349 dum
1235 5306 1481 5353 cantatur
1521 5300 1886 5373 Offertorium,
1923 5285 2102 5365 cardi-

528 5378 662 5432 nalis
695 5380 882 5438 iterum
919 5397 1079 5453 ponat
1109 5388 1384 5448 incensum
1420 5394 1670 5461 praedicto
1703 5401 1863 5453 modo
1891 5418 1903 5465 ;
1938 5403 2100 5475 317

524 5483 629 5529 quo
668 5473 864 5539 posito,
910 5479 1187 5548 acolythus
1225 5481 1430 5555 deferat
1474 5486 1799 5547 tlnn-ibulum
1830 5497 1893 5550 ad
1923 5473 2100 5555 Sacer-

523 5558 700 5614 ilotctn
730 5578 744 5627 ;
778 5567 864 5632 qni
895 5578 1170 5636 poStquam
1208 5548 1589 5637 tliirrificaverit
1620 5583 1797 5637 oblata
1825 5598 1877 5642 et
1908 5590 2093 5657 altare,

521 5652 708 5708 reddat
749 5658 1017 5725 acolytho,
1048 5670 1099 5713 ct
1138 5664 1419 5734 acolythus
1450 5670 1620 5737 primo
1654 5674 1894 5735 inccnsat
1923 5681 2093 5753 ipsam

2256 3220 2352 3273 per
2393 3210 2728 3279 capellanum
2760 3224 2813 3270 et
2841 3219 3118 3289 acolytbos
3154 3239 3250 3278 seu
3280 3226 3596 3298 acolythum
3646 3233 3847 3289 diﬂuu-

2251 3296 2406 3353 datur
2452 3318 2548 3369 pax
2585 3320 2676 3372 per
2713 3307 3140 3369 circumstantes.
3183 3316 3478 3377 Cardinalis
3534 3341 3670 3382 vero
3705 3342 3847 3396 post-

2251 3402 2407 3455 quam
2462 3393 2671 3449 dederit
2716 3411 2900 3466 pacem
2940 3404 3133 3459 astauti
3185 3408 3306 3478 sibi,
3343 3424 3398 3464 ut
3430 3414 3637 3470 dictum
3670 3431 3777 3484 est,
3803 3424 3843 3475 si

2252 3478 2503 3534 sitill-ssa
2536 3484 2603 3539 de
2634 3485 2785 3545 feria.
2829 3490 3019 3546 iterum
3066 3508 3369 3566 prosternat
3416 3519 3502 3568 se,
3562 3525 3847 3577 usquequo

2252 3572 2505 3627 sacerds
2554 3575 2879 3645 dominicum
2934 3589 3245 3656 sanguinem
3302 3600 3622 3665 sumpserit.
3695 3602 3837 3657 ldem

2267 3658 2422 3715 faciat
2454 3676 2730 3737 postquam
2762 3672 2951 3729 dixerit
2980 3678 3152 3747 Agnus
3185 3682 3298 3749 Dei,
3347 3686 3392 3739 si
3427 3658 3509 3742 -sit
3548 3688 3718 3746 Missa
3748 3712 3841 3762 pro

2244 3751 2543 3823 defunctis;
2575 3762 2806 3832 alioquin
2832 3777 2933 3821 stet
2954 3782 3185 3826 erectus.
3220 3775 3283 3829 Et
3308 3791 3527 3848 sumpto
3560 3793 3828 3855 sanguine

2243 3857 2270 3895 a
2330 3849 2611 3905 sacerdote
2640 3895 2653 3916 ,
2704 3857 2941 3913 residere
2990 3871 3196 3931 potest,
3251 3884 3533 3941 usquean
3580 3883 3838 3935 sarerd's

2242 3934 2384 3989 dicit
2416 3937 2667 3998 DomitRs
2700 3947 2980 4007 vobiscum.
3036 3954 3185 4012 Tunc
3226 3972 3441 4029 surgat;
3480 3978 3538 4020 at
3575 3971 3627 4022 in
3664 3971 3837 4027 Missis

2241 4024 2517 4084 ferialibus
2546 4035 2626 4087 vel
2664 4054 2758 4099 pro
2798 4041 3061 4100 defunt‘tis
3106 4050 3282 4105 flcC’at
3328 4069 3522 4122 genua,
3582 4060 3714 4114 dum
3750 4065 3827 4117 di-

2238 4130 2429 4175 cuntur
2455 4138 2638 4181 omnes
2662 4128 2945 4189 Orationes
2970 4147 3084 4205 post
3115 4148 3549 4203 communionem
3580 4169 3594 4215 ;
3628 4154 3683 4207 in
3714 4159 3830 4211 alis

2242 4225 2370 4264 vero
2399 4224 2503 4269 stet
2529 4228 2705 4274 rectos
2729 4238 2893 4293 usque
2925 4229 2989 4281 ad
3019 4231 3174 4284 linem
3208 4235 3398 4289 Missae.
3434 4240 3548 4306 Qua
3585 4245 3759 4309 finita,
3789 4250 3829 4302 si

2234 4316 2338 4356 non
2372 4306 2439 4358 sit
2468 4306 2628 4363 Missa
2668 4328 2762 4379 pro
2816 4316 3099 4387 defunctis,
3152 4324 3292 4380 dicat
3332 4330 3495 4402 318
3526 4306 3823 4393 cardinatis

2238 4394 2322 4448 Sit
2352 4412 2533 4451 nomen
2570 4398 2773 4457 Domini
2792 4406 3128 4479 benedictum,
3159 4426 3211 4469 et
3233 4419 3318 4471 det
3352 4422 3821 4495 Benedictionem;

2242 4504 2342 4556 qua
2376 4490 2533 4557 data,
2573 4494 2616 4547 si
2659 4511 2761 4550 non
2811 4501 3020 4558 dicatur
3049 4506 3207 4561 Missa
3256 4511 3321 4566 de
3370 4513 3527 4571 beata
3584 4520 3817 4593 Virgine,

2231 4582 2481 4635 sacerdos
2544 4586 2631 4652 qui
2680 4588 2989 4659 celebravit,
3045 4610 3318 4655 revertens
3366 4606 3432 4658 ad
3484 4610 3814 4667 cardinalem

2230 4673 2447 4728 indutus
2475 4678 2662 4744 sacris,
2696 4684 2968 4740 osculatur
3012 4704 3224 4745 manum
3266 4693 3401 4763 ejus,
3437 4709 3492 4753 et
3519 4705 3813 4761 cardinalis

2226 4764 2508 4822 benedicat
2537 4785 2678 4824 eum.
2715 4773 2770 4829 Si
2806 4792 2932 4831 vero
2964 4780 3171 4837 dicatur
3202 4787 3517 4853 przedictum
3551 4795 3807 4865 officium,

2224 4859 2479 4915 sacerdos
2506 4878 2704 4920 exuere
2725 4881 2784 4921 se
2808 4880 3003 4937 potest;
3030 4885 3081 4929 et
3108 4886 3387 4947 postquam
3411 4897 3609 4940 exutus
3632 4890 3803 4956 fuerit,

2222 4956 2404 5012 venire
2419 4958 2485 5011 ad
2510 4961 2751 5017 osculum
2776 4980 2985 5034 manus,
3007 4982 3061 5025 et
3086 4971 3521 5033 Benedictionem
3543 4984 3802 5053 recipere.

2290 5038 2578 5107 Sciendum
2615 5065 2793 5111 tamen
2835 5069 2916 5113 est
2955 5064 3096 5130 quod
3130 5066 3174 5118 si
3208 5069 3400 5137 aliquis
3434 5076 3691 5139 praelatus
3718 5081 3803 5133 in-

2219 5140 2371 5192 tersit
2418 5142 2614 5208 Missat,
2648 5146 2731 5200 cui
2762 5147 3051 5204 cardinalis
3082 5152 3291 5209 deferre
3324 5161 3473 5228 velit,
3519 5173 3651 5219 tunc
3693 5169 3798 5235 ipse

2214 5230 2470 5287 innnente
2519 5237 2813 5301 cardinale,
2853 5242 3244 5301 confessionem
3298 5248 3461 5317 facit;
3517 5267 3575 5309 et
3616 5273 3798 5315 omnes

2214 5326 2479 5392 prmdic'a:
2513 5333 2844 5398 reverentiae,
2888 5351 3007 5403 qua:
3053 5338 3164 5393 fieri
3205 5343 3377 5397 solent
3404 5349 3689 5414 cardinali,
3720 5356 3791 5407 fa-

2206 5416 2411 5471 ciendae
2432 5431 2557 5472 sunt
2576 5423 2829 5487 pratdieto
2862 5428 3114 5494 praelato;
3142 5439 3197 5485 et
3221 5433 3335 5501 ipse
3356 5436 3787 5499 Benedictioneot

2204 5508 2356 5562 debet
2383 5510 2528 5565 dare.
2549 5512 2620 5567 De
2645 5518 2931 5582 praen'iissis
2954 5521 3307 5580 observantiis
3336 5533 3598 5587 nonnulla
3620 5538 3786 5591 omitti

2206 5612 2447 5667 possunt,
2478 5615 2630 5671 pront
2651 5609 2905 5664 cardinali
2931 5613 3203 5681 placuerit.
3228 5624 3524 5685 praesertim
3546 5626 3597 5680 in
3618 5629 3785 5683 MlSsiS

2202 5708 2320 5761 qua:
2350 5693 2522 5749 minus
2545 5698 2854 5757 soleznnitcr
2880 5704 2989 5759 sive
3013 5720 3129 5760 cum
3158 5708 3495 5768 festinatione
3516 5719 3782 5779 dicuntur.
