4006 6302
265 302 395 358 ΗΠ

1434 302 1687 357 ROMANI
1729 303 2023 360 OliDlNES
2087 333 2156 346 --
2197 305 2331 361 XIV.

257 419 412 475 LXII.
464 421 539 475 De
578 423 854 478 ministerio
906 422 1182 493 presbyteri
1228 419 1508 493 cardine/is
1547 419 1831 493 assistentis
1864 418 1908 477 Α
1942 420 2143 473 ιίιειιπη
2177 421 2454 492 presbyter
2483 422 2849 477 celebraturus
2878 421 3116 477 dit-turus
3160 423 3317 476 fuerit
3346 426 3517 480 Evan—

324 508 523 545 summo
553 495 804 559 pontiﬁci,
846 490 957 548 cum
985 490 1154 548 coram
1186 508 1242 547 eo
1280 492 1563 545 celebratur
1589 490 1750 543 Missa
1779 491 1834 541 in

324 564 517 634 capella
544 563 619 615 vel
637 566 689 617 iu
711 565 849 619 aula.

330 684 382 738 In
431 685 620 751 primis
668 686 931 740 assistens
969 686 1015 741 ei
1047 701 1076 740 a
1107 687 1296 741 dextro
1341 685 1510 741 latere
1553 681 1836 752 pricdictus

250 778 536 848 presbyter
568 779 631 831 ad
664 778 1063 847 colchrandum,
1110 781 1268 833 ducat
1307 792 1572 831 summum
1615 776 1838 845 pontiﬁ-

249 888 366 925 cem
414 872 479 924 de
524 885 733 923 camera
783 887 900 931 sua,
944 874 1024 926 vel
1072 874 1138 925 de
1184 872 1311 925 sede
1342 870 1406 923 ad
1440 872 1645 932 altare;
1696 878 1749 921 et
1792 866 1836 919 si

250 973 436 1017 essent
488 964 560 1015 ibi
612 964 720 1015 duo
768 962 977 1017 diaconi
1028 964 1329 1017 cardinales
1378 969 1693 1029 p‘msentes,
1737 957 1837 1026 ipsi

251 1066 458 1107 tantum
505 1055 702 1108 ducant
741 1071 883 1121 eum,
920 1056 1203 1107 assistenle
1245 1070 1455 1121 semper
1484 1069 1511 1104 a
1544 1052 1744 1105 dextris
1786 1052 1836 1102 in

255 1149 515 1214 principio
548 1150 865 1218 presbytero
892 1148 1169 1201 eardinali.
1212 1144 1343 1199 Cum
1385 1153 1561 1199 autem
1596 1157 1838 1196 summas

251 1239 492 1309 pt-ntifex
537 1250 621 1295 est
651 1250 775 1293 ante
812 1241 1001 1303 altare,
1054 1240 1167 1305 ip~e
1212 1235 1492 1305 presbyter
1528 1232 1838 1295 carlinalis,

253 1334 296 1387 si
330 1346 432 1386 non
461 1340 607 1385 esset
635 1331 704 1385 ibi
735 1330 990 1384 diaconus
1025 1328 1334 1392 cardinalis,
1369 1327 1594 1393 accipiat
1624 1326 1838 1378 mitram

252 1424 323 1477 de
349 1423 543 1491 capite,
576 1423 688 1488 ipse
713 1430 1025 1476 reverenter
1047 1429 1098 1473 et
1122 1434 1239 1472 cum
1267 1434 1425 1471 manu
1448 1418 1629 1469 dextra
1662 1420 1840 1467 teneat

250 1531 406 1579 eam;
437 1524 491 1567 et
522 1526 645 1568 tunc
681 1513 931 1567 sacerdos
961 1512 1330 1567 Celebraturus
1370 1507 1552 1576 incipit
1585 1505 1837 1568 Intt'ot‘bo,

251 1615 307 1660 et
340 1604 603 1658 Psalmum
634 1602 823 1657 Judica
848 1619 946 1667 me,
977 1613 1083 1656 etc.
1119 1602 1209 1655 llis
1239 1600 1418 1665 dictis,
1449 1612 1687 1652 summus
1710 1612 1841 1665 pun-

255 1696 389 1753 tifex
417 1697 544 1751 dicit
574 1697 927 1768 Adjutort'um,
978 1706 1107 1759 etc.,
1168 1703 1221 1748 et
1270 1694 1394 1747 facit
1446 1690 1837 1747 confessionem

1937 511 2160 578 gelium,
2204 514 2481 582 presbyter
2519 514 2825 578 cardinalis,
2861 514 2906 568 si
2937 530 3040 568 non
3069 514 3137 567 sit
3163 513 3231 569 ibi
3264 513 3523 569 diacunus

1937 602 2245 669 cardinalis,
2279 605 2503 673 accipiat
2548 604 2759 658 mitram
2789 604 2854 659 de
2885 606 3059 673 capite
3094 620 3275 673 papze;
3314 613 3367 659 et
3404 620 3522 658 cum

1941 693 2053 761 ipse
2076 696 2352 765 presbyter
2370 696 2567 750 dixerit
2584 695 2855 766 Srquenlia
2875 698 3038 750 sancti
3063 695 3329 768 Evangelii
3347 713 3520 751 serun-

1939 784 2081 848 dum,
2112 796 2214 841 etc.
2260 786 2476 841 Interim
2508 788 2634 841 dum
2676 790 3029 857 reSpondetur
3062 788 3237 843 Groria
3274 792 3383 854 tibi,
3422 789 3523 842 Do-

1940 875 2090 939 mine,
2123 878 2397 948 acnlytbus
2430 878 2542 947 ipse
2570 881 2809 934 incensat
2841 881 3009 946 ipsum
3045 882 3437 951 presbyterum,
3471 893 3526 936 ct

1943 969 2220 1037 presbyter
2255 972 2559 1024 ineensatus
2602 972 2942 1040 prosequitur
2977 974 3340 1043 Evangelinm.
3376 974 3524 1027 Dicto

1942 1076 2070 1114 vero
2102 1062 2409 1131 Exangeiio,
2445 1064 2617 1118 reddit
2646 1080 2791 1133 papae
2820 1066 3027 1119 mitram
3056 1068 3213 1121 tnudo
3248 1067 3523 1135 prmdicto.

1946 1153 2010 1205 Et
2043 1163 2167 1206 tunc
2191 1153 2470 1223 acolythus
2502 1156 2614 1223 ipse
2649 1171 2769 1210 cum
2809 1156 3175 1223 tltttribuloﬂt:
3207 1160 3357 1212 altari
3392 1159 3527 1212 redit

1944 1245 2006 1296 ad
2031 1260 2296 1297 summurn
2319 1246 2650 1312 pontiﬁcem;
2675 1258 2726 1301 et
2746 1248 3022 1316 presbyter
3038 1249 3322 1302 cardiualis
3338 1250 3526 1304 iterum

1943 1334 2179 1387 oblatum
2197 1336 2295 1389 sibi
2328 1337 2650 1391 thuribulunt
2678 1338 2744 1391 de
2759 1338 3007 1408 acolytho
3030 1340 3310 1407 recipiens,
3340 1355 3524 1408 papam

1944 1426 2180 1479 incensat
2220 1426 2467 1480 ducendo
2508 1428 2830 1483 thuribulum
2877 1440 2955 1483 ter
2997 1443 3119 1484 ante
3162 1441 3343 1498 pectus
3388 1430 3523 1499 ejus,

1943 1516 2131 1569 stando
2161 1518 2203 1571 si
2236 1532 2365 1585 papa
2396 1529 2531 1582 stet;
2562 1518 2607 1572 si
2638 1535 2766 1573 vero
2795 1521 2998 1586 sedeat,
3034 1523 3208 1575 llcctat
3236 1538 3406 1591 genua
3429 1537 3525 1578 co-

1944 1622 2056 1661 ram
2087 1622 2184 1673 eo;
2226 1617 2279 1663 et
2309 1624 2372 1662 eo
2414 1610 2592 1663 taliter
2635 1612 2928 1676 inccnsuto,
2979 1625 3204 1679 surgens
3246 1612 3529 1683 presbyter

1907 1747 1914 1754 .
1945 1700 2232 1757 cardinalis
2275 1702 2451 1757 reddit
2489 1703 2814 1758 thuribulum
2854 1704 3121 1775 acolytho,
3155 1714 3209 1761 et
3250 1706 3529 1776 acolythus

250 1805 428 1844 suun.
474 1788 816 1844 Postmodum
852 1787 1153 1842 cardinales
1177 1786 1246 1840 ibi
1272 1792 1592 1851 prasentes,
1628 1793 1680 1835 et
1700 1782 1833 1834 cele-

1946 1809 2065 1848 cum
2097 1795 2369 1849 thuribulo
2395 1796 2529 1850 redit
2552 1797 2615 1848 ad
2647 1797 2842 1861 altare;
2876 1808 2926 1851 et
2952 1808 3075 1852 tunc
3098 1798 3373 1870 presbyter
3396 1800 3529 1855 celc«

252 1880 527 1947 braturus,
552 1887 608 1935 et
633 1888 874 1933 astantes
904 1877 1104 1932 faciunt
1135 1874 1525 1931 confessionem
1551 1888 1700 1926 suam
1725 1886 1741 1936 ;
1783 1876 1837 1924 et

250 1986 313 2027 ea
340 1973 497 2038 facta,
514 1986 753 2026 summus
777 1970 1015 2040 pontifex
1040 1971 1132 2025 dat
1152 1968 1565 2033 absolutionem,
1595 1963 1839 2017 Miserea-

252 2071 360 2127 tur,
377 2071 481 2117 etc.
498 2061 785 2131 Presbyter
798 2061 1085 2115 cardinalis
1106 2060 1361 2116 assistens
1379 2074 1441 2113 ex
1459 2066 1605 2125 parte
1626 2056 1835 2119 dextra,

256 2162 448 2209 tenens
475 2152 684 2206 mitram
703 2166 822 2206 cum
849 2165 1005 2205 manu
1029 2150 1239 2215 dextra,
1265 2148 1425 2204 debet
1446 2162 1568 2201 cum
1594 2160 1753 2199 manu
1774 2144 1842 2198 si-

251 2246 444 2311 nistra,
460 2247 703 2313 accipere
727 2255 964 2297 manium
984 2257 1077 2297 seu
1103 2242 1329 2311 pluviale
1348 2241 1487 2294 circa
1512 2239 1767 2303 medium,
1787 2246 1841 2291 et

252 2337 524 2405 porrigere
550 2336 817 2391 assiStcnti
847 2349 997 2404 papa:
1019 2348 1084 2388 ex
1111 2341 1261 2402 parte
1284 2334 1521 2394 sinistra,
1550 2341 1607 2384 ut
1636 2344 1828 2398 coope-

251 2427 418 2481 riatur
462 2441 585 2497 pars
614 2427 851 2481 anterior
885 2441 1055 2495 papaz.
1087 2424 1290 2491 Quibus
1317 2423 1395 2477 sic
1426 2422 1678 2491 peractis,
1708 2420 1834 2474 dum

251 2520 626 2575 celebraturus
672 2518 858 2587 incipit
886 2517 1066 2571 dicere
1100 2516 1236 2569 Deus
1269 2526 1340 2578 tu,
1379 2524 1508 2577 etc.,
1552 2511 1838 2565 cardiualis

250 2612 427 2667 reddit
458 2627 605 2681 papae
633 2612 843 2664 mitram
868 2625 883 2676 ;
910 2620 962 2662 et
996 2618 1120 2662 tunc
1151 2621 1395 2662 summus
1420 2603 1651 2673 pOutilex
1680 2602 1838 2655 ntodo

254 2703 507 2773 prcedicto
539 2703 816 2757 reducitur
847 2701 913 2754 ad
947 2700 1129 2754 sedem
1167 2713 1351 2763 suam;
1392 2705 1445 2749 et
1489 2694 1708 2756 ibidem,
1742 2707 1835 2745 au-

254 2803 467 2864 tequant
496 2794 701 2848 dicatur
734 2792 984 2845 lntroitus
1016 2808 1040 2843 a
1078 2805 1232 2859 papa,
1265 2790 1377 2855 ipse
1407 2786 1686 2858 presbyter
1714 2800 1835 2838 car-

252 2888 449 2942 diualis
490 2888 720 2940 oblutttn
762 2886 861 2938 sibi
896 2884 1195 2936 naviculam
1235 2880 1390 2934 olIert
1419 2893 1629 2933 summo
1663 2875 1836 2946 pomi-

258 2979 365 3033 fici.
402 2979 464 3031 Et
492 2976 773 3047 diligenter
813 2976 1122 3029 attendatur
1159 2970 1300 3041 quod
1347 2986 1561 3038 semper
1588 2968 1838 3023 cochlear

253 3070 418 3142 319
432 3069 515 3123 sit
540 3085 602 3123 ex
629 3070 716 3123 illa
748 3076 895 3136 parte
923 3065 1179 3119 navicqu
1203 3078 1321 3132 qua:
1350 3072 1430 3117 est
1457 3073 1641 3115 versus
1665 3060 1835 3128 ipsum

1945 1884 2193 1938 braturus
2216 1884 2480 1953 recipiens
2505 1884 2831 1941 thuribulum
2854 1889 3014 1958 320
3033 1888 3099 1943 de
3122 1904 3277 1943 manu
3295 1889 3528 1960 acolythi

1943 1977 2184 2032 incensat
2217 1978 2415 2043 altare;
2458 1986 2511 2033 et
2545 1978 2751 2033 reddito
2793 1981 3063 2035 tluribulo
3110 1982 3208 2051 ipsi
3254 1982 3531 2053 acolytho,

1942 2070 2215 2139 acolythus
2240 2071 2349 2138 ipsi:
2372 2071 2561 2125 iterum
2588 2070 2830 2126 incensat
2856 2074 3023 2126 altare
3047 2073 3417 2129 circumcirca.
3461 2074 3527 2127 Et

1944 2158 2121 2213 taliter
2162 2158 2433 2213 ince.:sato
2469 2160 2645 2225 altari,
2690 2160 2880 2214 iterum
2936 2160 3052 2228 ipse
3092 2161 3371 2232 acolythus
3409 2175 3528 2215 cum

1945 2249 2219 2303 thuribulo
2243 2249 2377 2305 redit
2400 2250 2463 2303 ad
2492 2265 2763 2305 summum
2800 2252 3127 2320 pontiﬁcem,
3159 2261 3213 2307 et
3242 2253 3354 2321 ipse
3383 2268 3530 2322 pres-

1942 2339 2098 2410 byter
2135 2342 2418 2397 cardinalis
2450 2344 2640 2395 iterum
2678 2344 2778 2398 sibi
2808 2346 3039 2398 oblatam
3079 2345 3373 2398 naviculam
3406 2361 3524 2398 cum

1945 2434 2101 2488 thure
2131 2445 2184 2487 et
2214 2434 2483 2490 cochleari
2515 2436 2781 2504 recipiens
2803 2436 2868 2491 de
2899 2452 3058 2491 manu
3086 2436 3344 2508 acolytlti,
3372 2437 3529 2493 oli‘ert

1942 2526 2111 2596 ipsam
2140 2525 2435 2580 naviculam
2465 2541 2675 2580 summo
2704 2526 2941 2597 pontifici
2973 2528 3131 2582 modo
3159 2527 3441 2596 praedicto;
3472 2538 3525 2583 et

1943 2630 2078 2685 papa
2106 2616 2299 2670 iterum
2329 2618 2477 2685 ponit
2500 2619 2775 2672 incensum
2802 2622 2853 2673 in
2882 2619 3188 2685 thuribulu;
3219 2628 3271 2674 et
3304 2620 3522 2675 incenso

1944 2707 2136 2776 posito,
2171 2708 2447 2778 presbyter
2474 2710 2756 2764 cardinalis
2784 2710 3047 2779 recipiens
3076 2710 3399 2765 thuribttlutn
3425 2711 3528 2766 sibi

1943 2797 2180 2852 oblatum
2210 2800 2277 2852 ab
2304 2799 2575 2870 aculytho,
2610 2802 2797 2856 iterum
2825 2801 3082 2869 prardicto
3108 2803 3267 2855 modo
3292 2802 3527 2858 ittcensat

1941 2904 2205 2946 summum
2238 2894 2564 2961 pontiﬁcem,
2609 2906 2661 2949 et
2698 2911 2763 2949 eo
2803 2896 3101 2963 incensato,
3147 2898 3322 2952 reddit
3353 2899 3523 2952 llltll‘i°

1943 2983 2122 3037 bulum
2172 2985 2438 3055 acolytho,
2486 2998 2539 3041 et
2566 2988 2700 3041 redit
2745 2988 2811 3041 ad
2861 2990 3031 3042 locum
3081 3004 3267 3056 suum;
3311 3005 3362 3045 et
3403 2999 3525 3045 tunc

1941 3072 2221 3145 acolythus
2254 3076 2491 3129 iucensat
2518 3077 2692 3143 ipsum
2723 3077 3089 3147 presbyterum
3123 3079 3442 3132 eardinalcm
3470 3089 3525 3133 et

251 3165 620 3232 presbyterum
670 3154 1031 3223 eardinalcm;
1082 3166 1139 3211 et
1179 3171 1299 3211 cum
1353 3171 1485 3225 papa
1542 3154 1732 3221 recipit
1767 3151 1833 3206 de

1942 3174 2166 3220 caeteros
2194 3168 2491 3221 cardinales
2525 3169 2720 3223 ibidem
2756 3182 3069 3236 prarsentes,
3103 3178 3156 3224 et
3181 3171 3316 3223 alios
3346 3181 3522 3224 astan-

260 3256 377 3321 ipsa
435 3253 679 3308 navicula
731 3252 977 3307 euchlear
1006 3250 1072 3303 ad
1109 3250 1408 3317 pneutlum
1459 3246 1732 3301 incensum
1784 3243 1836 3296 itt

252 3344 522 3399 thuribu'o
549 3342 798 3397 existenti
832 3343 882 3395 itt
913 3356 1070 3396 manu
1101 3339 1364 3409 acolythi,
1407 3337 1521 3403 ipse
1556 3336 1837 3406 presbyter

252 3434 540 3490 cardinalis
570 3433 840 3487 osculetur
880 3446 1092 3484 manum
1125 3430 1277 3496 ejus;
1322 3438 1375 3482 et
1402 3425 1650 3480 similiter
1677 3440 1835 3477 οδω-

251 3531 391 3582 lctur
422 3542 663 3591 multum,
696 3538 813 3577 cum
845 3524 957 3590 ipse
982 3519 1462 3590 reponitcocblear
1486 3521 1536 3571 in
1569 3514 1832 3570 navicula.

252 3619 318 3672 Et
347 3636 376 3670 a
412 3618 722 3686 presbytero
750 3613 1003 3667 cardinali
1046 3612 1254 3664 reddita
1299 3610 1542 3664 navicula
1576 3608 1674 3675 ipsi
1706 3622 1833 3659 aco-

250 3709 424 3778 lytho,
454 3704 734 3774 acolythus
765 3703 877 3771 ipse
904 3716 1024 3755 cum
1058 3700 1331 3752 thuribulo
1358 3698 1505 3751 vadit
1532 3696 1598 3751 ad
1626 3696 1829 3758 altare;

248 3810 305 3850 et
327 3796 603 3865 presbyter
644 3794 1010 3848 cclebraturus
1048 3789 1315 3859 recipiens
1360 3788 1688 3842 thuribulum
1726 3785 1828 3839 sibi

249 3890 487 3943 oblatum
539 3886 607 3942 de
655 3902 815 3940 manu
870 3884 1103 3955 acolythi
1162 3883 1403 3936 incensat
1451 3881 1620 3934 altare
1678 3877 1835 3930 modo

250 3982 433 4046 dicto;
486 3989 538 4033 et
582 3978 789 4034 reddito
831 3978 1102 4032 thuribulo
1129 3976 1228 4044 ipsi
1261 3962 1528 4043 acolytho,
1558 3971 1836 4039 acolythus

250 4074 367 4140 ipse
409 4071 648 4124 incensat
693 4071 860 4124 altare
890 4068 956 4123 de
986 4066 1369 4129 circumcirca;
1424 4073 1477 4117 et
1524 4075 1647 4115 tunc
1695 4059 1837 4114 vadit

250 4164 318 4216 ad
376 4177 640 4216 summum
706 4161 1050 4230 pontiﬁcem,
1109 4172 1160 4213 et
1213 4157 1488 4227 presbyter
1549 4151 1835 4208 cardinalis

248 4252 516 4321 recipiens
592 4252 919 4306 thuribulum
981 4250 1048 4306 de
1115 4265 1273 4303 manu
1345 4246 1573 4319 acolythi
1652 4246 1834 4298 incen-

247 4358 331 4399 sat
384 4361 648 4399 summum
696 4344 1000 4414 pontificem
1031 4386 1045 4408 ,
1100 4341 1346 4397 ducendo
1392 4339 1719 4395 thuribulunt
1754 4347 1835 4391 ter

245 4444 375 4492 ante
412 4445 595 4505 pectus
639 4435 774 4505 ejus,
800 4436 989 4490 stando
1018 4437 1061 4489 si
1094 4450 1227 4505 papa
1274 4443 1397 4501 stet,
1445 4444 1498 4487 et
1525 4447 1664 4501 genu
1696 4431 1834 4484 llexo

1943 3267 2020 3310 tes
2050 3257 2311 3312 ordinate.
2357 3259 2417 3312 Et
2446 3260 2619 3315 tali'er
2651 3259 3019 3313 incensatioue
3060 3262 3215 3324 fama,
3249 3263 3525 3330 acolythus

1942 3358 2213 3402 revertens
2258 3349 2322 3402 ad
2360 3350 2548 3415 altare,
2595 3350 2768 3405 reddit
2808 3350 3131 3405 thuribulutn
3170 3353 3383 3413 clerico,
3426 3365 3518 3403 seu

1940 3439 2153 3493 custodi
2194 3441 2444 3509 capellae;
2476 3452 2527 3495 et
2565 3443 2631 3495 ab
2654 3443 2770 3509 ipso
2811 3443 3002 3497 clerico
3039 3442 3294 3511 recipiens
3333 3441 3520 3495 baeilia

1939 3545 2059 3584 cum
2087 3546 2245 3601 aqua,
2270 3532 2424 3586 aﬁ‘t-rt
2454 3548 2642 3601 aquam
2668 3533 2980 3603 presbytero
3010 3532 3297 3587 celebranti
3325 3533 3388 3585 ad
3421 3533 3517 3585 ab-

1942 3624 2187 3675 luendum
2240 3640 2483 3689 manus;
2518 3634 2573 3678 et
2612 3625 2805 3678 ablatis
2860 3623 3121 3687 manibus,
3165 3623 3519 3677 subdiaconus

1938 3712 2094 3767 oll‘ert
2147 3713 2403 3769 t-baleatn
2464 3714 2563 3784 ipsi
2631 3715 2941 3785 presbytero
2992 3715 3058 3768 ad
3106 3712 3514 3780 abstergeudum

1938 3796 2151 3837 manus.

2009 3892 2143 3946 Cum
2186 3906 2363 3947 autem
2414 3895 2573 3950 debet
2605 3896 2717 3949 ﬁeri
2758 3895 2985 3950 elevatio
3019 3896 3260 3965 corporis
3304 3895 3521 3959 Christi,

1938 3996 2180 4037 summus
2224 3985 2462 4051 pontifex
2494 3987 2768 4039 descendit
2794 3987 2860 4040 de
2898 3986 3024 4040 sede
3052 3986 3117 4038 ad
3146 3986 3519 4049 faldistorium,

1939 4085 1993 4130 et
2025 4077 2161 4143 pres!
2183 4086 2303 4146 yter
2329 4076 2637 4139 cardinalis,
2675 4076 2718 4129 si
2744 4091 2845 4128 non
2869 4076 2933 4129 sit
2961 4077 3028 4128 ibi
3062 4076 3315 4129 diaconus
3343 4075 3522 4128 cardi-

1941 4170 2098 4231 nalis,
2130 4169 2321 4238 accipit
2358 4171 2568 4222 mitram
2606 4169 2673 4222 de
2699 4169 2873 4235 capite
2903 4169 3018 4234 ejus
3049 4166 3206 4220 modo
3232 4163 3519 4233 praedicto;

1941 4272 1992 4315 et
2027 4261 2287 4315 assistens
2326 4261 2389 4315 ad
2420 4262 2681 4323 dextram,
2725 4259 2885 4313 ﬂectit
2924 4272 3091 4326 genua
3131 4256 3184 4309 in
3224 4255 3522 4311 elevatione

1941 4353 2180 4421 corporis
2198 4351 2423 4417 Christi;
2447 4360 2495 4405 et
2527 4360 2627 4404 stat
2654 4350 2805 4404 flexis
2820 4348 3062 4417 genibus,
3081 4362 3356 4416 quousque
3383 4346 3519 4400 facta

1941 4454 2024 4499 est
2044 4444 2274 4500 elevatio
2296 4441 2588 4511 sanguinis.
2605 4441 2716 4508 Qua
2740 4439 3036 4494 elevatione
3060 4439 3216 4503 facta,
3241 4452 3360 4492 cum
3387 4452 3516 4506 papa

245 4526 295 4581 si
325 4540 458 4595 papa
489 4526 693 4581 sedeat.
727 4526 843 4591 Quo
869 4526 1047 4580 taliter
1086 4527 1386 4590 incensato,
1440 4520 1614 4577 reddit
1659 4521 1832 4588 ipsum

1944 4537 2254 4599 surrexerit,
2281 4536 2560 4604 presbyter
2580 4532 2862 4587 cardinalis
2887 4530 3060 4585 reddit
3079 4531 3179 4584 sibi
3208 4529 3440 4593 mitram,
3466 4541 3521 4584 et

250 4620 590 4674 thuribulum
641 4618 907 4688 aculytho,
956 4626 1011 4672 et
1052 4615 1332 4687 aculythus
1375 4630 1496 4669 cum
1560 4611 1831 4667 thnribulo

243 4712 531 4769 revertitur
554 4712 617 4765 ad
650 4713 854 4778 altare;
889 4721 943 4766 et
974 4720 1117 4775 tunc,
1151 4710 1232 4765 vel
1264 4711 1426 4763 etiam
1470 4722 1650 4776 parum
1683 4712 1829 4770 ante,

241 4820 427 4860 coram
472 4820 682 4858 summo
723 4805 973 4873 pontiﬁce
1000 4803 1193 4858 dicitur
1231 4801 1483 4854 lntroitus
1520 4799 1715 4852 Missae.
1763 4794 1829 4848 Et

244 4898 361 4965 ipse
392 4898 669 4967 presbyter
695 4897 977 4951 cardiualis
1022 4912 1141 4951 cum
1196 4897 1311 4960 ipso
1362 4894 1578 4947 domino
1614 4906 1744 4957 papa
1775 4898 1829 4943 et

242 4988 539 5043 astantibus
558 4990 895 5058 prosequitur
919 4988 1193 5040 Introitum
1213 4996 1264 5039 et
1285 4985 1464 5055 lt’yrie,
1483 4983 1696 5048 eleison,
1718 4992 1822 5035 etc.

316 5090 463 5146 Dicta
487 5100 666 5146 autem
692 5090 948 5156 Epistola,
976 5089 1101 5144 dum
1126 5088 1319 5143 dicitur
1342 5085 1624 5151 Graduale,
1647 5097 1702 5141 et
1722 5102 1829 5141 cre-

238 5191 357 5237 tera
384 5198 503 5251 quae
543 5190 668 5237 sunt
702 5181 952 5246 dicenda,
998 5181 1263 5250 praecipue
1298 5179 1511 5250 quando
1549 5178 1827 5233 inchoatur

238 5272 468 5327 Alleluia
495 5282 617 5327 ante
642 5271 1022 5341 Evangelium;
1051 5273 1176 5326 item
1209 5270 1276 5324 ab
1300 5270 1549 5340 acolytho
1573 5268 1828 5323 offeratur

239 5365 340 5431 ipsi
389 5366 701 5435 presbytero
737 5363 994 5417 cardinali
1036 5360 1276 5416 navicula
1308 5376 1426 5413 eum
1459 5361 1614 5415 thure
1655 5368 1707 5413 et
1736 5374 1829 5413 (εον

237 5457 473 5523 chleari;
519 5469 574 5514 et
624 5461 737 5528 ipse
780 5458 1042 5526 recipiens
1084 5471 1225 5520 eam,
1266 5456 1423 5511 oli'ert
1455 5469 1572 5509 eam
1614 5468 1825 5509 summo

238 5551 497 5619 pontiﬁci,
556 5561 609 5604 et
654 5547 887 5617 pontifex
944 5549 1093 5617 ponit
1138 5549 1410 5601 incensum
1454 5548 1505 5601 in
1554 5547 1822 5603 thuribulo

239 5644 401 5697 modo
444 5644 726 5711 pradicto;
761 5653 814 5697 et
859 5652 984 5697 tunc
1028 5643 1304 5712 acolythus
1330 5656 1448 5695 cum
1494 5641 1736 5696 navicula
1768 5648 1823 5694 et

239 5739 292 5792 ω
303 5737 512 5791 uribulo
529 5735 642 5790 sine
663 5735 838 5805 aliqua
868 5734 1235 5791 iuccusatioee
1249 5732 1530 5789 revertitur
1544 5731 1609 5789 ad
1627 5734 1814 5789 altare.

1939 4627 2173 4697 pontifex
2211 4626 2349 4681 redit
2375 4626 2441 4680 ad
2477 4626 2682 4681 sedem.
2715 4623 2847 4679 Cum
2871 4632 3044 4677 autem
3078 4622 3355 4692 presbyter
3377 4622 3519 4677 cele-

1936 4718 2099 4773 brans
2127 4716 2322 4772 ﬁnierit
2350 4718 2655 4770 Orationem
2689 4716 2868 4768 Libera
2899 4730 3009 4781 nos,
3042 4729 3355 4784 quesumus,
3405 4710 3512 4767 Do-

1934 4809 2089 4871 mine,
2131 4818 2259 4874 ete.,
2305 4817 2358 4863 et
2405 4805 2586 4861 fecerit
2618 4805 2926 4860 fractionem
2974 4816 3252 4874 antequam
3303 4803 3521 4871 incipiat

1933 4900 2133 4963 dicere,
2167 4899 2246 4953 vel
2278 4900 2465 4953 saitem
2498 4907 2623 4953 tunc
2649 4912 2767 4950 cum
2794 4896 2975 4964 incipit
3000 4895 3102 4949 Per
3130 4896 3301 4948 omnia
3329 4895 3518 4947 swcula

1932 4992 2253 5056 saeculorum,
2277 5000 2406 5056 etc.,
2432 4992 2547 5060 ipse
2584 4992 2859 5062 presbyter
2887 4990 3173 5045 cardinalis
3199 4989 3390 5058 accipit
3422 4988 3519 5043 mi-

1935 5095 2066 5139 tram
2100 5086 2167 5140 de
2207 5086 2380 5151 capite
2418 5098 2586 5152 papae,
2616 5095 2669 5140 et
2710 5086 2967 5139 assistens
3001 5097 3121 5137 cum
3164 5098 3231 5137 eo
3260 5083 3399 5137 dicat
3441 5092 3521 5136 ter

1939 5179 2111 5249 Agnus
2145 5178 2256 5231 Dei.
2292 5178 2406 5245 Quo
2434 5177 2595 5243 dicto,
2630 5177 2788 5231 tradit
2822 5180 3029 5230 mitram
3061 5176 3333 5230 assisteuti
3367 5192 3512 5243 papae

1936 5285 1964 5322 a
1998 5270 2162 5324 latere
2195 5270 2429 5333 sinistro,
2452 5277 2505 5324 et
2534 5269 2674 5324 vadit
2703 5269 2765 5322 ad
2790 5270 2976 5336 altare,
3011 5278 3065 5324 et
3090 5270 3359 5324 osculatur
3385 5269 3511 5323 illud

1932 5360 1985 5415 itt
2016 5372 2164 5429 parte
2193 5362 2415 5429 dextra;
2454 5370 2506 5414 et
2537 5363 2670 5417 facta
2701 5362 3041 5416 inclinatione
3077 5361 3251 5430 aliqua
3281 5361 3345 5414 ad
3390 5375 3513 5429 pre-

1933 5457 2205 5525 sbyterum
2237 5456 2616 5517 celebrantem,
2646 5470 2829 5524 pacem
2858 5456 3043 5524 recipit
3071 5454 3137 5508 ab
3162 5456 3297 5523 ipso,
3330 5466 3381 5507 et
3412 5455 3517 5521 pli-

1929 5555 2105 5600 netam
2138 5545 2297 5600 trahit
2329 5548 2711 5613 aliquantulum
2743 5545 2961 5601 inferius
2997 5562 3026 5599 a
3054 5558 3205 5615 parte
3233 5547 3511 5612 anteriori,

1926 5650 1978 5694 et
2010 5642 2340 5706 po.~tmodum
2369 5637 2507 5693 redit
2528 5639 2593 5692 ad
2621 5653 2887 5692 summum
2920 5636 3221 5706 pontiﬁcem
3240 5678 3255 5703 ,
3283 5646 3334 5691 et
3360 5637 3507 5688 incli-

1922 5733 2137 5789 natione
2178 5732 2320 5788 facta
2348 5746 2526 5787 coram
2568 5746 2632 5787 eo
2674 5729 2955 5801 profunde,
3003 5745 3105 5786 non
3149 5738 3324 5784 tamen
3357 5726 3509 5781 ﬁciis

3386 317 3523 372 Ητὸ
3598 372 3603 375 ,
