4006 6296
525 271 654 327 “79
1192 266 1537 322 APPENDIX
1578 268 1668 322 AD
1707 266 1764 323 S.
1804 265 2133 323 GREGOHII
2172 265 2386 322 MAGNI
2424 264 2794 325 LITURGICA
2835 269 3084 324 OPEIlA.
3644 273 3785 328 H83

512 386 755 456 genibus,
776 386 874 456 ipsi
894 385 1127 456 pontifici
1146 384 1233 438 dat
1260 399 1471 453 precem
1491 402 1505 451 ;
1524 393 1576 440 et
1597 385 1859 454 recipiens
1881 384 2093 439 mitram
2122 387 2173 446 Α
2203 385 2277 439 tio
2302 424 2316 449 ,
2348 384 2505 439 oll‘ert
2534 383 2828 438 naviculam
2858 424 2872 447 ,
2903 400 3026 439 cum
3077 387 3359 458 presbyter
3387 387 3673 444 celebrans
3702 390 3784 442 in-

514 481 581 536 de
605 496 766 536 manu
792 481 909 550 ejus
935 480 1016 535 cui
1043 478 1340 544 tradiderit,
1365 479 1500 532 redit
1519 480 1585 532 ad
1618 480 1789 534 locum
1820 493 1971 534 suum
2000 489 2092 548 ;et
2194 476 2495 531 censaverit
2538 477 2707 532 altare
2731 493 2745 542 ;
2797 478 3042 532 similiter
3071 488 3189 546 post
3239 481 3385 535 illam
3429 481 3743 536 Orationem
3766 528 3783 549 ,

516 571 710 627 ibidem
746 571 1093 634 subdiacono,
1126 568 1215 637 qui
1237 568 1369 621 dixit
1399 568 1709 637 Epistolam,
1742 570 1834 625 dat
1872 583 2052 640 pacem
2072 612 2088 636 ,

512 669 563 715 et
586 660 1065 730 ipsejsubd'aconus
1090 658 1180 713 dat
1196 673 1377 728 pacem
1401 662 1631 717 caeteris.
1648 660 1896 718 Summus
1912 671 2089 718 autem

512 748 743 818 pontifex
767 750 924 820 321
937 749 1029 803 dat
1050 764 1231 818 pacem
1250 750 1499 806 omnibus
1516 751 1875 809 cardinalibus
1892 754 2089 808 ibidem

511 840 823 904 astantibus,
872 850 929 896 et
972 841 1092 895 data
1130 857 1282 912 pace,
1333 844 1447 912 ipse
1488 844 1766 915 presbyter
1800 845 2089 901 cardinalis

511 929 690 987 reddit
713 930 922 986 mitram
953 946 1125 1003 papae.

585 1019 750 1075 Dictis
774 1029 953 1076 autem
1004 1023 1376 1079 communione
1405 1032 1460 1079 et
1503 1024 2087 1093 postcommunionibus

510 1122 601 1162 seu
632 1108 969 1164 Orationibus
992 1126 1021 1165 a
1051 1112 1356 1183 presbytero
1375 1113 1698 1179 celebrante,
1730 1125 1786 1169 et
1814 1112 1919 1179 Ite,
1958 1113 2084 1168 Mis-

508 1215 563 1252 sa
591 1210 684 1267 est,
716 1202 795 1255 vel
824 1200 1183 1256 Binedicamua
1216 1202 1437 1258 Domino
1460 1245 1476 1271 ,
1506 1204 1783 1274 presbyter
1802 1204 2085 1259 cardinalis

507 1291 731 1362 accipiat
750 1293 959 1350 mitram
993 1295 1061 1351 de
1088 1298 1263 1365 capite
1295 1313 1441 1366 papa:
1471 1313 1487 1363 ;
1528 1307 1584 1352 et
1606 1308 1731 1352 tunc
1779 1314 1899 1352 cum
1952 1312 2087 1366 papa

507 1386 689 1454 incipit
736 1387 913 1443 dicere
944 1388 1025 1443 Sit
1063 1405 1246 1445 nomen
1300 1389 1509 1447 Domini
1561 1392 1878 1447 benedictum
1902 1431 1918 1458 ,
1951 1400 2083 1461 etc.,

507 1473 863 1531 cubicularius
891 1476 1043 1532 ﬂexis
1063 1479 1286 1548 genibus
1314 1494 1493 1536 coram
1518 1496 1654 1551 papa
1698 1490 1874 1536 stante
1902 1482 2089 1551 recipit

508 1574 743 1619 mantum
776 1580 841 1623 ex
866 1576 1011 1635 parte
1041 1567 1225 1623 dextra
1248 1610 1263 1636 ,
1288 1571 1597 1639 cooperiens
1616 1569 1937 1626 anteriorem
1972 1584 2088 1640 par-

507 1661 614 1710 tem
641 1643 795 1725 papre'
823 1671 990 1727 usque
1007 1657 1071 1712 ad
1098 1667 1302 1728 partem
1325 1659 1490 1714 manli
1512 1675 1540 1713 a
1566 1669 1714 1728 parte
1747 1661 1960 1716 sinistra
1986 1678 2001 1727 ;
2033 1667 2089 1715 et

2201 566 2329 620 Veni
2353 609 2368 632 ,
2394 568 2772 636 saucti/icator,
2805 576 2938 635 etc.,
2960 578 3015 625 et
3039 579 3163 625 tunc
3182 571 3461 641 presbyter
3484 572 3785 628 cardinalis

2195 657 2432 712 incensat
2482 658 2652 727 ipsum
2686 673 2875 728 papam
2909 661 3068 715 modo
3115 663 3414 730 pradicto;
3452 672 3508 720 et
3538 674 3782 734 postmo-

2199 747 2325 804 dum
2371 749 2677 804 incensatur
2704 752 2983 823 presbyter
3003 753 3310 820 cardinalis,
3330 764 3389 810 et
3405 755 3493 811 alii
3516 765 3786 813 astantes.

2672 839 2857 898 LXIV.
2884 843 2962 898 De
2990 861 3084 898 usu
3105 846 3289 900 mitra.

2262 929 2416 985 Mitra
2442 931 2768 1002 aurlfrigiata
2817 948 2924 989 non
2948 935 3113 991 utitur
3138 936 3365 993 ecclesia
3416 938 3661 996 Romana
3707 945 3783 996 ab

2188 1021 2431 1077 Adventu
2461 1022 2667 1077 Domini
2694 1037 2861 1093 usque
2883 1025 2950 1079 ad
2978 1026 3170 1081 festum
3201 1027 3507 1084 Nativitatis
3538 1032 3776 1097 Domini,

2186 1122 2409 1180 excepto
2438 1114 2577 1183 quod
2605 1114 2853 1170 dominus
2908 1132 3041 1185 papa
3082 1118 3247 1174 utitur
3273 1120 3330 1174 in
3383 1121 3660 1177 Dominica
3702 1127 3781 1180 de

2196 1207 2425 1261 Gaudete
2449 1223 2469 1271 ;
2501 1220 2599 1261 nec
2625 1222 2655 1261 a
2686 1208 3085 1277 Septuagesima
3115 1225 3284 1279 usque
3310 1211 3377 1266 ad
3406 1211 3598 1268 feriam
3618 1216 3781 1283 quin-

2197 1306 2301 1353 tam
2355 1296 2573 1366 majoris
2626 1296 3011 1367 hebdomadas,
3064 1310 3288 1369 excepto
3338 1303 3481 1373 quod
3530 1304 3786 1362 dominus

2197 1401 2329 1456 papa
2360 1389 2524 1441 utitur
2545 1385 2597 1439 in
2624 1386 2895 1441 Dominica
2924 1398 3111 1457 quarta
3156 1390 3591 1461 Quadragesima:
3622 1437 3639 1459 ,
3669 1411 3777 1464 qua

2193 1487 2439 1534 cantatur
2454 1477 2682 1544 La'tare,
2704 1478 3022 1547 Ierusalem;
3052 1496 3151 1539 nec
3184 1482 3239 1536 in
3265 1484 3513 1539 omnibus
3548 1487 3775 1556 vigiliis,

2199 1568 2267 1625 de
2290 1567 2482 1638 quibus
2506 1568 2767 1638 jejunium
2786 1569 3086 1625 celebratur
3109 1609 3129 1635 ,
3156 1585 3255 1627 nec
3287 1572 3339 1627 in
3365 1574 3617 1630 omnibus
3642 1591 3776 1645 qua-

2198 1668 2322 1716 tuor
2346 1662 2671 1730 temporibus
2694 1701 2712 1727 ,
2761 1677 2862 1718 nec
2891 1663 2943 1719 in
2974 1662 3352 1733 [legationibus
3376 1706 3397 1735 ,
3449 1682 3553 1723 nec
3579 1668 3633 1724 in
3665 1670 3777 1724 lita-

508 1746 627 1802 data
659 1749 1035 1807 Benedictione
1064 1766 1093 1806 a
1123 1767 1277 1822 papa,
1313 1763 1366 1808 et
1388 1752 1529 1808 dicto
1558 1752 1625 1807 ab
1647 1767 1712 1808 eo
1733 1752 1891 1807 Pater
1910 1762 2078 1807 noster
2111 1738 2157 1797 Β
2191 1750 2292 1805 niis
2314 1790 2333 1815 ,
2362 1765 2461 1806 nec
2488 1752 2539 1806 in
2571 1751 2760 1807 ofﬁciis
2789 1751 3187 1808 defunctorum.

510 1849 717 1895 secreto
739 1884 752 1905 ,
782 1851 835 1897 et
863 1844 1004 1899 dicto
1030 1846 1097 1898 ab
1125 1858 1189 1898 eo
1220 1844 1512 1899 Benedicite
1538 1884 1555 1908 ,
1607 1855 1660 1899 et
1701 1843 1949 1900 Dominus
1990 1862 2083 1901 nos

513 1933 769 1987 benedirat
794 1975 810 1999 ,
843 1943 942 1989 etc.
966 1978 981 2002 ,
1013 1933 1293 2003 presbyter
1330 1934 1613 1989 cardinalis
1653 1925 1822 1990 reddit
1851 1937 2086 2002 mitram,

509 2024 801 2079 osculando
828 2041 1039 2080 manum
1071 2025 1230 2080 modo
1260 2026 1532 2094 prmdicto.

576 2114 639 2166 Et
685 2114 957 2168 scit-udum
986 2155 1000 2180 ,
1028 2115 1166 2185 quod
1194 2116 1613 2186 quotiescunque
1632 2126 1713 2172 est
1743 2116 1937 2173 ibidem
1968 2118 2084 2173 dia-

503 2218 667 2257 conus
723 2204 1045 2271 cardinalis,
1100 2204 1213 2274 ipse
1254 2221 1465 2276 semper
1511 2209 1703 2276 accipit
1755 2210 1964 2264 mitram
2023 2211 2090 2265 de

502 2296 669 2364 capite
717 2309 909 2364 papa},
978 2303 1032 2350 et
1074 2296 1266 2358 reddit.
1322 2297 1449 2353 Item
1498 2309 1577 2355 est
1624 2301 1899 2355 sciendum
1950 2301 2090 2369 quod

503 2385 924 2456 quotiescunque
971 2388 1253 2459 cpiscopus
1296 2389 1578 2446 cardinalis
1623 2400 1705 2446 est
1735 2392 1804 2445 ibi
1854 2408 2092 2461 prtesens

499 2474 553 2530 in
575 2475 748 2530 officio
770 2476 1020 2545 pracdicto
1042 2521 1057 2547 ,
1092 2478 1204 2547 ipse
1225 2479 1506 2549 episcopus
1530 2481 1655 2536 facit
1674 2479 1905 2537 officium
1954 2498 2089 2553 pra:-

502 2566 695 2619 dictum
734 2582 825 2622 seu
854 2567 1204 2623 ministerium
1238 2571 1334 2639 ipsi
1361 2571 1673 2642 presbytero
1717 2575 1971 2629 cardinali
1994 2575 2088 2630 in-

504 2662 782 2717 cumbens.
834 2662 963 2718 Item
1020 2673 1103 2719 est
1140 2665 1414 2720 sciendum
1470 2666 1610 2736 quod
1662 2671 2083 2740 quotiescunque

502 2747 613 2821 ipse
636 2756 910 2826 pre~byter
929 2758 1212 2813 cazdinalis
1240 2759 1412 2818 reddit
1439 2762 1647 2837 mitram
1690 2777 1839 2832 papa:
1863 2806 1877 2825 ,
1922 2778 2082 2818 oscu-

503 2842 639 2899 latur
668 2862 877 2901 manum
908 2849 1040 2916 ejus.
1076 2849 1200 2904 Item
1226 2860 1311 2906 est
1355 2852 1626 2907 sciendum
1659 2895 1677 2920 ,
1726 2855 1863 2924 quod
1918 2871 2084 2925 quan-

500 2938 774 3010 docunque
799 2942 850 2995 in
877 2942 964 2995 tali
994 2942 1146 2997 Missa
1170 2958 1300 3011 papa
1320 2943 1481 2999 utitur
1502 2946 1715 3014 pluviali
1742 2985 1757 3010 ,
1802 2960 1896 3001 seu
1931 2962 2080 3002 man-

500 3039 555 3083 to
580 3029 807 3086 habente
835 3030 1102 3097 auril‘rigia
1130 3048 1248 3087 cum
1280 3035 1471 3099 perlis,
1523 3034 1803 3089 cardinalis
1843 3038 2081 3092 serviens

501 3121 744 3174 manibus
783 3123 1011 3190 pr0priis
1059 3123 1283 3192 imponit
1309 3139 1517 3194 semper
1555 3142 1703 3194 papa:
1761 3126 1969 3183 mitram
2018 3130 2071 3184 in

499 3211 691 3280 capite.
725 3213 854 3266 Cum
886 3227 1010 3267 vero
1039 3227 1142 3268 non
1172 3213 1415 3269 habuerit
1445 3215 1754 3285 hujusmodi
1801 3215 2079 3288 aurifrigia

501 3314 618 3355 cum
651 3302 812 3371 perlis
837 3342 853 3368 ,
886 3313 1011 3359 tunc
1033 3304 1145 3373 ipse
1174 3304 1456 3361 cardinalis
1510 3309 1748 3364 serviens
1768 3309 1928 3364 tradit
1972 3311 2078 3364 mi-

502 3399 638 3443 tram
660 3388 714 3444 in
744 3390 986 3446 manibus
1014 3408 1161 3463 papae
1190 3393 1348 3448 modo
1379 3394 1658 3463 przedicto.

502 3500 659 3556 LXII.
687 3502 896 3567 Quoties
910 3510 955 3557 et
976 3505 1177 3578 quando
1198 3506 1443 3578 accipitur
1458 3507 1604 3559 mitra
1625 3507 1689 3560 de
1704 3506 1867 3578 capite
1888 3523 2038 3578 papa:
2060 3551 2076 3576 ,

1073 3575 1196 3627 dum
1221 3575 1457 3629 celebrat.

572 3684 646 3737 Ex
704 3686 991 3752 praemissis
1038 3695 1213 3756 patet,
1272 3687 1412 3756 quod
1475 3689 1755 3759 presbyter
1798 3689 2082 3746 cardinalis

501 3776 778 3845 quinquies
838 3777 1029 3846 accipit
1070 3779 1280 3832 mitram
1304 3778 1372 3833 de
1417 3780 1589 3847 capite
1636 3795 1804 3850 papre.
1849 3779 2032 3835 Primo
2062 3822 2078 3846 ,

501 3877 618 3921 cum
648 3866 836 3922 ductus
864 3864 1022 3923 fuerit
1068 3867 1135 3923 ad
1181 3868 1349 3924 altare
1372 3911 1387 3935 ,
1420 3876 1480 3924 ut
1510 3869 1597 3924 fiat
1623 3869 1928 3935 confessio;
1961 3871 2083 3926 red-

503 3957 645 4012 ditur
713 3970 888 4014 aulem
918 3961 967 4015 ei
1014 3962 1210 4029 mitra,
1240 3960 1365 4016 dum
1404 3962 1541 4017 facta
1593 3962 1926 4018 confessione
1997 3977 2085 4018 re-

503 4050 711 4105 ducitur
729 4051 793 4105 ad
820 4053 1024 4107 sedem.
1049 4053 1297 4109 Secundo
1312 4094 1327 4119 ,
1352 4055 1638 4124 accipitur,
1659 4071 1779 4109 cum
1801 4054 2081 4110 dicendum

503 4137 664 4196 fuerit
688 4141 1022 4211 Evangelium
1051 4160 1066 4207 ;
1098 4144 1339 4199 redditur
1368 4157 1544 4201 autem
1566 4161 1631 4200 eo
1665 4145 1827 4211 dicto,
1857 4155 1909 4200 et
1952 4160 2085 4214 papa

506 4231 777 4285 incensato
804 4272 819 4296 ,
852 4241 904 4287 et
932 4232 1067 4288 libro
1112 4234 1513 4304 Evangeliorum
1565 4236 1822 4291 osculato.
1864 4235 2044 4292 Tertio
2067 4276 2084 4300 ,

504 4321 758 4388 accipitur
778 4321 830 4376 in
844 4323 1139 4378 elevatione
1161 4339 1240 4379 eo:
1258 4340 1338 4394 ροι
1355 4326 1399 4380 is
1419 4326 1511 4380 Chi
1528 4327 1641 4392 isti;
1660 4327 1897 4383 redditur
1912 4337 2086 4383 autem

504 4425 625 4466 cum
667 4411 804 4467 facta
836 4414 1133 4470 elevatione
1162 4416 1433 4485 sanguinis
1470 4417 1740 4471 reducitur
1772 4418 1841 4473 ad
1880 4418 2083 4473 sedem.

504 4501 699 4569 Quarto
724 4541 740 4566 ,
761 4503 1037 4572 accipitur,
1058 4519 1180 4560 cum
1222 4504 1502 4560 dicendum
1543 4504 1701 4561 fuerit
1740 4509 1918 4579 Agnus
1946 4506 2043 4562 Dei
2067 4524 2086 4573 ;

505 4592 742 4648 redditur
767 4594 817 4650 ei
849 4595 966 4649 data
1008 4610 1138 4664 pace
1182 4610 1394 4651 summo
1444 4598 1700 4666 pontifici.
1748 4599 1963 4664 Quinto,
1997 4615 2086 4655 ac-

503 4683 694 4751 cipitur
721 4700 839 4738 cum
868 4685 1017 4740 linito
1044 4684 1220 4741 oflicio
1247 4687 1409 4744 debet
1452 4688 1633 4744 dicere
1678 4690 1837 4761 322
1868 4691 1953 4745 Sit
1986 4709 2083 4746 no-

505 4791 616 4829 men
641 4775 850 4831 Domini
879 4777 1191 4832 benedictum
1214 4819 1230 4844 ,
1271 4788 1401 4846 etc.;
1433 4782 1669 4836 redditur
1712 4794 1890 4837 autem
1914 4820 1929 4847 ,
1961 4798 2082 4839 cum

507 4868 627 4924 data
652 4869 1032 4926 Benedictione
1055 4885 1188 4941 papa
1210 4870 1403 4929 dixerit
1421 4872 1693 4928 Benedicat
1720 4915 1735 4941 ,
1761 4883 1866 4928 etc.

739 4981 921 5039 LXIII.
958 4983 1031 5038 De
1051 4985 1391 5041 incensatione
1429 5001 1578 5057 papa:
1602 4985 1655 5039 in
1678 4983 1857 5039 uiua.

581 5093 707 5151 Item
738 5103 878 5164 patet
906 5110 969 5151 ex
1018 5098 1320 5166 praemissis,
1347 5098 1486 5167 quod
1510 5098 1786 5168 presbyter
1803 5097 2085 5153 cardinalis

505 5187 658 5242 offert
680 5196 760 5243 ter
789 5204 934 5257 papae
961 5189 1255 5244 naviculam
1278 5204 1396 5244 cum
1438 5189 1591 5244 thure
1616 5197 1670 5243 et
1695 5188 1959 5244 cochleari
1982 5188 2083 5244 sibi

507 5280 684 5335 datam
709 5280 776 5336 ab
803 5282 1052 5353 acolytho
1079 5326 1093 5351 ,
1143 5292 1197 5337 et
1240 5292 1318 5337 ter
1349 5282 1588 5337 incensat
1630 5296 1838 5351 papam.
1867 5280 2044 5335 Primo
2067 5325 2082 5349 ,

509 5380 685 5426 autem
716 5386 834 5427 cum
886 5372 1023 5430 facta
1053 5374 1388 5430 confessione
1433 5374 1686 5430 reductus
1744 5371 1907 5429 fuerit
1952 5387 2084 5442 papa

511 5461 577 5514 ad
601 5461 784 5517 sedem
815 5504 831 5530 ,
860 5471 984 5520 tunc
1030 5464 1306 5521 incensato
1350 5465 1502 5519 altari
1562 5464 1765 5534 primo,
1807 5463 1963 5518 modo
1991 5464 2085 5519 dc-

512 5552 622 5607 bito
644 5554 756 5623 ipse
783 5556 1064 5625 presbyter
1086 5556 1369 5613 cardinalis
1396 5555 1631 5612 incensat
1659 5570 1864 5624 papam.
1895 5555 2095 5609 Secun—

523 5644 592 5697 do
624 5686 636 5708 ,
672 5644 826 5699 effert
857 5646 1155 5700 naviculam
1184 5656 1305 5701 ante
1329 5646 1667 5717 Evangelium
1699 5663 1711 5711 ;
1744 5657 1797 5701 et
1838 5654 1963 5700 tunc
1987 5659 2090 5699 non

457 5726 464 5734 ’
518 5734 822 5788 incensatur
847 5748 977 5803 papa
1011 5772 1024 5800 ,
1058 5736 1149 5790 sed
1181 5736 1394 5792 demum
1432 5736 1572 5794 dicto
1606 5736 1910 5806 Evangelia.
1957 5735 2090 5792 Ter-

2193 1841 2354 1897 ων.
2388 1841 2582 1908 Quibus
2611 1843 2789 1898 diebus
2815 1844 3054 1968 difaéurd
3075 1843 3260 1901 Gloria
3290 1845 3341 1900 in
3366 1847 3597 1904 excelsis
3625 1848 3736 1904 Deo
3762 1892 3779 1915 ,

2846 1930 2872 1967 e
2964 1929 3039 1968 re
3061 1931 3114 1968 ο.

2846 1929 2891 1967 et
2920 1929 3114 1969 υτθαο.

2264 2010 2309 2056 A
2337 2001 2608 2057 Dominica
2637 2001 2702 2057 de
2726 2002 2967 2059 Adventu
2996 2020 3160 2075 usque
3189 2004 3255 2060 ad
3284 2005 3633 2064 Nativitatem
3667 2009 3769 2062 Do-

2198 2091 2322 2146 mini
2346 2109 2447 2145 non
2478 2101 2725 2148 cantatur
2749 2091 2928 2148 Gloria
2966 2095 3017 2149 in
3045 2095 3255 2150 excelsis
3277 2096 3383 2151 Deo
3408 2138 3424 2163 ,
3456 2099 3562 2152 nisi
3587 2101 3639 2153 in
3671 2100 3774 2155 fes-

2200 2192 2253 2235 to
2281 2198 2473 2237 novem
2505 2180 2813 2237 lectionum.
2845 2182 2890 2239 A
2919 2184 3318 2256 Septuagesima
3344 2202 3523 2257 usque
3544 2189 3609 2241 ad
3640 2188 3761 2243 Pas-

2196 2271 2296 2325 cha
2324 2273 2570 2327 similiter
2600 2288 2703 2328 non
2731 2284 2973 2330 cantatur
2994 2316 3012 2343 ,
3043 2277 3144 2331 nisi
3175 2277 3229 2333 in
3251 2278 3397 2333 festis
3430 2294 3624 2334 novem
3660 2281 3763 2336 lec-

2199 2362 2406 2418 tionum
2435 2404 2449 2429 ,
2485 2372 2837 2436 pratterquam
2864 2367 2915 2421 in
2941 2367 3069 2422 feria
3097 2370 3279 2438 quinta
3305 2381 3436 2427 ante
3463 2372 3691 2427 Pascha.
3717 2373 3776 2428 lu

2202 2455 2423 2525 reliquis
2451 2468 2628 2514 autem
2660 2459 2846 2515 diebus
2871 2459 3157 2517 Dominicis
3172 2472 3226 2517 et
3277 2463 3481 2519 festivis
3504 2467 3768 2534 generali-

2198 2554 2279 2601 ter
2307 2558 2574 2603 cantatur.
2602 2548 2731 2604 Item
2765 2558 2885 2604 nota
2908 2590 2922 2615 ,
2952 2552 3091 2621 quod
3122 2553 3165 2606 si
3216 2553 3349 2608 infra
3380 2554 3773 2611 hebdomadam

2191 2645 2435 2690 cantetur
2480 2635 2642 2693 Missa
2670 2638 2737 2693 de
2768 2639 3036 2695 Dominica
3064 2682 3084 2707 ,
3114 2642 3198 2697 vel
3247 2644 3314 2698 de
3350 2642 3525 2700 Crucc
3547 2686 3564 2711 ,
3597 2647 3681 2700 vel
3710 2647 3775 2702 de

2192 2728 2347 2783 beata
2380 2727 2633 2799 Virgine,
2689 2746 2793 2785 non
2842 2731 3037 2787 dicitur
3077 2732 3255 2787 Gloria
3284 2736 3338 2788 in
3383 2737 3599 2790 excelsis
3648 2736 3773 2792 Deo.

2192 2818 2321 2873 Item
2354 2828 2473 2873 nota
2501 2864 2515 2887 ,
2567 2820 2727 2890 323
2758 2821 2898 2889 quod
2931 2836 2961 2875 a
3000 2821 3200 2876 Pascha
3230 2838 3398 2893 usque
3428 2824 3492 2879 ad
3524 2826 3774 2880 Octavam

2196 2908 2535 2965 Pentecosten
2564 2951 2580 2977 ,
2605 2910 2798 2964 dicitur
2827 2910 3005 2965 Gloria
3032 2912 3085 2965 in
3134 2912 3343 2968 excelsis
3382 2913 3516 2968 Deo.
3565 2915 3697 2970 Item
3730 2919 3772 2971 si

2195 3002 2384 3056 festum
2440 3017 2629 3059 novem
2676 3003 2962 3059 lectionum
2992 3007 3197 3061 venerit
3224 3007 3275 3061 in
3326 3007 3413 3062 die
3442 3006 3729 3065 Dominico
3757 3053 3774 3076 ,

2105 3104 2153 3166 ο
2188 3103 2242 3148 et
2270 3095 2361 3148 ﬂat
2386 3094 2452 3149 de
2483 3095 2615 3150 festo
2640 3134 2657 3162 ,
2703 3095 2928 3152 dicimus
2955 3097 3116 3151 Credo
3140 3098 3193 3151 in
3221 3116 3377 3152 unum
3428 3100 3619 3169 Deum,
3660 3118 3768 3156 non

2190 3197 2406 3257 propter
2435 3186 2630 3243 festum
2658 3230 2675 3254 ,
2705 3188 2798 3244 sed
2829 3198 3043 3260 propter
3072 3190 3396 3246 Dominicam
3425 3192 3594 3248 diem.
3643 3193 3781 3250 Nota

2188 3278 2326 3347 quod
2355 3277 2533 3332 Gloria
2588 3278 2781 3333 dicitur
2837 3294 3052 3349 semper
3096 3281 3149 3335 in
3206 3282 3403 3354 Missa,
3458 3287 3678 3354 quando
3712 3285 3780 3340 Te

2190 3368 2352 3422 Deum
2408 3370 2677 3425 laudamus
2722 3370 2916 3427 dicitur
2963 3372 3030 3427 ad
3073 3373 3423 3442 Matutinum,
3462 3387 3523 3431 ut
3576 3376 3777 3433 dicitur

2185 3463 2295 3532 Ite,
2328 3463 2485 3518 Missa
2510 3473 2609 3535 est,
2632 3466 2922 3521 secundum
2957 3482 3159 3524 morem
3190 3470 3438 3526 Romana:
3488 3472 3781 3534 Ecclesia.

2256 3556 2383 3610 Item
2434 3553 2519 3610 bis
2574 3556 2888 3626 subseriptis
2926 3556 3117 3614 diebus
3144 3558 3306 3614 Credo
3333 3563 3386 3615 in
3418 3580 3579 3617 unum
3608 3564 3778 3618 Deum

2186 3654 2450 3710 cnntatur,
2484 3646 2733 3702 videlicet
2775 3646 3024 3703 omnibus
3054 3648 3242 3706 diebus
3274 3651 3565 3709 Dominicis
3611 3656 3782 3711 totius

2187 3736 2333 3790 anni.
2375 3736 2435 3790 In
2475 3736 2767 3806 Epiphania
2797 3746 2851 3792 et
2880 3753 2975 3806 per
2999 3748 3121 3794 octo
3148 3740 3286 3808 dies,
3324 3741 3378 3796 in
3408 3742 3783 3799 Conversione

2190 3827 2358 3881 sancti
2390 3826 2558 3893 Pauli,
2588 3826 2640 3881 in
2667 3828 3037 3884 Purilicatinne
3057 3829 3181 3885 beat
3200 3852 3226 3881 ιε
3257 3831 3456 3898 Marite,
3481 3834 3533 3887 in
3558 3835 3773 3889 Annun~

2194 3918 2412 3972 tiatione
2465 3917 2728 3987 ejusdem,
2778 3918 2829 3973 iu
2884 3917 3146 3975 Cathedra
3200 3923 3369 3977 Sancti
3416 3923 3592 3988 Petri,
3646 3924 3786 3982 feria

2194 4008 2376 4078 quinta
2423 4008 2477 4062 in
2517 4009 2683 4064 C(ena
2714 4008 2943 4077 Domini,
2991 4012 3044 4066 in
3082 4010 3223 4066 festo
3244 4012 3696 4084 Resurrectionis,
3732 4026 3784 4072 et

2197 4117 2291 4171 per
2319 4112 2441 4158 octo
2472 4105 2615 4169 dies;
2646 4105 2697 4159 in
2723 4112 2909 4159 octava
2942 4105 3081 4160 beati
3112 4105 3351 4173 Joannis,
3380 4123 3498 4178 qua-
3530 4120 3617 4164 est
3642 4109 3785 4163 infra

2196 4204 2440 4248 octavam
2482 4196 2879 4264 apostolorum;
2916 4197 2968 4251 in
3001 4197 3375 4267 Pentecosten,
3418 4210 3473 4256 et
3520 4217 3618 4270 per
3658 4212 3787 4259 Octo

2194 4284 2347 4349 dies;
2383 4285 2433 4340 in
2464 4285 2600 4341 festo
2627 4288 2794 4341 sancti
2820 4285 3040 4341 Joannis
3060 4296 3184 4343 ante
3208 4298 3410 4358 portam
3436 4290 3706 4359 Latinam,
3734 4294 3784 4349 in

2196 4375 2332 4432 festo
2359 4378 2719 4446 apostolorum
2751 4375 2896 4431 Petri
2918 4388 2971 4432 et
2997 4378 3166 4445 Pauli,
3195 4386 3248 4433 et
3276 4394 3371 4449 per
3394 4391 3517 4436 octo
3543 4383 3659 4438 dies
3686 4402 3703 4449 ;
3732 4383 3786 4438 in

2196 4468 2332 4523 festo
2360 4468 2529 4523 sancti
2562 4468 2703 4524 Petri
2733 4469 2799 4524 ad
2836 4467 3077 4535 Vincula,
3108 4470 3161 4524 in
3192 4469 3570 4541 Assumptione
3610 4473 3784 4530 beata

2117 4555 2169 4617 Β
2202 4559 2449 4630 Virginis,
2482 4570 2534 4614 et
2555 4574 2651 4629 per
2672 4568 2795 4613 octo
2821 4558 2965 4626 dies;
2996 4558 3047 4613 in
3072 4562 3257 4614 octava
3284 4563 3455 4615 sancti
3482 4562 3783 4630 Laurentii,

2194 4665 2260 4705 eo
2285 4650 2424 4719 quod
2454 4650 2598 4706 venit
2629 4648 2762 4704 infra
2791 4649 3042 4704 Octavam
3074 4648 3244 4705 beata:
3287 4648 3517 4720 Virginis
3542 4668 3557 4716 ;
3590 4651 3644 4707 in
3674 4653 3781 4707 Na-

2197 4743 2399 4797 tivitate
2452 4743 2623 4798 beatae
2666 4742 2915 4813 Virginis,
2950 4753 3006 4799 et
3046 4758 3140 4811 per
3182 4753 3303 4798 ueto
3350 4744 3497 4809 dies;
3532 4746 3585 4799 in
3639 4744 3788 4800 festis

2194 4833 2542 4903 Angelorum,
2578 4833 2633 4889 in
2666 4832 2801 4889 festo
2830 4844 3027 4889 sanctae
3057 4834 3264 4899 Crucis,
3298 4833 3349 4888 in
3380 4834 3516 4888 festo
3542 4836 3782 4889 omnium

2196 4926 2537 4992 Sanctorum,
2563 4925 2618 4981 in
2645 4925 2780 4981 {esto
2808 4927 3167 4996 apostolorum
3211 4936 3267 4980 et
3306 4926 3781 4995 evangelistarum,

2195 5027 2251 5072 et
2288 5020 2457 5074 sancti
2501 5020 2787 5085 Barnabas;
2845 5019 2897 5073 in
2945 5019 3195 5074 omnibus
3240 5019 3736 5075 consecrationibus
3767 5062 3783 5087 ,

2193 5107 2534 5163 ecclesiarum
2557 5117 2608 5163 et
2636 5108 2896 5174 altarium,
2930 5118 2982 5163 et
3008 5110 3339 5176 pontiﬁcum.

2196 5197 2378 5253 LXVI.
2420 5197 2494 5252 De
2520 5197 2693 5266 ofﬁcio
2722 5198 2905 5269 vigilia:
2940 5196 3238 5319 Izattwitatis
3277 5195 3489 5252 Domini
3517 5194 3573 5249 in
3610 5196 3783 5266 ofﬁcio

2832 5283 2946 5319 ares
2980 5283 3013 5319 υ
3035 5284 3129 5319 eri.

2832 5283 3129 5337 presbyteri.

2264 5360 2320 5415 In
2350 5359 2529 5430 vigilia
2550 5357 2848 5414 Nativitatis
2881 5354 3087 5412 Domini
3115 5359 3277 5413 statio
3303 5357 3369 5414 ad
3399 5368 3645 5415 sanctam
3675 5359 3784 5414 lla-

2193 5453 2323 5509 riam
2359 5453 2636 5524 Majorem.
2692 5452 3096 5509 Consueverunt
3124 5453 3346 5509 Romani
3377 5455 3665 5524 pontifices
3692 5454 3785 5507 ba-

2192 5557 2379 5603 ctcnus
2404 5561 2623 5616 pergere
2633 5545 2697 5600 ad
2720 5556 2956 5601 sanctam
2970 5545 3187 5601 Mariam
3202 5545 3474 5615 Majorem,
3492 5556 3548 5601 et
3569 5555 3788 5601 cantare

2196 5642 2264 5695 ibi
2298 5641 2510 5695 Missam
2537 5638 2604 5695 de
2650 5638 2849 5710 vigilia,
2882 5646 2937 5694 et
2968 5654 3183 5694 camare
3214 5638 3305 5701 ibi,
3336 5646 3393 5694 et
3418 5649 3543 5709 post
3568 5653 3780 5694 canam

2198 5734 2462 5805 Vesperas
2491 5732 2798 5790 decantare.
2833 5731 3065 5789 Peractis
3092 5739 3270 5789 autem
3305 5729 3575 5801 Vesperis,
3628 5730 3781 5784 datm
