4006 6294
282 278 411 333 liSl

1459 236 1723 336 ΠΟΜᾸΝΙ
1766 280 2081 337 OﬂlthES.
2124 314 2188 323 -—
2234 283 2367 337 XIV.

276 400 443 464 potus
489 393 542 444 in
598 391 749 455 aula;
801 401 855 447 et
903 391 1148 446 dominus
1172 407 1305 463 papa
1346 393 1659 449 remanebat
1700 392 1772 446 ibi
1821 408 1867 446 el
1903 398 1947 453 Α
1978 395 2208 463 dinales,
2239 401 2327 469 qui
2360 400 2540 471 legunt
2568 401 2824 461 lectiones
2854 406 2952 461 hac
2980 417 3159 475 nocte,
3194 426 3297 465 non
3342 420 3561 473 veniunt

276 481 649 551 pernoctabat,
674 492 728 535 et
756 481 826 536 ibi
853 484 1047 549 stabat,
1075 490 1185 537 toto
1212 482 1404 537 ibidem
1428 493 1683 552 apparatu
1705 486 1867 537 curiae

276 571 573 625 existente.
615 570 799 625 Primo
828 572 1114 643 episcopus
1144 572 1223 627 vel
1255 573 1531 644 presbyter
1558 574 1861 637 cardinalis,

269 662 363 729 qui
395 662 596 714 assistit
627 661 847 715 domino
887 678 1037 730 papae
1074 664 1124 717 in
1171 676 1324 718 nocte
1374 664 1578 719 Natalis
1631 664 1859 725 Domini,

266 752 432 807 debet
462 753 731 807 associare
758 753 1031 809 dominum
1063 769 1278 825 papam,
1311 764 1367 810 ut
1393 756 1556 810 moris
1583 766 1685 820 est,
1709 756 1861 811 indu-

267 851 353 897 tus
395 842 612 911 pluviali
658 842 803 898 albo.
838 844 1039 899 Deinde
1070 846 1310 901 videlicet
1343 844 1502 901 debet
1533 854 1715 901 tenere
1757 848 1856 900 mi-

265 942 427 998 tram,
478 932 605 987 dum
652 932 856 1001 incipit,
908 934 1143 1001 Domine,
1200 936 1360 1003 labia,
1401 948 1530 1001 etc.,
1563 948 1619 993 et
1640 938 1778 993 Deus
1807 940 1861 994 in

261 1024 608 1093 adjutorium,
640 1035 694 1081 et
720 1036 864 1081 stare
908 1027 978 1083 ibi
1026 1028 1226 1095 officio,
1274 1040 1331 1083 ut
1374 1032 1541 1083 moris
1581 1039 1683 1086 est.
1726 1029 1857 1085 Cum

264 1129 397 1171 vero
420 1127 667 1173 cantatur
696 1119 883 1174 ultimo
914 1121 1064 1174 tertia
1098 1120 1424 1190 Antipltona,
1448 1123 1644 1192 accipit
1668 1138 1856 1194 capsu-

261 1209 369 1264 lam
402 1226 522 1266 cum
556 1210 780 1268 incenso
810 1213 875 1268 de
904 1228 1061 1267 manu
1092 1214 1343 1286 acnlytbi,
1380 1224 1434 1270 et
1475 1215 1715 1270 incensat
1757 1218 1857 1271 do-

263 1320 293 1355 n
322 1303 411 1359 ino
443 1319 612 1375 νίψω,
648 1314 703 1359 ut
731 1307 896 1367 moris
920 1314 1033 1369 est;
1080 1306 1275 1362 deinde
1301 1306 1448 1361 vadit
1474 1306 1540 1361 ad
1579 1308 1771 1374 altare,
1801 1317 1857 1363 et

262 1394 509 1449 incensat
554 1396 749 1465 ipsum,
784 1398 946 1469 δαὶ
990 1398 1186 1454 deinde
1224 1398 1499 1454 dominum
1539 1415 1749 1469 papam,
1802 1410 1856 1457 et

265 1485 445 1540 reddit
476 1486 763 1558 acolytho;
812 1498 867 1544 et
916 1488 1055 1543 idem
1110 1489 1235 1544 facit
1267 1489 1319 1544 in
1350 1491 1588 1546 secundo
1615 1502 1669 1546 et
1699 1494 1855 1548 tertio

257 1586 547 1644 nocturno,
598 1587 653 1633 et
691 1578 849 1633 debet
896 1579 1074 1650 legele
1123 1579 1407 1637 lectionem
1441 1590 1686 1652 quartam
1717 1597 1853 1638 unus

262 1666 543 1735 presbyter
572 1667 877 1722 cardinalis.

1976 490 2040 543 ad
2071 491 2419 547 osculandum
2444 493 2634 564 pedem
2669 511 2837 567 papae.
2885 499 2949 553 Et
2973 508 3096 554 nota
3124 502 3265 571 quod
3292 504 3560 561 Matutinre

1973 597 2076 632 non
2126 583 2467 653 mandantur,
2513 587 2605 642 sed
2651 602 2840 644 omnes
2879 599 2988 645 tres
3029 591 3204 648 Missa:
3235 610 3329 663 per
3358 595 3555 665 Papam

1965 670 2239 737 dicuntur,
2262 673 2376 730 sive
2404 676 2600 732 debent
2621 678 2726 734 dici
2753 696 2767 733 :
2797 696 2968 749 neque
2996 690 3097 746 est,
3130 692 3236 737 etc.

2146 766 2354 822 LXVII.
2400 766 2476 821 De
2523 770 2685 824 Missa
2716 772 2877 826 noctis
2909 771 3117 827 Natalis
3145 772 3377 829 Domini.

2040 856 2301 914 Omnibus
2327 859 2393 915 iis
2426 860 2610 927 finitis,
2630 863 2881 918 dominus
2928 878 3061 933 papa
3102 874 3366 934 praeparat
3396 880 3455 921 se
3486 865 3551 919 ad

1972 951 2186 1005 Missam
2209 952 2524 1007 cantandam
2545 942 2904 1024 ad'l’rzesepe,
2925 954 3011 1010 ubi
3029 955 3286 1026 quidquid
3309 955 3555 1022 offertur,

1970 1043 2205 1111 quandiu
2236 1042 2487 1099 dominus
2518 1059 2651 1114 papa
2682 1048 3064 1115 celebraverit,
3096 1050 3209 1103 sive
3239 1050 3304 1103 ad
3337 1063 3549 1114 manus,

1968 1136 2080 1186 siVe
2107 1134 2172 1186 ad
2208 1134 2370 1202 pedes
2400 1134 2571 1202 ipsius
2610 1137 2847 1205 domini,
2879 1137 2963 1192 vel
3015 1154 3179 1207 super
3225 1140 3425 1205 altare,
3458 1157 3551 1194 ca-

1969 1223 2299 1290 pellanorum
2331 1235 2434 1288 est,
2463 1237 2691 1296 excepto
2722 1243 2878 1299 pane,
2910 1230 2998 1297 qui
3027 1240 3111 1284 est
3138 1232 3505 1300 acolythorutn
3530 1272 3546 1297 ,

1966 1315 2010 1368 si
2045 1315 2285 1383 recipere
2313 1319 2597 1373 voluerint.
2638 1320 2695 1374 In
2727 1335 2829 1390 qua
2880 1322 3038 1377 Missa
3092 1323 3255 1376 utitur
3302 1323 3548 1378 dominus

1966 1421 2098 1474 papa
2130 1408 2287 1462 mitra
2320 1408 2550 1477 frigiata.
2576 1410 2729 1464 Mitra
2756 1410 2964 1481 frigiata
2998 1427 3103 1466 non
3128 1413 3293 1467 utitur
3320 1415 3545 1468 ecclesia

1962 1497 2201 1551 Romana
2224 1498 2291 1553 ab
2325 1500 2565 1554 Adventu
2589 1515 2757 1569 usque
2784 1503 2848 1555 ad
2877 1501 3069 1556 festum
3109 1501 3409 1557 Nativitatis
3436 1504 3542 1559 Do-

1962 1589 2114 1652 mini,
2149 1600 2373 1660 excepto
2396 1591 2537 1661 quod
2571 1592 2823 1647 dominus
2842 1607 2977 1662 papa
3006 1597 3173 1648 utitur
3193 1594 3245 1649 in
3267 1594 3541 1650 Dominica

1960 1682 2027 1737 de
2054 1680 2322 1749 Gaudete;
2348 1698 2447 1740 nec
2476 1698 2506 1740 a
2538 1684 2941 1756 Septuagesima
2966 1702 3135 1754 usvgue
3158 1688 3226 1742 ad
3254 1688 3541 1745 secundam

331 1759 390 1815 Si
440 1768 616 1815 autem
666 1762 858 1817 debeat
902 1762 1117 1817 Missam
1167 1771 1389 1820 cantare
1430 1765 1485 1820 in
1514 1765 1638 1835 galli
1667 1777 1847 1833 can'u,
1883 1806 1930 1867 Β
1963 1774 2146 1828 feriam
2178 1776 2395 1846 majoris
2423 1777 2793 1847 hebdomadas,
2830 1789 3057 1849 excepto
3094 1778 3239 1850 quod
3288 1781 3541 1836 dominus

253 1850 340 1905 vel
390 1851 441 1905 in
496 1865 671 1917 mane,
726 1853 897 1921 primo
943 1854 1117 1909 induit
1143 1870 1204 1910 se
1248 1857 1495 1911 omnibus
1527 1857 1849 1913 indumentis

248 1940 410 2007 albis,
440 1949 495 1995 et
524 1940 669 1995 vadit
702 1942 767 1996 ad
813 1942 1020 2009 altare;
1056 1952 1110 1998 et
1140 1953 1289 2001 stans
1330 1960 1361 1999 a
1389 1947 1623 2001 sinistris
1644 1947 1848 2002 domini

253 2047 426 2102 νίψεν,
480 2034 668 2104 incipit
714 2036 898 2092 dicens
938 2035 1191 2104 Introibo,
1233 2048 1289 2094 et
1337 2038 1603 2095 Psalmum
1627 2040 1849 2107 ludicri;

254 2126 445 2181 deinde
475 2126 729 2196 repetitur
758 2128 1017 2196 lntroibo,
1054 2141 1107 2186 et
1156 2147 1413 2202 responso
1441 2149 1469 2185 a
1500 2134 1851 2191 circumstan—

254 2218 396 2273 tibus
422 2221 499 2272 Ad
530 2219 717 2287 Deum,
759 2230 888 2286 etc.,
914 2223 1163 2279 dominus
1191 2240 1323 2294 papa
1353 2226 1485 2281 dicit
1515 2227 1845 2283 Versiculum

254 2308 607 2381 Adjulorium,
637 2320 768 2379 etc.,
803 2322 857 2368 et
902 2312 1029 2368 facit
1053 2314 1442 2371 confes-iunoni
1468 2326 1521 2371 et
1549 2318 1842 2373 absolutio-

261 2413 405 2453 nem.
440 2399 641 2456 Deinde
670 2404 925 2457 sacerdos
950 2402 1080 2458 dicit
1113 2404 1444 2460 Versiculum
1474 2404 1615 2462 Deus
1642 2418 1697 2462 tu
1724 2425 1851 2462 con-

254 2504 445 2553 versus,
471 2500 600 2557 etc.,
619 2501 672 2547 τι
694 2503 975 2564 antequam
1002 2495 1289 2563 incipiatur
1314 2497 1584 2562 lntro'ttns,
1608 2500 1848 2557 ineensat

252 2583 459 2649 altare;
490 2594 544 2640 ct
574 2596 756 2655 postea
797 2589 935 2643 redit
960 2588 1027 2643 ad
1057 2591 1264 2655 sedem,
1296 2600 1349 2646 et
1380 2592 1510 2646 dicit
1541 2594 1844 2663 lntroitum,

255 2674 440 2745 Kyrie,
471 2679 683 2747 eleison,
713 2688 769 2735 et
807 2681 1150 2751 prosequitur
1183 2683 1340 2736 Missa
1385 2683 1437 2737 in
1486 2685 1676 2739 ordine
1722 2702 1842 2740 suo.

250 2767 385 2822 Item
430 2769 482 2823 in
516 2770 687 2838 primo
714 2780 976 2827 nocturno
1002 2772 1184 2842 legunt
1222 2784 1331 2827 tres
1367 2774 1626 2829 lectiones
1661 2776 1843 2832 clerici

250 2856 491 2928 ejusdem
522 2862 787 2931 ecclesiis,
830 2871 885 2918 et
914 2874 1160 2919 cantores
1193 2879 1289 2933 pro
1318 2865 1428 2934 ipsa
1458 2867 1681 2921 ecclesia
1711 2883 1843 2923 can-

250 2960 366 3005 tant
385 2951 484 3006 tria
511 2952 892 3021 Responsoria.
949 2952 1259 3009 Lectionem
1290 2962 1532 3025 quartam
1561 2958 1685 3027 legit
1706 2974 1844 3014 unus

248 3056 315 3095 cx
343 3044 712 3099 cardinalLbus
746 3045 1073 3115 presbyteris
1099 3061 1113 3111 ;
1161 3045 1443 3100 lectionem
1474 3049 1710 3116 quintam
1741 3050 1841 3103 ali-

250 3135 372 3203 quis
397 3135 581 3203 judcx,
615 3136 698 3192 vel
720 3136 1167 3207 septimanarius;
1200 3136 1481 3193 lectionem
1505 3150 1709 3194 sextam
1741 3142 1841 3196 ali-

1964 1880 2095 1935 papa
2126 1867 2291 1922 utitur
2332 1869 2385 1923 iu
2430 1870 2705 1925 Dominica
2736 1881 2923 1942 quarta
2954 1874 3410 1944 Quadragesimtc,
3436 1890 3539 1945 qua

1959 1968 2207 2014 cantatur
2234 1960 2453 2027 La‘tare,
2477 1962 2766 2019 Jerusalem
2780 1983 2803 2033 ;
2826 1982 2922 2023 nec
2952 1968 3007 2022 in
3031 1969 3282 2025 omnibus
3322 1968 3536 2040 vigiliis,

1958 2051 2027 2106 de
2056 2052 2249 2121 quibus
2272 2054 2535 2124 jejunium
2568 2057 2890 2126 celebratur,
2924 2076 3021 2115 nec
3052 2062 3105 2115 in
3143 2070 3370 2131 quatuor
3399 2070 3537 2119 tem-

1960 2150 2199 2217 poribus,
2232 2166 2330 2206 nec
2358 2151 2410 2205 in
2444 2152 2847 2223 Rogationibus,
2881 2169 2979 2209 nec
3005 2154 3059 2210 in
3087 2156 3313 2222 litaniis,
3347 2171 3449 2212 nec
3485 2159 3537 2212 in

1956 2240 2149 2295 officiis
2196 2241 2593 2298 defunctorum.
2636 2245 2766 2300 Item
2820 2247 3015 2302 dicitur
3060 2248 3112 2302 in
3164 2248 3319 2304 Missa
3372 2250 3542 2304 noctis

1956 2326 2134 2383 Gloria
2162 2331 2214 2384 in
2243 2334 2457 2387 excelsis
2490 2332 2618 2397 Deo,
2647 2344 2703 2389 et
2731 2334 2921 2402 Credo,
2947 2347 2999 2392 et
3019 2335 3264 2393 Prmfatio
3291 2337 3428 2407 Quia
3453 2357 3542 2410 per

1949 2422 2226 2489 incantati,
2255 2434 2384 2488 etc.,
2414 2434 2469 2479 et
2497 2424 2964 2483 Commuuieantes.

1954 2514 2019 2569 In
2070 2516 2426 2572 Catremoniali
2450 2519 2646 2572 domini
2674 2520 3095 2589 Rothomagensis
3129 2523 3192 2576 de
3223 2521 3535 2577 Stoulavillu

2468 2589 2685 2643 habetur
2716 2602 2769 2643 ut
2800 2592 3005 2663 legitur.

2020 2678 2149 2733 Item
2181 2679 2233 2733 in
2255 2681 2506 2749 praaseuti
2539 2681 2697 2735 Missa
2726 2681 2873 2737 solus
2894 2681 3127 2750 pontifex
3150 2683 3533 2745 communicat,

1954 2776 2008 2822 et
2035 2784 2198 2837 super
2228 2770 2433 2837 altare;
2470 2780 2523 2825 et
2551 2772 2668 2826 sine
2712 2771 2920 2827 calamo
2950 2771 3085 2827 bibit
3113 2774 3448 2843 sanguinem,
3479 2787 3529 2828 ei

1948 2860 2083 2915 nihil
2112 2862 2280 2927 aliud,
2316 2864 2439 2932 quia
2472 2862 2628 2918 habet
2652 2864 2926 2919 celebrare
2958 2864 3100 2918 illam
3128 2864 3194 2917 de
3218 2863 3530 2931 tertiis,sed

1948 2968 2067 3007 cum
2084 2953 2263 3023 digitis
2281 2954 2417 3009 bene
2434 2963 2603 3023 tergat
2618 2955 2838 3011 calicem
2856 2973 2870 3023 ;
2887 2966 2941 3011 et
2956 2971 3076 3011 cum
3090 2968 3225 3026 aqua
3240 2955 3377 3010 infra
3392 2955 3531 3010 lavet

1948 3047 2164 3118 digitos,
2196 3057 2353 3116 prout
2381 3046 2547 3101 moris
2568 3056 2653 3102 est
2679 3047 2731 3103 in
2758 3047 2931 3103 Missis
2970 3048 3179 3117 parvis:
3212 3056 3265 3101 et
3291 3062 3531 3101 commu-

1950 3139 2196 3193 nicantur
2225 3139 2315 3207 qui
2343 3139 2552 3196 volunt.
2587 3137 2640 3192 In
2675 3148 2831 3194 nocte
2859 3148 3037 3195 autem
3083 3138 3383 3194 Nativitatis
3424 3138 3529 3193 Do-
3596 3196 3597 3199 η

247 3228 370 3298 quis
397 3227 656 3284 diaconus
687 3228 942 3285 Romana:
968 3230 1175 3296 curiae;
1225 3229 1507 3285 lectionem
1556 3233 1837 3302 septimana
1868 3207 1914 3269 (ἶ
1950 3228 2076 3282 mini
2101 3228 2262 3283 statio
2285 3227 2351 3282 ad
2385 3228 2653 3297 Praesepe.
2685 3228 2907 3283 Peracto
2952 3227 3132 3284 officio
3178 3227 3353 3284 Missae
3396 3243 3525 3283 can-

245 3317 522 3374 bomiiiam
552 3318 746 3389 aliquis
767 3318 1025 3375 diaconus
1055 3319 1344 3376 cardinalis
1371 3320 1462 3390 qui
1492 3322 1660 3378 servit
1688 3338 1837 3393 papae

243 3426 275 3465 a
320 3422 469 3481 parte
509 3412 748 3480 sinistra,
787 3422 843 3467 et
879 3414 1036 3468 aliam
1086 3412 1360 3468 homiliam
1405 3415 1541 3470 alter
1582 3415 1839 3471 diaconus

242 3502 573 3567 cardinalis;
633 3517 826 3558 nonam
884 3518 1011 3559 vero
1057 3504 1341 3562 lectimem
1402 3506 1530 3577 legit
1582 3508 1837 3564 dominus

240 3608 401 3662 papa,
437 3592 488 3647 itt
519 3607 621 3660 qua
649 3592 777 3647 dicit
810 3594 963 3661 lube,
981 3598 1184 3665 domne,
1208 3600 1502 3656 benedicere
1527 3618 1546 3668 ;
1575 3612 1626 3658 et
1659 3604 1836 3658 nullus

239 3683 523 3739 benedicat
550 3684 619 3749 ei,
663 3684 763 3739 nisi
796 3688 1165 3743 tantummodo
1192 3690 1332 3757 quod
1362 3707 1551 3746 omnes
1598 3708 1831 3762 reSpon-

238 3775 369 3828 dvnt
428 3774 531 3827 alta
556 3788 688 3841 voce
736 3778 920 3831 Amen.
983 3777 1153 3831 Finita
1206 3780 1451 3846 lectione,
1506 3782 1713 3837 dicatur
1763 3784 1835 3838 Te

240 3864 409 3920 Deam
467 3866 762 3937 laudamus,
809 3876 863 3923 et
902 3884 966 3923 co
1018 3869 1190 3936 linito,
1235 3870 1485 3925 dominus
1532 3888 1667 3942 papa
1705 3873 1832 3929 dicit

240 3957 574 4021 Orationem,
603 3959 828 4028 scilicet,
863 3958 1112 4027 Concede,
1136 3978 1444 4030 quwaumns.

243 4070 327 4125 Ex
382 4070 734 4126 eremoiiali
782 4074 992 4147 antiquo
1040 4074 1234 4128 domini
1270 4084 1293 4112 ⁸
1325 4075 1743 4147 liotlwmagensfs
1770 4080 1833 4131 de

870 4144 1198 4199 Stoutatilla.

321 4235 379 4290 ln
408 4234 528 4291 istis
555 4235 829 4292 Matutinis
858 4252 990 4306 papa
1025 4240 1170 4292 venit
1198 4238 1411 4295 indutus
1457 4254 1623 4310 capra
1679 4241 1828 4297 lanra

238 4329 308 4382 dc
332 4327 562 4384 scarleto
590 4328 777 4395 rubeo,
805 4330 983 4385 clausa
1012 4344 1181 4400 usque
1210 4330 1275 4385 ad
1309 4330 1540 4385 medium
1574 4334 1827 4405 pectoris,

246 4434 370 4473 cum
403 4419 574 4475 bireto
603 4420 907 4476 connodato
935 4420 1118 4475 subtus
1148 4422 1363 4476 barbam
1396 4430 1615 4492 propter
1643 4424 1826 4493 frigus,

1950 3328 2130 3375 tantur
2162 3320 2351 3375 laudes
2368 3361 2384 3387 ,
2407 3321 2606 3376 deinde
2632 3320 2777 3376 vadit
2803 3323 3101 3391 quiescere.

2018 3412 2075 3471 Si
2108 3416 2401 3483 imperator
2426 3415 2507 3470 vel
2532 3431 2624 3471 rex
2655 3415 2727 3470 sit
2754 3416 2804 3469 iu
2846 3415 2993 3469 curia
3023 3416 3121 3468 hic
3151 3423 3325 3481 nocte,
3358 3413 3525 3469 sacri-

1946 3515 2024 3561 sta
2047 3514 2103 3560 et
2128 3506 2309 3561 clerici
2340 3514 2665 3575 prtesentant
2689 3506 2789 3561 sibi
2837 3506 3027 3561 librum
3078 3505 3444 3575 legendarum,
3473 3504 3524 3556 in

1944 3612 2049 3666 quo
2078 3598 2238 3652 debet
2268 3597 2445 3667 legere
2468 3597 2633 3669 326
2667 3598 2905 3667 quintam
2938 3597 3254 3661 lectionem,
3299 3603 3354 3651 et
3400 3610 3521 3650 eum

1946 3687 2169 3741 honeste
2200 3690 2467 3742 tnstruunt
2496 3687 2564 3742 de
2593 3687 2929 3743 cmremoniis
2959 3687 3304 3742 observandis
3348 3688 3399 3741 in
3430 3700 3519 3754 pe-

1945 3777 2105 3830 tendo
2124 3777 2583 3842 fknedictionem,
2614 3778 2667 3832 in
2694 3778 2917 3834 levando
2947 3794 3132 3833 ensem
3159 3794 3279 3833 cum
3305 3780 3518 3850 vagina,

1941 3874 1995 3920 et
2016 3866 2369 3932 extrahendo,
2401 3866 2573 3935 ipsum
2597 3868 2873 3933 vibrando,
2907 3878 2961 3925 et
2986 3871 3054 3926 de
3085 3872 3319 3940 pluviali,
3349 3871 3518 3941 pileo,

1939 3967 1996 4013 et
2019 3958 2163 4010 aliis.

2013 4048 2141 4102 item
2174 4048 2481 4103 nutablliter
2510 4059 2725 4117 paretur
2758 4065 2851 4117 per
2879 4052 3154 4105 saerisnam
3198 4063 3252 4107 et
3296 4053 3521 4108 clericos

1937 4155 2163 4194 camera:
2191 4142 2334 4194 ensis
2357 4156 2478 4193 cum
2499 4142 2704 4209 vagina,
2729 4156 2809 4195 eo:
2826 4141 2957 4211 rigia
2982 4152 3034 4196 et
3066 4143 3202 4209 pileo
3229 4146 3520 4199 secundum

1938 4227 2271 4285 nobil-tatem
2305 4230 2560 4299 principis
2585 4248 2599 4296 ;
2624 4240 2677 4285 et
2725 4231 2849 4284 dum
2879 4242 3123 4286 cantatur
3152 4240 3398 4301 quartum
3431 4250 3516 4289 re-

1936 4326 2303 4394 sponsorium,
2348 4324 2393 4379 si
2435 4325 2507 4381 sit
2533 4322 2848 4393 imperator,
2882 4325 2964 4380 vel
3013 4340 3132 4391 rex,
3165 4327 3516 4395 camerarius,

1935 4419 2179 4483 sacrista,
2211 4428 2265 4474 et
2291 4418 2473 4473 clerici
2520 4417 2738 4487 capella:
2784 4428 2970 4489 parant
3018 4434 3184 4473 unum
3236 4418 3514 4488 pulchrum

236 4520 295 4565 et
321 4510 438 4565 sine
461 4511 615 4566 mitra
643 4512 793 4566 sedet
817 4511 867 4565 in
898 4512 1052 4567 dictis
1078 4511 1364 4579 Matutinis,
1395 4528 1528 4583 quas
1558 4514 1671 4583 ipse
1693 4515 1828 4571 inci-
1862 4524 1906 4581 ο
1934 4511 2167 4580 pluviale
2197 4513 2397 4577 album,
2421 4519 2475 4567 et
2499 4521 2621 4565 ante
2647 4512 2906 4581 pulpitum
2930 4512 3205 4581 deponunt
3224 4512 3326 4567 sibi
3356 4527 3516 4581 capu-

240 4602 317 4668 pit
358 4616 507 4657 more
552 4602 733 4657 solito.
779 4601 889 4657 Nec
931 4614 1076 4657 stant
1128 4613 1253 4658 ante
1308 4605 1475 4659 altare
1525 4605 1825 4661 cardinales

232 4690 467 4757 diaconi,
516 4691 611 4746 sed
656 4691 846 4747 sedent
887 4693 941 4747 in
969 4694 1152 4763 cappis
1179 4692 1336 4763 juxta
1367 4693 1612 4750 ordinem
1643 4711 1822 4750 suum.

240 4781 382 4837 Duas
430 4783 627 4852 primas
676 4785 935 4855 lectiones
976 4785 1155 4855 legunt
1201 4786 1456 4855 acolytbi,
1504 4787 1586 4842 vel
1642 4788 1825 4842 clerici

233 4875 454 4945 capella:
474 4894 488 4943 ;
532 4879 745 4934 tertiam
770 4879 899 4949 legit
918 4880 1092 4933 minor
1112 4878 1338 4935 clericus
1358 4894 1584 4933 camera:
1612 4880 1827 4934 thesan.

240 4970 433 5033 rariae;
466 4978 708 5037 quartam
734 4970 908 5025 minor
937 4970 1217 5041 presbyter
1237 4970 1556 5035 cardinalis;
1589 4971 1825 5041 quintam

237 5059 473 5115 nobilior
501 5062 553 5115 in
577 5077 796 5132 genere,
825 5065 914 5131 qui
936 5072 1060 5117 tunc
1084 5065 1219 5118 sitin
1244 5064 1420 5130 curia;
1452 5075 1658 5119 sextam
1684 5067 1829 5133 prior

234 5150 731 5221 subdiaconorum;
785 5155 945 5226 325
1003 5156 1288 5224 septimam
1348 5157 1524 5211 minor
1572 5156 1830 5212 diaconus

238 5243 554 5311 cardinalis,
588 5248 677 5312 qui
710 5255 816 5302 stat
847 5262 875 5300 a
902 5248 1134 5302 sinistris
1164 5263 1315 5316 papa:
1344 5265 1359 5312 ;
1399 5248 1651 5303 Octavam
1683 5251 1828 5317 prior

232 5332 593 5389 diaconorum
637 5335 1008 5399 cardinalium,
1050 5337 1139 5406 qui
1179 5344 1287 5391 stat
1330 5352 1358 5390 a
1389 5337 1594 5392 dextris
1640 5352 1823 5409 papae;

233 5441 433 5479 nonam
463 5442 618 5497 papa,
651 5428 703 5482 in
726 5442 833 5498 qua
858 5428 986 5485 dicit
1008 5431 1181 5484 solum
1202 5429 1358 5497 lube,
1387 5429 1593 5493 domne,
1626 5430 1829 5484 benedi-

232 5532 367 5579 cere,
393 5526 446 5571 et
470 5528 719 5576 cantores
746 5521 1070 5591 respondent
1098 5520 1276 5576 Amen.
1302 5521 1369 5575 Et
1395 5529 1518 5575 nota
1539 5522 1679 5591 quod
1699 5536 1826 5577 car-

310 5638 333 5663 ἰ
366 5630 417 5684 ld
454 5641 543 5705 est
594 5648 660 5705 ex
714 5632 1111 5689 Catremonialis
1164 5636 1305 5690 Petri
1354 5636 1546 5690 Amelii
1588 5636 1822 5705 episcopi

233 5700 651 5772 Senegalliensis
703 5705 969 5775 exemplo,
1019 5706 1155 5775 quod
1201 5707 1297 5763 fuit
1352 5700 1633 5776 quondam
1674 5700 1823 5765 Guil~

1934 4603 2099 4667 cium,
2132 4610 2186 4657 et
2218 4602 2388 4671 ipsum
2438 4601 2661 4656 induunt
2687 4602 2753 4655 ad
2802 4602 3021 4656 modum
3062 4603 3358 4674 chlamydis
3388 4603 3514 4657 illud

1934 4696 2186 4766 pluviale,
2213 4696 2283 4751 ita
2300 4694 2439 4766 quod
2458 4695 2688 4751 scissura
2703 4696 2770 4749 sit
2796 4694 2861 4750 ad
2885 4710 3099 4750 manum
3123 4697 3237 4765 ejus
3250 4698 3512 4761 dextram,

1932 4798 1991 4842 et
2021 4788 2242 4857 cingunt
2265 4787 2314 4840 ei
2344 4801 2556 4852 ensem;
2590 4795 2644 4841 et
2672 4787 2898 4856 ipsemet
2929 4787 3174 4851 extrahit,
3202 4794 3257 4841 et
3290 4784 3416 4841 facit
3445 4786 3521 4842 vi-

1935 4878 2115 4947 brare,
2151 4890 2200 4934 et
2230 4888 2435 4947 ponunt
2463 4879 2565 4932 sibi
2595 4894 2758 4948 super
2785 4886 2942 4949 caput
2971 4880 3188 4946 pileum,
3215 4888 3264 4933 et
3290 4878 3406 4948 ipse
3436 4879 3515 4934 in.

1934 4969 2095 5025 clinat
2120 4979 2281 5038 caput
2304 4969 2369 5023 ad
2395 4984 2605 5038 papam,
2636 4980 2689 5024 et
2715 4971 2844 5039 petit
2874 4970 3327 5040 Denedictionem,
3350 4979 3403 5025 et
3433 4970 3513 5025 le-

1930 5063 2006 5133 git
2037 5062 2320 5117 lectionem
2366 5062 2464 5116 sibi
2512 5062 2781 5131 prtcdictis
2829 5063 3158 5128 astantibus;
3210 5077 3311 5133 qua
3358 5062 3516 5130 lecta,

1931 5155 2136 5207 ducunt
2156 5153 2233 5208 sic
2264 5153 2506 5207 indutum
2537 5167 2657 5206 cum
2686 5153 2824 5222 pileo
2853 5166 3016 5221 super
3050 5163 3210 5222 caput
3249 5167 3379 5209 ense
3427 5170 3518 5208 ex-

1932 5254 2100 5300 tracto
2130 5247 2181 5299 in
2214 5261 2373 5300 manu
2402 5245 2469 5299 ad
2496 5243 2739 5299 osculum
2787 5241 2939 5314 pedis
2992 5258 3163 5314 papae,
3193 5252 3249 5298 et
3300 5245 3521 5313 qud.bet

1932 5339 2217 5394 revertitur
2241 5339 2306 5393 ad
2339 5338 2513 5393 locum
2542 5350 2719 5391 suum.

2003 5429 2302 5484 Notandum
2351 5428 2510 5483 etiam
2559 5422 2713 5496 quod
2750 5428 2795 5482 si
2849 5440 2982 5497 papa
3014 5426 3084 5481 sit
3126 5425 3344 5488 Romae,
3377 5426 3516 5480 hanc

1931 5520 2147 5575 Missam
2193 5521 2352 5578 debet
2381 5521 2656 5576 celebrare
2695 5519 2759 5574 ad
2804 5519 3055 5589 Praesepe
3095 5518 3324 5586 Domini,
3355 5527 3410 5574 et
3449 5520 3516 5574 de

1929 5638 2069 5764 lehﬁi
2099 5638 2520 5765 deﬁtoutavilla,
2552 5639 2937 5710 archicpiSCopi
2978 5638 3420 5709 Rutltomagensis
3461 5646 3514 5692 et

1929 5724 2012 5763 car
2058 5725 2141 5763 tua
2168 5725 2229 5765 t3.

1926 5724 2229 5769 (afthﬂitlls,

3425 298 3563 353 use
3640 362 3647 369 ο
