4006 6294
427 327 441 339 .
526 288 663 346 Η85

1202 289 1544 345 APPENDIX
1588 290 1674 354 AD
1713 289 1770 344 S.
1814 286 2141 345 GREGORII
2180 286 2392 346 MAGNI
2431 290 2794 352 LITURGICA
2836 299 3091 359 OPERA.

3655 315 3801 370 “Si

522 422 646 462 sero
678 405 873 459 ibidem
901 413 1116 460 cantare
1139 402 1422 468 Vesperas,
1451 413 1507 459 et
1533 418 1653 458 cum
1678 404 1887 459 clericis
1915 415 1967 459 et
2001 420 2094 459 no-
2122 401 2174 462 A
2200 402 2248 457 ei
2278 403 2487 459 obviam
2510 409 2608 463 sub
2636 412 2887 479 gradibus
2908 416 2960 468 in
2995 418 3220 484 porticu,
3252 430 3305 473 et
3336 421 3533 477 iaciunt
3581 427 3630 479 ei
3681 429 3801 482 lau-

521 495 712 551 bilibus
737 495 893 551 Urbis
924 494 1096 547 facere
1130 504 1306 558 t-otum
1350 494 1399 546 in
1425 495 1564 549 aula.

524 605 755 661 LXVIII.
792 605 1026 662 Qualiter
1052 606 1286 668 agiturin
1316 605 1582 660 Matutinis
1609 617 1655 661 et
1680 608 1838 661 Missa
1880 612 1929 662 in
1958 620 2101 664 nocte

774 673 979 727 Natalis
1012 674 1217 727 Domini
1241 691 1413 728 coram
1444 693 1600 746 papa,
1619 680 1846 732 rubrica.

584 784 763 837 Primo
785 782 1066 850 episcopus
1094 784 1173 839 vel
1211 785 1488 856 presbyter
1516 788 1825 854 cardinalis,
1846 792 1930 860 qui
1963 793 2095 846 assi-

521 876 614 930 stit
644 874 861 928 domino
885 890 1032 943 papae
1062 876 1113 929 in
1146 886 1300 930 nocte
1330 877 1528 934 Natalis
1560 881 1767 936 Domini
1790 923 1804 943 ,
1837 884 1994 938 debet
2017 901 2098 940 as-

512 964 715 1018 sociare
743 962 1012 1017 dominum
1045 980 1232 1033 papam
1264 967 1329 1020 ad
1369 968 1560 1033 altare,
1599 978 1656 1024 ut
1689 973 1852 1026 moris
1880 981 1983 1038 est,
2020 973 2099 1026 in~

512 1055 667 1108 dutus
689 1055 901 1124 pluviali
926 1057 1073 1121 albo;
1098 1058 1291 1114 deinde
1313 1060 1472 1116 debet
1495 1071 1675 1117 tenere
1703 1065 1811 1117 miti
1828 1079 1937 1127 am,
1966 1065 2094 1118 dum

510 1145 687 1213 incipit
720 1145 952 1212 Domine,
989 1148 1124 1202 labia
1153 1167 1262 1203 mea
1286 1152 1503 1221 aperies,
1532 1163 1587 1209 et
1618 1153 1778 1222 Dens,
1808 1157 1859 1209 in
1888 1157 2095 1226 adjuto-

508 1237 661 1302 rium,
687 1246 741 1291 et
768 1250 910 1293 Stare
935 1239 1034 1294 sibi
1060 1241 1109 1293 in
1137 1240 1333 1307 ol‘licio,
1366 1254 1421 1297 ut
1458 1245 1622 1299 moris
1671 1254 1772 1301 est.
1800 1247 1933 1302 Cum
1965 1266 2092 1305 vero

509 1336 754 1383 cantatur
802 1330 993 1384 ultimo
1047 1332 1199 1386 tertia
1259 1332 1601 1402 Antiphona,
1653 1337 1844 1407 accipit
1903 1354 2091 1407 capsu-

508 1416 615 1474 lam
646 1433 765 1474 eum
796 1422 1014 1477 incenso
1061 1423 1128 1477 de
1175 1439 1331 1478 manu
1385 1427 1637 1496 acolythi,
1687 1430 1776 1496 qtti
1827 1429 2091 1485 ministrat

510 1508 727 1563 domino
755 1525 904 1579 papae
925 1554 938 1577 ,
973 1523 1030 1566 ut
1057 1514 1218 1568 moris
1248 1523 1358 1582 est;
1391 1514 1584 1572 deinde
1625 1518 1770 1573 vadit
1799 1521 1865 1575 ad
1896 1521 2085 1591 altare,

509 1608 560 1654 et
614 1600 854 1656 incensat
904 1602 1088 1666 altare,
1117 1615 1170 1659 et
1223 1605 1416 1661 deinde
1466 1606 1739 1663 dominum
1791 1626 2005 1679 papam,
2035 1622 2088 1666 et

2203 492 2315 557 des,
2343 503 2496 561 prout
2517 497 2569 550 in
2592 498 2726 553 libro
2751 501 3076 573 Polyptyclto
3098 508 3357 576 scriptum
3375 523 3455 567 est
3482 532 3495 580 ;
3524 526 3577 568 et
3594 516 3669 571 ibi
3694 518 3809 571 do-

2202 585 2376 638 minus
2408 602 2540 655 papa
2571 590 2863 658 descendit,
2898 606 2951 649 et
2979 596 3222 667 deposito
3254 616 3417 669 regno
3457 605 3655 673 accipit
3699 610 3805 662 mi-

2204 684 2366 742 tram;
2393 678 2601 734 demum
2620 681 2826 751 judices
2849 685 3185 744 ducunteum
3210 708 3376 762 usque
3402 696 3466 749 ad
3492 697 3698 764 locum,
3747 700 3804 756 in

2205 782 2308 833 qua
2338 769 2491 824 datur
2531 775 2937 845 presbyterium.
2965 779 3114 836 Tunc
3136 799 3260 839 vero
3291 799 3494 843 exuunt
3522 806 3646 845 eum
3678 794 3800 863 pla-

2203 870 2323 911 neta
2355 876 2368 925 ;
2402 869 2457 915 et
2502 867 2743 933 apposito
2778 879 2957 925 manto
3002 889 3163 943 super
3206 881 3492 947 scapulas,
3543 885 3702 938 sedet
3750 888 3802 940 in

2199 955 2516 1010 consistorio
2555 959 2633 1011 vel
2678 962 2956 1030 cathedra,
3001 976 3054 1020 et
3110 970 3354 1025 manibus
3413 977 3643 1044 propriis
3706 979 3802 1032 dat

2203 1044 2613 1112 presbyterium.

2269 1134 2432 1206 328
2457 1137 2741 1194 Sciendum
2770 1153 2852 1196 est
2896 1146 3035 1212 quod
3085 1150 3347 1218 capellani
3392 1155 3658 1223 recipiunt
3694 1176 3794 1226 pro

2198 1225 2528 1294 presbyterio
2568 1231 2650 1284 illa
2696 1233 2783 1289 die
2806 1252 2965 1290 unum
3017 1240 3396 1311 malachinum,
3447 1258 3501 1302 et
3548 1249 3601 1301 in
3650 1254 3801 1304 omni

2199 1320 2549 1376 coronatione
2572 1338 2665 1378 sua
2695 1334 2919 1383 tantum.
2956 1330 3090 1388 Dato
3118 1336 3473 1406 presbyterio,
3517 1340 3597 1393 sic
3642 1343 3800 1395 indu.

2199 1414 2284 1460 tus
2317 1411 2462 1464 vadit
2491 1413 2555 1466 ad
2585 1430 2820 1472 mensam
2850 1437 2863 1485 ;
2888 1431 2939 1475 et
2968 1423 3156 1477 eodem
3185 1426 3271 1481 die
3299 1432 3581 1485 consuevit
3610 1432 3793 1501 legere

2196 1501 2259 1554 ad
2289 1517 2525 1559 mensam
2566 1510 2755 1577 aliquis
2792 1513 3049 1570 diaconus
3078 1518 3363 1574 cardinalis
3404 1522 3629 1577 indutus
3680 1527 3797 1593 plu-

2193 1589 2349 1646 viale.
2373 1592 2527 1648 Circa
2557 1612 2682 1653 vero
2712 1600 2867 1657 linem
2899 1604 3069 1662 Missa:
3106 1606 3289 1663 schola
3320 1622 3605 1668 cantorum
3640 1615 3798 1671 debet

506 1690 682 1747 reddit
713 1692 995 1764 acolytho;
1020 1702 1074 1748 et
1103 1695 1243 1750 idem
1296 1697 1421 1753 facit
1466 1700 1517 1753 in
1562 1702 1799 1755 secundo
1829 1710 1882 1758 et
1933 1705 2086 1757 tertio
2124 1723 2171 1783 Β
2196 1691 2423 1783 canta":
2456 1689 2815 1783 δξαυεηιῖίιωέ

506 1790 799 1848 nocturno;
831 1793 885 1837 et
933 1784 1094 1840 debet
1150 1786 1330 1856 legere
1359 1798 1602 1856 quartam
1635 1794 1917 1849 lectionem
1952 1806 2115 1851 unus‘

506 1872 788 1943 presbyter
818 1875 1123 1932 cardinalis.
1154 1878 1207 1934 Si
1243 1890 1418 1935 autem
1449 1881 1673 1938 deberet
1716 1885 1930 1939 Missmn
1962 1902 2091 1942 cau-

506 1970 619 2019 tare
650 1964 703 2019 in
730 1964 852 2034 galli
882 1977 1040 2023 cantu
1072 1969 1155 2023 vel
1185 1970 1236 2024 in
1271 1987 1449 2039 mane,
1480 1973 1652 2041 primo
1681 1974 1852 2031 induit
1881 1991 1939 2033 se
1968 1994 2085 2033 om-

510 2053 666 2110 nibus
692 2057 1028 2114 vestimentis
1058 2060 1210 2126 albis,
1237 2071 1292 2117 et
1322 2064 1550 2120 venitad
1577 2067 1773 2133 altare;
1801 2080 1854 2124 et
1879 2083 2027 2128 stans
2056 2089 2086 2129 a

503 2145 735 2200 sinistris
760 2147 961 2203 domini
991 2165 1160 2220 papae,
1196 2152 1375 2224 incipit
1409 2154 1664 2224 Introibo,
1709 2167 1764 2215 et
1812 2160 2083 2220 Psalmum

505 2236 691 2291 Indica
720 2255 819 2306 me,
848 2252 990 2309 etc.;
1036 2251 1089 2298 et
1128 2244 1319 2303 deinde
1367 2254 1558 2317 repetit
1610 2251 1857 2322 Introibo,
1890 2266 1944 2312 et
1996 2274 2083 2314 re-

503 2340 700 2393 sponso
729 2344 757 2383 a
792 2330 1258 2392 circumstantibus
1288 2340 1445 2412 327
1488 2344 1566 2396 Ad
1610 2344 1790 2412 Deum,
1822 2356 1950 2414 etc.,
1985 2350 2084 2402 du-

503 2416 676 2471 minus
709 2434 841 2489 papa
873 2422 1001 2478 dii-it
1029 2427 1375 2496 Adjntorium,
1407 2442 1535 2497 etc.,
1556 2441 1612 2488 et
1641 2434 1766 2490 facit
1788 2438 2075 2494 confessio.

503 2519 621 2561 nem
647 2518 701 2563 et
726 2511 1141 2571 absolutimem.
1180 2518 1378 2576 Deinde
1406 2524 1655 2581 sacerdos
1681 2527 1809 2581 dicit
1840 2528 1996 2596 Deus,
2028 2540 2084 2585 tu

502 2611 787 2665 ronversus,
820 2615 961 2667 etc.;
1012 2614 1067 2659 et
1115 2620 1395 2680 antequam
1429 2614 1645 2685 incipiat
1673 2618 1969 2685 lntroitum,
1996 2623 2081 2677 itt-

499 2701 684 2746 censat
707 2694 896 2762 altare,
927 2708 979 2751 et
1009 2708 1190 2767 postea
1217 2703 1353 2757 redit
1378 2704 1441 2759 ad
1492 2707 1693 2776 sedem,
1724 2720 1780 2766 et
1820 2710 1949 2766 dicit
1995 2715 2081 2767 ln-

502 2781 737 2851 troitum,
769 2797 822 2842 et
850 2787 1031 2861 Kyrie,
1065 2795 1276 2863 elefson,
1304 2806 1358 2851 et
1382 2802 1720 2871 prosequitur
1748 2806 1959 2862 Missam
1996 2824 2085 2863 or-

501 2872 624 2928 dine
645 2891 760 2931 suo.

680 2965 864 3022 LXIX.
903 2970 976 3024 De
1007 2972 1168 3029 Missa
1190 2978 1257 3030 «in
1298 2996 1445 3035 mane
1474 2980 1679 3037 Natalis
1704 2984 1932 3042 Domini.

568 3073 788 3132 Summo
818 3080 975 3149 igitur
1002 3101 1174 3150 mane,
1206 3088 1420 3147 inlutus
1451 3094 1749 3152 missalibus
1785 3101 2078 3156 vestimen-

498 3164 565 3219 tis
591 3167 734 3222 vadit
762 3169 825 3223 ad
857 3183 1093 3229 sant-tant
1123 3181 1478 3249 Anastasiatn,
1511 3196 1569 3239 ut
1591 3189 1824 3245 celebret
1851 3191 1923 3245 ibi
1956 3193 2080 3248 Mis-

497 3268 608 3309 sam
640 3260 931 3314 secundam
966 3279 1083 3318 cum
1119 3265 1299 3321 Gloria
1344 3281 1397 3325 et
1413 3271 1597 3338 Credo,
1631 3284 1685 3329 et
1725 3279 1888 3333 utitur
1927 3282 2079 3337 mitra

497 3343 723 3416 lrigiata.
749 3350 918 3406 Statio
940 3357 1003 3408 avl
1036 3369 1271 3413 sanctam
1303 3364 1661 3421 Anastasiam.
1692 3368 1903 3438 Postea,
1936 3373 2078 3427 {inita

498 3434 673 3503 Missa,
722 3444 1005 3497 revertitur
1033 3447 1097 3500 ad
1152 3460 1392 3506 sanctam
1437 3454 1656 3511 Mariam
1702 3459 1977 3528 Majorem,
2028 3476 2077 3520 et

497 3527 661 3582 intrat
699 3535 988 3588 sacrarium
1026 3553 1145 3592 cum
1180 3542 1442 3611 episcopis
1467 3547 1847 3617 cardinalibus,
1880 3552 2066 3609 diaco-

495 3616 652 3672 nibus
679 3630 732 3674 et
762 3624 1198 3696 subdiaconibus,
1239 3640 1289 3685 et
1332 3630 1549 3701 reliquis
1576 3616 1871 3707 ordinibus,
1907 3652 1957 3696 et
1996 3643 2080 3699 di-

495 3715 621 3760 cunt
645 3708 877 3765 Tertiam
906 3729 926 3777 ;
951 3729 1051 3783 qua
1083 3717 1243 3785 dicta,
1262 3720 1483 3776 induunt
1504 3737 1563 3779 se
1586 3725 1898 3782 solemniter
1922 3732 2081 3786 vesti-

494 3800 692 3853 mentis
731 3802 887 3869 albis,
923 3815 975 3860 et
1022 3812 1484 3877 processionaliter
1534 3817 1736 3873 vadunt
1765 3820 1833 3875 ad
1879 3822 2074 3889 altare,

496 3888 629 3943 sicut
666 3895 829 3949 moris
877 3908 979 3954 est.

559 3981 692 4037 Nota
733 3990 871 4054 quod
902 4004 1137 4059 semper,
1180 3995 1392 4063 quando
1430 4013 1565 4066 papa
1603 4001 1841 4057 celebrat
1880 3998 2074 4059 soletn-

491 4071 647 4140 nitcr,
680 4076 873 4133 debent
916 4083 1038 4150 poni
1068 4098 1231 4155 super
1256 4088 1425 4144 altare
1458 4090 1646 4147 facula:
1684 4102 1916 4163 septem,
1963 4097 2065 4151 nisi

490 4162 753 4233 aliquibus
774 4172 961 4240 paucis
989 4172 1198 4243 diebus,
1230 4188 1280 4231 et
1305 4180 1452 4233 curia
1489 4180 1650 4236 debet
1678 4182 1829 4237 dare.
1860 4184 2062 4241 Deinde

488 4257 737 4316 dominus
763 4278 899 4333 papa
922 4266 1103 4337 incipit
1124 4270 1360 4339 Missam,
1382 4281 1435 4327 et
1466 4282 1583 4341 post
1609 4274 1831 4342 primam
1851 4275 2064 4331 Oratio-

492 4366 612 4406 nem
661 4355 793 4411 liunt
848 4360 1031 4417 laudes
1077 4363 1213 4431 ejus,
1257 4376 1394 4419 seut
1428 4366 1688 4423 habentur
1728 4370 1779 4423 in
1812 4370 2062 4443 Polypty-

490 4444 615 4499 cho.
647 4446 839 4506 Finitis
866 4452 1133 4520 laudibus,
1165 4457 1355 4526 legitur
1398 4461 1566 4526 primo
1588 4455 1771 4515 Latina
1804 4464 2062 4532 Epistola,

489 4544 543 4587 ct
578 4540 917 4605 postmodum
961 4545 1182 4610 Graeca;
1217 4548 1356 4601 sicut
1397 4550 1554 4605 etiam
1598 4553 1788 4622 legitur
1826 4556 2067 4626 Evange-

485 4625 614 4680 lium
642 4628 907 4698 Latinum,
942 4643 995 4689 et
1038 4636 1306 4693 Graecum.
1344 4641 1605 4698 Diaeonus
1652 4661 1777 4701 vero
1820 4650 2064 4702 cardina-

485 4718 571 4786 lis,
603 4722 744 4778 dicto
769 4725 1080 4796 Evange'io,
1112 4732 1398 4787 revertitur
1426 4734 1490 4788 ad
1524 4736 1711 4816 altare,
1746 4753 1843 4794 nec
1873 4754 2053 4808 exspe

486 4822 598 4868 ctat
625 4815 907 4872 diaconum
941 4820 1211 4890 Grtecum,
1248 4825 1370 4881 licet
1398 4815 1556 4883 simul
1589 4832 1786 4886 iveriut
1809 4847 1926 4886 cum
1951 4849 2060 4887 (ar.

480 4904 664 4971 dinali,
696 4922 928 4978 sequens
969 4913 1162 4982 ipsum,
1196 4927 1250 4971 et
1294 4923 1634 4990 prosequitur
1674 4938 1806 4992 papa
1846 4926 2058 4980 Missam

480 5008 578 5049 suo
606 4997 812 5053 ordine.

586 5108 747 5166 LXX.
784 5111 858 5165 De
890 5112 1049 5169 Missa
1078 5118 1255 5172 ultima
1282 5120 1333 5173 in
1364 5121 1446 5175 die
1479 5120 1686 5176 Natalis
1725 5122 1951 5176 Domini.

552 5217 605 5270 In
633 5221 720 5277 die
740 5222 1039 5280 Nativitatis
1064 5226 1267 5282 Domini
1290 5229 1448 5284 statio
1479 5229 1543 5283 :td
1572 5240 1808 5284 sanctam
1845 5231 2060 5287 Mariam

485 5305 760 5376 Maiorem.
805 5314 1024 5383 Expleta
1050 5333 1177 5373 vero
1209 5320 1388 5385 Missa,
1419 5321 1484 5374 ad
1517 5332 1719 5389 portam
1762 5322 1930 5391 ipsius
1969 5340 2061 5379 ec-

483 5397 664 5452 clesia:
696 5404 879 5473 reeipit
912 5421 1131 5475 regnum
1163 5410 1229 5463 de
1280 5400 1436 5463 nianu
1483 5413 1675 5479 prioris
1715 5413 2058 5469 diaconornm

481 5489 567 5543 \cl
599 5499 893 5553 maresle
925 5501 1163 5569 tttajmis,
1188 5515 1241 5557 et
1264 5515 1435 5572 gestat
1458 5506 1587 5559 illud
1617 5506 1667 5559 in
1690 5508 1863 5575 capite
1895 5523 2060 5574 us:;ue

477 5579 542 5634 ad
569 5584 764 5650 gradus
796 5590 991 5655 palatii.
1038 5593 1184 5648 Tunc
1225 5596 1432 5664 judices
1462 5606 1515 5652 et
1556 5598 1800 5654 advocgtti
1842 5604 2058 5655 veniunt

2374 1773 2457 1829 Ea:
2484 1776 2840 1856 Carentoniali
2860 1787 3073 1856 antiquo
3099 1788 3301 1843 domini
3329 1795 3619 1850 cardinalis

2552 1849 2996 1923 Rothomagensis'
3009 1858 3073 1912 de
3102 1860 3433 1918 Stoutavilla.

2264 1934 2483 1991 Missam
2525 1939 2596 1995 de
2639 1957 2833 1998 aurora
2884 1947 3162 2006 Romanus
3208 1953 3470 2021 pontifex,
3524 1958 3569 2010 si
3623 1959 3691 2012 sit
3743 1963 3819 2015 in-

2196 2024 2359 2096 Urbe,
2403 2035 2684 2088 consuevit
2726 2037 3044 2108 celebrare;
3086 2052 3142 2098 et
3169 2046 3457 2114 egrediens
3489 2049 3565 2104 de
3610 2065 3795 2107 saneta

2190 2120 2353 2176 Maria
2378 2123 2562 2193 Maiori
2598 2143 2813 2184 summo
2855 2148 3030 2202 mane,
3076 2136 3291 2193 indutus
3327 2139 3641 2197 missalibus
3672 2161 3788 2198 ves-

2196 2210 2433 2267 timentis
2464 2216 2608 2270 vadit
2636 2219 2703 2273 ad
2743 2230 2983 2276 sanctam
3024 2225 3382 2294 Anastasiam,
3416 2242 3471 2286 et
3526 2232 3601 2286 ibi
3649 2236 3788 2288 cele-

2199 2302 2339 2357 brat.
2370 2304 2426 2359 ln
2452 2306 2552 2362 hac
2574 2309 2731 2366 Missa
2763 2313 2954 2369 dicitur
2982 2316 3145 2373 Credo
3166 2322 3216 2373 in
3243 2322 3425 2388 Deu-n,
3449 2335 3496 2378 et
3525 2325 3713 2380 Gloria
3737 2331 3791 2382 in

2195 2393 2411 2448 excelsis
2436 2396 2565 2464 Deo,
2594 2414 2700 2455 non
2731 2402 2927 2459 dicitur
2958 2405 3184 2464 Lwtatus
3208 2427 3343 2468 sunt.
3382 2414 3702 2471 Oblationes
3733 2429 3787 2473 ut

2194 2484 2245 2537 in
2296 2485 2402 2541 alia
2447 2489 2607 2545 Missa
2659 2493 2728 2548 de
2774 2504 2931 2551 nocte
2979 2501 3176 2557 media.
3220 2504 3395 2558 Etiam
3447 2508 3600 2563 solus
3646 2524 3781 2579 papa

2189 2579 2543 2634 communicat
2575 2591 2632 2636 ut
2666 2583 2719 2638 in
2752 2586 2942 2653 prima.
2970 2588 3087 2656 Qua
3120 2592 3286 2659 iinita,
3316 2596 3392 2650 sic
3422 2597 3645 2651 indutus
3690 2616 3774 2655 re-

2189 2667 2413 2723 vertitur
2449 2656 2513 2725 ad
2559 2683 2797 2730 sanctam
2850 2679 3069 2735 Mariam
3108 2682 3382 2752 Maiorem,
3422 2699 3475 2742 et
3523 2689 3788 2756 depositis

2187 2764 2505 2827 paramentis
2528 2767 2750 2834 quiescit
2776 2771 3045 2827 modicum
3074 2775 3125 2828 in
3151 2790 3360 2834 camera
3392 2796 3513 2836 sua.
3549 2782 3614 2837 Et
3655 2785 3783 2839 hora

2185 2856 2507 2919 competenti
2532 2858 2692 2911 intrat
2719 2863 3010 2919 sacrarium
3030 2880 3127 2920 seu
3152 2870 3469 2926 vestiarium
3489 2888 3612 2928 cum
3641 2877 3786 2941 epis-

2185 2944 2353 3011 00pis,
2390 2947 2737 3018 presbyteris,
2770 2952 3078 3011 diaconibus
3114 2959 3499 3027 cardinalibus,
3546 2966 3784 3033 capella-

2185 3032 2285 3096 nis,
2319 3036 2451 3089 subd
2475 3039 2754 3107 aconibus,
2787 3052 2838 3096 et
2871 3045 3088 3116 reliquis
3115 3050 3393 3105 ordinibus
3420 3069 3434 3114 ;
3463 3065 3518 3107 et
3560 3032 3780 3112 cantant

2106 3142 2150 3202 ρ
2184 3124 2452 3193 Tertiam;
2485 3145 2585 3197 qua
2625 3131 2761 3185 dicta
2784 3175 2797 3197 ,
2830 3135 3054 3191 induunt
3097 3156 3217 3194 eum
3253 3144 3570 3198 solemniter
3607 3150 3787 3201 sacris

2183 3215 2317 3271 albis
2346 3221 2603 3287 vestibus,
2640 3232 2692 3278 et
2721 3226 2941 3292 quilibet
2971 3228 3021 3282 in
3053 3231 3239 3285 ordine
3281 3248 3378 3288 suo
3429 3235 3510 3289 sic
3552 3251 3779 3303 proces-

2182 3307 2462 3365 sionaliter
2486 3314 2749 3369 accedunt
2799 3318 2865 3370 ad
2897 3319 3063 3375 altare
3103 3337 3225 3378 cum
3255 3339 3415 3381 cruce
3462 3336 3519 3382 et
3563 3341 3787 3397 septem

2183 3398 2389 3467 faculis,
2421 3413 2475 3458 et
2502 3406 2648 3460 curia
2678 3406 2839 3464 debet
2870 3409 3017 3477 dare,
3046 3424 3153 3469 etc.
3270 3493 3318 3498 Η
3358 3489 3472 3498 ὢν

2253 3493 2405 3558 Quod
2434 3495 2478 3550 si
2511 3512 2643 3567 papa
2671 3515 2777 3555 non
2804 3501 2871 3555 sit
2899 3502 2951 3557 in
2978 3503 3139 3571 Urbe,
3174 3492 3472 3563 cardinalis
3492 3512 3586 3581 qui
3618 3511 3785 3566 habet

2190 3584 2402 3639 titulum
2448 3598 2645 3644 sancite
2689 3594 3001 3662 Anastasim,
3039 3602 3321 3655 consuevit
3368 3601 3509 3656 hanc
3554 3604 3777 3659 Missam

2188 3675 2573 3743 eelehrare;et
2615 3682 2663 3734 in
2693 3684 2932 3739 abst-ntia
2959 3687 3095 3757 ejus,
3136 3690 3181 3744 si
3208 3707 3343 3760 papa
3369 3708 3473 3747 non
3522 3695 3779 3750 celebra-

2189 3777 2288 3832 ret,
2324 3770 2470 3836 prior
2508 3774 2941 3844 presbyterorum
2972 3781 3345 3850 cardinalium,
3377 3795 3484 3840 etc.

2260 3860 2554 3917 Notandum
2585 3877 2666 3919 est
2690 3870 2829 3936 quod
2859 3870 2903 3927 si
2934 3889 3065 3943 papa
3098 3876 3257 3931 vellet
3286 3878 3381 3932 has
3412 3879 3551 3934 duas
3582 3881 3773 3937 Missas

2187 3948 2481 4016 celebrare,
2512 3955 2555 4007 si
2598 3958 2775 4019 vellet,
2817 3974 2993 4028 posset
3031 3966 3215 4021 ambas
3254 3969 3535 4025 celebrare
3566 3974 3774 4043 absque

2186 4054 2250 4094 eo
2279 4044 2422 4111 quod
2454 4046 2746 4114 deponeret
2775 4066 2955 4109 sacras
2991 4066 3167 4111 vestes
3193 4075 3207 4123 ;
3243 4060 3336 4113 sed
3369 4071 3591 4130 propter
3618 4072 3642 4099 ι
3671 4064 3772 4118 bo-

2178 4145 2436 4190 uestatem
2465 4147 2516 4191 et
2544 4152 2851 4196 nocturnam
2872 4144 3227 4215 fatigationem
3246 4152 3505 4207 rationale
3528 4155 3609 4208 es't
3630 4157 3772 4226 quod

2174 4223 2266 4275 liat
2301 4226 2546 4295 aliqualis
2584 4229 2967 4299 interpausatio
3007 4236 3301 4292 secundum
3340 4241 3605 4305 temporis
3632 4223 3767 4300 con-

2173 4317 2488 4381 gruentiam,
2509 4327 2565 4372 et
2582 4329 2736 4386 prout
2756 4323 2970 4390 expedit
2991 4324 3235 4381 brevitati
3266 4332 3528 4397 temporis
3553 4344 3608 4387 et
3632 4334 3763 4388 diei.

2243 4404 2379 4459 Nota
2411 4409 2551 4476 quod
2579 4410 2620 4461 si
2645 4425 2777 4478 papa
2808 4422 2913 4467 stet
2941 4414 2993 4466 in
3028 4414 3299 4471 Laudibus
3324 4419 3499 4473 sacris
3524 4422 3767 4478 vestibus

2174 4494 2408 4561 indutus,
2456 4499 2746 4555 cardinalis
2796 4502 2883 4571 qui
2925 4503 3026 4559 sibi
3072 4508 3236 4561 servit
3279 4508 3438 4565 debet
3480 4511 3766 4569 incensam

2172 4589 2365 4643 altare.

2243 4679 2301 4734 In
2333 4681 2431 4736 hac
2474 4685 2707 4739 secunda
2740 4685 2898 4742 Missa
2954 4692 3313 4747 communicat
3344 4711 3534 4750 omnes
3582 4697 3761 4752 diaeta

2175 4787 2274 4827 nos
2320 4774 2643 4841 cardinales,
2686 4779 2848 4850 329
2880 4786 3291 4856 protuno.tarius,
3344 4790 3756 4851 cotutnensalcs.

2174 4875 2225 4919 et
2256 4868 2549 4933 auditores,
2586 4878 2644 4924 et
2673 4887 2860 4927 omnes
2909 4874 3251 4941 famulantes,
3282 4880 3369 4947 qui
3414 4880 3469 4933 in
3500 4880 3760 4949 dignitate

2169 4958 2460 5026 cpiSCupali
2496 4975 2599 5013 non
2629 4973 2754 5016 sunt
2782 4968 3080 5031 con~tituti,
3115 4969 3366 5037 quoniam
3406 4972 3540 5025 tales
3579 4988 3673 5040 per
3702 4989 3760 5026 se

2168 5049 2441 5105 Celebtate
2472 5059 2739 5106 tenentur.
2768 5055 2830 5107 Et
2862 5056 2911 5109 in
2946 5058 3044 5109 ista
3074 5062 3472 5125 communione,
3505 5075 3559 5116 et
3593 5064 3644 5116 in
3669 5063 3754 5115 illa

2168 5141 2274 5195 diei
2324 5141 2617 5207 Paschalis,
2667 5154 2920 5213 parantur
2951 5161 3058 5203 tres
3106 5150 3307 5205 calices
3359 5154 3577 5222 magni:
3623 5168 3754 5206 unus

2169 5248 2264 5301 pro
2292 5235 2716 5302 cottsecratioise,
2744 5238 2880 5292 alius
2909 5253 3030 5293 cum
3061 5258 3166 5309 quo
3195 5259 3327 5311 papa
3360 5246 3492 5298 bibit
3538 5247 3748 5308 vinum,

2165 5328 2299 5381 alius
2321 5342 2415 5396 pro
2439 5330 2976 5386 communieantihus.
3002 5333 3125 5387 Post
3154 5335 3514 5403 sumptionem
3537 5337 3748 5392 Buchr

2167 5417 2329 5471 ristia:
2354 5420 2535 5474 vinum
2558 5432 2775 5476 sumunt
2804 5422 2871 5475 de
2897 5438 3054 5478 manu
3081 5426 3308 5494 alicujus
3329 5428 3703 5498 acolythnrnm
3728 5446 3745 5493 ι

2165 5509 2457 5565 oblationes
2497 5525 2623 5566 vero
2672 5510 2938 5579 dividunt,
2985 5524 3042 5569 ttt
3083 5524 3299 5570 notatur
3338 5520 3391 5571 in
3438 5518 3545 5572 alio
3600 5521 3739 5586 loco,

2166 5602 2259 5653 l'ol.
2305 5602 2391 5655 49.

548 5702 571 5730 ι
597 5696 872 5752 Notandus
916 5701 997 5756 hie
1033 5703 1182 5758 locus
1207 5706 1273 5761 de
1303 5708 1579 5765 honestate
1625 5713 2099 5782 interpausationis
2124 5716 2261 5769 inter
2294 5714 2477 5770 Missas
2503 5716 2704 5772 Natalis
2733 5719 2962 5774 Domini.
