4006 6302
231 354 362 408 ,ιδδ

1402 347 1662 403 ΠΟΜᾸΝῘ
1703 345 2021 402 ΟΒΟΙΧΕΞ.
2065 375 2131 387 -σ-
2170 346 2309 400 XIV.

3346 355 3481 406 113i)

294 469 347 523 In
379 464 625 520 secundis
645 462 892 533 Vesperis
917 477 1046 532 papa
1073 463 1215 516 venit
1243 476 1362 516 cum
1389 461 1604 530 pluviali
1631 461 1795 514 rubco
1825 463 1872 521 Α
1905 458 2055 511 Vcrs.
2091 456 2271 511 Gloria
2301 455 2468 523 Patri,
2497 457 2811 528 complendo
2841 457 3034 526 ipsum,
3069 465 3123 512 et
3154 457 3330 529 Hyrie,
3361 465 3482 517 elei-

228 561 426 614 tle......
458 563 513 611 et
541 556 694 609 mitra
723 553 1052 625 auril’rigiata
1086 572 1100 620 ;
1149 553 1517 608 subdiaconus
1543 553 1635 606 dat
1663 552 1808 620 capi-

229 652 416 710 tulum,
447 655 696 701 cantores
726 644 1009 715 llymnum,
1042 660 1171 713 papa
1195 645 1523 699 Orationem.
1717 639 1719 641 ’

227 758 392 814 LXXI
447 757 521 809 De
567 756 634 808 iis
680 769 792 822 qua:
840 755 1146 808 observanda
1194 765 1311 806 sunt
1351 754 1487 806 circa
1537 750 1812 822 Introitum

297 828 493 890 Μίδεω,
527 830 648 878 dum
671 820 807 895 papa
836 824 1071 890 celebrat,
1099 834 1143 878 et
1170 825 1232 877 tle
1257 823 1480 877 secunda
1514 822 1672 875 Missa
1693 820 1804 874 Na-

300 900 419 950 talis
450 895 678 956 Domini,
710 897 931 946 rubrica.

303 1005 524 1059 lndutus
546 1003 791 1056 dominus
812 1017 943 1071 papa
975 1001 1220 1055 omnibus
1254 999 1664 1066 pontiﬁcalibus,
1689 996 1814 1052 dicit

229 1108 350 1152 ante
372 1098 537 1150 altare
569 1096 757 1148 versic.
790 1091 1019 1145 lntroibo
1047 1092 1114 1143 ad
1145 1094 1307 1143 altare
1343 1090 1475 1152 Dei;
1523 1089 1814 1158 responde.

233 1203 313 1245 tur
355 1190 436 1243 Ad
469 1189 631 1242 Deum
685 1188 771 1256 qui
802 1185 1026 1253 [icti/ica!
1051 1186 1370 1255 juventutem
1398 1198 1580 1234 meam.
1615 1183 1814 1236 Deinde

234 1298 364 1351 papa
400 1280 584 1350 incipit
607 1280 799 1333 Psalm.
825 1277 1015 1330 Judica
1043 1293 1119 1329 me
1143 1318 1158 1342 ,
1216 1277 1351 1329 Deus
1375 1319 1390 1343 ,
1439 1284 1494 1329 et
1518 1275 1814 1342 completur

233 1380 335 1424 tam
363 1386 453 1439 per
485 1386 612 1424 eum
642 1383 799 1438 quam
827 1383 920 1437 per
947 1375 1184 1422 astantes
1211 1383 1225 1432 ;
1261 1366 1474 1420 demum
1502 1365 1690 1433 repetit
1724 1364 1814 1416 ln—

233 1464 396 1515 troibo
424 1463 490 1514 ad
518 1464 682 1514 altare
710 1461 837 1522 Det;
869 1458 1224 1528 respondetur
1248 1459 1324 1511 Ad
1357 1457 1538 1523 Deum,
1569 1468 1673 1511 etc.
1709 1456 1814 1509 Po-

234 1564 344 1607 stea
379 1568 509 1623 papa
537 1553 664 1605 dicit
691 1551 1015 1622 Adjutorium
1043 1559 1305 1614 nostrum,
1335 1559 1436 1603 etc.
1467 1564 1482 1614 ;
1527 1547 1816 1616 respOnde-

233 1653 316 1698 tur
347 1645 449 1711 Qui
477 1638 594 1712 fecit
621 1683 637 1708 ,
671 1652 798 1705 etc.;
829 1641 1044 1695 demum
1077 1655 1205 1708 papa
1234 1640 1400 1693 dicit:
1431 1637 1685 1706 Conﬁteor
1709 1637 1815 1692 Deo

233 1733 564 1804 omnipotenti
590 1777 604 1800 ,
641 1732 797 1785 beata:
829 1731 1010 1785 Maria:
1037 1747 1230 1800 semper
1259 1732 1443 1801 virgini
1468 1769 1484 1796 ,
1531 1731 1672 1784 beato
1705 1730 1814 1784 lli-

1911 567 2025 616 son,
2052 566 2172 604 cum
2195 549 2555 605 cardinalibus
2600 550 2702 604 sibi
2733 548 3049 603 astantibus.
3080 549 3277 604 Deinde
3304 552 3488 606 sedeat

1914 641 1967 695 in
1981 641 2108 696 sede
2129 656 2245 705 sna,
2272 650 2325 695 et
2345 641 2634 695 decantatis
2660 641 2878 694 lntroitu
2905 647 2957 695 et
2986 639 3162 710 Kyrie,
3185 640 3370 695 eleison
3398 657 3490 711 per

1913 732 2156 798 chorum,
2189 731 2332 786 dicat
2354 730 2534 785 Gloria
2560 733 2612 784 in
2643 732 2851 784 excelsis
2883 732 3008 794 Deo,
3033 747 3136 801 quo
3163 741 3376 786 cantato
3403 749 3496 801 per

1914 823 2137 875 chorum
2161 861 2176 885 ,
2230 821 2421 874 stando
2446 821 2589 875 dicat
2622 819 2736 874 I’aa:
2763 821 2898 873 vobis
2924 863 2938 888 ,
2986 836 3170 876 versus
3203 821 3449 891 populum
3475 839 3491 891 ;

1917 912 2110 966 deinde
2137 913 2277 965 dicat
2303 915 2609 966 Orationem
2646 927 2659 964 :
2690 911 2788 978 Da,
2822 927 3109 980 quwsumus
3136 952 3150 977 ,
3183 915 3500 981 omnipotens

1917 999 2056 1053 Dens
2079 1041 2093 1066 ,
2150 1009 2202 1053 ut
2229 1000 2316 1068 qui
2349 1016 2480 1053 nova
2515 1001 2768 1052 incarnati
2807 1000 2952 1053 Verbi
2982 1003 3053 1053 tui
3084 1002 3196 1056 luce
3233 1006 3502 1073 perfundi-

1918 1107 2030 1142 mur
2052 1130 2070 1156 ,
2121 1089 2214 1142 hoc
2238 1091 2289 1142 in
2317 1100 2488 1144 nostro
2517 1091 2832 1158 resplendeat
2855 1108 3003 1160 opcre
3025 1132 3039 1157 ,
3068 1095 3202 1162 quod
3229 1110 3316 1163 per
3341 1095 3499 1164 fidem

1916 1180 2076 1247 fulget
2105 1180 2154 1232 in
2186 1189 2344 1233 mente
2367 1218 2383 1244 ,
2434 1197 2522 1250 per
2542 1181 2794 1233 eumdem.
2828 1181 2943 1234 Alia
2971 1183 3150 1236 Oratio
3185 1199 3277 1250 pro
3307 1193 3490 1238 εθιιιειι

1916 1268 2192 1321 Anastasis
2220 1284 2236 1320 :
2274 1267 2352 1320 Da
2378 1309 2393 1333 ,
2427 1284 2740 1334 quwsumas,
2775 1270 3092 1336 omnipotens
3121 1269 3255 1322 Deus
3281 1311 3294 1335 ,
3327 1283 3380 1323 ut
3408 1273 3497 1339 qui

1921 1358 2076 1409 beans
2105 1357 2392 1408 Anastasio:
2430 1357 2666 1424 martyris
2709 1366 2809 1409 tua:
2835 1356 3079 1409 solemnia
3108 1359 3321 1411 colimus
3341 1401 3354 1424 ,
3388 1361 3501 1428 ejus

1918 1449 2055 1519 apud
2087 1457 2131 1500 te
2159 1448 2441 1516 patrocinia
2488 1448 2760 1500 sentiamus
2786 1487 2800 1510 ,
2847 1465 2957 1518 per.
2989 1449 3174 1503 Postea
3214 1461 3400 1518 pauset
3448 1452 3498 1504 i-t

1921 1541 2050 1596 Sede
2079 1555 2194 1593 sua.
2228 1539 2399 1593 Lectio
2439 1540 2684 1610 Epistola:
2728 1540 2858 1592 beati
2889 1539 3044 1594 Pauli
3073 1544 3291 1609 apostoli
3315 1547 3381 1595 ad
3414 1543 3502 1595 Ti-

1923 1643 2054 1685 tum.
2087 1629 2413 1696 Cltarissime,
2445 1633 2682 1702 apparuit
2704 1632 2990 1704 benignitas
3014 1643 3059 1687 et
3087 1634 3377 1690 humanitas
3400 1639 3502 1690 sal-

1929 1725 2111 1777 ratoris
2141 1725 2301 1776 nostri
2333 1723 2472 1789 Dei,
2517 1733 2622 1778 etc.
2660 1725 2803 1778 Dicta
2852 1725 3108 1794 Epistula,
3162 1736 3215 1780 et
3256 1730 3496 1783 osculato

234 1801 398 1878 cbaeli
427 1823 754 1893 archangelo,
789 1823 930 1876 beato
961 1823 1154 1875 Joanni
1183 1821 1449 1890 Baptisla‘,
1481 1823 1667 1874 sanctis
1689 1838 1819 1891 apo-
1853 1801 1896 1860 Β
1928 1814 2063 1884 pedc
2087 1829 2232 1883 papa:
2257 1828 2350 1884 per
2374 1814 2780 1881 subdiaconnm,
2816 1830 2947 1884 papa
2964 1815 3142 1886 signat
3166 1819 3335 1886 ipsum
3360 1816 3499 1871 Gra-

239 1915 384 1968 stolis
419 1913 573 1968 Petro
603 1922 647 1967 et
679 1911 844 1965 Paulo
869 1954 883 1978 ,
917 1912 1147 1966 omnibus
1172 1912 1358 1966 sanctis
1381 1953 1394 1975 ,
1423 1920 1469 1963 et
1500 1911 1608 1974 tibi,
1637 1911 1814 1980 frater,

233 2009 357 2076 quia
383 2005 583 2076 peccavi
612 2003 759 2056 nimis
787 2003 1112 2073 cogitatione,
1151 2001 1501 2064 delectatione,
1545 2017 1810 2066 consensu,

235 2095 384 2148 verbo
403 2136 418 2161 ,
452 2101 500 2146 et
548 2110 713 2162 opere,
747 2108 859 2146 mea
887 2093 1059 2164 culpa,
1091 2108 1200 2145 mea
1226 2089 1376 2159 culpa
1404 2130 1418 2154 ,
1449 2107 1560 2143 mea
1590 2092 1815 2144 maxima
1857 2109 1876 2126 ι

236 2187 414 2250 culpa.
449 2184 574 2237 Ideo
616 2198 799 2252 precor
826 2182 1022 2235 beatam
1055 2181 1278 2235 Mariam
1313 2197 1507 2250 semper
1533 2181 1772 2250 uirginem
1800 2221 1814 2247 ,

247 2267 456 2318 beatum
477 2264 527 2318 Ill
535 2265 781 2318 ichaelem
805 2265 1421 2333 archangelum,beatum
1439 2266 1697 2322 Joannem
1715 2268 1822 2322 Ba-

241 2358 481 2422 ptistam,
513 2363 721 2409 sanctos
748 2354 1014 2422 apostolos
1065 2353 1281 2408 Petrum
1309 2365 1358 2409 et
1379 2356 1822 2426 Paulum,omnes

240 2458 476 2510 sanctos,
500 2456 550 2500 et
574 2456 624 2500 te
646 2447 838 2514 frater,
858 2464 1013 2502 orare
1037 2463 1132 2516 pro
1167 2465 1246 2502 me
1262 2449 1328 2500 ad
1348 2449 1632 2504 Dominum
1654 2453 1820 2507 Deum

242 2549 506 2593 nostrum.
544 2539 734 2594 Postea
758 2548 1001 2596 astantes
1031 2540 1258 2594 dicant:
1305 2540 1628 2595 Misereatur
1666 2545 1823 2598 vestri

238 2633 568 2698 omnipotens
599 2631 756 2696 Deus,
779 2641 850 2694 et,
882 2631 1111 2684 dimissis
1137 2633 1366 2700 peccatis
1390 2635 1594 2696 vestris,
1624 2632 1819 2702 perdu-

237 2736 323 2777 cat
352 2741 440 2778 oos
465 2726 534 2780 ad
557 2727 716 2778 vitam
741 2732 1016 2778 aeternam.
1051 2725 1437 2795 Respondetur
1467 2727 1655 2782 Amen.
1677 2727 1820 2784 Sub-

234 2827 533 2886 seqttcnter
557 2817 735 2872 dicant
755 2816 1043 2886 Conﬁteor,
1076 2826 1135 2871 ut
1164 2833 1328 2887 supra
1355 2836 1368 2888 ;
1425 2820 1643 2874 demum
1676 2820 1821 2877 dicat

234 2924 300 2977 ps
311 2925 377 2979 pa
403 2926 416 2961 :
441 2908 688 2962 Precibus
703 2918 750 2962 et
773 2911 969 2962 meritis
985 2909 1343 2964 beiitwblaria:
1357 2926 1558 2980 semper
1577 2913 1817 2982 rirginis,

231 3003 377 3056 beati
408 3000 686 3056 Michaelis
734 3002 1060 3072 archangeli,
1091 3002 1231 3055 beati
1261 3002 1490 3058 Joannis
1535 3004 1817 3073 Baptista',

231 3093 516 3147 beatorum
539 3095 897 3161 apostolorum
929 3093 1077 3146 Petri
1095 3093 1337 3159 etPauli,
1367 3097 1664 3150 etomnium
1690 3115 1818 3152 san-

1919 1905 2072 1959 duale
2096 1944 2114 1971 ,
2161 1902 2457 1957 Benedictus
2484 1905 2570 1971 qui
2604 1905 2732 1959 venit
2765 1906 2815 1959 in
2843 1907 3041 1960 nomine
3063 1907 3268 1961 Domini
3295 1949 3308 1972 ,
3358 1908 3498 1961 Deus

1924 1993 2196 2057 Dominus,
2225 2003 2273 2046 et
2302 1993 2468 2046 illuxit
2497 1993 2656 2046 nobis.
2690 1996 2734 2046 Α
2773 1994 2988 2048 Domino
3011 1997 3203 2064 factum
3231 2010 3320 2062 est,
3351 2009 3397 2052 et
3422 2008 3496 2052 est

1919 2085 2169 2149 mirabile,
2205 2094 2306 2139 etc.
2344 2084 2592 2139 Dominus
2622 2087 2863 2154 regnarit,
2895 2087 3148 2152 decorem,
3176 2097 3279 2142 etc.
3317 2091 3377 2142 tit
3399 2091 3494 2144 de-

1926 2185 2136 2229 cantato
2161 2174 2411 2230 Graduali
2449 2185 2503 2230 et
2546 2175 2717 2245 primo
2746 2176 2969 2230 Alleluia
2995 2193 3022 2230 a
3054 2177 3240 2239 choro,
3271 2181 3359 2232 dat
3387 2180 3490 2232 Bc.

1933 2265 2290 2336 nedictionem
2316 2265 2535 2319 diacono
2556 2266 2812 2319 cardinali
2833 2269 2919 2335 qui
2941 2266 3096 2322 debet
3118 2269 3296 2339 legere
3322 2269 3495 2324 Evan-

1926 2355 2123 2424 gelium
2145 2358 2290 2410 eunti
2320 2355 2385 2410 ad
2417 2355 2626 2424 pedem,
2651 2355 2912 2425 signando
2935 2358 3126 2426 ipsum,
3157 2373 3218 2412 ac
3239 2359 3495 2414 dicendo:

1925 2449 2176 2501 Dominus
2204 2449 2269 2503 sit
2308 2447 2362 2501 in
2386 2448 2536 2500 corde
2560 2455 2646 2501 tuo
2668 2457 2712 2502 et
2742 2449 2794 2501 in
2833 2447 2983 2502 labiis
3007 2449 3107 2502 tuis
3131 2489 3146 2515 ,
3188 2458 3241 2501 ut
3269 2451 3418 2516 digne
3445 2462 3494 2504 et

1921 2549 2260 2610 competenter
2278 2540 2552 2594 annunties
2575 2536 2909 2608 Evangeliunt
2931 2556 3098 2593 suum.
3117 2539 3316 2596 Deinde
3339 2552 3499 2611 ponat

1923 2639 2048 2692 thus
2078 2637 2131 2690 in
2163 2636 2467 2702 tburibulo,
2502 2634 2779 2706 signando,
2814 2645 3093 2704 postquam
3122 2640 3381 2706 posuerit,
3413 2650 3498 2692 se-

1922 2728 2024 2780 mel
2055 2726 2208 2795 signo
2233 2727 2441 2791 crucis;
2465 2735 2519 2779 et
2544 2725 2736 2778 iterum
2770 2739 2890 2778 cum
2917 2726 3054 2778 idem
3083 2724 3338 2781 diaconus
3363 2727 3494 2796 petit

1920 2817 2077 2888 331
2106 2817 2174 2870 ad
2221 2817 2386 2870 altare
2418 2815 2852 2871 Benedictionem
2878 2828 2908 2868 a
2935 2829 3099 2884 papa,
3155 2830 3286 2885 papa
3313 2818 3488 2888 signet

1929 2921 2050 2960 eum
2080 2905 2336 2960 sedendo.
2379 2904 2483 2959 Sed
2514 2918 2634 2957 cum
2665 2903 2914 2972 incipitur
2943 2903 3318 2974 Evangelium,
3350 2919 3486 2976 papa

1927 3007 2028 3052 stet
2058 2997 2267 3052 detecto
2319 2996 2510 3066 capite.
2545 2993 2880 3066 Evangelium
2921 2996 3195 3049 secundum
3227 2995 3482 3053 Marcum.

1918 3088 1985 3142 In
2014 3090 2103 3142 illo
2130 3097 2373 3158 tempore,
2402 3094 2632 3157 pastores
2659 3085 2993 3155 loquebantur
3014 3087 3080 3139 ad
3102 3087 3314 3141 invicem
3338 3131 3353 3155 ,
3380 3097 3488 3143 etc.

229 3197 461 3249 ciorum,
483 3188 797 3240 misereatur
820 3186 978 3239 vestri
1011 3187 1339 3256 onmipotens
1362 3188 1522 3252 Deus,
1547 3206 1615 3251 et,
1637 3190 1817 3245 dimisc

1923 3185 2034 3249 Quo
2059 3181 2202 3235 dicto
2229 3223 2244 3249 ,
2289 3180 2559 3235 osculetur
2583 3179 2784 3233 dictum
2816 3178 3158 3248 Evangelium
3181 3219 3196 3244 ,
3227 3179 3369 3249 quod
3394 3179 3494 3238 sibi
3563 3225 3567 3230 .

227 3279 308 3332 sis
325 3280 551 3346 peccatis
586 3280 796 3346 vestris,
824 3279 1082 3348 perducat
1110 3297 1199 3335 vos
1225 3280 1294 3333 ad
1335 3282 1498 3335 vitam
1523 3292 1774 3338 a'ternam
1799 3301 1820 3350 ;

226 3371 602 3439 respondetur
629 3371 816 3425 Amen.
845 3369 1256 3441 Subsequenter
1279 3372 1426 3428 dicat
1453 3373 1818 3444 papa:lndul-

223 3461 486 3531 gentiam,
511 3461 890 3515 absolutionem
909 3470 959 3514 et
991 3463 1354 3540 remissionem
1382 3475 1715 3532 peccatorum
1733 3485 1815 3521 ve-

231 3550 465 3591 strorum
513 3539 702 3591 tribuat
732 3542 868 3593 vobis
907 3539 1224 3611 ommpo.cus
1251 3556 1296 3597 et
1324 3547 1608 3600 misericors
1639 3545 1776 3602 Deus
1799 3589 1814 3612 ,

232 3629 599 3697 reSpondetur
630 3629 812 3682 Amen.
849 3630 1036 3685 Postea
1069 3647 1199 3701 papa
1233 3645 1393 3701 poliat
1415 3635 1536 3690 thus
1567 3637 1617 3690 in
1649 3638 1813 3691 tlturi-

230 3719 364 3772 bulo
390 3734 405 3782 ;
437 3716 654 3770 demum
677 3716 804 3770 dicit
828 3717 963 3772 intra
985 3719 1145 3788 33o
1165 3721 1392 3790 scriptos
1419 3722 1612 3778 Versus
1637 3741 1653 3780 :
1681 3725 1819 3779 Deus

229 3817 295 3860 tu
327 3822 618 3870 conversus,
646 3815 778 3872 etc.,
814 3805 879 3859 Et
908 3809 1045 3877 plebs
1079 3820 1186 3875 tua,
1217 3820 1322 3865 etc.
1352 3828 1366 3876 ;
1404 3813 1622 3867 Ostende
1649 3817 1815 3879 nobis,

229 3906 374 3961 etc.,
401 3893 468 3949 Et
493 3895 717 3949 salutare
743 3905 907 3964 tuum,
939 3907 1068 3965 etc.;
1099 3897 1333 3970 Domine,
1365 3903 1570 3969 exaudi,
1600 3914 1726 3974 etc.,
1754 3905 1818 3959 Et

239 3989 466 4056 clamor,
497 3998 637 4054 etc.;
667 3987 914 4046 Dominus
934 3991 1210 4061 vobiscum,
1241 3994 1590 4062 restmndetur
1611 3995 1678 4049 Et
1704 4015 1818 4052 cum

230 4080 425 4151 spiritu
472 4089 576 4134 tuo.
609 4081 1005 4152 Subsequenter
1025 4097 1159 4154 papa
1189 4084 1317 4140 dicit
1343 4087 1578 4149 Oremus,
1615 4097 1669 4143 et
1689 4089 1816 4144 dicit

235 4169 550 4223 Orationem
578 4187 591 4222 :
621 4172 780 4239 Aufer
805 4188 836 4224 a
861 4172 1026 4240 nobis,
1055 4189 1370 4241 qutcsumus,
1402 4174 1618 4231 Domine
1639 4217 1654 4242 ,
1695 4195 1817 4232 cun-

233 4268 351 4312 ctas
373 4259 660 4330 iniquitates
689 4272 908 4332 nostras,
943 4273 998 4316 ut
1045 4266 1113 4318 ad
1154 4277 1329 4320 sancta
1357 4277 1643 4322 sanctorum
1675 4273 1817 4337 puris

232 4363 534 4401 mereamur
562 4353 810 4404 mentibus
837 4353 1047 4407 introire
1068 4394 1083 4418 ,
1131 4371 1218 4422 per
1251 4352 1510 4410 Christum
1542 4356 1815 4412 Dominum

231 4448 472 4492 nostrum
502 4455 520 4503 ;
555 4440 909 4507 respondetur
936 4443 1117 4497 Amen.
1152 4444 1218 4497 Et
1258 4445 1538 4528 inclinatus
1564 4447 1690 4501 dicit
1718 4449 1817 4502 sub

1925 3272 2283 3327 subdiaconus
2311 3270 2516 3324 oderat.

1989 3364 2196 3419 Deinde
2223 3361 2366 3416 dicat
2394 3357 2558 3414 Credo
2581 3360 2632 3412 in
2655 3375 2810 3413 unum
2840 3358 3032 3424 Deum,
3082 3369 3185 3416 etc.
3216 3361 3330 3428 Quo
3360 3363 3500 3420 dicto

1920 3471 2014 3525 per
2041 3455 2298 3518 chorum,
2329 3451 2471 3505 dicat
2501 3448 2749 3504 Dominus
2778 3450 3066 3513 vobiscum;
3100 3465 3250 3520 resp.
3282 3451 3346 3505 Et
3378 3469 3495 3508 cum

1915 3543 2101 3612 spiritu
2135 3552 2240 3596 tuo.
2271 3542 2466 3596 Postea
2510 3539 2654 3595 dicat
2685 3543 2900 3595 Oremus
2925 3581 2940 3608 ,
2991 3541 3184 3598 deinde
3213 3554 3400 3612 pauset
3446 3548 3497 3604 in

1923 3629 2050 3684 sede
2064 3645 2176 3682 sua.
2194 3627 2562 3690 01Tertor.um,
2586 3625 2725 3680 Deus
2747 3626 2971 3696 ﬁrmavit
2992 3627 3162 3681 orbem
3181 3637 3349 3697 terrai,
3371 3642 3498 3698 etc.;

1919 3727 1979 3774 et
2009 3719 2132 3773 dum
2157 3727 2399 3772 cantatur
2431 3717 2770 3772 Oﬂ’ertorium
2819 3731 2917 3787 per
2953 3717 3174 3774 chorum
3201 3757 3218 3784 ,
3262 3719 3499 3777 sedendo

1921 3809 2069 3860 lavat
2094 3807 2195 3861 sibi
2243 3821 2454 3861 manus.
2500 3807 2644 3861 Lotis
2677 3823 2803 3863 vero
2846 3809 3089 3866 manibus
3119 3819 3175 3865 et
3219 3809 3499 3868 Oll‘ertoria

1922 3906 2155 3960 cantato,
2180 3897 2332 3950 Vadat
2362 3898 2426 3951 ad
2449 3898 2639 3962 altare,
2664 3905 2720 3952 et
2746 3899 2818 3951 ibi
2857 3900 3084 3968 recipiat
3113 3910 3354 3969 patenum
3375 3919 3496 3960 cum

1925 3985 2127 4051 Hostia,
2155 3999 2314 4054 quam
2344 3987 2444 4041 sibi
2468 3985 2622 4040 odert
2660 3986 2918 4043 diaconus
2945 3989 3264 4057 cardinalis;
3294 4005 3348 4048 et
3375 4010 3493 4050 eam

1923 4076 2303 4144 aliquantulum
2354 4078 2569 4132 elevans
2612 4077 2755 4132 dicat
2803 4079 2941 4132 hanc
2978 4079 3328 4136 Orationem:
3362 4083 3496 4140 Sus-

1922 4167 2053 4236 cipe,
2085 4178 2253 4222 sancte
2279 4167 2451 4234 Pater,
2481 4169 2810 4239 omnipotens,
2837 4177 3036 4222 teternte
3067 4169 3222 4234 Deus,
3244 4171 3378 4228 hanc
3405 4177 3497 4229 int-

1925 4257 2231 4310 maculatum
2260 4256 2517 4323 Hostiam,
2543 4274 2692 4328 quam
2730 4275 2822 4330 ego
2865 4259 3103 4329 indignus
3123 4263 3347 4333 [urnulas
3384 4275 3499 4322 tuus

1924 4348 2081 4416 o/fero
2108 4351 2196 4403 tibi
2227 4350 2333 4404 Deo
2355 4366 2488 4418 meo,
2522 4361 2628 4406 etc.
2661 4350 2860 4405 Deinde
2891 4360 3051 4420 ponat
3082 4353 3313 4410 Hostiam
3338 4373 3499 4428 super

1925 4445 2198 4507 corporale
2227 4457 2344 4495 cum
2373 4450 2564 4510 patena
2591 4442 2654 4494 ad
2685 4452 2888 4509 partem
2919 4442 3218 4512 sinistram,
3252 4456 3308 4502 et
3337 4460 3487 4517 pate-

231 4529 463 4582 silentio
492 4532 626 4584 hanc
649 4531 978 4587 Orationem.
1006 4535 1207 4588 Oratio.
1241 4535 1463 4589 Oramus
1484 4545 1550 4605 te,
1581 4537 1812 4605 Domine,
1853 4549 1900 4608 ι)
1927 4546 2046 4585 nam
2078 4543 2239 4599 ponat
2283 4533 2348 4586 ad
2379 4548 2590 4586 tnanum
2621 4533 2862 4587 dextram
2905 4534 3054 4603 juxta
3102 4541 3397 4606 corporale.
3432 4541 3500 4597 Et

234 4636 335 4689 per
359 4622 538 4673 merita
559 4629 846 4675 sanctorum
873 4633 1073 4676 tuorum
1096 4641 1309 4692 quorum
1331 4626 1558 4696 reliquiae
1578 4629 1657 4681 hic
1677 4640 1814 4695 sunt,

229 4723 289 4768 et
331 4713 559 4765 omnium
609 4724 932 4781 sanctorum,
983 4726 1037 4770 ut
1085 4718 1349 4788 indulgere
1379 4719 1597 4788 digneris
1648 4723 1816 4774 omnia

234 4816 456 4876 peccata
495 4823 626 4862 mea.
669 4808 888 4863 Demum
918 4811 1188 4864 osculatur
1217 4812 1382 4866 altare
1412 4814 1460 4866 in
1503 4813 1681 4868 medio
1704 4855 1719 4879 ,
1761 4823 1817 4868 et

233 4898 634 4968 subsequenter
675 4899 1020 4971 Evangelium
1051 4944 1064 4966 ,
1114 4906 1252 4969 quod
1277 4905 1434 4958 debet
1481 4917 1696 4962 cantare
1726 4909 1815 4961 illa

230 4987 332 5043 die
360 4989 691 5044 olferendum
715 4992 816 5045 sibi
833 5007 925 5061 per
947 4993 1330 5049 subdiaconum
1356 4996 1407 5050 in
1429 4996 1642 5051 sinistra
1669 5009 1819 5065 parte

231 5078 453 5133 altaris.
487 5079 597 5134 lloc
620 5081 778 5144 facto,
812 5089 982 5138 vertat
1004 5097 1063 5137 se
1091 5084 1157 5138 ad
1181 5083 1461 5140 diaconum
1493 5088 1818 5142 cardinalem

233 5171 336 5242 qui
366 5171 468 5226 sibi
496 5173 683 5236 servit,
715 5173 977 5241 recipiens
1009 5173 1330 5228 thuribulum
1373 5175 1440 5230 de
1469 5193 1623 5232 manu
1655 5178 1819 5248 ipsius

229 5259 554 5325 cardinalis,
587 5269 642 5315 et
667 5263 910 5317 incensat
936 5266 1132 5330 altare;
1165 5282 1269 5334 quo
1299 5268 1598 5333 inccnsato,
1632 5271 1819 5324 reddat

231 5351 576 5407 thuribulum
601 5352 825 5408 diacono
847 5355 1141 5420 cardinali',
1165 5356 1375 5412 demum
1401 5359 1821 5427 recipietomnes

229 5443 500 5498 diaconos
529 5443 826 5502 cardinales
855 5447 919 5500 ad
946 5449 1086 5516 pacis
1115 5449 1374 5503 osculum.

317 5523 508 5590 Postea
540 5539 682 5590 va‘dit
723 5537 788 5590 ad
837 5539 1016 5592 sedem
1048 5554 1232 5604 suam,
1283 5553 1335 5595 et
1362 5541 1599 5596 sedendo
1641 5543 1823 5613 incipit

229 5627 524 5682 httroitnm
558 5627 670 5682 Lua:
696 5632 902 5700 fulgebit
929 5631 1079 5684 hodie
1098 5647 1248 5699 super
1275 5650 1368 5686 nos
1389 5673 1402 5698 ,
1432 5635 1550 5703 quia
1577 5647 1724 5689 natus
1753 5645 1823 5689 est

223 5719 408 5782 nobis,
437 5732 541 5772 etc.
572 5718 830 5785 Psalntus,
867 5717 1117 5773 Dominus
1144 5725 1392 5791 regnavit,
1422 5725 1679 5790 decorem,
1714 5735 1820 5779 etc.

1929 4631 2108 4689 postea
2131 4621 2350 4691 recipiat
2377 4622 2666 4691 ampullam
2693 4637 2812 4676 cum
2837 4638 2969 4694 aqua
2993 4623 3061 4680 de
3094 4641 3250 4681 manu
3282 4630 3498 4686 subdia-

1927 4713 2072 4780 Clllli,
2105 4723 2160 4767 et
2189 4721 2353 4782 ponat
2379 4713 2448 4768 de
2475 4727 2609 4783 aqua
2640 4714 2692 4767 in
2720 4713 2960 4781 calicem,
2992 4714 3177 4770 dicens
3204 4717 3372 4785 Deus,
3417 4727 3500 4792 qui

1927 4806 2164 4861 humana?
2201 4807 2495 4861 substantia:
2523 4808 2824 4877 dignitatem
2855 4810 3152 4864 mirabiliter
3178 4816 3449 4870 condidisti
3483 4856 3500 4883 ,

1924 4908 2031 4954 etc.
2058 4940 2073 4964 ,
2103 4908 2156 4954 et
2183 4899 2372 4954 reddat
2400 4901 2688 4968 ampullam
2719 4901 3068 4957 subdiacono.
3097 4904 3301 4961 Deinde
3325 4908 3500 4977 signet

1926 5005 2086 5060 supra
2133 4991 2358 5045 calicem
2411 4992 2612 5058 semel;
2645 5002 2698 5045 et
2726 4994 2851 5045 dum
2904 4993 3115 5062 ponitur
3153 4996 3292 5050 calix
3341 5012 3499 5068 supra

1925 5082 2209 5151 corporale
2240 5084 2290 5136 in
2319 5083 2437 5137 loco
2455 5096 2552 5136 suo
2577 5098 2670 5152 per
2698 5082 2978 5137 diaconum
3004 5085 3345 5152 cardinalem,
3370 5104 3502 5158 papa

1927 5176 2106 5231 dicat:
2130 5176 2404 5243 O/ferimus
2426 5176 2534 5241 tibi,
2565 5175 2804 5242 Domine,
2833 5177 3040 5231 calicem
3060 5179 3496 5246 salutarem,ctc.,

1924 5286 2038 5322 cum
2065 5269 2219 5322 odore
2248 5270 2512 5324 suavitatis
2537 5271 2779 5322 ascendat
2811 5269 3022 5324 donum.
3061 5271 3124 5325 Et
3155 5287 3274 5326 cutn
3307 5289 3398 5342 per
3421 5276 3500 5330 dt-

1925 5371 2069 5414 cium
2103 5360 2429 5415 cardinalem
2472 5361 2612 5414 calix
2651 5362 2979 5428 cooperitur,
3012 5377 3144 5433 papa
3177 5363 3319 5419 dicat
3345 5368 3498 5422 Anti-

1927 5451 2157 5521 pbnnam
2212 5451 2272 5504 In
2323 5452 2506 5521 spiritu
2558 5451 2882 5517 Immilitatis,
2939 5460 3044 5508 etc.
3100 5455 3498 5524 Subsequenter

1930 5541 2068 5596 dicat
2112 5541 2272 5609 Veni,
2320 5542 2685 5610 sanctiﬁcator,
2719 5550 2858 5605 etc.,
2897 5544 3155 5612 signando
3201 5559 3363 5615 super
3390 5547 3497 5601 llo-

1931 5635 2083 5686 stiam
2120 5646 2173 5686 et
2216 5634 2467 5696 Calicem;
2500 5641 2555 5687 et
2583 5643 2766 5704 postea
2797 5644 2966 5690 vertat
3011 5651 3072 5691 se
3122 5636 3186 5692 ad
3217 5638 3498 5694 diaconum

1932 5727 2274 5790 cardinalem,
2307 5735 2360 5778 et
2390 5725 2668 5783 benedicat
2693 5726 2967 5785 incensum
2994 5709 3249 5800 sign’ando
3273 5729 3492 5810 dicens:
