  <div class='ocr_page' id='page_1' title='image "/cluster/home/n/w/nwhite01/storage/ocr_20150623/78/uva.x000827090/601.png"; bbox 0 0 4006 6290; ppageno 0'>
   <div class='ocr_carea' id='block_1_1' title="bbox 515 376 647 429">
    <p class='ocr_par' dir='ltr' id='par_1_1' title="bbox 515 376 647 429">
     <span class='ocr_line' id='line_1_1' title="bbox 515 376 647 429; baseline -0.015 0"><span class='ocrx_word' id='word_1_1' title='bbox 515 376 647 429; x_wconf 81' lang='lat' dir='ltr'><strong>H87</strong></span> 
     </span>
    </p>
   </div>
   <div class='ocr_carea' id='block_1_2' title="bbox 1184 348 3059 416">
    <p class='ocr_par' dir='ltr' id='par_1_2' title="bbox 1184 348 3059 416">
     <span class='ocr_line' id='line_1_2' title="bbox 1184 348 3059 416; baseline -0.007 0"><span class='ocrx_word' id='word_1_2' title='bbox 1184 359 1525 416; x_wconf 77' lang='lat' dir='ltr'><strong>APPENDIX</strong></span> <span class='ocrx_word' id='word_1_3' title='bbox 1568 358 1656 413; x_wconf 79' lang='lat' dir='ltr'><strong>AD</strong></span> <span class='ocrx_word' id='word_1_4' title='bbox 1695 358 1752 413; x_wconf 90' lang='lat' dir='ltr'><strong>S.</strong></span> <span class='ocrx_word' id='word_1_5' title='bbox 1797 352 2117 411; x_wconf 76' lang='lat' dir='ltr'><strong>GREGURII</strong></span> <span class='ocrx_word' id='word_1_6' title='bbox 2156 352 2365 407; x_wconf 74' lang='lat' dir='ltr'><strong>MAGNI</strong></span> <span class='ocrx_word' id='word_1_7' title='bbox 2405 350 2769 407; x_wconf 78' lang='lat' dir='ltr'><strong>LITllRGlCA</strong></span> <span class='ocrx_word' id='word_1_8' title='bbox 2811 348 3059 405; x_wconf 45' lang='lat' dir='ltr'><strong>OPERS.</strong></span> 
     </span>
    </p>
   </div>
   <div class='ocr_carea' id='block_1_3' title="bbox 3644 349 3783 404">
    <p class='ocr_par' dir='ltr' id='par_1_3' title="bbox 3644 349 3783 404">
     <span class='ocr_line' id='line_1_3' title="bbox 3644 349 3783 404; baseline 0.014 -2"><span class='ocrx_word' id='word_1_9' title='bbox 3644 349 3783 404; x_wconf 72' lang='lat' dir='ltr'><strong>i188</strong></span> 
     </span>
    </p>
   </div>
   <div class='ocr_carea' id='block_1_4' title="bbox 512 465 3783 555">
    <p class='ocr_par' dir='ltr' id='par_1_4' title="bbox 512 465 3783 555">
     <span class='ocr_line' id='line_1_4' title="bbox 512 465 3783 555; baseline -0.007 -14"><span class='ocrx_word' id='word_1_10' title='bbox 512 486 712 555; x_wconf 76' lang='lat' dir='ltr'><strong>Abipsa</strong></span> <span class='ocrx_word' id='word_1_11' title='bbox 727 478 1074 548; x_wconf 78' lang='lat' dir='ltr'><strong>sanctiﬁecris,</strong></span> <span class='ocrx_word' id='word_1_12' title='bbox 1107 477 1158 528; x_wconf 88' lang='lat' dir='ltr'><strong>in</strong></span> <span class='ocrx_word' id='word_1_13' title='bbox 1187 475 1334 541; x_wconf 87' lang='lat' dir='ltr'><strong>cujus</strong></span> <span class='ocrx_word' id='word_1_14' title='bbox 1364 473 1553 525; x_wconf 60' lang='lat' dir='ltr'><strong>honore</strong></span> <span class='ocrx_word' id='word_1_15' title='bbox 1580 470 1901 523; x_wconf 74' lang='lat' dir='ltr'><strong>cremttberis.</strong></span> <span class='ocrx_word' id='word_1_16' title='bbox 1920 470 2077 524; x_wconf 85' lang='lat' dir='ltr'><strong>Dein-</strong></span> <span class='ocrx_word' id='word_1_17' title='bbox 2106 478 2155 532; x_wconf 72' lang='grc' dir='ltr'><strong>Α</strong></span> <span class='ocrx_word' id='word_1_18' title='bbox 2184 469 2350 532; x_wconf 67' lang='lat' dir='ltr'><strong>doris,</strong></span> <span class='ocrx_word' id='word_1_19' title='bbox 2381 466 2539 537; x_wconf 85' lang='lat'><strong>333</strong></span> <span class='ocrx_word' id='word_1_20' title='bbox 2580 478 2728 534; x_wconf 84' lang='lat' dir='ltr'><strong>atque</strong></span> <span class='ocrx_word' id='word_1_21' title='bbox 2753 467 3017 520; x_wconf 66' lang='lat' dir='ltr'><strong>catltolica-</strong></span> <span class='ocrx_word' id='word_1_22' title='bbox 3044 476 3091 519; x_wconf 89' lang='lat' dir='ltr'><strong>et</strong></span> <span class='ocrx_word' id='word_1_23' title='bbox 3133 466 3426 536; x_wconf 72' lang='lat' dir='ltr'><strong>apostolica:</strong></span> <span class='ocrx_word' id='word_1_24' title='bbox 3458 465 3585 533; x_wconf 76' lang='lat' dir='ltr'><strong>ﬁdei</strong></span> <span class='ocrx_word' id='word_1_25' title='bbox 3614 478 3783 518; x_wconf 80' lang='lat' dir='ltr'><strong>cutio-</strong></span> 
     </span>
    </p>
   </div>
   <div class='ocr_carea' id='block_1_5' title="bbox 514 559 2083 643">
    <p class='ocr_par' dir='ltr' id='par_1_5' title="bbox 514 559 2083 643">
     <span class='ocr_line' id='line_1_5' title="bbox 514 559 2083 643; baseline -0.013 -13"><span class='ocrx_word' id='word_1_26' title='bbox 514 580 583 633; x_wconf 87' lang='lat' dir='ltr'><strong>de</strong></span> <span class='ocrx_word' id='word_1_27' title='bbox 611 575 837 643; x_wconf 90' lang='lat' dir='ltr'><strong>recipiat</strong></span> <span class='ocrx_word' id='word_1_28' title='bbox 869 566 1194 622; x_wconf 86' lang='lat' dir='ltr'><strong>thuribulum</strong></span> <span class='ocrx_word' id='word_1_29' title='bbox 1226 563 1293 617; x_wconf 88' lang='lat' dir='ltr'><strong>de</strong></span> <span class='ocrx_word' id='word_1_30' title='bbox 1326 563 1574 616; x_wconf 88' lang='lat' dir='ltr'><strong>manibus</strong></span> <span class='ocrx_word' id='word_1_31' title='bbox 1605 560 1732 614; x_wconf 78' lang='lat' dir='ltr'><strong>dicti</strong></span> <span class='ocrx_word' id='word_1_32' title='bbox 1766 559 2083 623; x_wconf 85' lang='lat' dir='ltr'><strong>cardinalis,</strong></span> 
     </span>
    </p>
   </div>
   <div class='ocr_carea' id='block_1_6' title="bbox 511 649 2083 725">
    <p class='ocr_par' dir='ltr' id='par_1_6' title="bbox 511 649 2083 725">
     <span class='ocr_line' id='line_1_6' title="bbox 511 649 2083 725; baseline -0.013 -3"><span class='ocrx_word' id='word_1_33' title='bbox 511 678 564 722; x_wconf 90' lang='lat' dir='ltr'><strong>et</strong></span> <span class='ocrx_word' id='word_1_34' title='bbox 595 666 833 718; x_wconf 89' lang='lat' dir='ltr'><strong>incenset</strong></span> <span class='ocrx_word' id='word_1_35' title='bbox 857 672 1019 725; x_wconf 83' lang='lat' dir='ltr'><strong>super</strong></span> <span class='ocrx_word' id='word_1_36' title='bbox 1046 654 1269 709; x_wconf 82' lang='lat' dir='ltr'><strong>calicem</strong></span> <span class='ocrx_word' id='word_1_37' title='bbox 1296 660 1355 706; x_wconf 89' lang='lat' dir='ltr'><strong>et</strong></span> <span class='ocrx_word' id='word_1_38' title='bbox 1386 651 1620 704; x_wconf 84' lang='lat' dir='ltr'><strong>Hostiam</strong></span> <span class='ocrx_word' id='word_1_39' title='bbox 1651 651 1702 703; x_wconf 93' lang='lat' dir='ltr'><strong>in</strong></span> <span class='ocrx_word' id='word_1_40' title='bbox 1719 649 1932 704; x_wconf 88' lang='lat' dir='ltr'><strong>modum</strong></span> <span class='ocrx_word' id='word_1_41' title='bbox 1960 662 2083 702; x_wconf 80' lang='lat' dir='ltr'><strong>cru-</strong></span> 
     </span>
    </p>
   </div>
   <div class='ocr_carea' id='block_1_7' title="bbox 512 740 2085 811">
    <p class='ocr_par' dir='ltr' id='par_1_7' title="bbox 512 740 2085 811">
     <span class='ocr_line' id='line_1_7' title="bbox 512 740 2085 811; baseline -0.013 -1"><span class='ocrx_word' id='word_1_42' title='bbox 512 759 589 811; x_wconf 88' lang='lat' dir='ltr'><strong>cis</strong></span> <span class='ocrx_word' id='word_1_43' title='bbox 615 749 839 807; x_wconf 88' lang='lat' dir='ltr'><strong>dicendo</strong></span> <span class='ocrx_word' id='word_1_44' title='bbox 875 764 887 801; x_wconf 90' lang='lat'>:</span> <span class='ocrx_word' id='word_1_45' title='bbox 913 746 1197 799; x_wconf 65' lang='lat' dir='ltr'><strong>incensum</strong></span> <span class='ocrx_word' id='word_1_46' title='bbox 1239 743 1375 796; x_wconf 89' lang='lat' dir='ltr'><strong>istud</strong></span> <span class='ocrx_word' id='word_1_47' title='bbox 1406 758 1437 794; x_wconf 91' lang='lat' dir='ltr'><strong>a</strong></span> <span class='ocrx_word' id='word_1_48' title='bbox 1467 751 1515 794; x_wconf 90' lang='lat' dir='ltr'><strong>te</strong></span> <span class='ocrx_word' id='word_1_49' title='bbox 1554 741 1674 795; x_wconf 86' lang='lat' dir='ltr'><strong>bene</strong></span> <span class='ocrx_word' id='word_1_50' title='bbox 1701 741 1739 809; x_wconf 87' lang='lat'><strong>1-</strong></span> <span class='ocrx_word' id='word_1_51' title='bbox 1771 740 1960 793; x_wconf 86' lang='lat' dir='ltr'><strong>dictum</strong></span> <span class='ocrx_word' id='word_1_52' title='bbox 1999 754 2085 791; x_wconf 82' lang='lat' dir='ltr'><strong>as-</strong></span> 
     </span>
    </p>
   </div>
   <div class='ocr_carea' id='block_1_8' title="bbox 511 832 2088 909">
    <p class='ocr_par' dir='ltr' id='par_1_8' title="bbox 511 832 2088 909">
     <span class='ocr_line' id='line_1_8' title="bbox 511 832 2088 909; baseline -0.01 -9"><span class='ocrx_word' id='word_1_53' title='bbox 511 845 688 901; x_wconf 86' lang='lat' dir='ltr'><strong>cendat</strong></span> <span class='ocrx_word' id='word_1_54' title='bbox 714 840 783 894; x_wconf 88' lang='lat' dir='ltr'><strong>ad</strong></span> <span class='ocrx_word' id='word_1_55' title='bbox 814 850 882 908; x_wconf 92' lang='lat' dir='ltr'><strong>te,</strong></span> <span class='ocrx_word' id='word_1_56' title='bbox 905 838 941 909; x_wconf 85' lang='lat'><strong>1-</strong></span> <span class='ocrx_word' id='word_1_57' title='bbox 972 836 1190 890; x_wconf 79' lang='lat' dir='ltr'><strong>Domine</strong></span> <span class='ocrx_word' id='word_1_58' title='bbox 1212 878 1225 901; x_wconf 94' lang='lat'><strong>,</strong></span> <span class='ocrx_word' id='word_1_59' title='bbox 1272 846 1319 888; x_wconf 89' lang='lat' dir='ltr'><strong>et</strong></span> <span class='ocrx_word' id='word_1_60' title='bbox 1346 833 1618 887; x_wconf 84' lang='lat' dir='ltr'><strong>descendat</strong></span> <span class='ocrx_word' id='word_1_61' title='bbox 1640 832 1677 903; x_wconf 87' lang='lat'><strong>1-</strong></span> <span class='ocrx_word' id='word_1_62' title='bbox 1701 850 1853 900; x_wconf 80' lang='lat' dir='ltr'><strong>super</strong></span> <span class='ocrx_word' id='word_1_63' title='bbox 1879 849 1969 885; x_wconf 88' lang='lat' dir='ltr'><strong>nos</strong></span> <span class='ocrx_word' id='word_1_64' title='bbox 1995 833 2088 885; x_wconf 82' lang='lat' dir='ltr'><strong>mi-</strong></span> 
     </span>
    </p>
   </div>
   <div class='ocr_carea' id='block_1_9' title="bbox 513 923 2087 999">
    <p class='ocr_par' dir='ltr' id='par_1_9' title="bbox 513 923 2087 999">
     <span class='ocr_line' id='line_1_9' title="bbox 513 923 2087 999; baseline -0.007 -10"><span class='ocrx_word' id='word_1_65' title='bbox 513 935 791 991; x_wconf 84' lang='lat' dir='ltr'><strong>sericordia</strong></span> <span class='ocrx_word' id='word_1_66' title='bbox 819 944 927 999; x_wconf 74' lang='lat' dir='ltr'><strong>tua,</strong></span> <span class='ocrx_word' id='word_1_67' title='bbox 978 929 1247 999; x_wconf 87' lang='lat' dir='ltr'><strong>Dirigatur</strong></span> <span class='ocrx_word' id='word_1_68' title='bbox 1297 927 1476 981; x_wconf 78' lang='lat' dir='ltr'><strong>Oratio</strong></span> <span class='ocrx_word' id='word_1_69' title='bbox 1522 941 1634 978; x_wconf 87' lang='lat' dir='ltr'><strong>mea</strong></span> <span class='ocrx_word' id='word_1_70' title='bbox 1661 968 1674 988; x_wconf 87' lang='lat'><strong>,</strong></span> <span class='ocrx_word' id='word_1_71' title='bbox 1705 935 1810 979; x_wconf 84' lang='lat' dir='ltr'><strong>etc.</strong></span> <span class='ocrx_word' id='word_1_72' title='bbox 1852 923 2087 978; x_wconf 57' lang='lat' dir='ltr'><strong>Elei-otio</strong></span> 
     </span>
    </p>
   </div>
   <div class='ocr_carea' id='block_1_10' title="bbox 513 1014 2091 1086">
    <p class='ocr_par' dir='ltr' id='par_1_10' title="bbox 513 1014 2091 1086">
     <span class='ocr_line' id='line_1_10' title="bbox 513 1014 2091 1086; baseline -0.008 -7"><span class='ocrx_word' id='word_1_73' title='bbox 513 1041 755 1079; x_wconf 89' lang='lat' dir='ltr'><strong>manuum</strong></span> <span class='ocrx_word' id='word_1_74' title='bbox 784 1038 1042 1086; x_wconf 89' lang='lat' dir='ltr'><strong>mearum,</strong></span> <span class='ocrx_word' id='word_1_75' title='bbox 1074 1030 1177 1073; x_wconf 87' lang='lat' dir='ltr'><strong>etc.</strong></span> <span class='ocrx_word' id='word_1_76' title='bbox 1216 1017 1388 1083; x_wconf 86' lang='lat' dir='ltr'><strong>Pone,</strong></span> <span class='ocrx_word' id='word_1_77' title='bbox 1427 1016 1668 1077; x_wconf 85' lang='lat' dir='ltr'><strong>Domine,</strong></span> <span class='ocrx_word' id='word_1_78' title='bbox 1701 1017 1982 1068; x_wconf 76' lang='lat' dir='ltr'><strong>custodiam</strong></span> <span class='ocrx_word' id='word_1_79' title='bbox 2013 1014 2091 1068; x_wconf 89' lang='lat' dir='ltr'><strong>ori</strong></span> 
     </span>
    </p>
   </div>
   <div class='ocr_carea' id='block_1_11' title="bbox 513 1102 2092 1181">
    <p class='ocr_par' dir='ltr' id='par_1_11' title="bbox 513 1102 2092 1181">
     <span class='ocr_line' id='line_1_11' title="bbox 513 1102 2092 1181; baseline -0.008 -13"><span class='ocrx_word' id='word_1_80' title='bbox 513 1131 642 1181; x_wconf 89' lang='lat' dir='ltr'><strong>meo,</strong></span> <span class='ocrx_word' id='word_1_81' title='bbox 670 1123 776 1167; x_wconf 89' lang='lat' dir='ltr'><strong>etc.</strong></span> <span class='ocrx_word' id='word_1_82' title='bbox 812 1110 881 1165; x_wconf 84' lang='lat' dir='ltr'><strong>Et</strong></span> <span class='ocrx_word' id='word_1_83' title='bbox 908 1126 1008 1165; x_wconf 90' lang='lat' dir='ltr'><strong>non</strong></span> <span class='ocrx_word' id='word_1_84' title='bbox 1034 1110 1253 1163; x_wconf 87' lang='lat' dir='ltr'><strong>declinet</strong></span> <span class='ocrx_word' id='word_1_85' title='bbox 1304 1122 1391 1160; x_wconf 92' lang='lat' dir='ltr'><strong>cor</strong></span> <span class='ocrx_word' id='word_1_86' title='bbox 1420 1121 1622 1172; x_wconf 84' lang='lat' dir='ltr'><strong>mcum,</strong></span> <span class='ocrx_word' id='word_1_87' title='bbox 1670 1114 1775 1159; x_wconf 88' lang='lat' dir='ltr'><strong>etc.</strong></span> <span class='ocrx_word' id='word_1_88' title='bbox 1814 1102 1877 1157; x_wconf 87' lang='lat' dir='ltr'><strong>Et</strong></span> <span class='ocrx_word' id='word_1_89' title='bbox 1921 1103 2092 1158; x_wconf 86' lang='lat' dir='ltr'><strong>conti-</strong></span> 
     </span>
    </p>
   </div>
   <div class='ocr_carea' id='block_1_12' title="bbox 519 1197 2095 1267">
    <p class='ocr_par' dir='ltr' id='par_1_12' title="bbox 519 1197 2095 1267">
     <span class='ocr_line' id='line_1_12' title="bbox 519 1197 2095 1267; baseline -0.008 -7"><span class='ocrx_word' id='word_1_90' title='bbox 519 1204 733 1262; x_wconf 84' lang='lat' dir='ltr'><strong>nuando</strong></span> <span class='ocrx_word' id='word_1_91' title='bbox 764 1203 1007 1259; x_wconf 86' lang='lat' dir='ltr'><strong>incenset</strong></span> <span class='ocrx_word' id='word_1_92' title='bbox 1037 1210 1063 1237; x_wconf 73' lang='grc' dir='ltr'>ι</span> <span class='ocrx_word' id='word_1_93' title='bbox 1096 1214 1283 1254; x_wconf 82' lang='lat' dir='ltr'><strong>cruces</strong></span> <span class='ocrx_word' id='word_1_94' title='bbox 1312 1209 1363 1253; x_wconf 86' lang='lat' dir='ltr'><strong>et</strong></span> <span class='ocrx_word' id='word_1_95' title='bbox 1408 1197 1666 1267; x_wconf 79' lang='lat' dir='ltr'><strong>imagines</strong></span> <span class='ocrx_word' id='word_1_96' title='bbox 1700 1204 1902 1250; x_wconf 89' lang='lat' dir='ltr'><strong>stantes</strong></span> <span class='ocrx_word' id='word_1_97' title='bbox 1933 1209 2095 1263; x_wconf 90' lang='lat' dir='ltr'><strong>super</strong></span> 
     </span>
    </p>
   </div>
   <div class='ocr_carea' id='block_1_13' title="bbox 518 1284 2079 1363">
    <p class='ocr_par' dir='ltr' id='par_1_13' title="bbox 518 1284 2079 1363">
     <span class='ocr_line' id='line_1_13' title="bbox 518 1284 2079 1363; baseline -0.008 -12"><span class='ocrx_word' id='word_1_98' title='bbox 518 1298 709 1363; x_wconf 85' lang='lat' dir='ltr'><strong>altare,</strong></span> <span class='ocrx_word' id='word_1_99' title='bbox 738 1304 791 1349; x_wconf 89' lang='lat' dir='ltr'><strong>et</strong></span> <span class='ocrx_word' id='word_1_100' title='bbox 822 1296 993 1362; x_wconf 90' lang='lat' dir='ltr'><strong>ipsum</strong></span> <span class='ocrx_word' id='word_1_101' title='bbox 1022 1292 1191 1346; x_wconf 79' lang='lat' dir='ltr'><strong>altare</strong></span> <span class='ocrx_word' id='word_1_102' title='bbox 1219 1290 1481 1359; x_wconf 89' lang='lat' dir='ltr'><strong>desuper;</strong></span> <span class='ocrx_word' id='word_1_103' title='bbox 1517 1298 1699 1358; x_wconf 88' lang='lat' dir='ltr'><strong>postea</strong></span> <span class='ocrx_word' id='word_1_104' title='bbox 1733 1289 1969 1339; x_wconf 89' lang='lat' dir='ltr'><strong>incenset</strong></span> <span class='ocrx_word' id='word_1_105' title='bbox 1991 1284 2079 1338; x_wconf 88' lang='lat' dir='ltr'><strong>ite-</strong></span> 
     </span>
    </p>
   </div>
   <div class='ocr_carea' id='block_1_14' title="bbox 514 1375 2089 1452">
    <p class='ocr_par' dir='ltr' id='par_1_14' title="bbox 514 1375 2089 1452">
     <span class='ocr_line' id='line_1_14' title="bbox 514 1375 2089 1452; baseline -0.008 -11"><span class='ocrx_word' id='word_1_106' title='bbox 514 1401 631 1441; x_wconf 93' lang='lat' dir='ltr'><strong>rum</strong></span> <span class='ocrx_word' id='word_1_107' title='bbox 657 1398 814 1452; x_wconf 83' lang='lat' dir='ltr'><strong>supra</strong></span> <span class='ocrx_word' id='word_1_108' title='bbox 842 1383 1080 1437; x_wconf 80' lang='lat' dir='ltr'><strong>Hostiam</strong></span> <span class='ocrx_word' id='word_1_109' title='bbox 1109 1390 1164 1437; x_wconf 91' lang='lat' dir='ltr'><strong>et</strong></span> <span class='ocrx_word' id='word_1_110' title='bbox 1193 1380 1433 1435; x_wconf 83' lang='lat' dir='ltr'><strong>calicem.</strong></span> <span class='ocrx_word' id='word_1_111' title='bbox 1465 1377 1668 1433; x_wconf 82' lang='lat' dir='ltr'><strong>Deinde</strong></span> <span class='ocrx_word' id='word_1_112' title='bbox 1696 1375 1885 1431; x_wconf 85' lang='lat' dir='ltr'><strong>reddat</strong></span> <span class='ocrx_word' id='word_1_113' title='bbox 1906 1375 2089 1430; x_wconf 87' lang='lat' dir='ltr'><strong>tburi-</strong></span> 
     </span>
    </p>
   </div>
   <div class='ocr_carea' id='block_1_15' title="bbox 517 1468 2095 1538">
    <p class='ocr_par' dir='ltr' id='par_1_15' title="bbox 517 1468 2095 1538">
     <span class='ocr_line' id='line_1_15' title="bbox 517 1468 2095 1538; baseline -0.008 -5"><span class='ocrx_word' id='word_1_114' title='bbox 517 1480 696 1533; x_wconf 87' lang='lat' dir='ltr'><strong>bulum</strong></span> <span class='ocrx_word' id='word_1_115' title='bbox 727 1477 874 1530; x_wconf 88' lang='lat' dir='ltr'><strong>dicto</strong></span> <span class='ocrx_word' id='word_1_116' title='bbox 902 1473 1163 1528; x_wconf 83' lang='lat' dir='ltr'><strong>cardinali</strong></span> <span class='ocrx_word' id='word_1_117' title='bbox 1187 1514 1200 1538; x_wconf 88' lang='lat'><strong>,</strong></span> <span class='ocrx_word' id='word_1_118' title='bbox 1255 1472 1483 1527; x_wconf 87' lang='lat' dir='ltr'><strong>dicendo</strong></span> <span class='ocrx_word' id='word_1_119' title='bbox 1511 1488 1525 1524; x_wconf 88' lang='lat'><strong>:</strong></span> <span class='ocrx_word' id='word_1_120' title='bbox 1560 1470 1813 1523; x_wconf 83' lang='lat' dir='ltr'><strong>Accendat</strong></span> <span class='ocrx_word' id='word_1_121' title='bbox 1851 1468 2095 1522; x_wconf 83' lang='lat' dir='ltr'><strong>Dominus</strong></span> 
     </span>
    </p>
   </div>
   <div class='ocr_carea' id='block_1_16' title="bbox 515 1561 2096 1635">
    <p class='ocr_par' dir='ltr' id='par_1_16' title="bbox 515 1561 2096 1635">
     <span class='ocr_line' id='line_1_16' title="bbox 515 1561 2096 1635; baseline -0.006 -14"><span class='ocrx_word' id='word_1_122' title='bbox 515 1568 567 1621; x_wconf 90' lang='lat' dir='ltr'><strong>in</strong></span> <span class='ocrx_word' id='word_1_123' title='bbox 589 1566 733 1620; x_wconf 89' lang='lat' dir='ltr'><strong>nobis</strong></span> <span class='ocrx_word' id='word_1_124' title='bbox 755 1565 917 1635; x_wconf 80' lang='lat'><strong>332</strong></span> <span class='ocrx_word' id='word_1_125' title='bbox 945 1565 1117 1635; x_wconf 82' lang='lat' dir='ltr'><strong><em>ignem</em></strong></span> <span class='ocrx_word' id='word_1_126' title='bbox 1146 1564 1227 1617; x_wconf 90' lang='lat' dir='ltr'><strong>sui</strong></span> <span class='ocrx_word' id='word_1_127' title='bbox 1254 1562 1445 1615; x_wconf 88' lang='lat' dir='ltr'><strong>amoris</strong></span> <span class='ocrx_word' id='word_1_128' title='bbox 1470 1602 1483 1625; x_wconf 89' lang='lat'><strong>,</strong></span> <span class='ocrx_word' id='word_1_129' title='bbox 1531 1569 1579 1613; x_wconf 91' lang='lat' dir='ltr'><strong>et</strong></span> <span class='ocrx_word' id='word_1_130' title='bbox 1605 1561 1869 1629; x_wconf 80' lang='lat' dir='ltr'><strong>ﬂammant</strong></span> <span class='ocrx_word' id='word_1_131' title='bbox 1894 1566 2096 1611; x_wconf 77' lang='lat' dir='ltr'><strong>wterna:</strong></span> 
     </span>
    </p>
   </div>
   <div class='ocr_carea' id='block_1_17' title="bbox 518 1648 2088 1721">
    <p class='ocr_par' dir='ltr' id='par_1_17' title="bbox 518 1648 2088 1721">
     <span class='ocr_line' id='line_1_17' title="bbox 518 1648 2088 1721; baseline -0.005 -11"><span class='ocrx_word' id='word_1_132' title='bbox 518 1656 780 1710; x_wconf 86' lang='lat' dir='ltr'><strong>charitatis</strong></span> <span class='ocrx_word' id='word_1_133' title='bbox 806 1699 819 1721; x_wconf 88' lang='lat'><strong>,</strong></span> <span class='ocrx_word' id='word_1_134' title='bbox 853 1671 1019 1708; x_wconf 85' lang='lat' dir='ltr'><strong>amen.</strong></span> <span class='ocrx_word' id='word_1_135' title='bbox 1051 1654 1249 1707; x_wconf 93' lang='lat' dir='ltr'><strong>Deinde</strong></span> <span class='ocrx_word' id='word_1_136' title='bbox 1272 1653 1553 1707; x_wconf 87' lang='lat' dir='ltr'><strong>inclinatus</strong></span> <span class='ocrx_word' id='word_1_137' title='bbox 1584 1658 1709 1703; x_wconf 82' lang='lat' dir='ltr'><strong>ante</strong></span> <span class='ocrx_word' id='word_1_138' title='bbox 1744 1649 1912 1702; x_wconf 89' lang='lat' dir='ltr'><strong>altare</strong></span> <span class='ocrx_word' id='word_1_139' title='bbox 1943 1648 2088 1702; x_wconf 83' lang='lat' dir='ltr'><strong>dicat</strong></span> 
     </span>
    </p>
   </div>
   <div class='ocr_carea' id='block_1_18' title="bbox 517 1739 2095 1813">
    <p class='ocr_par' dir='ltr' id='par_1_18' title="bbox 517 1739 2095 1813">
     <span class='ocr_line' id='line_1_18' title="bbox 517 1739 2095 1813; baseline -0.005 -13"><span class='ocrx_word' id='word_1_140' title='bbox 517 1747 652 1801; x_wconf 83' lang='lat' dir='ltr'><strong>hanc</strong></span> <span class='ocrx_word' id='word_1_141' title='bbox 675 1746 1005 1810; x_wconf 81' lang='lat' dir='ltr'><strong>Orationem,</strong></span> <span class='ocrx_word' id='word_1_142' title='bbox 1038 1744 1276 1813; x_wconf 79' lang='lat' dir='ltr'><strong>Suscipe,</strong></span> <span class='ocrx_word' id='word_1_143' title='bbox 1302 1750 1483 1797; x_wconf 82' lang='lat' dir='ltr'><strong>sancta</strong></span> <span class='ocrx_word' id='word_1_144' title='bbox 1518 1741 1763 1804; x_wconf 73' lang='lat' dir='ltr'><strong>Trinitas,</strong></span> <span class='ocrx_word' id='word_1_145' title='bbox 1796 1740 1930 1793; x_wconf 87' lang='lat' dir='ltr'><strong>hanc</strong></span> <span class='ocrx_word' id='word_1_146' title='bbox 1952 1739 2095 1792; x_wconf 79' lang='lat' dir='ltr'><strong>obla-</strong></span> 
     </span>
    </p>
   </div>
   <div class='ocr_carea' id='block_1_19' title="bbox 2187 562 2401 612">
    <p class='ocr_par' dir='ltr' id='par_1_19' title="bbox 2187 562 2401 612">
     <span class='ocr_line' id='line_1_19' title="bbox 2187 562 2401 612; baseline -0.023 0"><span class='ocrx_word' id='word_1_147' title='bbox 2187 562 2341 612; x_wconf 85' lang='lat' dir='ltr'><strong>ribus.</strong></span> <span class='ocrx_word' id='word_1_148' title='bbox 2398 604 2401 607; x_wconf 92' lang='lat'><strong>.</strong></span> 
     </span>
    </p>
   </div>
   <div class='ocr_carea' id='block_1_20' title="bbox 2582 649 3357 717">
    <p class='ocr_par' dir='ltr' id='par_1_20' title="bbox 2582 649 3357 717">
     <span class='ocr_line' id='line_1_20' title="bbox 2582 649 3357 717; baseline 0.003 -15"><span class='ocrx_word' id='word_1_149' title='bbox 2582 649 3030 703; x_wconf 86' lang='lat' dir='ltr'><strong>Commemoratio</strong></span> <span class='ocrx_word' id='word_1_150' title='bbox 3079 664 3174 717; x_wconf 91' lang='lat' dir='ltr'><strong>pro</strong></span> <span class='ocrx_word' id='word_1_151' title='bbox 3203 650 3357 703; x_wconf 84' lang='lat' dir='ltr'><strong>vivis.</strong></span> 
     </span>
    </p>
   </div>
   <div class='ocr_carea' id='block_1_21' title="bbox 2263 738 3786 809">
    <p class='ocr_par' dir='ltr' id='par_1_21' title="bbox 2263 738 3786 809">
     <span class='ocr_line' id='line_1_21' title="bbox 2263 738 3786 809; baseline -0.001 -16"><span class='ocrx_word' id='word_1_152' title='bbox 2263 740 2546 805; x_wconf 76' lang='lat' dir='ltr'><strong>Memento,</strong></span> <span class='ocrx_word' id='word_1_153' title='bbox 2582 740 2824 806; x_wconf 78' lang='lat' dir='ltr'><strong>Domine,</strong></span> <span class='ocrx_word' id='word_1_154' title='bbox 2857 739 3167 809; x_wconf 73' lang='lat' dir='ltr'><strong>famulorum</strong></span> <span class='ocrx_word' id='word_1_155' title='bbox 3208 738 3626 808; x_wconf 76' lang='lat' dir='ltr'><strong>famularumque</strong></span> <span class='ocrx_word' id='word_1_156' title='bbox 3657 747 3786 791; x_wconf 67' lang='lat' dir='ltr'><strong>tua-</strong></span> 
     </span>
    </p>
   </div>
   <div class='ocr_carea' id='block_1_22' title="bbox 2190 831 3789 901">
    <p class='ocr_par' dir='ltr' id='par_1_22' title="bbox 2190 831 3789 901">
     <span class='ocr_line' id='line_1_22' title="bbox 2190 831 3789 901; baseline -0.002 -14"><span class='ocrx_word' id='word_1_157' title='bbox 2190 851 2302 887; x_wconf 84' lang='lat' dir='ltr'><strong>rum</strong></span> <span class='ocrx_word' id='word_1_158' title='bbox 2341 832 2411 887; x_wconf 87' lang='lat' dir='ltr'><strong>N.</strong></span> <span class='ocrx_word' id='word_1_159' title='bbox 2442 842 2489 886; x_wconf 86' lang='lat' dir='ltr'><strong>et</strong></span> <span class='ocrx_word' id='word_1_160' title='bbox 2514 833 2743 886; x_wconf 77' lang='lat' dir='ltr'><strong>omnium</strong></span> <span class='ocrx_word' id='word_1_161' title='bbox 2772 832 3236 895; x_wconf 87' lang='lat' dir='ltr'><strong>circumstantium,</strong></span> <span class='ocrx_word' id='word_1_162' title='bbox 3271 848 3490 901; x_wconf 87' lang='lat' dir='ltr'><strong>quorum</strong></span> <span class='ocrx_word' id='word_1_163' title='bbox 3519 831 3608 883; x_wconf 89' lang='lat' dir='ltr'><strong>tibi</strong></span> <span class='ocrx_word' id='word_1_164' title='bbox 3652 831 3789 899; x_wconf 76' lang='lat' dir='ltr'><strong>fides</strong></span> 
     </span>
    </p>
   </div>
   <div class='ocr_carea' id='block_1_23' title="bbox 2190 924 3783 1001">
    <p class='ocr_par' dir='ltr' id='par_1_23' title="bbox 2190 924 3783 1001">
     <span class='ocr_line' id='line_1_23' title="bbox 2190 924 3783 1001; baseline -0.004 -18"><span class='ocrx_word' id='word_1_165' title='bbox 2190 930 2389 1001; x_wconf 84' lang='lat' dir='ltr'><strong>coqnita</strong></span> <span class='ocrx_word' id='word_1_166' title='bbox 2419 937 2523 993; x_wconf 87' lang='lat' dir='ltr'><strong>est,</strong></span> <span class='ocrx_word' id='word_1_167' title='bbox 2554 937 2601 981; x_wconf 94' lang='lat' dir='ltr'><strong>et</strong></span> <span class='ocrx_word' id='word_1_168' title='bbox 2631 935 2750 980; x_wconf 84' lang='lat' dir='ltr'><strong>nota</strong></span> <span class='ocrx_word' id='word_1_169' title='bbox 2774 926 3004 992; x_wconf 77' lang='lat' dir='ltr'><strong>devotio,</strong></span> <span class='ocrx_word' id='word_1_170' title='bbox 3034 942 3128 995; x_wconf 86' lang='lat' dir='ltr'><strong>pro</strong></span> <span class='ocrx_word' id='word_1_171' title='bbox 3157 926 3337 994; x_wconf 81' lang='lat' dir='ltr'><strong>quibus</strong></span> <span class='ocrx_word' id='word_1_172' title='bbox 3367 924 3457 979; x_wconf 90' lang='lat' dir='ltr'><strong>tibi</strong></span> <span class='ocrx_word' id='word_1_173' title='bbox 3484 924 3749 991; x_wconf 79' lang='lat' dir='ltr'><strong>oﬂ‘erimsts</strong></span> <span class='ocrx_word' id='word_1_174' title='bbox 3767 966 3783 988; x_wconf 91' lang='lat'><strong>,</strong></span> 
     </span>
    </p>
   </div>
   <div class='ocr_carea' id='block_1_24' title="bbox 2192 1016 3783 1089">
    <p class='ocr_par' dir='ltr' id='par_1_24' title="bbox 2192 1016 3783 1089">
     <span class='ocr_line' id='line_1_24' title="bbox 2192 1016 3783 1089; baseline -0.003 -17"><span class='ocrx_word' id='word_1_175' title='bbox 2192 1020 2270 1072; x_wconf 71' lang='lat' dir='ltr'><strong>vel</strong></span> <span class='ocrx_word' id='word_1_176' title='bbox 2317 1021 2403 1089; x_wconf 88' lang='lat' dir='ltr'><strong>qui</strong></span> <span class='ocrx_word' id='word_1_177' title='bbox 2432 1018 2522 1072; x_wconf 86' lang='lat' dir='ltr'><strong>tibi</strong></span> <span class='ocrx_word' id='word_1_178' title='bbox 2571 1016 2790 1084; x_wconf 75' lang='lat' dir='ltr'><strong>olferunt</strong></span> <span class='ocrx_word' id='word_1_179' title='bbox 2838 1018 2933 1069; x_wconf 83' lang='lat' dir='ltr'><strong>hoc</strong></span> <span class='ocrx_word' id='word_1_180' title='bbox 2978 1016 3288 1084; x_wconf 78' lang='lat' dir='ltr'><strong>sacriﬁcium</strong></span> <span class='ocrx_word' id='word_1_181' title='bbox 3336 1016 3507 1069; x_wconf 78' lang='lat' dir='ltr'><strong>laudis</strong></span> <span class='ocrx_word' id='word_1_182' title='bbox 3546 1032 3641 1085; x_wconf 85' lang='lat' dir='ltr'><strong>pro</strong></span> <span class='ocrx_word' id='word_1_183' title='bbox 3682 1032 3740 1068; x_wconf 89' lang='lat' dir='ltr'><strong>se</strong></span> <span class='ocrx_word' id='word_1_184' title='bbox 3766 1055 3783 1079; x_wconf 92' lang='lat'><strong>,</strong></span> 
     </span>
    </p>
   </div>
   <div class='ocr_carea' id='block_1_25' title="bbox 2192 1108 3783 1181">
    <p class='ocr_par' dir='ltr' id='par_1_25' title="bbox 2192 1108 3783 1181">
     <span class='ocr_line' id='line_1_25' title="bbox 2192 1108 3783 1181; baseline -0.004 -16"><span class='ocrx_word' id='word_1_185' title='bbox 2192 1112 2397 1181; x_wconf 78' lang='lat' dir='ltr'><strong>suisque</strong></span> <span class='ocrx_word' id='word_1_186' title='bbox 2426 1110 2659 1165; x_wconf 87' lang='lat' dir='ltr'><strong>ontnibas</strong></span> <span class='ocrx_word' id='word_1_187' title='bbox 2679 1150 2694 1176; x_wconf 92' lang='lat'><strong>,</strong></span> <span class='ocrx_word' id='word_1_188' title='bbox 2725 1125 2819 1179; x_wconf 89' lang='lat' dir='ltr'><strong>pro</strong></span> <span class='ocrx_word' id='word_1_189' title='bbox 2846 1108 3195 1177; x_wconf 82' lang='lat' dir='ltr'><strong>redemptione</strong></span> <span class='ocrx_word' id='word_1_190' title='bbox 3218 1108 3514 1161; x_wconf 86' lang='lat' dir='ltr'><strong>animarum</strong></span> <span class='ocrx_word' id='word_1_191' title='bbox 3545 1124 3783 1169; x_wconf 78' lang='lat' dir='ltr'><strong>suarum,</strong></span> 
     </span>
    </p>
   </div>
   <div class='ocr_carea' id='block_1_26' title="bbox 2192 1198 3787 1270">
    <p class='ocr_par' dir='ltr' id='par_1_26' title="bbox 2192 1198 3787 1270">
     <span class='ocr_line' id='line_1_26' title="bbox 2192 1198 3787 1270; baseline -0.003 -18"><span class='ocrx_word' id='word_1_192' title='bbox 2192 1217 2283 1270; x_wconf 87' lang='lat' dir='ltr'><strong>pro</strong></span> <span class='ocrx_word' id='word_1_193' title='bbox 2312 1217 2401 1270; x_wconf 86' lang='lat' dir='ltr'><strong>spe</strong></span> <span class='ocrx_word' id='word_1_194' title='bbox 2449 1199 2628 1253; x_wconf 84' lang='lat' dir='ltr'><strong>salutis</strong></span> <span class='ocrx_word' id='word_1_195' title='bbox 2656 1210 2703 1252; x_wconf 93' lang='lat' dir='ltr'><strong>et</strong></span> <span class='ocrx_word' id='word_1_196' title='bbox 2752 1198 3117 1252; x_wconf 79' lang='lat' dir='ltr'><strong>incolumitatis</strong></span> <span class='ocrx_word' id='word_1_197' title='bbox 3144 1213 3285 1264; x_wconf 68' lang='lat' dir='ltr'><strong>sum,</strong></span> <span class='ocrx_word' id='word_1_198' title='bbox 3322 1198 3512 1268; x_wconf 83' lang='lat' dir='ltr'><strong>tibique</strong></span> <span class='ocrx_word' id='word_1_199' title='bbox 3556 1198 3787 1250; x_wconf 74' lang='lat' dir='ltr'><strong>reddunt</strong></span> 
     </span>
    </p>
   </div>
   <div class='ocr_carea' id='block_1_27' title="bbox 2193 1287 3161 1344">
    <p class='ocr_par' dir='ltr' id='par_1_27' title="bbox 2193 1287 3161 1344">
     <span class='ocr_line' id='line_1_27' title="bbox 2193 1287 3161 1344; baseline -0.002 -2"><span class='ocrx_word' id='word_1_200' title='bbox 2193 1300 2307 1342; x_wconf 78' lang='lat' dir='ltr'><strong>eota</strong></span> <span class='ocrx_word' id='word_1_201' title='bbox 2335 1306 2427 1342; x_wconf 86' lang='lat' dir='ltr'><strong>sua</strong></span> <span class='ocrx_word' id='word_1_202' title='bbox 2457 1299 2641 1344; x_wconf 79' lang='lat' dir='ltr'><strong>teterno</strong></span> <span class='ocrx_word' id='word_1_203' title='bbox 2677 1287 2783 1343; x_wconf 88' lang='lat' dir='ltr'><strong>Deo</strong></span> <span class='ocrx_word' id='word_1_204' title='bbox 2810 1289 2920 1341; x_wconf 80' lang='lat' dir='ltr'><strong>vivo</strong></span> <span class='ocrx_word' id='word_1_205' title='bbox 2946 1296 2994 1340; x_wconf 90' lang='lat' dir='ltr'><strong>et</strong></span> <span class='ocrx_word' id='word_1_206' title='bbox 3024 1304 3161 1341; x_wconf 84' lang='lat' dir='ltr'><strong>vero.</strong></span> 
     </span>
    </p>
   </div>
   <div class='ocr_carea' id='block_1_28' title="bbox 2645 1379 3221 1432">
    <p class='ocr_par' dir='ltr' id='par_1_28' title="bbox 2645 1379 3221 1432">
     <span class='ocr_line' id='line_1_28' title="bbox 2645 1379 3221 1432; baseline 0 -1"><span class='ocrx_word' id='word_1_207' title='bbox 2645 1379 2655 1389; x_wconf 76' lang='grc'><strong>⁴</strong></span> <span class='ocrx_word' id='word_1_208' title='bbox 2751 1379 2886 1432; x_wconf 69' lang='lat' dir='ltr'><strong>Infra</strong></span> <span class='ocrx_word' id='word_1_209' title='bbox 2924 1380 3221 1432; x_wconf 81' lang='lat' dir='ltr'><strong>Actionem.</strong></span> 
     </span>
    </p>
   </div>
   <div class='ocr_carea' id='block_1_29' title="bbox 2271 1467 3781 1533">
    <p class='ocr_par' dir='ltr' id='par_1_29' title="bbox 2271 1467 3781 1533">
     <span class='ocr_line' id='line_1_29' title="bbox 2271 1467 3781 1533; baseline 0 -11"><span class='ocrx_word' id='word_1_210' title='bbox 2271 1468 2711 1522; x_wconf 81' lang='lat' dir='ltr'><strong>Contmunicanles</strong></span> <span class='ocrx_word' id='word_1_211' title='bbox 2748 1479 2795 1522; x_wconf 92' lang='lat' dir='ltr'><strong>et</strong></span> <span class='ocrx_word' id='word_1_212' title='bbox 2824 1468 2956 1521; x_wconf 87' lang='lat' dir='ltr'><strong>diem</strong></span> <span class='ocrx_word' id='word_1_213' title='bbox 3001 1467 3406 1522; x_wconf 75' lang='lat' dir='ltr'><strong>sacratissimum</strong></span> <span class='ocrx_word' id='word_1_214' title='bbox 3435 1467 3781 1533; x_wconf 84' lang='lat' dir='ltr'><strong>celebrantes,</strong></span> 
     </span>
    </p>
   </div>
   <div class='ocr_carea' id='block_1_30' title="bbox 2197 1558 3787 1630">
    <p class='ocr_par' dir='ltr' id='par_1_30' title="bbox 2197 1558 3787 1630">
     <span class='ocr_line' id='line_1_30' title="bbox 2197 1558 3787 1630; baseline -0.001 -17"><span class='ocrx_word' id='word_1_215' title='bbox 2197 1576 2297 1630; x_wconf 88' lang='lat' dir='ltr'><strong>quo</strong></span> <span class='ocrx_word' id='word_1_216' title='bbox 2345 1559 2502 1613; x_wconf 72' lang='lat' dir='ltr'><strong>beata:</strong></span> <span class='ocrx_word' id='word_1_217' title='bbox 2542 1558 2725 1613; x_wconf 77' lang='lat' dir='ltr'><strong>Maria:</strong></span> <span class='ocrx_word' id='word_1_218' title='bbox 2768 1560 3070 1611; x_wconf 87' lang='lat' dir='ltr'><strong>intemerata</strong></span> <span class='ocrx_word' id='word_1_219' title='bbox 3112 1559 3373 1628; x_wconf 81' lang='lat' dir='ltr'><strong>virginitas</strong></span> <span class='ocrx_word' id='word_1_220' title='bbox 3422 1558 3545 1611; x_wconf 84' lang='lat' dir='ltr'><strong>huic</strong></span> <span class='ocrx_word' id='word_1_221' title='bbox 3591 1560 3787 1612; x_wconf 83' lang='lat' dir='ltr'><strong>mundo</strong></span> 
     </span>
    </p>
   </div>
   <div class='ocr_carea' id='block_1_31' title="bbox 2197 1650 3785 1716">
    <p class='ocr_par' dir='ltr' id='par_1_31' title="bbox 2197 1650 3785 1716">
     <span class='ocr_line' id='line_1_31' title="bbox 2197 1650 3785 1716; baseline -0.002 -12"><span class='ocrx_word' id='word_1_222' title='bbox 2197 1651 2354 1704; x_wconf 85' lang='lat' dir='ltr'><strong>edidit</strong></span> <span class='ocrx_word' id='word_1_223' title='bbox 2405 1650 2762 1716; x_wconf 81' lang='lat' dir='ltr'><strong>Salvatorem,</strong></span> <span class='ocrx_word' id='word_1_224' title='bbox 2811 1652 2900 1703; x_wconf 85' lang='lat' dir='ltr'><strong>sed</strong></span> <span class='ocrx_word' id='word_1_225' title='bbox 2946 1659 2995 1702; x_wconf 88' lang='lat' dir='ltr'><strong>et</strong></span> <span class='ocrx_word' id='word_1_226' title='bbox 3040 1650 3334 1704; x_wconf 80' lang='lat' dir='ltr'><strong>memoriam</strong></span> <span class='ocrx_word' id='word_1_227' title='bbox 3379 1660 3679 1702; x_wconf 75' lang='lat' dir='ltr'><strong>venerantes</strong></span> <span class='ocrx_word' id='word_1_228' title='bbox 3730 1651 3785 1701; x_wconf 78' lang='lat' dir='ltr'><strong>in</strong></span> 
     </span>
    </p>
   </div>
   <div class='ocr_carea' id='block_1_32' title="bbox 2202 1740 3784 1812">
    <p class='ocr_par' dir='ltr' id='par_1_32' title="bbox 2202 1740 3784 1812">
     <span class='ocr_line' id='line_1_32' title="bbox 2202 1740 3784 1812; baseline -0.001 -18"><span class='ocrx_word' id='word_1_229' title='bbox 2202 1745 2379 1811; x_wconf 80' lang='lat' dir='ltr'><strong>primis</strong></span> <span class='ocrx_word' id='word_1_230' title='bbox 2423 1742 2917 1812; x_wconf 11' lang='lat' dir='ltr'><strong>eiusdemqglorioste</strong></span> <span class='ocrx_word' id='word_1_231' title='bbox 2956 1757 3153 1811; x_wconf 84' lang='lat' dir='ltr'><strong>semper</strong></span> <span class='ocrx_word' id='word_1_232' title='bbox 3181 1742 3389 1810; x_wconf 83' lang='lat' dir='ltr'><strong>virginis</strong></span> <span class='ocrx_word' id='word_1_233' title='bbox 3422 1740 3609 1795; x_wconf 70' lang='lat' dir='ltr'><strong>Maria:</strong></span> <span class='ocrx_word' id='word_1_234' title='bbox 3632 1740 3784 1795; x_wconf 79' lang='lat' dir='ltr'><strong>Geui-</strong></span> 
     </span>
    </p>
   </div>
   <div class='ocr_carea' id='block_1_33' title="bbox 520 1830 3787 1905">
    <p class='ocr_par' dir='ltr' id='par_1_33' title="bbox 520 1830 3787 1905">
     <span class='ocr_line' id='line_1_33' title="bbox 520 1830 3787 1905; baseline -0.002 -15"><span class='ocrx_word' id='word_1_235' title='bbox 520 1839 729 1901; x_wconf 89' lang='lat' dir='ltr'><strong>tionem,</strong></span> <span class='ocrx_word' id='word_1_236' title='bbox 758 1846 868 1890; x_wconf 85' lang='lat' dir='ltr'><strong>etc.</strong></span> <span class='ocrx_word' id='word_1_237' title='bbox 899 1835 1302 1902; x_wconf 84' lang='lat' dir='ltr'><strong>Subsequenter</strong></span> <span class='ocrx_word' id='word_1_238' title='bbox 1329 1832 1495 1903; x_wconf 78' lang='lat' dir='ltr'><strong>erigat</strong></span> <span class='ocrx_word' id='word_1_239' title='bbox 1522 1845 1603 1894; x_wconf 86' lang='lat' dir='ltr'><strong>se,</strong></span> <span class='ocrx_word' id='word_1_240' title='bbox 1636 1841 1689 1886; x_wconf 88' lang='lat' dir='ltr'><strong>et</strong></span> <span class='ocrx_word' id='word_1_241' title='bbox 1716 1832 1988 1886; x_wconf 84' lang='lat' dir='ltr'><strong>osculetur</strong></span> <span class='ocrx_word' id='word_1_242' title='bbox 2016 1830 2095 1883; x_wconf 90' lang='lat' dir='ltr'><strong>al-</strong></span> <span class='ocrx_word' id='word_1_243' title='bbox 2128 1838 2174 1897; x_wconf 80' lang='grc' dir='ltr'><strong>Β</strong></span> <span class='ocrx_word' id='word_1_244' title='bbox 2203 1837 2341 1889; x_wconf 82' lang='lat' dir='ltr'><strong>tricis</strong></span> <span class='ocrx_word' id='word_1_245' title='bbox 2372 1837 2598 1905; x_wconf 80' lang='lat' dir='ltr'><strong>ejusdem</strong></span> <span class='ocrx_word' id='word_1_246' title='bbox 2628 1835 2722 1889; x_wconf 86' lang='lat' dir='ltr'><strong>Dei</strong></span> <span class='ocrx_word' id='word_1_247' title='bbox 2760 1846 2807 1888; x_wconf 90' lang='lat' dir='ltr'><strong>et</strong></span> <span class='ocrx_word' id='word_1_248' title='bbox 2838 1834 3047 1888; x_wconf 88' lang='lat' dir='ltr'><strong>Domini</strong></span> <span class='ocrx_word' id='word_1_249' title='bbox 3086 1835 3248 1888; x_wconf 83' lang='lat' dir='ltr'><strong>nostri</strong></span> <span class='ocrx_word' id='word_1_250' title='bbox 3271 1833 3658 1899; x_wconf 75' lang='lat' dir='ltr'><strong>Jesu-Cliristi,</strong></span> <span class='ocrx_word' id='word_1_251' title='bbox 3696 1835 3787 1887; x_wconf 82' lang='lat' dir='ltr'><strong>sed</strong></span> 
     </span>
    </p>
   </div>
   <div class='ocr_carea' id='block_1_34' title="bbox 518 1920 2097 1991">
    <p class='ocr_par' dir='ltr' id='par_1_34' title="bbox 518 1920 2097 1991">
     <span class='ocr_line' id='line_1_34' title="bbox 518 1920 2097 1991; baseline -0.005 -11"><span class='ocrx_word' id='word_1_252' title='bbox 518 1938 633 1981; x_wconf 84' lang='lat' dir='ltr'><strong>tare</strong></span> <span class='ocrx_word' id='word_1_253' title='bbox 658 1927 709 1979; x_wconf 93' lang='lat' dir='ltr'><strong>in</strong></span> <span class='ocrx_word' id='word_1_254' title='bbox 742 1926 919 1979; x_wconf 85' lang='lat' dir='ltr'><strong>medio</strong></span> <span class='ocrx_word' id='word_1_255' title='bbox 943 1941 957 1989; x_wconf 90' lang='lat'><strong>;</strong></span> <span class='ocrx_word' id='word_1_256' title='bbox 981 1924 1173 1978; x_wconf 84' lang='lat' dir='ltr'><strong>deinde</strong></span> <span class='ocrx_word' id='word_1_257' title='bbox 1201 1923 1343 1976; x_wconf 86' lang='lat' dir='ltr'><strong>dicat</strong></span> <span class='ocrx_word' id='word_1_258' title='bbox 1368 1936 1551 1976; x_wconf 91' lang='lat' dir='ltr'><strong>versus</strong></span> <span class='ocrx_word' id='word_1_259' title='bbox 1587 1922 1865 1991; x_wconf 86' lang='lat' dir='ltr'><strong>populum,</strong></span> <span class='ocrx_word' id='word_1_260' title='bbox 1919 1920 2097 1988; x_wconf 87' lang='lat' dir='ltr'><strong>Orate,</strong></span> 
     </span>
    </p>
   </div>
   <div class='ocr_carea' id='block_1_35' title="bbox 523 2009 2101 2085">
    <p class='ocr_par' dir='ltr' id='par_1_35' title="bbox 523 2009 2101 2085">
     <span class='ocr_line' id='line_1_35' title="bbox 523 2009 2101 2085; baseline -0.005 -16"><span class='ocrx_word' id='word_1_261' title='bbox 523 2020 735 2085; x_wconf 79' lang='lat' dir='ltr'><strong>fratres,</strong></span> <span class='ocrx_word' id='word_1_262' title='bbox 798 2025 906 2070; x_wconf 89' lang='lat' dir='ltr'><strong>etc.</strong></span> <span class='ocrx_word' id='word_1_263' title='bbox 929 2014 1355 2067; x_wconf 82' lang='lat' dir='ltr'><strong>Circumstantes</strong></span> <span class='ocrx_word' id='word_1_264' title='bbox 1384 2026 1510 2066; x_wconf 84' lang='lat' dir='ltr'><strong>vero</strong></span> <span class='ocrx_word' id='word_1_265' title='bbox 1537 2010 1896 2078; x_wconf 86' lang='lat' dir='ltr'><strong>respondeant</strong></span> <span class='ocrx_word' id='word_1_266' title='bbox 1925 2009 2101 2064; x_wconf 85' lang='lat' dir='ltr'><strong>Susci-</strong></span> 
     </span>
    </p>
   </div>
   <div class='ocr_carea' id='block_1_36' title="bbox 520 2099 2101 2174">
    <p class='ocr_par' dir='ltr' id='par_1_36' title="bbox 520 2099 2101 2174">
     <span class='ocr_line' id='line_1_36' title="bbox 520 2099 2101 2174; baseline -0.005 -14"><span class='ocrx_word' id='word_1_267' title='bbox 520 2107 627 2174; x_wconf 88' lang='lat' dir='ltr'><strong>piat</strong></span> <span class='ocrx_word' id='word_1_268' title='bbox 682 2103 929 2159; x_wconf 86' lang='lat' dir='ltr'><strong>Dominus</strong></span> <span class='ocrx_word' id='word_1_269' title='bbox 976 2101 1284 2170; x_wconf 87' lang='lat' dir='ltr'><strong>sacri/icium</strong></span> <span class='ocrx_word' id='word_1_270' title='bbox 1312 2142 1328 2169; x_wconf 93' lang='lat'><strong>,</strong></span> <span class='ocrx_word' id='word_1_271' title='bbox 1371 2110 1474 2155; x_wconf 86' lang='lat' dir='ltr'><strong>etc.</strong></span> <span class='ocrx_word' id='word_1_272' title='bbox 1521 2101 1917 2169; x_wconf 87' lang='lat' dir='ltr'><strong>Subsequenter</strong></span> <span class='ocrx_word' id='word_1_273' title='bbox 1959 2099 2101 2154; x_wconf 90' lang='lat' dir='ltr'><strong>dicat</strong></span> 
     </span>
    </p>
   </div>
   <div class='ocr_carea' id='block_1_37' title="bbox 520 2188 2094 2269">
    <p class='ocr_par' dir='ltr' id='par_1_37' title="bbox 520 2188 2094 2269">
     <span class='ocr_line' id='line_1_37' title="bbox 520 2188 2094 2269; baseline -0.005 -17"><span class='ocrx_word' id='word_1_274' title='bbox 520 2197 785 2252; x_wconf 78' lang='lat' dir='ltr'><strong>Secretam</strong></span> <span class='ocrx_word' id='word_1_275' title='bbox 817 2195 1034 2249; x_wconf 75' lang='lat' dir='ltr'><strong>Munera</strong></span> <span class='ocrx_word' id='word_1_276' title='bbox 1074 2202 1250 2269; x_wconf 83' lang='lat' dir='ltr'><strong>nostra</strong></span> <span class='ocrx_word' id='word_1_277' title='bbox 1270 2234 1284 2256; x_wconf 89' lang='lat'><strong>,</strong></span> <span class='ocrx_word' id='word_1_278' title='bbox 1318 2208 1606 2261; x_wconf 67' lang='lat' dir='ltr'><strong>qua’sumus</strong></span> <span class='ocrx_word' id='word_1_279' title='bbox 1630 2232 1646 2256; x_wconf 95' lang='lat'><strong>,</strong></span> <span class='ocrx_word' id='word_1_280' title='bbox 1695 2188 1914 2245; x_wconf 88' lang='lat' dir='ltr'><strong>Domine</strong></span> <span class='ocrx_word' id='word_1_281' title='bbox 1940 2232 1954 2258; x_wconf 94' lang='lat'><strong>,</strong></span> <span class='ocrx_word' id='word_1_282' title='bbox 1989 2201 2094 2245; x_wconf 85' lang='lat' dir='ltr'><strong>etc.</strong></span> 
     </span>
    </p>
   </div>
   <div class='ocr_carea' id='block_1_38' title="bbox 521 2283 2096 2361">
    <p class='ocr_par' dir='ltr' id='par_1_38' title="bbox 521 2283 2096 2361">
     <span class='ocr_line' id='line_1_38' title="bbox 521 2283 2096 2361; baseline -0.005 -15"><span class='ocrx_word' id='word_1_283' title='bbox 521 2288 632 2346; x_wconf 78' lang='lat' dir='ltr'><strong>Alia</strong></span> <span class='ocrx_word' id='word_1_284' title='bbox 662 2289 898 2352; x_wconf 88' lang='lat' dir='ltr'><strong>Secreta,</strong></span> <span class='ocrx_word' id='word_1_285' title='bbox 925 2286 1129 2361; x_wconf 53' lang='lat' dir='ltr'><strong>decipe,</strong></span> <span class='ocrx_word' id='word_1_286' title='bbox 1152 2300 1465 2355; x_wconf 75' lang='lat' dir='ltr'><strong>qua-sumus,</strong></span> <span class='ocrx_word' id='word_1_287' title='bbox 1486 2283 1719 2347; x_wconf 87' lang='lat' dir='ltr'><strong>Domine,</strong></span> <span class='ocrx_word' id='word_1_288' title='bbox 1746 2300 1977 2349; x_wconf 88' lang='lat' dir='ltr'><strong>munera,</strong></span> <span class='ocrx_word' id='word_1_289' title='bbox 1995 2292 2096 2338; x_wconf 86' lang='lat' dir='ltr'><strong>etc.</strong></span> 
     </span>
    </p>
   </div>
   <div class='ocr_carea' id='block_1_39' title="bbox 682 2373 1931 2445">
    <p class='ocr_par' dir='ltr' id='par_1_39' title="bbox 682 2373 1931 2445">
     <span class='ocr_line' id='line_1_39' title="bbox 682 2373 1931 2445; baseline -0.005 -12"><span class='ocrx_word' id='word_1_290' title='bbox 682 2378 766 2433; x_wconf 80' lang='lat' dir='ltr'><strong>Ea:</strong></span> <span class='ocrx_word' id='word_1_291' title='bbox 787 2376 1143 2432; x_wconf 81' lang='lat' dir='ltr'><strong>thremoniali</strong></span> <span class='ocrx_word' id='word_1_292' title='bbox 1170 2375 1594 2445; x_wconf 83' lang='lat' dir='ltr'><strong>Rothomagensis</strong></span> <span class='ocrx_word' id='word_1_293' title='bbox 1634 2373 1931 2428; x_wconf 82' lang='lat' dir='ltr'><strong>cardinalis.</strong></span> 
     </span>
    </p>
   </div>
   <div class='ocr_carea' id='block_1_40' title="bbox 586 2464 2100 2538">
    <p class='ocr_par' dir='ltr' id='par_1_40' title="bbox 586 2464 2100 2538">
     <span class='ocr_line' id='line_1_40' title="bbox 586 2464 2100 2538; baseline -0.003 -14"><span class='ocrx_word' id='word_1_294' title='bbox 586 2472 714 2525; x_wconf 90' lang='lat' dir='ltr'><strong>Item</strong></span> <span class='ocrx_word' id='word_1_295' title='bbox 743 2466 999 2538; x_wconf 85' lang='lat' dir='ltr'><strong>quidquid</strong></span> <span class='ocrx_word' id='word_1_296' title='bbox 1047 2465 1303 2535; x_wconf 81' lang='lat' dir='ltr'><strong>oﬂertur,</strong></span> <span class='ocrx_word' id='word_1_297' title='bbox 1335 2465 1449 2520; x_wconf 82' lang='lat' dir='ltr'><strong>sive</strong></span> <span class='ocrx_word' id='word_1_298' title='bbox 1476 2464 1541 2519; x_wconf 90' lang='lat' dir='ltr'><strong>ad</strong></span> <span class='ocrx_word' id='word_1_299' title='bbox 1576 2465 1738 2535; x_wconf 88' lang='lat' dir='ltr'><strong>pedes</strong></span> <span class='ocrx_word' id='word_1_300' title='bbox 1762 2507 1779 2534; x_wconf 93' lang='lat'><strong>,</strong></span> <span class='ocrx_word' id='word_1_301' title='bbox 1830 2464 1915 2520; x_wconf 85' lang='lat' dir='ltr'><strong>vel</strong></span> <span class='ocrx_word' id='word_1_302' title='bbox 1940 2478 2100 2534; x_wconf 87' lang='lat' dir='ltr'><strong>super</strong></span> 
     </span>
    </p>
   </div>
   <div class='ocr_carea' id='block_1_41' title="bbox 521 2554 2101 2628">
    <p class='ocr_par' dir='ltr' id='par_1_41' title="bbox 521 2554 2101 2628">
     <span class='ocr_line' id='line_1_41' title="bbox 521 2554 2101 2628; baseline -0.004 -13"><span class='ocrx_word' id='word_1_303' title='bbox 521 2558 690 2615; x_wconf 82' lang='lat' dir='ltr'><strong>altare</strong></span> <span class='ocrx_word' id='word_1_304' title='bbox 716 2602 733 2628; x_wconf 93' lang='lat'><strong>,</strong></span> <span class='ocrx_word' id='word_1_305' title='bbox 763 2555 1053 2625; x_wconf 84' lang='lat' dir='ltr'><strong>capellanis</strong></span> <span class='ocrx_word' id='word_1_306' title='bbox 1098 2569 1328 2610; x_wconf 66' lang='lat' dir='ltr'><strong>camerae</strong></span> <span class='ocrx_word' id='word_1_307' title='bbox 1358 2554 1670 2610; x_wconf 88' lang='lat' dir='ltr'><strong>solvendum</strong></span> <span class='ocrx_word' id='word_1_308' title='bbox 1712 2564 1793 2610; x_wconf 90' lang='lat' dir='ltr'><strong>est</strong></span> <span class='ocrx_word' id='word_1_309' title='bbox 1817 2596 1831 2621; x_wconf 90' lang='lat'><strong>,</strong></span> <span class='ocrx_word' id='word_1_310' title='bbox 1876 2564 2101 2624; x_wconf 81' lang='lat' dir='ltr'><strong>excepto</strong></span> 
     </span>
    </p>
   </div>
   <div class='ocr_carea' id='block_1_42' title="bbox 520 2643 2098 2717">
    <p class='ocr_par' dir='ltr' id='par_1_42' title="bbox 520 2643 2098 2717">
     <span class='ocr_line' id='line_1_42' title="bbox 520 2643 2098 2717; baseline 0.002 -20"><span class='ocrx_word' id='word_1_311' title='bbox 520 2663 654 2717; x_wconf 76' lang='lat' dir='ltr'><strong>pane</strong></span> <span class='ocrx_word' id='word_1_312' title='bbox 682 2655 738 2703; x_wconf 87' lang='lat' dir='ltr'><strong>et</strong></span> <span class='ocrx_word' id='word_1_313' title='bbox 765 2646 890 2701; x_wconf 89' lang='lat' dir='ltr'><strong>vino</strong></span> <span class='ocrx_word' id='word_1_314' title='bbox 913 2684 928 2709; x_wconf 94' lang='lat'><strong>,</strong></span> <span class='ocrx_word' id='word_1_315' title='bbox 961 2643 1101 2714; x_wconf 90' lang='lat' dir='ltr'><strong>quod</strong></span> <span class='ocrx_word' id='word_1_316' title='bbox 1132 2643 1501 2714; x_wconf 79' lang='lat' dir='ltr'><strong>acolytliorum</strong></span> <span class='ocrx_word' id='word_1_317' title='bbox 1533 2654 1643 2710; x_wconf 90' lang='lat' dir='ltr'><strong>est;</strong></span> <span class='ocrx_word' id='word_1_318' title='bbox 1693 2654 1747 2700; x_wconf 90' lang='lat' dir='ltr'><strong>et</strong></span> <span class='ocrx_word' id='word_1_319' title='bbox 1779 2644 1857 2699; x_wconf 88' lang='lat' dir='ltr'><strong>sic</strong></span> <span class='ocrx_word' id='word_1_320' title='bbox 1886 2644 1952 2700; x_wconf 87' lang='lat' dir='ltr'><strong>de</strong></span> <span class='ocrx_word' id='word_1_321' title='bbox 1981 2659 2098 2700; x_wconf 87' lang='lat' dir='ltr'><strong>om-</strong></span> 
     </span>
    </p>
   </div>
   <div class='ocr_carea' id='block_1_43' title="bbox 520 2737 2096 2808">
    <p class='ocr_par' dir='ltr' id='par_1_43' title="bbox 520 2737 2096 2808">
     <span class='ocr_line' id='line_1_43' title="bbox 520 2737 2096 2808; baseline -0.002 -14"><span class='ocrx_word' id='word_1_322' title='bbox 520 2740 678 2794; x_wconf 86' lang='lat' dir='ltr'><strong>nibus</strong></span> <span class='ocrx_word' id='word_1_323' title='bbox 704 2781 720 2807; x_wconf 91' lang='lat'><strong>,</strong></span> <span class='ocrx_word' id='word_1_324' title='bbox 773 2754 890 2808; x_wconf 73' lang='lat' dir='ltr'><strong>qute</strong></span> <span class='ocrx_word' id='word_1_325' title='bbox 920 2738 1137 2793; x_wconf 87' lang='lat' dir='ltr'><strong>veniunt</strong></span> <span class='ocrx_word' id='word_1_326' title='bbox 1163 2752 1258 2807; x_wconf 89' lang='lat' dir='ltr'><strong>per</strong></span> <span class='ocrx_word' id='word_1_327' title='bbox 1286 2746 1451 2793; x_wconf 87' lang='lat' dir='ltr'><strong>totam</strong></span> <span class='ocrx_word' id='word_1_328' title='bbox 1476 2737 1691 2793; x_wconf 78' lang='lat' dir='ltr'><strong>Missam</strong></span> <span class='ocrx_word' id='word_1_329' title='bbox 1723 2752 1885 2807; x_wconf 89' lang='lat' dir='ltr'><strong>super</strong></span> <span class='ocrx_word' id='word_1_330' title='bbox 1910 2737 2096 2792; x_wconf 81' lang='lat' dir='ltr'><strong>altare.</strong></span> 
     </span>
    </p>
   </div>
   <div class='ocr_carea' id='block_1_44' title="bbox 522 2827 2100 2898">
    <p class='ocr_par' dir='ltr' id='par_1_44' title="bbox 522 2827 2100 2898">
     <span class='ocr_line' id='line_1_44' title="bbox 522 2827 2100 2898; baseline -0.001 -13"><span class='ocrx_word' id='word_1_331' title='bbox 522 2830 585 2885; x_wconf 84' lang='lat' dir='ltr'><strong>Et</strong></span> <span class='ocrx_word' id='word_1_332' title='bbox 614 2830 717 2885; x_wconf 87' lang='lat' dir='ltr'><strong>iste</strong></span> <span class='ocrx_word' id='word_1_333' title='bbox 758 2828 946 2883; x_wconf 88' lang='lat' dir='ltr'><strong>modus</strong></span> <span class='ocrx_word' id='word_1_334' title='bbox 995 2842 1208 2898; x_wconf 88' lang='lat' dir='ltr'><strong>semper</strong></span> <span class='ocrx_word' id='word_1_335' title='bbox 1237 2827 1397 2883; x_wconf 85' lang='lat' dir='ltr'><strong>debet</strong></span> <span class='ocrx_word' id='word_1_336' title='bbox 1443 2828 1717 2884; x_wconf 87' lang='lat' dir='ltr'><strong>observari</strong></span> <span class='ocrx_word' id='word_1_337' title='bbox 1752 2828 1803 2882; x_wconf 93' lang='lat' dir='ltr'><strong>in</strong></span> <span class='ocrx_word' id='word_1_338' title='bbox 1849 2829 2100 2885; x_wconf 90' lang='lat' dir='ltr'><strong>omnibus</strong></span> 
     </span>
    </p>
   </div>
   <div class='ocr_carea' id='block_1_45' title="bbox 521 2920 2095 2993">
    <p class='ocr_par' dir='ltr' id='par_1_45' title="bbox 521 2920 2095 2993">
     <span class='ocr_line' id='line_1_45' title="bbox 521 2920 2095 2993; baseline -0.002 -16"><span class='ocrx_word' id='word_1_339' title='bbox 521 2922 693 2977; x_wconf 83' lang='lat' dir='ltr'><strong>Missis</strong></span> <span class='ocrx_word' id='word_1_340' title='bbox 721 2922 1032 2993; x_wconf 85' lang='lat' dir='ltr'><strong>papalibus,</strong></span> <span class='ocrx_word' id='word_1_341' title='bbox 1076 2929 1233 2989; x_wconf 90' lang='lat' dir='ltr'><strong>prout</strong></span> <span class='ocrx_word' id='word_1_342' title='bbox 1263 2921 1567 2977; x_wconf 87' lang='lat' dir='ltr'><strong>continetur</strong></span> <span class='ocrx_word' id='word_1_343' title='bbox 1598 2923 1648 2975; x_wconf 93' lang='lat' dir='ltr'><strong>in</strong></span> <span class='ocrx_word' id='word_1_344' title='bbox 1682 2921 1818 2976; x_wconf 90' lang='lat' dir='ltr'><strong>libro</strong></span> <span class='ocrx_word' id='word_1_345' title='bbox 1849 2920 2095 2993; x_wconf 83' lang='lat' dir='ltr'><strong>Polypty-</strong></span> 
     </span>
    </p>
   </div>
   <div class='ocr_carea' id='block_1_46' title="bbox 522 3013 2098 3084">
    <p class='ocr_par' dir='ltr' id='par_1_46' title="bbox 522 3013 2098 3084">
     <span class='ocr_line' id='line_1_46' title="bbox 522 3013 2098 3084; baseline 0 -15"><span class='ocrx_word' id='word_1_346' title='bbox 522 3017 626 3070; x_wconf 87' lang='lat' dir='ltr'><strong>eho</strong></span> <span class='ocrx_word' id='word_1_347' title='bbox 648 3024 973 3077; x_wconf 87' lang='lat' dir='ltr'><strong>sanctorum,</strong></span> <span class='ocrx_word' id='word_1_348' title='bbox 1003 3013 1144 3082; x_wconf 89' lang='lat' dir='ltr'><strong>quod</strong></span> <span class='ocrx_word' id='word_1_349' title='bbox 1176 3014 1369 3068; x_wconf 88' lang='lat' dir='ltr'><strong>dicitur</strong></span> <span class='ocrx_word' id='word_1_350' title='bbox 1392 3013 1575 3068; x_wconf 86' lang='lat' dir='ltr'><strong>Jacobi</strong></span> <span class='ocrx_word' id='word_1_351' title='bbox 1602 3015 1868 3070; x_wconf 86' lang='lat' dir='ltr'><strong>Gaietani.</strong></span> <span class='ocrx_word' id='word_1_352' title='bbox 1893 3015 1957 3070; x_wconf 86' lang='lat' dir='ltr'><strong>Et</strong></span> <span class='ocrx_word' id='word_1_353' title='bbox 1981 3029 2098 3084; x_wconf 84' lang='lat' dir='ltr'><strong>pre-</strong></span> 
     </span>
    </p>
   </div>
   <div class='ocr_carea' id='block_1_47' title="bbox 524 3103 2098 3177">
    <p class='ocr_par' dir='ltr' id='par_1_47' title="bbox 524 3103 2098 3177">
     <span class='ocr_line' id='line_1_47' title="bbox 524 3103 2098 3177; baseline 0 -17"><span class='ocrx_word' id='word_1_354' title='bbox 524 3106 761 3177; x_wconf 64' lang='lat' dir='ltr'><strong>sbyteri,</strong></span> <span class='ocrx_word' id='word_1_355' title='bbox 810 3120 928 3158; x_wconf 88' lang='lat' dir='ltr'><strong>cum</strong></span> <span class='ocrx_word' id='word_1_356' title='bbox 956 3103 1245 3172; x_wconf 88' lang='lat' dir='ltr'><strong>eapellanis</strong></span> <span class='ocrx_word' id='word_1_357' title='bbox 1291 3104 1560 3173; x_wconf 91' lang='lat' dir='ltr'><strong>recipiunt</strong></span> <span class='ocrx_word' id='word_1_358' title='bbox 1596 3105 1879 3160; x_wconf 88' lang='lat' dir='ltr'><strong>duodecim</strong></span> <span class='ocrx_word' id='word_1_359' title='bbox 1935 3108 2098 3161; x_wconf 84' lang='lat' dir='ltr'><strong>dena-</strong></span> 
     </span>
    </p>
   </div>
   <div class='ocr_carea' id='block_1_48' title="bbox 2202 1925 3785 1997">
    <p class='ocr_par' dir='ltr' id='par_1_48' title="bbox 2202 1925 3785 1997">
     <span class='ocr_line' id='line_1_48' title="bbox 2202 1925 3785 1997; baseline -0.002 -16"><span class='ocrx_word' id='word_1_360' title='bbox 2202 1937 2252 1981; x_wconf 89' lang='lat' dir='ltr'><strong>et</strong></span> <span class='ocrx_word' id='word_1_361' title='bbox 2283 1927 2539 1981; x_wconf 80' lang='lat' dir='ltr'><strong>beatorum</strong></span> <span class='ocrx_word' id='word_1_362' title='bbox 2569 1925 2913 1997; x_wconf 86' lang='lat' dir='ltr'><strong>apostolorum</strong></span> <span class='ocrx_word' id='word_1_363' title='bbox 2942 1935 2989 1979; x_wconf 89' lang='lat' dir='ltr'><strong>et</strong></span> <span class='ocrx_word' id='word_1_364' title='bbox 3021 1934 3301 1997; x_wconf 80' lang='lat' dir='ltr'><strong>martyrum</strong></span> <span class='ocrx_word' id='word_1_365' title='bbox 3330 1937 3541 1979; x_wconf 86' lang='lat' dir='ltr'><strong>tuorum</strong></span> <span class='ocrx_word' id='word_1_366' title='bbox 3570 1925 3714 1979; x_wconf 85' lang='lat' dir='ltr'><strong>Petri</strong></span> <span class='ocrx_word' id='word_1_367' title='bbox 3740 1938 3785 1978; x_wconf 78' lang='lat' dir='ltr'><strong>et</strong></span> 
     </span>
    </p>
   </div>
   <div class='ocr_carea' id='block_1_49' title="bbox 2214 2014 3784 2089">
    <p class='ocr_par' dir='ltr' id='par_1_49' title="bbox 2214 2014 3784 2089">
     <span class='ocr_line' id='line_1_49' title="bbox 2214 2014 3784 2089; baseline -0.003 -18"><span class='ocrx_word' id='word_1_368' title='bbox 2214 2017 2400 2088; x_wconf 89' lang='lat' dir='ltr'><strong>Pauli,</strong></span> <span class='ocrx_word' id='word_1_369' title='bbox 2433 2018 2677 2083; x_wconf 63' lang='lat' dir='ltr'><strong>Andreas,</strong></span> <span class='ocrx_word' id='word_1_370' title='bbox 2722 2017 2938 2089; x_wconf 87' lang='lat' dir='ltr'><strong>Jacobi,</strong></span> <span class='ocrx_word' id='word_1_371' title='bbox 2988 2014 3205 2070; x_wconf 81' lang='lat' dir='ltr'><strong>Joannis</strong></span> <span class='ocrx_word' id='word_1_372' title='bbox 3232 2057 3247 2083; x_wconf 90' lang='lat'><strong>,</strong></span> <span class='ocrx_word' id='word_1_373' title='bbox 3299 2016 3541 2081; x_wconf 73' lang='lat' dir='ltr'><strong>Tltonttr,</strong></span> <span class='ocrx_word' id='word_1_374' title='bbox 3570 2016 3784 2082; x_wconf 81' lang='lat' dir='ltr'><strong>Jacobi,</strong></span> 
     </span>
    </p>
   </div>
   <div class='ocr_carea' id='block_1_50' title="bbox 2202 2105 3784 2181">
    <p class='ocr_par' dir='ltr' id='par_1_50' title="bbox 2202 2105 3784 2181">
     <span class='ocr_line' id='line_1_50' title="bbox 2202 2105 3784 2181; baseline -0.003 -19"><span class='ocrx_word' id='word_1_375' title='bbox 2202 2106 2436 2181; x_wconf 80' lang='lat' dir='ltr'><strong>Philippi</strong></span> <span class='ocrx_word' id='word_1_376' title='bbox 2456 2150 2471 2175; x_wconf 88' lang='lat'><strong>,</strong></span> <span class='ocrx_word' id='word_1_377' title='bbox 2505 2108 2870 2164; x_wconf 80' lang='lat' dir='ltr'><strong>Bartltolomtei</strong></span> <span class='ocrx_word' id='word_1_378' title='bbox 2888 2153 2902 2178; x_wconf 93' lang='lat'><strong>,</strong></span> <span class='ocrx_word' id='word_1_379' title='bbox 2935 2108 3170 2163; x_wconf 74' lang='grc' dir='ltr'><em>Μαιηιωὶ</em></span> <span class='ocrx_word' id='word_1_380' title='bbox 3188 2148 3204 2175; x_wconf 87' lang='grc'>,</span> <span class='ocrx_word' id='word_1_381' title='bbox 3235 2107 3463 2162; x_wconf 87' lang='lat' dir='ltr'><strong>Simonis</strong></span> <span class='ocrx_word' id='word_1_382' title='bbox 3486 2148 3503 2174; x_wconf 90' lang='lat'><strong>,</strong></span> <span class='ocrx_word' id='word_1_383' title='bbox 3531 2105 3746 2159; x_wconf 75' lang='lat' dir='ltr'><strong>Tttadtri</strong></span> <span class='ocrx_word' id='word_1_384' title='bbox 3769 2149 3784 2169; x_wconf 87' lang='lat'><strong>,</strong></span> 
     </span>
    </p>
   </div>
   <div class='ocr_carea' id='block_1_51' title="bbox 2202 2195 3784 2266">
    <p class='ocr_par' dir='ltr' id='par_1_51' title="bbox 2202 2195 3784 2266">
     <span class='ocr_line' id='line_1_51' title="bbox 2202 2195 3784 2266; baseline -0.002 -15"><span class='ocrx_word' id='word_1_385' title='bbox 2202 2197 2348 2261; x_wconf 88' lang='lat' dir='ltr'><strong>Lini,</strong></span> <span class='ocrx_word' id='word_1_386' title='bbox 2399 2198 2562 2264; x_wconf 81' lang='lat' dir='ltr'><strong>Cleti,</strong></span> <span class='ocrx_word' id='word_1_387' title='bbox 2610 2198 2913 2264; x_wconf 89' lang='lat' dir='ltr'><strong>Clementis,</strong></span> <span class='ocrx_word' id='word_1_388' title='bbox 2968 2197 3136 2263; x_wconf 69' lang='lat' dir='ltr'><strong>Sitti,</strong></span> <span class='ocrx_word' id='word_1_389' title='bbox 3190 2196 3449 2263; x_wconf 82' lang='lat' dir='ltr'><strong>Cornelii,</strong></span> <span class='ocrx_word' id='word_1_390' title='bbox 3502 2195 3784 2266; x_wconf 80' lang='lat' dir='ltr'><strong>Cypriani,</strong></span> 
     </span>
    </p>
   </div>
   <div class='ocr_carea' id='block_1_52' title="bbox 2204 2287 3784 2362">
    <p class='ocr_par' dir='ltr' id='par_1_52' title="bbox 2204 2287 3784 2362">
     <span class='ocr_line' id='line_1_52' title="bbox 2204 2287 3784 2362; baseline -0.003 -18"><span class='ocrx_word' id='word_1_391' title='bbox 2204 2290 2504 2359; x_wconf 87' lang='lat' dir='ltr'><strong>Laurentii,</strong></span> <span class='ocrx_word' id='word_1_392' title='bbox 2541 2290 2893 2362; x_wconf 76' lang='lat' dir='ltr'><strong>Chrysogoni,</strong></span> <span class='ocrx_word' id='word_1_393' title='bbox 2925 2288 3144 2344; x_wconf 83' lang='lat' dir='ltr'><strong>Joannis</strong></span> <span class='ocrx_word' id='word_1_394' title='bbox 3173 2299 3219 2343; x_wconf 88' lang='lat' dir='ltr'><strong>ct</strong></span> <span class='ocrx_word' id='word_1_395' title='bbox 3268 2287 3457 2355; x_wconf 86' lang='lat' dir='ltr'><strong>Pauli,</strong></span> <span class='ocrx_word' id='word_1_396' title='bbox 3494 2288 3695 2342; x_wconf 69' lang='lat' dir='ltr'><strong>Cosmi:</strong></span> <span class='ocrx_word' id='word_1_397' title='bbox 3735 2300 3784 2339; x_wconf 85' lang='lat' dir='ltr'><strong>et</strong></span> 
     </span>
    </p>
   </div>
   <div class='ocr_carea' id='block_1_53' title="bbox 2203 2383 3785 2452">
    <p class='ocr_par' dir='ltr' id='par_1_53' title="bbox 2203 2383 3785 2452">
     <span class='ocr_line' id='line_1_53' title="bbox 2203 2383 3785 2452; baseline -0.001 -15"><span class='ocrx_word' id='word_1_398' title='bbox 2203 2383 2445 2438; x_wconf 87' lang='lat' dir='ltr'><strong>Damiani</strong></span> <span class='ocrx_word' id='word_1_399' title='bbox 2467 2424 2484 2450; x_wconf 91' lang='lat'><strong>,</strong></span> <span class='ocrx_word' id='word_1_400' title='bbox 2514 2392 2561 2438; x_wconf 84' lang='lat' dir='ltr'><strong>et</strong></span> <span class='ocrx_word' id='word_1_401' title='bbox 2587 2384 2817 2438; x_wconf 86' lang='lat' dir='ltr'><strong>omnium</strong></span> <span class='ocrx_word' id='word_1_402' title='bbox 2844 2393 3138 2437; x_wconf 86' lang='lat' dir='ltr'><strong>sanctorum</strong></span> <span class='ocrx_word' id='word_1_403' title='bbox 3167 2392 3370 2437; x_wconf 87' lang='lat' dir='ltr'><strong>tuorum</strong></span> <span class='ocrx_word' id='word_1_404' title='bbox 3391 2423 3409 2447; x_wconf 90' lang='lat'><strong>,</strong></span> <span class='ocrx_word' id='word_1_405' title='bbox 3432 2398 3658 2452; x_wconf 83' lang='lat' dir='ltr'><strong>quorum</strong></span> <span class='ocrx_word' id='word_1_406' title='bbox 3686 2398 3785 2435; x_wconf 81' lang='lat' dir='ltr'><strong>nte-</strong></span> 
     </span>
    </p>
   </div>
   <div class='ocr_carea' id='block_1_54' title="bbox 2206 2474 3786 2547">
    <p class='ocr_par' dir='ltr' id='par_1_54' title="bbox 2206 2474 3786 2547">
     <span class='ocr_line' id='line_1_54' title="bbox 2206 2474 3786 2547; baseline -0.003 -17"><span class='ocrx_word' id='word_1_407' title='bbox 2206 2477 2317 2530; x_wconf 78' lang='lat' dir='ltr'><strong>ritis</strong></span> <span class='ocrx_word' id='word_1_408' title='bbox 2369 2477 2697 2547; x_wconf 85' lang='lat' dir='ltr'><strong>precibusque</strong></span> <span class='ocrx_word' id='word_1_409' title='bbox 2732 2475 2975 2529; x_wconf 89' lang='lat' dir='ltr'><strong>concedas</strong></span> <span class='ocrx_word' id='word_1_410' title='bbox 2996 2515 3011 2541; x_wconf 95' lang='lat'><strong>,</strong></span> <span class='ocrx_word' id='word_1_411' title='bbox 3040 2485 3091 2527; x_wconf 92' lang='lat' dir='ltr'><strong>ut</strong></span> <span class='ocrx_word' id='word_1_412' title='bbox 3118 2476 3171 2527; x_wconf 88' lang='lat' dir='ltr'><strong>in</strong></span> <span class='ocrx_word' id='word_1_413' title='bbox 3196 2476 3431 2527; x_wconf 87' lang='lat' dir='ltr'><strong>omnibus</strong></span> <span class='ocrx_word' id='word_1_414' title='bbox 3456 2474 3786 2543; x_wconf 80' lang='lat' dir='ltr'><strong>protectionis</strong></span> 
     </span>
    </p>
   </div>
   <div class='ocr_carea' id='block_1_55' title="bbox 2201 2563 3788 2623">
    <p class='ocr_par' dir='ltr' id='par_1_55' title="bbox 2201 2563 3788 2623">
     <span class='ocr_line' id='line_1_55' title="bbox 2201 2563 3788 2623; baseline -0.004 -1"><span class='ocrx_word' id='word_1_415' title='bbox 2201 2579 2301 2623; x_wconf 79' lang='lat' dir='ltr'><strong>tua:</strong></span> <span class='ocrx_word' id='word_1_416' title='bbox 2329 2568 2621 2622; x_wconf 87' lang='lat' dir='ltr'><strong>muniamur</strong></span> <span class='ocrx_word' id='word_1_417' title='bbox 2655 2567 2871 2623; x_wconf 75' lang='lat' dir='ltr'><strong>auxilio.</strong></span> <span class='ocrx_word' id='word_1_418' title='bbox 2898 2564 3002 2619; x_wconf 82' lang='lat' dir='ltr'><strong>Per</strong></span> <span class='ocrx_word' id='word_1_419' title='bbox 3043 2565 3271 2620; x_wconf 86' lang='lat' dir='ltr'><strong>eumdem</strong></span> <span class='ocrx_word' id='word_1_420' title='bbox 3315 2564 3581 2620; x_wconf 80' lang='lat' dir='ltr'><strong>Christum</strong></span> <span class='ocrx_word' id='word_1_421' title='bbox 3611 2563 3788 2617; x_wconf 76' lang='lat' dir='ltr'><strong>Domi-</strong></span> 
     </span>
    </p>
   </div>
   <div class='ocr_carea' id='block_1_56' title="bbox 2201 2667 2808 2729">
    <p class='ocr_par' dir='ltr' id='par_1_56' title="bbox 2201 2667 2808 2729">
     <span class='ocr_line' id='line_1_56' title="bbox 2201 2667 2808 2729; baseline 0 -16"><span class='ocrx_word' id='word_1_422' title='bbox 2201 2675 2322 2713; x_wconf 77' lang='lat' dir='ltr'><strong>num</strong></span> <span class='ocrx_word' id='word_1_423' title='bbox 2350 2667 2581 2713; x_wconf 88' lang='lat' dir='ltr'><strong>nostrum</strong></span> <span class='ocrx_word' id='word_1_424' title='bbox 2595 2701 2612 2729; x_wconf 89' lang='lat'><strong>,</strong></span> <span class='ocrx_word' id='word_1_425' title='bbox 2642 2674 2808 2713; x_wconf 87' lang='lat' dir='ltr'><strong>amen.</strong></span> 
     </span>
    </p>
   </div>
   <div class='ocr_carea' id='block_1_57' title="bbox 2680 2747 3293 2803">
    <p class='ocr_par' dir='ltr' id='par_1_57' title="bbox 2680 2747 3293 2803">
     <span class='ocr_line' id='line_1_57' title="bbox 2680 2747 3293 2803; baseline -0.002 -1"><span class='ocrx_word' id='word_1_426' title='bbox 2680 2747 2798 2802; x_wconf 82' lang='lat' dir='ltr'><strong>Alia</strong></span> <span class='ocrx_word' id='word_1_427' title='bbox 2832 2748 2964 2802; x_wconf 76' lang='lat' dir='ltr'><strong>inira</strong></span> <span class='ocrx_word' id='word_1_428' title='bbox 2994 2748 3293 2803; x_wconf 80' lang='lat' dir='ltr'><strong>Actionem.</strong></span> 
     </span>
    </p>
   </div>
   <div class='ocr_carea' id='block_1_58' title="bbox 2276 2838 3789 2913">
    <p class='ocr_par' dir='ltr' id='par_1_58' title="bbox 2276 2838 3789 2913">
     <span class='ocr_line' id='line_1_58' title="bbox 2276 2838 3789 2913; baseline 0 -20"><span class='ocrx_word' id='word_1_429' title='bbox 2276 2839 2427 2893; x_wconf 81' lang='lat' dir='ltr'><strong>Hanc</strong></span> <span class='ocrx_word' id='word_1_430' title='bbox 2458 2840 2615 2913; x_wconf 83' lang='lat' dir='ltr'><strong>igitur</strong></span> <span class='ocrx_word' id='word_1_431' title='bbox 2663 2838 2971 2893; x_wconf 89' lang='lat' dir='ltr'><strong>oblationem</strong></span> <span class='ocrx_word' id='word_1_432' title='bbox 3016 2840 3271 2893; x_wconf 84' lang='lat' dir='ltr'><strong>servitutis</strong></span> <span class='ocrx_word' id='word_1_433' title='bbox 3320 2849 3550 2905; x_wconf 81' lang='lat' dir='ltr'><strong>nostrte,</strong></span> <span class='ocrx_word' id='word_1_434' title='bbox 3602 2845 3693 2893; x_wconf 82' lang='lat' dir='ltr'><strong>sed</strong></span> <span class='ocrx_word' id='word_1_435' title='bbox 3744 2850 3789 2893; x_wconf 85' lang='lat' dir='ltr'><strong>et</strong></span> 
     </span>
    </p>
   </div>
   <div class='ocr_carea' id='block_1_59' title="bbox 2201 2929 3793 3005">
    <p class='ocr_par' dir='ltr' id='par_1_59' title="bbox 2201 2929 3793 3005">
     <span class='ocr_line' id='line_1_59' title="bbox 2201 2929 3793 3005; baseline -0.002 -18"><span class='ocrx_word' id='word_1_436' title='bbox 2201 2944 2396 2988; x_wconf 72' lang='lat' dir='ltr'><strong>cuncta:</strong></span> <span class='ocrx_word' id='word_1_437' title='bbox 2427 2933 2638 3005; x_wconf 79' lang='lat' dir='ltr'><strong>familia:</strong></span> <span class='ocrx_word' id='word_1_438' title='bbox 2667 2942 2795 2996; x_wconf 82' lang='lat' dir='ltr'><strong>tute,</strong></span> <span class='ocrx_word' id='word_1_439' title='bbox 2828 2946 3145 3000; x_wconf 68' lang='lat' dir='ltr'><strong>quaesumus,</strong></span> <span class='ocrx_word' id='word_1_440' title='bbox 3180 2929 3432 2998; x_wconf 87' lang='lat' dir='ltr'><strong>Domine,</strong></span> <span class='ocrx_word' id='word_1_441' title='bbox 3458 2943 3515 2983; x_wconf 90' lang='lat' dir='ltr'><strong>ut</strong></span> <span class='ocrx_word' id='word_1_442' title='bbox 3558 2933 3793 2998; x_wconf 80' lang='lat' dir='ltr'><strong>placatus</strong></span> 
     </span>
    </p>
   </div>
   <div class='ocr_carea' id='block_1_60' title="bbox 2201 3022 3793 3096">
    <p class='ocr_par' dir='ltr' id='par_1_60' title="bbox 2201 3022 3793 3096">
     <span class='ocr_line' id='line_1_60' title="bbox 2201 3022 3793 3096; baseline -0.001 -19"><span class='ocrx_word' id='word_1_443' title='bbox 2201 3024 2458 3096; x_wconf 86' lang='lat' dir='ltr'><strong>accipias,</strong></span> <span class='ocrx_word' id='word_1_444' title='bbox 2482 3024 2685 3093; x_wconf 87' lang='lat' dir='ltr'><strong>diesque</strong></span> <span class='ocrx_word' id='word_1_445' title='bbox 2716 3032 2915 3077; x_wconf 85' lang='lat' dir='ltr'><strong>nostros</strong></span> <span class='ocrx_word' id='word_1_446' title='bbox 2954 3022 3006 3075; x_wconf 89' lang='lat' dir='ltr'><strong>in</strong></span> <span class='ocrx_word' id='word_1_447' title='bbox 3047 3032 3134 3076; x_wconf 91' lang='lat' dir='ltr'><strong>tua</strong></span> <span class='ocrx_word' id='word_1_448' title='bbox 3174 3037 3298 3090; x_wconf 90' lang='lat' dir='ltr'><strong>pace</strong></span> <span class='ocrx_word' id='word_1_449' title='bbox 3320 3022 3608 3089; x_wconf 85' lang='lat' dir='ltr'><strong>disponas,</strong></span> <span class='ocrx_word' id='word_1_450' title='bbox 3639 3032 3793 3089; x_wconf 79' lang='lat' dir='ltr'><strong>atque</strong></span> 
     </span>
    </p>
   </div>
   <div class='ocr_carea' id='block_1_61' title="bbox 2203 3113 3787 3181">
    <p class='ocr_par' dir='ltr' id='par_1_61' title="bbox 2203 3113 3787 3181">
     <span class='ocr_line' id='line_1_61' title="bbox 2203 3113 3787 3181; baseline -0.003 -12"><span class='ocrx_word' id='word_1_451' title='bbox 2203 3115 2267 3169; x_wconf 89' lang='lat' dir='ltr'><strong>ab</strong></span> <span class='ocrx_word' id='word_1_452' title='bbox 2288 3124 2478 3169; x_wconf 70' lang='lat' dir='ltr'><strong>aeterna</strong></span> <span class='ocrx_word' id='word_1_453' title='bbox 2499 3113 2821 3167; x_wconf 84' lang='lat' dir='ltr'><strong>damnatione</strong></span> <span class='ocrx_word' id='word_1_454' title='bbox 2842 3129 2933 3166; x_wconf 86' lang='lat' dir='ltr'><strong>nos</strong></span> <span class='ocrx_word' id='word_1_455' title='bbox 2956 3114 3104 3181; x_wconf 88' lang='lat' dir='ltr'><strong>eripi,</strong></span> <span class='ocrx_word' id='word_1_456' title='bbox 3128 3123 3173 3165; x_wconf 87' lang='lat' dir='ltr'><strong>et</strong></span> <span class='ocrx_word' id='word_1_457' title='bbox 3200 3115 3252 3165; x_wconf 87' lang='lat' dir='ltr'><strong>in</strong></span> <span class='ocrx_word' id='word_1_458' title='bbox 3273 3115 3554 3166; x_wconf 77' lang='lat' dir='ltr'><strong>electorum</strong></span> <span class='ocrx_word' id='word_1_459' title='bbox 3579 3124 3787 3166; x_wconf 77' lang='lat' dir='ltr'><strong>tuorum</strong></span> 
     </span>
    </p>
   </div>
   <div class='ocr_carea' id='block_1_62' title="bbox 528 3194 3793 3278">
    <p class='ocr_par' dir='ltr' id='par_1_62' title="bbox 528 3194 3793 3278">
     <span class='ocr_line' id='line_1_62' title="bbox 528 3194 3793 3278; baseline -0.001 -18"><span class='ocrx_word' id='word_1_460' title='bbox 528 3197 636 3251; x_wconf 72' lang='lat' dir='ltr'><strong>l‘i03</strong></span> <span class='ocrx_word' id='word_1_461' title='bbox 659 3210 688 3249; x_wconf 70' lang='grc'>³</span> <span class='ocrx_word' id='word_1_462' title='bbox 718 3209 872 3265; x_wconf 74' lang='lat' dir='ltr'><strong>papa.</strong></span> <span class='ocrx_word' id='word_1_463' title='bbox 906 3204 959 3249; x_wconf 77' lang='grc' dir='ltr'><strong>εί</strong></span> <span class='ocrx_word' id='word_1_464' title='bbox 985 3201 1209 3248; x_wconf 54' lang='lat' dir='ltr'><strong>vocat“?</strong></span> <span class='ocrx_word' id='word_1_465' title='bbox 1230 3194 1645 3265; x_wconf 69' lang='lat' dir='ltr'><strong>presbyterium.</strong></span> <span class='ocrx_word' id='word_1_466' title='bbox 1676 3196 1744 3251; x_wconf 72' lang='lat' dir='ltr'><strong>de</strong></span> <span class='ocrx_word' id='word_1_467' title='bbox 1768 3197 1957 3267; x_wconf 73' lang='grc' dir='ltr'><strong>ψιὶιηιε</strong></span> <span class='ocrx_word' id='word_1_468' title='bbox 1983 3211 2096 3252; x_wconf 68' lang='grc' dir='ltr'><strong>τηε·</strong></span> <span class='ocrx_word' id='word_1_469' title='bbox 2126 3203 2171 3264; x_wconf 86' lang='lat' dir='ltr'><strong><em>C</em></strong></span> <span class='ocrx_word' id='word_1_470' title='bbox 2198 3207 2386 3278; x_wconf 86' lang='lat' dir='ltr'><strong>jubeas</strong></span> <span class='ocrx_word' id='word_1_471' title='bbox 2426 3222 2575 3276; x_wconf 87' lang='lat' dir='ltr'><strong>grege</strong></span> <span class='ocrx_word' id='word_1_472' title='bbox 2613 3205 2888 3260; x_wconf 86' lang='lat' dir='ltr'><strong>numerari.</strong></span> <span class='ocrx_word' id='word_1_473' title='bbox 2925 3202 3024 3257; x_wconf 85' lang='lat' dir='ltr'><strong>Per</strong></span> <span class='ocrx_word' id='word_1_474' title='bbox 3045 3201 3304 3257; x_wconf 61' lang='lat' dir='ltr'><strong>Christum</strong></span> <span class='ocrx_word' id='word_1_475' title='bbox 3346 3203 3634 3258; x_wconf 88' lang='lat' dir='ltr'><strong>Dominum</strong></span> <span class='ocrx_word' id='word_1_476' title='bbox 3674 3222 3793 3258; x_wconf 82' lang='lat' dir='ltr'><strong>nos-</strong></span> 
     </span>
    </p>
   </div>
   <div class='ocr_carea' id='block_1_63' title="bbox 470 3284 2099 3354">
    <p class='ocr_par' dir='ltr' id='par_1_63' title="bbox 470 3284 2099 3354">
     <span class='ocr_line' id='line_1_63' title="bbox 470 3284 2099 3354; baseline 0.004 -15"><span class='ocrx_word' id='word_1_477' title='bbox 470 3284 475 3289; x_wconf 82' lang='grc'><em>’</em></span> <span class='ocrx_word' id='word_1_478' title='bbox 524 3286 694 3341; x_wconf 85' lang='lat' dir='ltr'><strong>dictas</strong></span> <span class='ocrx_word' id='word_1_479' title='bbox 715 3294 796 3341; x_wconf 90' lang='lat' dir='ltr'><strong>est</strong></span> <span class='ocrx_word' id='word_1_480' title='bbox 820 3285 1059 3340; x_wconf 75' lang='lat' dir='ltr'><strong>sacristte</strong></span> <span class='ocrx_word' id='word_1_481' title='bbox 1084 3285 1229 3354; x_wconf 83' lang='lat' dir='ltr'><strong>juxta</strong></span> <span class='ocrx_word' id='word_1_482' title='bbox 1260 3285 1651 3343; x_wconf 86' lang='lat' dir='ltr'><strong>ordinationem</strong></span> <span class='ocrx_word' id='word_1_483' title='bbox 1680 3287 1895 3345; x_wconf 87' lang='lat' dir='ltr'><strong>Urbani.</strong></span> <span class='ocrx_word' id='word_1_484' title='bbox 1921 3290 1975 3345; x_wconf 89' lang='lat' dir='ltr'><strong>In</strong></span> <span class='ocrx_word' id='word_1_485' title='bbox 2002 3292 2099 3345; x_wconf 83' lang='lat' dir='ltr'><strong>hac</strong></span> 
     </span>
    </p>
   </div>
   <div class='ocr_carea' id='block_1_64' title="bbox 524 3378 2103 3448">
    <p class='ocr_par' dir='ltr' id='par_1_64' title="bbox 524 3378 2103 3448">
     <span class='ocr_line' id='line_1_64' title="bbox 524 3378 2103 3448; baseline 0.004 -16"><span class='ocrx_word' id='word_1_486' title='bbox 524 3378 654 3445; x_wconf 89' lang='lat' dir='ltr'><strong>die,</strong></span> <span class='ocrx_word' id='word_1_487' title='bbox 706 3392 803 3434; x_wconf 90' lang='lat' dir='ltr'><strong>nec</strong></span> <span class='ocrx_word' id='word_1_488' title='bbox 832 3379 885 3433; x_wconf 93' lang='lat' dir='ltr'><strong>in</strong></span> <span class='ocrx_word' id='word_1_489' title='bbox 933 3379 1175 3448; x_wconf 81' lang='lat' dir='ltr'><strong>sequenti</strong></span> <span class='ocrx_word' id='word_1_490' title='bbox 1205 3378 1507 3435; x_wconf 88' lang='lat' dir='ltr'><strong>cardinales</strong></span> <span class='ocrx_word' id='word_1_491' title='bbox 1555 3396 1658 3435; x_wconf 90' lang='lat' dir='ltr'><strong>non</strong></span> <span class='ocrx_word' id='word_1_492' title='bbox 1711 3394 2103 3438; x_wconf 87' lang='lat' dir='ltr'><strong>consueverunt</strong></span> 
     </span>
    </p>
   </div>
   <div class='ocr_carea' id='block_1_65' title="bbox 524 3469 2098 3540">
    <p class='ocr_par' dir='ltr' id='par_1_65' title="bbox 524 3469 2098 3540">
     <span class='ocr_line' id='line_1_65' title="bbox 524 3469 2098 3540; baseline 0.004 -17"><span class='ocrx_word' id='word_1_493' title='bbox 524 3471 704 3526; x_wconf 87' lang='lat' dir='ltr'><strong>venire</strong></span> <span class='ocrx_word' id='word_1_494' title='bbox 727 3469 793 3525; x_wconf 91' lang='lat' dir='ltr'><strong>ad</strong></span> <span class='ocrx_word' id='word_1_495' title='bbox 824 3469 1182 3525; x_wconf 86' lang='lat' dir='ltr'><strong>reverentiam</strong></span> <span class='ocrx_word' id='word_1_496' title='bbox 1215 3484 1386 3540; x_wconf 63' lang='lat' dir='ltr'><strong>papas,</strong></span> <span class='ocrx_word' id='word_1_497' title='bbox 1412 3471 1662 3540; x_wconf 89' lang='lat' dir='ltr'><strong>quoniam</strong></span> <span class='ocrx_word' id='word_1_498' title='bbox 1693 3472 1770 3528; x_wconf 88' lang='lat' dir='ltr'><strong>bis</strong></span> <span class='ocrx_word' id='word_1_499' title='bbox 1797 3473 1848 3527; x_wconf 91' lang='lat' dir='ltr'><strong>in</strong></span> <span class='ocrx_word' id='word_1_500' title='bbox 1881 3475 1969 3530; x_wconf 90' lang='lat' dir='ltr'><strong>die</strong></span> <span class='ocrx_word' id='word_1_501' title='bbox 1991 3490 2098 3530; x_wconf 90' lang='lat' dir='ltr'><strong>non</strong></span> 
     </span>
    </p>
   </div>
   <div class='ocr_carea' id='block_1_66' title="bbox 524 3560 2099 3632">
    <p class='ocr_par' dir='ltr' id='par_1_66' title="bbox 524 3560 2099 3632">
     <span class='ocr_line' id='line_1_66' title="bbox 524 3560 2099 3632; baseline 0.004 -19"><span class='ocrx_word' id='word_1_502' title='bbox 524 3570 795 3616; x_wconf 87' lang='lat' dir='ltr'><strong>tenentur.</strong></span> <span class='ocrx_word' id='word_1_503' title='bbox 829 3560 935 3615; x_wconf 87' lang='lat' dir='ltr'><strong>Sed</strong></span> <span class='ocrx_word' id='word_1_504' title='bbox 991 3560 1133 3629; x_wconf 89' lang='lat' dir='ltr'><strong>quod</strong></span> <span class='ocrx_word' id='word_1_505' title='bbox 1177 3560 1518 3616; x_wconf 82' lang='lat' dir='ltr'><strong>observatum</strong></span> <span class='ocrx_word' id='word_1_506' title='bbox 1549 3562 1619 3616; x_wconf 88' lang='lat' dir='ltr'><strong>sit</strong></span> <span class='ocrx_word' id='word_1_507' title='bbox 1656 3563 1779 3618; x_wconf 90' lang='lat' dir='ltr'><strong>alibi</strong></span> <span class='ocrx_word' id='word_1_508' title='bbox 1814 3563 2054 3619; x_wconf 83' lang='lat' dir='ltr'><strong>invenies</strong></span> <span class='ocrx_word' id='word_1_509' title='bbox 2083 3606 2099 3632; x_wconf 92' lang='lat'><strong>,</strong></span> 
     </span>
    </p>
   </div>
   <div class='ocr_carea' id='block_1_67' title="bbox 526 3650 2103 3729">
    <p class='ocr_par' dir='ltr' id='par_1_67' title="bbox 526 3650 2103 3729">
     <span class='ocr_line' id='line_1_67' title="bbox 526 3650 2103 3729; baseline 0.003 -22"><span class='ocrx_word' id='word_1_510' title='bbox 526 3652 625 3707; x_wconf 90' lang='lat' dir='ltr'><strong>nisi</strong></span> <span class='ocrx_word' id='word_1_511' title='bbox 659 3650 1027 3706; x_wconf 86' lang='lat' dir='ltr'><strong>tantummodo</strong></span> <span class='ocrx_word' id='word_1_512' title='bbox 1051 3651 1125 3705; x_wconf 90' lang='lat' dir='ltr'><strong>illi</strong></span> <span class='ocrx_word' id='word_1_513' title='bbox 1156 3660 1264 3705; x_wconf 85' lang='lat' dir='ltr'><strong>tres</strong></span> <span class='ocrx_word' id='word_1_514' title='bbox 1290 3651 1535 3723; x_wconf 88' lang='lat' dir='ltr'><strong>juniores</strong></span> <span class='ocrx_word' id='word_1_515' title='bbox 1560 3655 1855 3710; x_wconf 89' lang='lat' dir='ltr'><strong>cardinales</strong></span> <span class='ocrx_word' id='word_1_516' title='bbox 1885 3658 2103 3729; x_wconf 81' lang='lat' dir='ltr'><strong>presby-</strong></span> 
     </span>
    </p>
   </div>
   <div class='ocr_carea' id='block_1_68' title="bbox 536 3740 2103 3812">
    <p class='ocr_par' dir='ltr' id='par_1_68' title="bbox 536 3740 2103 3812">
     <span class='ocr_line' id='line_1_68' title="bbox 536 3740 2103 3812; baseline 0.006 -17"><span class='ocrx_word' id='word_1_517' title='bbox 536 3743 656 3807; x_wconf 87' lang='lat' dir='ltr'><strong>teri,</strong></span> <span class='ocrx_word' id='word_1_518' title='bbox 689 3750 794 3796; x_wconf 88' lang='lat' dir='ltr'><strong>etc.</strong></span> <span class='ocrx_word' id='word_1_519' title='bbox 820 3785 836 3810; x_wconf 90' lang='lat'><strong>,</strong></span> <span class='ocrx_word' id='word_1_520' title='bbox 871 3740 943 3795; x_wconf 88' lang='lat' dir='ltr'><strong>illi</strong></span> <span class='ocrx_word' id='word_1_521' title='bbox 971 3756 1237 3812; x_wconf 79' lang='lat' dir='ltr'><strong>nunquam</strong></span> <span class='ocrx_word' id='word_1_522' title='bbox 1270 3742 1485 3798; x_wconf 83' lang='lat' dir='ltr'><strong>fallunt.</strong></span> <span class='ocrx_word' id='word_1_523' title='bbox 1512 3743 1855 3801; x_wconf 89' lang='lat' dir='ltr'><strong>Contrarium</strong></span> <span class='ocrx_word' id='word_1_524' title='bbox 1886 3749 2103 3804; x_wconf 84' lang='lat' dir='ltr'><strong>ordina-</strong></span> 
     </span>
    </p>
   </div>
   <div class='ocr_carea' id='block_1_69' title="bbox 525 3828 2103 3899">
    <p class='ocr_par' dir='ltr' id='par_1_69' title="bbox 525 3828 2103 3899">
     <span class='ocr_line' id='line_1_69' title="bbox 525 3828 2103 3899; baseline 0.007 -17"><span class='ocrx_word' id='word_1_525' title='bbox 525 3829 600 3884; x_wconf 78' lang='lat' dir='ltr'><strong>vit</strong></span> <span class='ocrx_word' id='word_1_526' title='bbox 648 3829 899 3884; x_wconf 88' lang='lat' dir='ltr'><strong>dominus</strong></span> <span class='ocrx_word' id='word_1_527' title='bbox 948 3828 1195 3885; x_wconf 89' lang='lat' dir='ltr'><strong>Urbanus</strong></span> <span class='ocrx_word' id='word_1_528' title='bbox 1230 3830 1319 3899; x_wconf 72' lang='lat' dir='ltr'><strong>Vl,</strong></span> <span class='ocrx_word' id='word_1_529' title='bbox 1363 3832 1455 3887; x_wconf 83' lang='lat' dir='ltr'><strong>sed</strong></span> <span class='ocrx_word' id='word_1_530' title='bbox 1487 3833 1539 3887; x_wconf 93' lang='lat' dir='ltr'><strong>in</strong></span> <span class='ocrx_word' id='word_1_531' title='bbox 1588 3835 1820 3890; x_wconf 75' lang='lat' dir='ltr'><strong>secunda</strong></span> <span class='ocrx_word' id='word_1_532' title='bbox 1852 3836 2006 3892; x_wconf 84' lang='lat' dir='ltr'><strong>Missa</strong></span> <span class='ocrx_word' id='word_1_533' title='bbox 2036 3838 2103 3894; x_wconf 91' lang='lat' dir='ltr'><strong>de</strong></span> 
     </span>
    </p>
   </div>
   <div class='ocr_carea' id='block_1_70' title="bbox 522 3922 2098 4005">
    <p class='ocr_par' dir='ltr' id='par_1_70' title="bbox 522 3922 2098 4005">
     <span class='ocr_line' id='line_1_70' title="bbox 522 3922 2098 4005; baseline 0.008 -29"><span class='ocrx_word' id='word_1_534' title='bbox 522 3936 712 3976; x_wconf 85' lang='lat' dir='ltr'><strong>aurora</strong></span> <span class='ocrx_word' id='word_1_535' title='bbox 764 3936 868 3977; x_wconf 90' lang='lat' dir='ltr'><strong>non</strong></span> <span class='ocrx_word' id='word_1_536' title='bbox 902 3922 1179 4005; x_wconf 46' lang='lat' dir='ltr'><strong>veniunt,</strong></span> <span class='ocrx_word' id='word_1_537' title='bbox 1207 3924 1303 3979; x_wconf 89' lang='lat' dir='ltr'><strong>sed</strong></span> <span class='ocrx_word' id='word_1_538' title='bbox 1338 3925 1389 3979; x_wconf 89' lang='lat' dir='ltr'><strong>in</strong></span> <span class='ocrx_word' id='word_1_539' title='bbox 1420 3926 1591 3997; x_wconf 87' lang='lat' dir='ltr'><strong>prima</strong></span> <span class='ocrx_word' id='word_1_540' title='bbox 1621 3939 1671 3983; x_wconf 89' lang='lat' dir='ltr'><strong>et</strong></span> <span class='ocrx_word' id='word_1_541' title='bbox 1696 3933 1847 3985; x_wconf 86' lang='lat' dir='ltr'><strong>tertia</strong></span> <span class='ocrx_word' id='word_1_542' title='bbox 1872 3930 2098 3988; x_wconf 75' lang='lat' dir='ltr'><strong>Benedi-</strong></span> 
     </span>
    </p>
   </div>
   <div class='ocr_carea' id='block_1_71' title="bbox 520 4012 712 4066">
    <p class='ocr_par' dir='ltr' id='par_1_71' title="bbox 520 4012 712 4066">
     <span class='ocr_line' id='line_1_71' title="bbox 520 4012 712 4066; baseline 0 -1"><span class='ocrx_word' id='word_1_543' title='bbox 520 4012 712 4066; x_wconf 88' lang='lat' dir='ltr'><strong>ctione.</strong></span> 
     </span>
    </p>
   </div>
   <div class='ocr_carea' id='block_1_72' title="bbox 594 4102 2099 4179">
    <p class='ocr_par' dir='ltr' id='par_1_72' title="bbox 594 4102 2099 4179">
     <span class='ocr_line' id='line_1_72' title="bbox 594 4102 2099 4179; baseline 0.009 -24"><span class='ocrx_word' id='word_1_544' title='bbox 594 4102 699 4156; x_wconf 84' lang='lat' dir='ltr'><strong>Per</strong></span> <span class='ocrx_word' id='word_1_545' title='bbox 725 4102 895 4156; x_wconf 88' lang='lat' dir='ltr'><strong>omnia</strong></span> <span class='ocrx_word' id='word_1_546' title='bbox 936 4103 1126 4157; x_wconf 77' lang='lat' dir='ltr'><strong>stccula</strong></span> <span class='ocrx_word' id='word_1_547' title='bbox 1157 4108 1454 4161; x_wconf 65' lang='lat' dir='ltr'><strong>saeculorum</strong></span> <span class='ocrx_word' id='word_1_548' title='bbox 1478 4123 1498 4172; x_wconf 86' lang='lat'><strong><em>;</em></strong></span> <span class='ocrx_word' id='word_1_549' title='bbox 1545 4108 1895 4179; x_wconf 85' lang='lat' dir='ltr'><strong>respondetur</strong></span> <span class='ocrx_word' id='word_1_550' title='bbox 1919 4112 2099 4169; x_wconf 80' lang='lat' dir='ltr'><strong>Amen.</strong></span> 
     </span>
    </p>
   </div>
   <div class='ocr_carea' id='block_1_73' title="bbox 524 4194 2102 4274">
    <p class='ocr_par' dir='ltr' id='par_1_73' title="bbox 524 4194 2102 4274">
     <span class='ocr_line' id='line_1_73' title="bbox 524 4194 2102 4274; baseline 0.009 -27"><span class='ocrx_word' id='word_1_551' title='bbox 524 4194 770 4248; x_wconf 88' lang='lat' dir='ltr'><strong>Dominus</strong></span> <span class='ocrx_word' id='word_1_552' title='bbox 790 4194 1064 4250; x_wconf 86' lang='lat' dir='ltr'><strong>vobiscum.</strong></span> <span class='ocrx_word' id='word_1_553' title='bbox 1094 4194 1158 4249; x_wconf 83' lang='lat' dir='ltr'><strong>Et</strong></span> <span class='ocrx_word' id='word_1_554' title='bbox 1185 4213 1300 4251; x_wconf 90' lang='lat' dir='ltr'><strong>cum</strong></span> <span class='ocrx_word' id='word_1_555' title='bbox 1323 4200 1507 4266; x_wconf 89' lang='lat' dir='ltr'><strong>spiritu</strong></span> <span class='ocrx_word' id='word_1_556' title='bbox 1542 4211 1652 4256; x_wconf 89' lang='lat' dir='ltr'><strong>tuo.</strong></span> <span class='ocrx_word' id='word_1_557' title='bbox 1679 4202 1900 4259; x_wconf 88' lang='lat' dir='ltr'><strong>Sursum</strong></span> <span class='ocrx_word' id='word_1_558' title='bbox 1924 4208 2102 4274; x_wconf 82' lang='lat' dir='ltr'><strong>corda,-</strong></span> 
     </span>
    </p>
   </div>
   <div class='ocr_carea' id='block_1_74' title="bbox 522 4284 2103 4363">
    <p class='ocr_par' dir='ltr' id='par_1_74' title="bbox 522 4284 2103 4363">
     <span class='ocr_line' id='line_1_74' title="bbox 522 4284 2103 4363; baseline 0.009 -25"><span class='ocrx_word' id='word_1_559' title='bbox 522 4301 663 4354; x_wconf 85' lang='lat' dir='ltr'><strong>resp.</strong></span> <span class='ocrx_word' id='word_1_560' title='bbox 698 4284 957 4339; x_wconf 87' lang='lat' dir='ltr'><strong>Habemus</strong></span> <span class='ocrx_word' id='word_1_561' title='bbox 985 4288 1051 4339; x_wconf 89' lang='lat' dir='ltr'><strong>ad</strong></span> <span class='ocrx_word' id='word_1_562' title='bbox 1083 4286 1376 4345; x_wconf 87' lang='lat' dir='ltr'><strong>Dominum.</strong></span> <span class='ocrx_word' id='word_1_563' title='bbox 1404 4290 1610 4346; x_wconf 86' lang='lat' dir='ltr'><strong>Gratias</strong></span> <span class='ocrx_word' id='word_1_564' title='bbox 1645 4310 1858 4363; x_wconf 83' lang='lat' dir='ltr'><strong>agamus</strong></span> <span class='ocrx_word' id='word_1_565' title='bbox 1884 4297 2103 4353; x_wconf 86' lang='lat' dir='ltr'><strong>Domino</strong></span> 
     </span>
    </p>
   </div>
   <div class='ocr_carea' id='block_1_75' title="bbox 524 4374 2103 4460">
    <p class='ocr_par' dir='ltr' id='par_1_75' title="bbox 524 4374 2103 4460">
     <span class='ocr_line' id='line_1_75' title="bbox 524 4374 2103 4460; baseline 0.012 -34"><span class='ocrx_word' id='word_1_566' title='bbox 524 4374 632 4428; x_wconf 82' lang='lat' dir='ltr'><strong>Deo</strong></span> <span class='ocrx_word' id='word_1_567' title='bbox 659 4386 861 4443; x_wconf 78' lang='lat' dir='ltr'><strong>nostro;</strong></span> <span class='ocrx_word' id='word_1_568' title='bbox 889 4392 1032 4447; x_wconf 88' lang='lat' dir='ltr'><strong>resp.</strong></span> <span class='ocrx_word' id='word_1_569' title='bbox 1070 4376 1291 4450; x_wconf 88' lang='lat' dir='ltr'><strong>Dignum</strong></span> <span class='ocrx_word' id='word_1_570' title='bbox 1320 4390 1363 4434; x_wconf 90' lang='lat' dir='ltr'><strong>et</strong></span> <span class='ocrx_word' id='word_1_571' title='bbox 1382 4386 1583 4454; x_wconf 88' lang='lat' dir='ltr'><strong>justum</strong></span> <span class='ocrx_word' id='word_1_572' title='bbox 1612 4396 1702 4439; x_wconf 89' lang='lat' dir='ltr'><strong>est.</strong></span> <span class='ocrx_word' id='word_1_573' title='bbox 1747 4386 1873 4443; x_wconf 83' lang='lat' dir='ltr'><strong>Vere</strong></span> <span class='ocrx_word' id='word_1_574' title='bbox 1890 4389 2103 4460; x_wconf 86' lang='lat' dir='ltr'><strong>dignum</strong></span> 
     </span>
    </p>
   </div>
   <div class='ocr_carea' id='block_1_76' title="bbox 527 4468 2099 4550">
    <p class='ocr_par' dir='ltr' id='par_1_76' title="bbox 527 4468 2099 4550">
     <span class='ocr_line' id='line_1_76' title="bbox 527 4468 2099 4550; baseline 0.01 -33"><span class='ocrx_word' id='word_1_575' title='bbox 527 4475 571 4517; x_wconf 86' lang='lat' dir='ltr'><strong>et</strong></span> <span class='ocrx_word' id='word_1_576' title='bbox 593 4468 789 4538; x_wconf 87' lang='lat' dir='ltr'><strong>justum</strong></span> <span class='ocrx_word' id='word_1_577' title='bbox 821 4480 895 4521; x_wconf 79' lang='lat' dir='ltr'><strong>est</strong></span> <span class='ocrx_word' id='word_1_578' title='bbox 920 4508 933 4529; x_wconf 85' lang='lat'><strong>,</strong></span> <span class='ocrx_word' id='word_1_579' title='bbox 983 4485 1186 4537; x_wconf 16' lang='lat' dir='ltr'><strong>aequum</strong></span> <span class='ocrx_word' id='word_1_580' title='bbox 1214 4480 1261 4523; x_wconf 89' lang='lat' dir='ltr'><strong>et</strong></span> <span class='ocrx_word' id='word_1_581' title='bbox 1289 4471 1513 4527; x_wconf 90' lang='lat' dir='ltr'><strong>salutare</strong></span> <span class='ocrx_word' id='word_1_582' title='bbox 1538 4515 1553 4539; x_wconf 91' lang='lat'><strong>,</strong></span> <span class='ocrx_word' id='word_1_583' title='bbox 1602 4492 1691 4529; x_wconf 88' lang='lat' dir='ltr'><strong>nos</strong></span> <span class='ocrx_word' id='word_1_584' title='bbox 1724 4478 1813 4531; x_wconf 88' lang='lat' dir='ltr'><strong>tibi</strong></span> <span class='ocrx_word' id='word_1_585' title='bbox 1834 4495 2027 4550; x_wconf 86' lang='lat' dir='ltr'><strong>semper</strong></span> <span class='ocrx_word' id='word_1_586' title='bbox 2055 4491 2099 4533; x_wconf 88' lang='lat' dir='ltr'><strong>et</strong></span> 
     </span>
    </p>
   </div>
   <div class='ocr_carea' id='block_1_77' title="bbox 2206 3294 3792 3365">
    <p class='ocr_par' dir='ltr' id='par_1_77' title="bbox 2206 3294 3792 3365">
     <span class='ocr_line' id='line_1_77' title="bbox 2206 3294 3792 3365; baseline -0.003 -15"><span class='ocrx_word' id='word_1_587' title='bbox 2206 3309 2376 3364; x_wconf 87' lang='lat' dir='ltr'><strong>trum,</strong></span> <span class='ocrx_word' id='word_1_588' title='bbox 2420 3313 2589 3351; x_wconf 80' lang='lat' dir='ltr'><strong>auten.</strong></span> <span class='ocrx_word' id='word_1_589' title='bbox 2629 3295 3027 3365; x_wconf 88' lang='lat' dir='ltr'><strong>Subsequenler</strong></span> <span class='ocrx_word' id='word_1_590' title='bbox 3052 3295 3231 3350; x_wconf 87' lang='lat' dir='ltr'><strong>dicat:</strong></span> <span class='ocrx_word' id='word_1_591' title='bbox 3268 3295 3439 3362; x_wconf 85' lang='lat' dir='ltr'><strong>Quam</strong></span> <span class='ocrx_word' id='word_1_592' title='bbox 3481 3294 3792 3348; x_wconf 75' lang='lat' dir='ltr'><strong>oblationem</strong></span> 
     </span>
    </p>
   </div>
   <div class='ocr_carea' id='block_1_78' title="bbox 2209 3385 3793 3456">
    <p class='ocr_par' dir='ltr' id='par_1_78' title="bbox 2209 3385 3793 3456">
     <span class='ocr_line' id='line_1_78' title="bbox 2209 3385 3793 3456; baseline -0.002 -15"><span class='ocrx_word' id='word_1_593' title='bbox 2209 3397 2264 3441; x_wconf 90' lang='lat' dir='ltr'><strong>tu</strong></span> <span class='ocrx_word' id='word_1_594' title='bbox 2286 3426 2302 3453; x_wconf 91' lang='lat'><strong>,</strong></span> <span class='ocrx_word' id='word_1_595' title='bbox 2349 3385 2520 3453; x_wconf 91' lang='lat' dir='ltr'><strong>Deus,</strong></span> <span class='ocrx_word' id='word_1_596' title='bbox 2560 3386 2614 3439; x_wconf 90' lang='lat' dir='ltr'><strong>in</strong></span> <span class='ocrx_word' id='word_1_597' title='bbox 2659 3385 2920 3448; x_wconf 85' lang='lat' dir='ltr'><strong>omnibus,</strong></span> <span class='ocrx_word' id='word_1_598' title='bbox 2950 3401 3239 3456; x_wconf 72' lang='lat' dir='ltr'><strong>quazsumus</strong></span> <span class='ocrx_word' id='word_1_599' title='bbox 3262 3427 3276 3451; x_wconf 94' lang='lat'><strong>,</strong></span> <span class='ocrx_word' id='word_1_600' title='bbox 3309 3385 3395 3439; x_wconf 86' lang='lat' dir='ltr'><strong>hic</strong></span> <span class='ocrx_word' id='word_1_601' title='bbox 3436 3386 3793 3440; x_wconf 73' lang='lat' dir='ltr'><strong>(enimuniter</strong></span> 
     </span>
    </p>
   </div>
   <div class='ocr_carea' id='block_1_79' title="bbox 2205 3474 3793 3550">
    <p class='ocr_par' dir='ltr' id='par_1_79' title="bbox 2205 3474 3793 3550">
     <span class='ocr_line' id='line_1_79' title="bbox 2205 3474 3793 3550; baseline -0.003 -18"><span class='ocrx_word' id='word_1_602' title='bbox 2205 3481 2377 3550; x_wconf 87' lang='lat' dir='ltr'><strong>signet</strong></span> <span class='ocrx_word' id='word_1_603' title='bbox 2403 3489 2481 3534; x_wconf 90' lang='lat' dir='ltr'><strong>ter</strong></span> <span class='ocrx_word' id='word_1_604' title='bbox 2511 3487 2614 3533; x_wconf 89' lang='lat' dir='ltr'><strong>tam</strong></span> <span class='ocrx_word' id='word_1_605' title='bbox 2656 3492 2817 3546; x_wconf 78' lang='lat' dir='ltr'><strong>super</strong></span> <span class='ocrx_word' id='word_1_606' title='bbox 2846 3477 3082 3531; x_wconf 72' lang='lat' dir='ltr'><strong>ilosniam</strong></span> <span class='ocrx_word' id='word_1_607' title='bbox 3128 3491 3284 3547; x_wconf 88' lang='lat' dir='ltr'><strong>quam</strong></span> <span class='ocrx_word' id='word_1_608' title='bbox 3334 3491 3495 3544; x_wconf 80' lang='lat' dir='ltr'><strong>super</strong></span> <span class='ocrx_word' id='word_1_609' title='bbox 3524 3474 3793 3531; x_wconf 85' lang='lat' dir='ltr'><strong>calicem:</strong></span> 
     </span>
    </p>
   </div>
   <div class='ocr_carea' id='block_1_80' title="bbox 2205 3568 3795 3641">
    <p class='ocr_par' dir='ltr' id='par_1_80' title="bbox 2205 3568 3795 3641">
     <span class='ocr_line' id='line_1_80' title="bbox 2205 3568 3795 3641; baseline -0.002 -18"><span class='ocrx_word' id='word_1_610' title='bbox 2205 3570 2339 3624; x_wconf 78' lang='lat' dir='ltr'><strong>Bene</strong></span> <span class='ocrx_word' id='word_1_611' title='bbox 2361 3569 2401 3641; x_wconf 91' lang='lat'><strong>1-</strong></span> <span class='ocrx_word' id='word_1_612' title='bbox 2432 3570 2648 3634; x_wconf 86' lang='lat' dir='ltr'><strong>dictam,</strong></span> <span class='ocrx_word' id='word_1_613' title='bbox 2679 3569 2850 3640; x_wconf 88' lang='lat' dir='ltr'><strong>ascrip</strong></span> <span class='ocrx_word' id='word_1_614' title='bbox 2875 3568 2913 3640; x_wconf 86' lang='lat'><strong>1-</strong></span> <span class='ocrx_word' id='word_1_615' title='bbox 2941 3578 3074 3634; x_wconf 89' lang='lat' dir='ltr'><strong>tam,</strong></span> <span class='ocrx_word' id='word_1_616' title='bbox 3105 3585 3165 3622; x_wconf 90' lang='lat' dir='ltr'><strong>ra</strong></span> <span class='ocrx_word' id='word_1_617' title='bbox 3195 3569 3236 3638; x_wconf 83' lang='lat'><strong>1-</strong></span> <span class='ocrx_word' id='word_1_618' title='bbox 3262 3577 3396 3635; x_wconf 87' lang='lat' dir='ltr'><strong>tam,</strong></span> <span class='ocrx_word' id='word_1_619' title='bbox 3430 3568 3795 3621; x_wconf 79' lang='lat' dir='ltr'><strong>rationabilem</strong></span> 
     </span>
    </p>
   </div>
   <div class='ocr_carea' id='block_1_81' title="bbox 2204 3658 3795 3732">
    <p class='ocr_par' dir='ltr' id='par_1_81' title="bbox 2204 3658 3795 3732">
     <span class='ocr_line' id='line_1_81' title="bbox 2204 3658 3795 3732; baseline -0.003 -17"><span class='ocrx_word' id='word_1_620' title='bbox 2204 3660 2658 3732; x_wconf 80' lang='lat' dir='ltr'><strong>acceptabilemque</strong></span> <span class='ocrx_word' id='word_1_621' title='bbox 2697 3662 2864 3731; x_wconf 73' lang='lat' dir='ltr'><strong>facere</strong></span> <span class='ocrx_word' id='word_1_622' title='bbox 2902 3660 3157 3731; x_wconf 86' lang='lat' dir='ltr'><strong>digneris,</strong></span> <span class='ocrx_word' id='word_1_623' title='bbox 3187 3669 3241 3712; x_wconf 91' lang='lat' dir='ltr'><strong>ut</strong></span> <span class='ocrx_word' id='word_1_624' title='bbox 3282 3659 3448 3711; x_wconf 90' lang='lat' dir='ltr'><strong>nobis.</strong></span> <span class='ocrx_word' id='word_1_625' title='bbox 3495 3658 3595 3713; x_wconf 90' lang='lat' dir='ltr'><strong>llic</strong></span> <span class='ocrx_word' id='word_1_626' title='bbox 3621 3660 3795 3712; x_wconf 84' lang='lat' dir='ltr'><strong>semel</strong></span> 
     </span>
    </p>
   </div>
   <div class='ocr_carea' id='block_1_82' title="bbox 2205 3752 3796 3822">
    <p class='ocr_par' dir='ltr' id='par_1_82' title="bbox 2205 3752 3796 3822">
     <span class='ocr_line' id='line_1_82' title="bbox 2205 3752 3796 3822; baseline -0.004 -14"><span class='ocrx_word' id='word_1_627' title='bbox 2205 3754 2487 3820; x_wconf 87' lang='lat' dir='ltr'><strong>separatim</strong></span> <span class='ocrx_word' id='word_1_628' title='bbox 2536 3752 2708 3822; x_wconf 73' lang='lat' dir='ltr'><strong>signet</strong></span> <span class='ocrx_word' id='word_1_629' title='bbox 2755 3766 2914 3818; x_wconf 85' lang='lat' dir='ltr'><strong>super</strong></span> <span class='ocrx_word' id='word_1_630' title='bbox 2963 3752 3237 3815; x_wconf 71' lang='lat' dir='ltr'><strong>Hostiam,</strong></span> <span class='ocrx_word' id='word_1_631' title='bbox 3284 3758 3340 3804; x_wconf 84' lang='lat' dir='ltr'><strong>et</strong></span> <span class='ocrx_word' id='word_1_632' title='bbox 3384 3761 3572 3819; x_wconf 85' lang='lat' dir='ltr'><strong>postea</strong></span> <span class='ocrx_word' id='word_1_633' title='bbox 3621 3764 3796 3819; x_wconf 75' lang='lat' dir='ltr'><strong>super</strong></span> 
     </span>
    </p>
   </div>
   <div class='ocr_carea' id='block_1_83' title="bbox 2204 3841 3796 3915">
    <p class='ocr_par' dir='ltr' id='par_1_83' title="bbox 2204 3841 3796 3915">
     <span class='ocr_line' id='line_1_83' title="bbox 2204 3841 3796 3915; baseline -0.004 -14"><span class='ocrx_word' id='word_1_634' title='bbox 2204 3846 2425 3901; x_wconf 90' lang='lat' dir='ltr'><strong>calicem</strong></span> <span class='ocrx_word' id='word_1_635' title='bbox 2457 3845 2641 3901; x_wconf 83' lang='lat' dir='ltr'><strong>dicens</strong></span> <span class='ocrx_word' id='word_1_636' title='bbox 2672 3861 2686 3899; x_wconf 91' lang='lat'><strong>:</strong></span> <span class='ocrx_word' id='word_1_637' title='bbox 2727 3843 2825 3899; x_wconf 89' lang='lat' dir='ltr'><strong>Cor</strong></span> <span class='ocrx_word' id='word_1_638' title='bbox 2848 3842 2884 3915; x_wconf 88' lang='lat'><strong>1-</strong></span> <span class='ocrx_word' id='word_1_639' title='bbox 2917 3860 3012 3915; x_wconf 84' lang='lat' dir='ltr'><strong>pus</strong></span> <span class='ocrx_word' id='word_1_640' title='bbox 3038 3854 3085 3897; x_wconf 86' lang='lat' dir='ltr'><strong>et</strong></span> <span class='ocrx_word' id='word_1_641' title='bbox 3108 3861 3198 3897; x_wconf 86' lang='lat' dir='ltr'><strong>san</strong></span> <span class='ocrx_word' id='word_1_642' title='bbox 3226 3841 3267 3914; x_wconf 84' lang='lat'><strong>1-</strong></span> <span class='ocrx_word' id='word_1_643' title='bbox 3293 3844 3408 3913; x_wconf 87' lang='lat' dir='ltr'><strong>guis</strong></span> <span class='ocrx_word' id='word_1_644' title='bbox 3436 3843 3529 3911; x_wconf 81' lang='lat' dir='ltr'><strong>ﬁat</strong></span> <span class='ocrx_word' id='word_1_645' title='bbox 3559 3844 3796 3896; x_wconf 75' lang='lat' dir='ltr'><strong>dilectis-</strong></span> 
     </span>
    </p>
   </div>
   <div class='ocr_carea' id='block_1_84' title="bbox 2205 3930 3795 3991">
    <p class='ocr_par' dir='ltr' id='par_1_84' title="bbox 2205 3930 3795 3991">
     <span class='ocr_line' id='line_1_84' title="bbox 2205 3930 3795 3991; baseline -0.004 -1"><span class='ocrx_word' id='word_1_646' title='bbox 2205 3937 2323 3991; x_wconf 89' lang='lat' dir='ltr'><strong>simi</strong></span> <span class='ocrx_word' id='word_1_647' title='bbox 2369 3936 2499 3990; x_wconf 84' lang='lat' dir='ltr'><strong>Fil.i</strong></span> <span class='ocrx_word' id='word_1_648' title='bbox 2542 3935 2620 3989; x_wconf 90' lang='lat' dir='ltr'><strong>tui</strong></span> <span class='ocrx_word' id='word_1_649' title='bbox 2660 3935 2868 3988; x_wconf 86' lang='lat' dir='ltr'><strong>Domini</strong></span> <span class='ocrx_word' id='word_1_650' title='bbox 2909 3934 3069 3987; x_wconf 88' lang='lat' dir='ltr'><strong>nostri</strong></span> <span class='ocrx_word' id='word_1_651' title='bbox 3093 3930 3469 3986; x_wconf 80' lang='lat' dir='ltr'><strong>Jesu-Cltristi.</strong></span> <span class='ocrx_word' id='word_1_652' title='bbox 3502 3932 3606 3986; x_wconf 87' lang='lat' dir='ltr'><strong>llic</strong></span> <span class='ocrx_word' id='word_1_653' title='bbox 3646 3933 3795 3985; x_wconf 57' lang='lat' dir='ltr'><strong>acci-</strong></span> 
     </span>
    </p>
   </div>
   <div class='ocr_carea' id='block_1_85' title="bbox 2206 4022 3795 4096">
    <p class='ocr_par' dir='ltr' id='par_1_85' title="bbox 2206 4022 3795 4096">
     <span class='ocr_line' id='line_1_85' title="bbox 2206 4022 3795 4096; baseline -0.006 -13"><span class='ocrx_word' id='word_1_654' title='bbox 2206 4027 2360 4096; x_wconf 91' lang='lat' dir='ltr'><strong>piens</strong></span> <span class='ocrx_word' id='word_1_655' title='bbox 2392 4026 2630 4081; x_wconf 87' lang='lat' dir='ltr'><strong>Ilostiam</strong></span> <span class='ocrx_word' id='word_1_656' title='bbox 2681 4033 3021 4090; x_wconf 78' lang='lat' dir='ltr'><strong>reverenter,</strong></span> <span class='ocrx_word' id='word_1_657' title='bbox 3072 4023 3272 4093; x_wconf 86' lang='lat' dir='ltr'><strong>junctis</strong></span> <span class='ocrx_word' id='word_1_658' title='bbox 3323 4022 3604 4085; x_wconf 87' lang='lat' dir='ltr'><strong>manibus,</strong></span> <span class='ocrx_word' id='word_1_659' title='bbox 3652 4022 3795 4076; x_wconf 74' lang='lat' dir='ltr'><strong>levet</strong></span> 
     </span>
    </p>
   </div>
   <div class='ocr_carea' id='block_1_86' title="bbox 2206 4112 3795 4182">
    <p class='ocr_par' dir='ltr' id='par_1_86' title="bbox 2206 4112 3795 4182">
     <span class='ocr_line' id='line_1_86' title="bbox 2206 4112 3795 4182; baseline -0.006 -11"><span class='ocrx_word' id='word_1_660' title='bbox 2206 4134 2321 4171; x_wconf 87' lang='lat' dir='ltr'><strong>cam</strong></span> <span class='ocrx_word' id='word_1_661' title='bbox 2348 4158 2363 4182; x_wconf 94' lang='lat'><strong>,</strong></span> <span class='ocrx_word' id='word_1_662' title='bbox 2397 4132 2501 4170; x_wconf 91' lang='lat' dir='ltr'><strong>non</strong></span> <span class='ocrx_word' id='word_1_663' title='bbox 2550 4115 2818 4170; x_wconf 80' lang='lat' dir='ltr'><strong>movendo</strong></span> <span class='ocrx_word' id='word_1_664' title='bbox 2866 4128 3053 4168; x_wconf 92' lang='lat' dir='ltr'><strong>manus</strong></span> <span class='ocrx_word' id='word_1_665' title='bbox 3084 4113 3150 4167; x_wconf 87' lang='lat' dir='ltr'><strong>de</strong></span> <span class='ocrx_word' id='word_1_666' title='bbox 3194 4112 3379 4176; x_wconf 87' lang='lat' dir='ltr'><strong>altari,</strong></span> <span class='ocrx_word' id='word_1_667' title='bbox 3410 4113 3637 4166; x_wconf 78' lang='lat' dir='ltr'><strong>dicens:</strong></span> <span class='ocrx_word' id='word_1_668' title='bbox 3694 4112 3795 4177; x_wconf 84' lang='lat' dir='ltr'><strong>Qui</strong></span> 
     </span>
    </p>
   </div>
   <div class='ocr_carea' id='block_1_87' title="bbox 2206 4202 3795 4275">
    <p class='ocr_par' dir='ltr' id='par_1_87' title="bbox 2206 4202 3795 4275">
     <span class='ocr_line' id='line_1_87' title="bbox 2206 4202 3795 4275; baseline -0.004 -16"><span class='ocrx_word' id='word_1_669' title='bbox 2206 4206 2369 4275; x_wconf 84' lang='lat' dir='ltr'><strong>pridie</strong></span> <span class='ocrx_word' id='word_1_670' title='bbox 2411 4221 2565 4275; x_wconf 86' lang='lat' dir='ltr'><strong>quant</strong></span> <span class='ocrx_word' id='word_1_671' title='bbox 2600 4215 2891 4273; x_wconf 89' lang='lat' dir='ltr'><strong>pateretur,</strong></span> <span class='ocrx_word' id='word_1_672' title='bbox 2938 4203 3129 4271; x_wconf 86' lang='lat' dir='ltr'><strong>accepit</strong></span> <span class='ocrx_word' id='word_1_673' title='bbox 3172 4217 3354 4271; x_wconf 88' lang='lat' dir='ltr'><strong>panem</strong></span> <span class='ocrx_word' id='word_1_674' title='bbox 3379 4202 3433 4255; x_wconf 88' lang='lat' dir='ltr'><strong>in</strong></span> <span class='ocrx_word' id='word_1_675' title='bbox 3476 4212 3689 4255; x_wconf 85' lang='lat' dir='ltr'><strong>sanctas</strong></span> <span class='ocrx_word' id='word_1_676' title='bbox 3736 4216 3795 4252; x_wconf 78' lang='lat' dir='ltr'><strong>ac</strong></span> 
     </span>
    </p>
   </div>
   <div class='ocr_carea' id='block_1_88' title="bbox 2203 4292 3793 4360">
    <p class='ocr_par' dir='ltr' id='par_1_88' title="bbox 2203 4292 3793 4360">
     <span class='ocr_line' id='line_1_88' title="bbox 2203 4292 3793 4360; baseline -0.006 -9"><span class='ocrx_word' id='word_1_677' title='bbox 2203 4296 2507 4351; x_wconf 58' lang='lat' dir='ltr'><strong>uenerabiles</strong></span> <span class='ocrx_word' id='word_1_678' title='bbox 2537 4312 2717 4348; x_wconf 89' lang='lat' dir='ltr'><strong>manus</strong></span> <span class='ocrx_word' id='word_1_679' title='bbox 2740 4311 2886 4360; x_wconf 89' lang='lat' dir='ltr'><strong>suas,</strong></span> <span class='ocrx_word' id='word_1_680' title='bbox 2910 4304 2987 4360; x_wconf 91' lang='lat' dir='ltr'><strong>et,</strong></span> <span class='ocrx_word' id='word_1_681' title='bbox 3012 4293 3217 4347; x_wconf 84' lang='lat' dir='ltr'><strong>elevatis</strong></span> <span class='ocrx_word' id='word_1_682' title='bbox 3249 4293 3408 4346; x_wconf 87' lang='lat' dir='ltr'><strong>oculis</strong></span> <span class='ocrx_word' id='word_1_683' title='bbox 3433 4292 3489 4345; x_wconf 87' lang='lat' dir='ltr'><strong>in</strong></span> <span class='ocrx_word' id='word_1_684' title='bbox 3517 4292 3704 4345; x_wconf 64' lang='lat' dir='ltr'><strong>tta-lum</strong></span> <span class='ocrx_word' id='word_1_685' title='bbox 3728 4293 3793 4344; x_wconf 82' lang='lat' dir='ltr'><strong>ad</strong></span> 
     </span>
    </p>
   </div>
   <div class='ocr_carea' id='block_1_89' title="bbox 2206 4384 3793 4456">
    <p class='ocr_par' dir='ltr' id='par_1_89' title="bbox 2206 4384 3793 4456">
     <span class='ocr_line' id='line_1_89' title="bbox 2206 4384 3793 4456; baseline -0.003 -16"><span class='ocrx_word' id='word_1_686' title='bbox 2206 4399 2253 4440; x_wconf 84' lang='lat' dir='ltr'><strong>te</strong></span> <span class='ocrx_word' id='word_1_687' title='bbox 2300 4385 2464 4440; x_wconf 87' lang='lat' dir='ltr'><strong>Deum</strong></span> <span class='ocrx_word' id='word_1_688' title='bbox 2521 4384 2730 4438; x_wconf 88' lang='lat' dir='ltr'><strong>Patrem</strong></span> <span class='ocrx_word' id='word_1_689' title='bbox 2778 4401 2925 4438; x_wconf 87' lang='lat' dir='ltr'><strong>suum</strong></span> <span class='ocrx_word' id='word_1_690' title='bbox 2981 4385 3408 4453; x_wconf 85' lang='lat' dir='ltr'><strong>omnipotentem,</strong></span> <span class='ocrx_word' id='word_1_691' title='bbox 3463 4384 3549 4436; x_wconf 91' lang='lat' dir='ltr'><strong>tibi</strong></span> <span class='ocrx_word' id='word_1_692' title='bbox 3598 4384 3793 4456; x_wconf 80' lang='lat' dir='ltr'><strong>gratias</strong></span> 
     </span>
    </p>
   </div>
   <div class='ocr_carea' id='block_1_90' title="bbox 2204 4474 3793 4550">
    <p class='ocr_par' dir='ltr' id='par_1_90' title="bbox 2204 4474 3793 4550">
     <span class='ocr_line' id='line_1_90' title="bbox 2204 4474 3793 4550; baseline -0.002 -21"><span class='ocrx_word' id='word_1_693' title='bbox 2204 4493 2393 4550; x_wconf 86' lang='lat' dir='ltr'><strong>agens;</strong></span> <span class='ocrx_word' id='word_1_694' title='bbox 2442 4477 2526 4531; x_wconf 85' lang='lat' dir='ltr'><strong>hic</strong></span> <span class='ocrx_word' id='word_1_695' title='bbox 2568 4476 3022 4532; x_wconf 79' lang='lat' dir='ltr'><strong>tenensilostiam</strong></span> <span class='ocrx_word' id='word_1_696' title='bbox 3078 4490 3235 4530; x_wconf 85' lang='lat' dir='ltr'><strong>manu</strong></span> <span class='ocrx_word' id='word_1_697' title='bbox 3292 4475 3544 4540; x_wconf 82' lang='lat' dir='ltr'><strong>sinistra,</strong></span> <span class='ocrx_word' id='word_1_698' title='bbox 3598 4474 3793 4529; x_wconf 77' lang='lat' dir='ltr'><strong>dextra</strong></span> 
     </span>
    </p>
   </div>
   <div class='ocr_carea' id='block_1_91' title="bbox 524 4558 3792 4641">
    <p class='ocr_par' dir='ltr' id='par_1_91' title="bbox 524 4558 3792 4641">
     <span class='ocr_line' id='line_1_91' title="bbox 524 4558 3792 4641; baseline 0.004 -31"><span class='ocrx_word' id='word_1_699' title='bbox 524 4558 706 4627; x_wconf 85' lang='lat' dir='ltr'><strong>ubique</strong></span> <span class='ocrx_word' id='word_1_700' title='bbox 736 4560 924 4629; x_wconf 87' lang='lat' dir='ltr'><strong>gratias</strong></span> <span class='ocrx_word' id='word_1_701' title='bbox 952 4575 1119 4628; x_wconf 87' lang='lat' dir='ltr'><strong>agere,</strong></span> <span class='ocrx_word' id='word_1_702' title='bbox 1155 4560 1372 4615; x_wconf 89' lang='lat' dir='ltr'><strong>Domine</strong></span> <span class='ocrx_word' id='word_1_703' title='bbox 1399 4576 1571 4619; x_wconf 91' lang='lat' dir='ltr'><strong>sancte</strong></span> <span class='ocrx_word' id='word_1_704' title='bbox 1592 4564 1748 4622; x_wconf 86' lang='lat' dir='ltr'><strong>Pater</strong></span> <span class='ocrx_word' id='word_1_705' title='bbox 1767 4572 2097 4641; x_wconf 89' lang='lat' dir='ltr'><strong>omnipotens,</strong></span> <span class='ocrx_word' id='word_1_706' title='bbox 2132 4572 2181 4632; x_wconf 87' lang='lat' dir='ltr'><strong>D</strong></span> <span class='ocrx_word' id='word_1_707' title='bbox 2205 4570 2371 4626; x_wconf 86' lang='lat' dir='ltr'><strong>semel</strong></span> <span class='ocrx_word' id='word_1_708' title='bbox 2402 4570 2576 4641; x_wconf 84' lang='lat' dir='ltr'><strong>signet</strong></span> <span class='ocrx_word' id='word_1_709' title='bbox 2602 4586 2761 4639; x_wconf 86' lang='lat' dir='ltr'><strong>supra</strong></span> <span class='ocrx_word' id='word_1_710' title='bbox 2800 4586 2915 4624; x_wconf 90' lang='lat' dir='ltr'><strong>eam</strong></span> <span class='ocrx_word' id='word_1_711' title='bbox 2948 4572 3130 4625; x_wconf 86' lang='lat' dir='ltr'><strong>dicens</strong></span> <span class='ocrx_word' id='word_1_712' title='bbox 3161 4568 3298 4624; x_wconf 88' lang='lat' dir='ltr'><strong>Bene</strong></span> <span class='ocrx_word' id='word_1_713' title='bbox 3325 4568 3363 4640; x_wconf 88' lang='lat'><strong>1-</strong></span> <span class='ocrx_word' id='word_1_714' title='bbox 3394 4570 3526 4623; x_wconf 70' lang='lat' dir='ltr'><strong>diait</strong></span> <span class='ocrx_word' id='word_1_715' title='bbox 3551 4611 3565 4637; x_wconf 89' lang='lat'><strong>,</strong></span> <span class='ocrx_word' id='word_1_716' title='bbox 3599 4571 3751 4639; x_wconf 82' lang='lat' dir='ltr'><strong>fregit</strong></span> <span class='ocrx_word' id='word_1_717' title='bbox 3777 4610 3792 4635; x_wconf 86' lang='lat'><strong>,</strong></span> 
     </span>
    </p>
   </div>
   <div class='ocr_carea' id='block_1_92' title="bbox 520 4644 2096 4729">
    <p class='ocr_par' dir='ltr' id='par_1_92' title="bbox 520 4644 2096 4729">
     <span class='ocr_line' id='line_1_92' title="bbox 520 4644 2096 4729; baseline 0.011 -27"><span class='ocrx_word' id='word_1_718' title='bbox 520 4658 704 4702; x_wconf 78' lang='lat' dir='ltr'><strong>wterne</strong></span> <span class='ocrx_word' id='word_1_719' title='bbox 738 4644 895 4716; x_wconf 79' lang='lat' dir='ltr'><strong>Deus,</strong></span> <span class='ocrx_word' id='word_1_720' title='bbox 918 4651 1034 4719; x_wconf 83' lang='lat' dir='ltr'><strong>quia</strong></span> <span class='ocrx_word' id='word_1_721' title='bbox 1063 4668 1150 4720; x_wconf 87' lang='lat' dir='ltr'><strong>per</strong></span> <span class='ocrx_word' id='word_1_722' title='bbox 1175 4653 1431 4708; x_wconf 86' lang='lat' dir='ltr'><strong>incarnati</strong></span> <span class='ocrx_word' id='word_1_723' title='bbox 1464 4655 1611 4711; x_wconf 86' lang='lat' dir='ltr'><strong>Verbi</strong></span> <span class='ocrx_word' id='word_1_724' title='bbox 1637 4661 1963 4729; x_wconf 79' lang='lat' dir='ltr'><strong>mysterium,</strong></span> <span class='ocrx_word' id='word_1_725' title='bbox 1992 4675 2096 4720; x_wconf 89' lang='lat' dir='ltr'><strong>etc.</strong></span> 
     </span>
    </p>
   </div>
   <div class='ocr_carea' id='block_1_93' title="bbox 596 4739 2100 4818">
    <p class='ocr_par' dir='ltr' id='par_1_93' title="bbox 596 4739 2100 4818">
     <span class='ocr_line' id='line_1_93' title="bbox 596 4739 2100 4818; baseline 0.011 -27"><span class='ocrx_word' id='word_1_726' title='bbox 596 4739 663 4793; x_wconf 83' lang='lat' dir='ltr'><strong>Te</strong></span> <span class='ocrx_word' id='word_1_727' title='bbox 688 4740 863 4813; x_wconf 84' lang='lat' dir='ltr'><strong>igitur,</strong></span> <span class='ocrx_word' id='word_1_728' title='bbox 894 4741 1275 4797; x_wconf 78' lang='lat' dir='ltr'><strong>clementissime</strong></span> <span class='ocrx_word' id='word_1_729' title='bbox 1301 4742 1458 4799; x_wconf 89' lang='lat' dir='ltr'><strong>Pater</strong></span> <span class='ocrx_word' id='word_1_730' title='bbox 1481 4791 1497 4816; x_wconf 95' lang='lat'><strong>,</strong></span> <span class='ocrx_word' id='word_1_731' title='bbox 1529 4765 1617 4818; x_wconf 83' lang='lat' dir='ltr'><strong>per</strong></span> <span class='ocrx_word' id='word_1_732' title='bbox 1639 4749 1816 4814; x_wconf 80' lang='lat' dir='ltr'><strong>Jesum</strong></span> <span class='ocrx_word' id='word_1_733' title='bbox 1847 4752 2100 4808; x_wconf 83' lang='lat' dir='ltr'><strong>Christum</strong></span> 
     </span>
    </p>
   </div>
   <div class='ocr_carea' id='block_1_94' title="bbox 526 4830 2097 4914">
    <p class='ocr_par' dir='ltr' id='par_1_94' title="bbox 526 4830 2097 4914">
     <span class='ocr_line' id='line_1_94' title="bbox 526 4830 2097 4914; baseline 0.009 -30"><span class='ocrx_word' id='word_1_734' title='bbox 526 4830 719 4885; x_wconf 79' lang='lat' dir='ltr'><strong>Filium</strong></span> <span class='ocrx_word' id='word_1_735' title='bbox 749 4842 890 4885; x_wconf 89' lang='lat' dir='ltr'><strong>tuum</strong></span> <span class='ocrx_word' id='word_1_736' title='bbox 921 4830 1195 4886; x_wconf 86' lang='lat' dir='ltr'><strong>Dominum</strong></span> <span class='ocrx_word' id='word_1_737' title='bbox 1226 4846 1453 4890; x_wconf 86' lang='lat' dir='ltr'><strong>nostrum</strong></span> <span class='ocrx_word' id='word_1_738' title='bbox 1498 4840 1749 4909; x_wconf 82' lang='lat' dir='ltr'><strong>supplices</strong></span> <span class='ocrx_word' id='word_1_739' title='bbox 1774 4858 2009 4914; x_wconf 88' lang='lat' dir='ltr'><strong>rogamus</strong></span> <span class='ocrx_word' id='word_1_740' title='bbox 2036 4862 2097 4899; x_wconf 90' lang='lat' dir='ltr'><strong>ac</strong></span> 
     </span>
    </p>
   </div>
   <div class='ocr_carea' id='block_1_95' title="bbox 523 4921 2096 4996">
    <p class='ocr_par' dir='ltr' id='par_1_95' title="bbox 523 4921 2096 4996">
     <span class='ocr_line' id='line_1_95' title="bbox 523 4921 2096 4996; baseline 0.007 -20"><span class='ocrx_word' id='word_1_741' title='bbox 523 4923 775 4991; x_wconf 84' lang='lat' dir='ltr'><strong>petimus;</strong></span> <span class='ocrx_word' id='word_1_742' title='bbox 804 4921 891 4975; x_wconf 87' lang='lat' dir='ltr'><strong>hic</strong></span> <span class='ocrx_word' id='word_1_743' title='bbox 914 4921 1123 4991; x_wconf 85' lang='lat' dir='ltr'><strong>erigens</strong></span> <span class='ocrx_word' id='word_1_744' title='bbox 1169 4938 1228 4979; x_wconf 92' lang='lat' dir='ltr'><strong>se</strong></span> <span class='ocrx_word' id='word_1_745' title='bbox 1276 4928 1546 4982; x_wconf 84' lang='lat' dir='ltr'><strong>osculetur</strong></span> <span class='ocrx_word' id='word_1_746' title='bbox 1574 4929 1780 4996; x_wconf 72' lang='lat' dir='ltr'><strong>altare,</strong></span> <span class='ocrx_word' id='word_1_747' title='bbox 1819 4942 1873 4984; x_wconf 91' lang='lat' dir='ltr'><strong>et</strong></span> <span class='ocrx_word' id='word_1_748' title='bbox 1903 4936 2096 4987; x_wconf 88' lang='lat' dir='ltr'><strong>erectis</strong></span> 
     </span>
    </p>
   </div>
   <div class='ocr_carea' id='block_1_96' title="bbox 524 5010 2097 5086">
    <p class='ocr_par' dir='ltr' id='par_1_96' title="bbox 524 5010 2097 5086">
     <span class='ocr_line' id='line_1_96' title="bbox 524 5010 2097 5086; baseline 0.008 -20"><span class='ocrx_word' id='word_1_749' title='bbox 524 5014 765 5068; x_wconf 85' lang='lat' dir='ltr'><strong>manibus</strong></span> <span class='ocrx_word' id='word_1_750' title='bbox 791 5012 933 5069; x_wconf 90' lang='lat' dir='ltr'><strong>dicat</strong></span> <span class='ocrx_word' id='word_1_751' title='bbox 951 5010 1038 5066; x_wconf 84' lang='lat' dir='ltr'><strong>Uti</strong></span> <span class='ocrx_word' id='word_1_752' title='bbox 1058 5023 1264 5082; x_wconf 89' lang='lat' dir='ltr'><strong>accepta</strong></span> <span class='ocrx_word' id='word_1_753' title='bbox 1290 5015 1477 5070; x_wconf 82' lang='lat' dir='ltr'><strong>habeas</strong></span> <span class='ocrx_word' id='word_1_754' title='bbox 1504 5025 1549 5070; x_wconf 88' lang='lat' dir='ltr'><strong>ct</strong></span> <span class='ocrx_word' id='word_1_755' title='bbox 1579 5018 1877 5086; x_wconf 84' lang='lat' dir='ltr'><strong>benedicas;</strong></span> <span class='ocrx_word' id='word_1_756' title='bbox 1911 5021 1995 5076; x_wconf 85' lang='lat' dir='ltr'><strong>hic</strong></span> <span class='ocrx_word' id='word_1_757' title='bbox 2018 5032 2097 5078; x_wconf 87' lang='lat' dir='ltr'><strong>tcr</strong></span> 
     </span>
    </p>
   </div>
   <div class='ocr_carea' id='block_1_97' title="bbox 526 5106 2097 5180">
    <p class='ocr_par' dir='ltr' id='par_1_97' title="bbox 526 5106 2097 5180">
     <span class='ocr_line' id='line_1_97' title="bbox 526 5106 2097 5180; baseline 0.007 -21"><span class='ocrx_word' id='word_1_758' title='bbox 526 5106 700 5174; x_wconf 80' lang='lat' dir='ltr'><strong>signat</strong></span> <span class='ocrx_word' id='word_1_759' title='bbox 748 5116 852 5159; x_wconf 88' lang='lat' dir='ltr'><strong>tam</strong></span> <span class='ocrx_word' id='word_1_760' title='bbox 891 5121 1051 5173; x_wconf 80' lang='lat' dir='ltr'><strong>super</strong></span> <span class='ocrx_word' id='word_1_761' title='bbox 1100 5106 1371 5174; x_wconf 85' lang='lat' dir='ltr'><strong>Hostiam,</strong></span> <span class='ocrx_word' id='word_1_762' title='bbox 1419 5125 1575 5177; x_wconf 85' lang='lat' dir='ltr'><strong>quam</strong></span> <span class='ocrx_word' id='word_1_763' title='bbox 1625 5126 1787 5180; x_wconf 86' lang='lat' dir='ltr'><strong>super</strong></span> <span class='ocrx_word' id='word_1_764' title='bbox 1834 5114 2097 5170; x_wconf 81' lang='lat' dir='ltr'><strong>calicem:</strong></span> 
     </span>
    </p>
   </div>
   <div class='ocr_carea' id='block_1_98' title="bbox 524 5196 2098 5274">
    <p class='ocr_par' dir='ltr' id='par_1_98' title="bbox 524 5196 2098 5274">
     <span class='ocr_line' id='line_1_98' title="bbox 524 5196 2098 5274; baseline 0.006 -24"><span class='ocrx_word' id='word_1_765' title='bbox 524 5196 654 5251; x_wconf 65' lang='grc' dir='ltr'><strong>Πανί</strong></span> <span class='ocrx_word' id='word_1_766' title='bbox 673 5196 709 5266; x_wconf 93' lang='lat'><strong>1-</strong></span> <span class='ocrx_word' id='word_1_767' title='bbox 726 5197 880 5261; x_wconf 88' lang='lat' dir='ltr'><strong>dona,</strong></span> <span class='ocrx_word' id='word_1_768' title='bbox 902 5196 1007 5250; x_wconf 75' lang='lat' dir='ltr'><strong>Ita&#39;c</strong></span> <span class='ocrx_word' id='word_1_769' title='bbox 1027 5196 1066 5269; x_wconf 84' lang='lat'><strong>1-</strong></span> <span class='ocrx_word' id='word_1_770' title='bbox 1093 5214 1323 5264; x_wconf 87' lang='lat' dir='ltr'><strong>munera,</strong></span> <span class='ocrx_word' id='word_1_771' title='bbox 1341 5200 1446 5253; x_wconf 83' lang='lat' dir='ltr'><strong>Ittcc</strong></span> <span class='ocrx_word' id='word_1_772' title='bbox 1467 5200 1507 5271; x_wconf 83' lang='lat'><strong>1-</strong></span> <span class='ocrx_word' id='word_1_773' title='bbox 1525 5211 1703 5256; x_wconf 88' lang='lat' dir='ltr'><strong>sancta</strong></span> <span class='ocrx_word' id='word_1_774' title='bbox 1724 5204 1976 5274; x_wconf 72' lang='lat' dir='ltr'><strong>sacriﬁcia</strong></span> <span class='ocrx_word' id='word_1_775' title='bbox 1994 5207 2071 5260; x_wconf 86' lang='lat' dir='ltr'><strong>illi</strong></span> <span class='ocrx_word' id='word_1_776' title='bbox 2081 5237 2098 5249; x_wconf 72' lang='grc' dir='ltr'><strong>ο</strong></span> 
     </span>
    </p>
   </div>
   <div class='ocr_carea' id='block_1_99' title="bbox 524 5287 2097 5363">
    <p class='ocr_par' dir='ltr' id='par_1_99' title="bbox 524 5287 2097 5363">
     <span class='ocr_line' id='line_1_99' title="bbox 524 5287 2097 5363; baseline 0.009 -24"><span class='ocrx_word' id='word_1_777' title='bbox 524 5289 673 5352; x_wconf 88' lang='lat' dir='ltr'><strong>bata,</strong></span> <span class='ocrx_word' id='word_1_778' title='bbox 719 5287 769 5340; x_wconf 88' lang='lat' dir='ltr'><strong>in</strong></span> <span class='ocrx_word' id='word_1_779' title='bbox 800 5288 1013 5358; x_wconf 84' lang='lat' dir='ltr'><strong>primis,</strong></span> <span class='ocrx_word' id='word_1_780' title='bbox 1063 5304 1176 5359; x_wconf 78' lang='lat' dir='ltr'><strong>qua:</strong></span> <span class='ocrx_word' id='word_1_781' title='bbox 1200 5290 1287 5343; x_wconf 89' lang='lat' dir='ltr'><strong>tibi</strong></span> <span class='ocrx_word' id='word_1_782' title='bbox 1322 5290 1581 5356; x_wconf 64' lang='lat' dir='ltr'><strong>oﬂerimus</strong></span> <span class='ocrx_word' id='word_1_783' title='bbox 1625 5311 1714 5363; x_wconf 90' lang='lat' dir='ltr'><strong>pro</strong></span> <span class='ocrx_word' id='word_1_784' title='bbox 1754 5294 1982 5351; x_wconf 80' lang='lat' dir='ltr'><strong>Ecclesia</strong></span> <span class='ocrx_word' id='word_1_785' title='bbox 2010 5308 2097 5353; x_wconf 88' lang='lat' dir='ltr'><strong>tua</strong></span> 
     </span>
    </p>
   </div>
   <div class='ocr_carea' id='block_1_100' title="bbox 523 5379 2097 5452">
    <p class='ocr_par' dir='ltr' id='par_1_100' title="bbox 523 5379 2097 5452">
     <span class='ocr_line' id='line_1_100' title="bbox 523 5379 2097 5452; baseline 0.008 -23"><span class='ocrx_word' id='word_1_786' title='bbox 523 5385 702 5429; x_wconf 89' lang='lat' dir='ltr'><strong>sancta</strong></span> <span class='ocrx_word' id='word_1_787' title='bbox 731 5379 981 5432; x_wconf 82' lang='lat' dir='ltr'><strong>catholica</strong></span> <span class='ocrx_word' id='word_1_788' title='bbox 1002 5420 1016 5445; x_wconf 90' lang='lat'><strong>,</strong></span> <span class='ocrx_word' id='word_1_789' title='bbox 1049 5397 1198 5450; x_wconf 90' lang='lat' dir='ltr'><strong>quam</strong></span> <span class='ocrx_word' id='word_1_790' title='bbox 1236 5383 1537 5452; x_wconf 83' lang='lat' dir='ltr'><strong>paciﬁcare,</strong></span> <span class='ocrx_word' id='word_1_791' title='bbox 1569 5385 1842 5451; x_wconf 85' lang='lat' dir='ltr'><strong>custodire,</strong></span> <span class='ocrx_word' id='word_1_792' title='bbox 1868 5387 2097 5443; x_wconf 84' lang='lat' dir='ltr'><strong>adnnare</strong></span> 
     </span>
    </p>
   </div>
   <div class='ocr_carea' id='block_1_101' title="bbox 518 5471 2099 5547">
    <p class='ocr_par' dir='ltr' id='par_1_101' title="bbox 518 5471 2099 5547">
     <span class='ocr_line' id='line_1_101' title="bbox 518 5471 2099 5547; baseline 0.01 -28"><span class='ocrx_word' id='word_1_793' title='bbox 518 5476 569 5519; x_wconf 88' lang='lat' dir='ltr'><strong>et</strong></span> <span class='ocrx_word' id='word_1_794' title='bbox 593 5482 761 5537; x_wconf 81' lang='lat' dir='ltr'><strong>regere</strong></span> <span class='ocrx_word' id='word_1_795' title='bbox 788 5471 1010 5541; x_wconf 46' lang='lat' dir='ltr'><strong>dignelis</strong></span> <span class='ocrx_word' id='word_1_796' title='bbox 1036 5483 1137 5526; x_wconf 92' lang='lat' dir='ltr'><strong>toto</strong></span> <span class='ocrx_word' id='word_1_797' title='bbox 1169 5472 1287 5526; x_wconf 90' lang='lat' dir='ltr'><strong>orbe</strong></span> <span class='ocrx_word' id='word_1_798' title='bbox 1312 5484 1581 5540; x_wconf 88' lang='lat' dir='ltr'><strong>terrarum,</strong></span> <span class='ocrx_word' id='word_1_799' title='bbox 1632 5494 1735 5529; x_wconf 86' lang='lat' dir='ltr'><strong>una</strong></span> <span class='ocrx_word' id='word_1_800' title='bbox 1761 5493 1876 5531; x_wconf 89' lang='lat' dir='ltr'><strong>cum</strong></span> <span class='ocrx_word' id='word_1_801' title='bbox 1907 5481 2099 5547; x_wconf 78' lang='lat' dir='ltr'><strong>famulo</strong></span> 
     </span>
    </p>
   </div>
   <div class='ocr_carea' id='block_1_102' title="bbox 523 5563 2099 5630">
    <p class='ocr_par' dir='ltr' id='par_1_102' title="bbox 523 5563 2099 5630">
     <span class='ocr_line' id='line_1_102' title="bbox 523 5563 2099 5630; baseline 0.013 -21"><span class='ocrx_word' id='word_1_802' title='bbox 523 5566 612 5612; x_wconf 88' lang='lat' dir='ltr'><strong>tuo</strong></span> <span class='ocrx_word' id='word_1_803' title='bbox 638 5577 771 5630; x_wconf 87' lang='lat' dir='ltr'><strong>papa</strong></span> <span class='ocrx_word' id='word_1_804' title='bbox 810 5563 883 5617; x_wconf 88' lang='grc' dir='ltr'><strong>Ν.</strong></span> <span class='ocrx_word' id='word_1_805' title='bbox 932 5574 978 5616; x_wconf 90' lang='lat' dir='ltr'><strong>et</strong></span> <span class='ocrx_word' id='word_1_806' title='bbox 1007 5566 1232 5620; x_wconf 75' lang='lat' dir='ltr'><strong>antistite</strong></span> <span class='ocrx_word' id='word_1_807' title='bbox 1269 5578 1440 5621; x_wconf 88' lang='lat' dir='ltr'><strong>nostro</strong></span> <span class='ocrx_word' id='word_1_808' title='bbox 1469 5568 1537 5624; x_wconf 89' lang='lat' dir='ltr'><strong>N.</strong></span> <span class='ocrx_word' id='word_1_809' title='bbox 1574 5578 1619 5623; x_wconf 89' lang='lat' dir='ltr'><strong>et</strong></span> <span class='ocrx_word' id='word_1_810' title='bbox 1662 5571 1893 5625; x_wconf 85' lang='lat' dir='ltr'><strong>omnibus</strong></span> <span class='ocrx_word' id='word_1_811' title='bbox 1923 5572 2099 5628; x_wconf 83' lang='lat' dir='ltr'><strong>ortlto-</strong></span> 
     </span>
    </p>
   </div>
   <div class='ocr_carea' id='block_1_103' title="bbox 596 5696 2085 5774">
    <p class='ocr_par' dir='ltr' id='par_1_103' title="bbox 596 5696 2085 5774">
     <span class='ocr_line' id='line_1_103' title="bbox 596 5696 2085 5774; baseline 0.01 -25"><span class='ocrx_word' id='word_1_812' title='bbox 596 5706 619 5732; x_wconf 75' lang='grc'>⁸</span> <span class='ocrx_word' id='word_1_813' title='bbox 652 5696 729 5750; x_wconf 84' lang='lat' dir='ltr'><strong>ita</strong></span> <span class='ocrx_word' id='word_1_814' title='bbox 759 5698 934 5774; x_wconf 74' lang='lat' dir='ltr'><strong>etiam</strong></span> <span class='ocrx_word' id='word_1_815' title='bbox 964 5714 1135 5758; x_wconf 74' lang='lat' dir='ltr'><strong>cruces</strong></span> <span class='ocrx_word' id='word_1_816' title='bbox 1163 5702 1297 5758; x_wconf 83' lang='lat' dir='ltr'><strong>infra</strong></span> <span class='ocrx_word' id='word_1_817' title='bbox 1343 5704 1396 5759; x_wconf 91' lang='lat' dir='ltr'><strong>in</strong></span> <span class='ocrx_word' id='word_1_818' title='bbox 1428 5705 1583 5759; x_wconf 82' lang='lat' dir='ltr'><strong>Missa</strong></span> <span class='ocrx_word' id='word_1_819' title='bbox 1611 5707 1777 5760; x_wconf 84' lang='lat' dir='ltr'><strong>sancti</strong></span> <span class='ocrx_word' id='word_1_820' title='bbox 1808 5705 2085 5774; x_wconf 85' lang='lat' dir='ltr'><strong>Stephani.</strong></span> 
     </span>
    </p>
   </div>
   <div class='ocr_carea' id='block_1_104' title="bbox 527 5766 2087 5846">
    <p class='ocr_par' dir='ltr' id='par_1_104' title="bbox 527 5766 2087 5846">
     <span class='ocr_line' id='line_1_104' title="bbox 527 5766 2087 5846; baseline 0.012 -30"><span class='ocrx_word' id='word_1_821' title='bbox 527 5766 693 5821; x_wconf 80' lang='lat' dir='ltr'><strong>Erant</strong></span> <span class='ocrx_word' id='word_1_822' title='bbox 724 5780 848 5833; x_wconf 86' lang='lat' dir='ltr'><strong>ergo</strong></span> <span class='ocrx_word' id='word_1_823' title='bbox 889 5768 1068 5832; x_wconf 87' lang='lat' dir='ltr'><strong>plures</strong></span> <span class='ocrx_word' id='word_1_824' title='bbox 1096 5785 1253 5840; x_wconf 86' lang='lat' dir='ltr'><strong>super</strong></span> <span class='ocrx_word' id='word_1_825' title='bbox 1283 5777 1450 5829; x_wconf 86' lang='lat' dir='ltr'><strong>altare</strong></span> <span class='ocrx_word' id='word_1_826' title='bbox 1481 5789 1668 5831; x_wconf 87' lang='lat' dir='ltr'><strong>cruces</strong></span> <span class='ocrx_word' id='word_1_827' title='bbox 1694 5816 1710 5843; x_wconf 87' lang='lat'><strong>,</strong></span> <span class='ocrx_word' id='word_1_828' title='bbox 1743 5766 1937 5846; x_wconf 76' lang='lat' dir='ltr'><strong>nempe</strong></span> <span class='ocrx_word' id='word_1_829' title='bbox 1957 5793 2087 5834; x_wconf 81' lang='lat' dir='ltr'><strong>crux</strong></span> 
     </span>
    </p>
   </div>
   <div class='ocr_carea' id='block_1_105' title="bbox 2206 4662 3791 4734">
    <p class='ocr_par' dir='ltr' id='par_1_105' title="bbox 2206 4662 3791 4734">
     <span class='ocr_line' id='line_1_105' title="bbox 2206 4662 3791 4734; baseline -0.001 -19"><span class='ocrx_word' id='word_1_830' title='bbox 2206 4662 2442 4733; x_wconf 83' lang='lat' dir='ltr'><strong>deditque</strong></span> <span class='ocrx_word' id='word_1_831' title='bbox 2470 4664 2733 4734; x_wconf 85' lang='lat' dir='ltr'><strong>discipulis</strong></span> <span class='ocrx_word' id='word_1_832' title='bbox 2765 4665 2867 4717; x_wconf 87' lang='lat' dir='ltr'><strong>suis</strong></span> <span class='ocrx_word' id='word_1_833' title='bbox 2896 4665 3065 4719; x_wconf 81' lang='lat' dir='ltr'><strong>dicens</strong></span> <span class='ocrx_word' id='word_1_834' title='bbox 3089 4678 3107 4716; x_wconf 87' lang='lat'><strong><em>:</em></strong></span> <span class='ocrx_word' id='word_1_835' title='bbox 3136 4663 3360 4734; x_wconf 81' lang='lat' dir='ltr'><strong>Accipite</strong></span> <span class='ocrx_word' id='word_1_836' title='bbox 3387 4674 3433 4716; x_wconf 92' lang='lat' dir='ltr'><strong>et</strong></span> <span class='ocrx_word' id='word_1_837' title='bbox 3481 4664 3791 4715; x_wconf 71' lang='lat' dir='ltr'><strong>manducatc</strong></span> 
     </span>
    </p>
   </div>
   <div class='ocr_carea' id='block_1_106' title="bbox 2206 4755 3793 4825">
    <p class='ocr_par' dir='ltr' id='par_1_106' title="bbox 2206 4755 3793 4825">
     <span class='ocr_line' id='line_1_106' title="bbox 2206 4755 3793 4825; baseline 0.002 -19"><span class='ocrx_word' id='word_1_838' title='bbox 2206 4771 2269 4809; x_wconf 70' lang='lat' dir='ltr'><strong>ex</strong></span> <span class='ocrx_word' id='word_1_839' title='bbox 2295 4755 2390 4807; x_wconf 79' lang='lat' dir='ltr'><strong>hoc</strong></span> <span class='ocrx_word' id='word_1_840' title='bbox 2418 4772 2617 4822; x_wconf 87' lang='lat' dir='ltr'><strong>omnes,</strong></span> <span class='ocrx_word' id='word_1_841' title='bbox 2652 4757 2746 4810; x_wconf 82' lang='lat' dir='ltr'><strong>hoc</strong></span> <span class='ocrx_word' id='word_1_842' title='bbox 2784 4767 2857 4809; x_wconf 90' lang='lat' dir='ltr'><strong>est</strong></span> <span class='ocrx_word' id='word_1_843' title='bbox 2887 4757 3019 4811; x_wconf 84' lang='lat' dir='ltr'><strong>enim</strong></span> <span class='ocrx_word' id='word_1_844' title='bbox 3059 4772 3243 4825; x_wconf 86' lang='lat' dir='ltr'><strong>corpus</strong></span> <span class='ocrx_word' id='word_1_845' title='bbox 3274 4772 3463 4811; x_wconf 77' lang='lat' dir='ltr'><strong>meum.</strong></span> <span class='ocrx_word' id='word_1_846' title='bbox 3491 4756 3591 4812; x_wconf 80' lang='lat' dir='ltr'><strong>Hic</strong></span> <span class='ocrx_word' id='word_1_847' title='bbox 3619 4758 3793 4812; x_wconf 75' lang='lat' dir='ltr'><strong>elevet</strong></span> 
     </span>
    </p>
   </div>
   <div class='ocr_carea' id='block_1_107' title="bbox 2207 4845 3790 4919">
    <p class='ocr_par' dir='ltr' id='par_1_107' title="bbox 2207 4845 3790 4919">
     <span class='ocr_line' id='line_1_107' title="bbox 2207 4845 3790 4919; baseline 0.004 -19"><span class='ocrx_word' id='word_1_848' title='bbox 2207 4845 2445 4902; x_wconf 82' lang='lat' dir='ltr'><strong>llostiam</strong></span> <span class='ocrx_word' id='word_1_849' title='bbox 2480 4861 2786 4904; x_wconf 87' lang='lat' dir='ltr'><strong>reverenter</strong></span> <span class='ocrx_word' id='word_1_850' title='bbox 2806 4850 3131 4905; x_wconf 77' lang='lat' dir='ltr'><strong>adorandum</strong></span> <span class='ocrx_word' id='word_1_851' title='bbox 3157 4865 3185 4904; x_wconf 90' lang='lat' dir='ltr'><strong>a</strong></span> <span class='ocrx_word' id='word_1_852' title='bbox 3213 4852 3432 4919; x_wconf 87' lang='lat' dir='ltr'><strong>populo,</strong></span> <span class='ocrx_word' id='word_1_853' title='bbox 3458 4862 3513 4906; x_wconf 84' lang='lat' dir='ltr'><strong>et</strong></span> <span class='ocrx_word' id='word_1_854' title='bbox 3538 4866 3790 4907; x_wconf 84' lang='lat' dir='ltr'><strong>reveren-</strong></span> 
     </span>
    </p>
   </div>
   <div class='ocr_carea' id='block_1_108' title="bbox 2208 4940 3791 5014">
    <p class='ocr_par' dir='ltr' id='par_1_108' title="bbox 2208 4940 3791 5014">
     <span class='ocr_line' id='line_1_108' title="bbox 2208 4940 3791 5014; baseline 0.003 -22"><span class='ocrx_word' id='word_1_855' title='bbox 2208 4949 2291 4994; x_wconf 89' lang='lat' dir='ltr'><strong>ter</strong></span> <span class='ocrx_word' id='word_1_856' title='bbox 2323 4940 2554 5007; x_wconf 84' lang='lat' dir='ltr'><strong>deponat</strong></span> <span class='ocrx_word' id='word_1_857' title='bbox 2582 4956 2699 4995; x_wconf 76' lang='lat' dir='ltr'><strong>eatn</strong></span> <span class='ocrx_word' id='word_1_858' title='bbox 2731 4943 2871 4996; x_wconf 90' lang='lat' dir='ltr'><strong>unde</strong></span> <span class='ocrx_word' id='word_1_859' title='bbox 2916 4942 3165 4997; x_wconf 84' lang='lat' dir='ltr'><strong>elevavit.</strong></span> <span class='ocrx_word' id='word_1_860' title='bbox 3199 4942 3603 5011; x_wconf 81' lang='lat' dir='ltr'><strong>Subsequeuter</strong></span> <span class='ocrx_word' id='word_1_861' title='bbox 3628 4943 3791 5014; x_wconf 61' lang='lat'><strong>335</strong></span> 
     </span>
    </p>
   </div>
   <div class='ocr_carea' id='block_1_109' title="bbox 2205 5031 3791 5104">
    <p class='ocr_par' dir='ltr' id='par_1_109' title="bbox 2205 5031 3791 5104">
     <span class='ocr_line' id='line_1_109' title="bbox 2205 5031 3791 5104; baseline 0.004 -19"><span class='ocrx_word' id='word_1_862' title='bbox 2205 5031 2563 5101; x_wconf 86' lang='lat' dir='ltr'><strong>discooperiat</strong></span> <span class='ocrx_word' id='word_1_863' title='bbox 2610 5036 2869 5104; x_wconf 85' lang='lat' dir='ltr'><strong>calicem,</strong></span> <span class='ocrx_word' id='word_1_864' title='bbox 2900 5044 2954 5091; x_wconf 88' lang='lat' dir='ltr'><strong>et</strong></span> <span class='ocrx_word' id='word_1_865' title='bbox 2982 5044 3160 5090; x_wconf 87' lang='lat' dir='ltr'><strong>teneat</strong></span> <span class='ocrx_word' id='word_1_866' title='bbox 3203 5049 3324 5091; x_wconf 84' lang='lat' dir='ltr'><strong>eum</strong></span> <span class='ocrx_word' id='word_1_867' title='bbox 3358 5051 3482 5092; x_wconf 86' lang='lat' dir='ltr'><strong>cum</strong></span> <span class='ocrx_word' id='word_1_868' title='bbox 3527 5037 3791 5092; x_wconf 73' lang='lat' dir='ltr'><strong>ambabus</strong></span> 
     </span>
    </p>
   </div>
   <div class='ocr_carea' id='block_1_110' title="bbox 2206 5123 2736 5189">
    <p class='ocr_par' dir='ltr' id='par_1_110' title="bbox 2206 5123 2736 5189">
     <span class='ocr_line' id='line_1_110' title="bbox 2206 5123 2736 5189; baseline 0.006 -14"><span class='ocrx_word' id='word_1_869' title='bbox 2206 5123 2451 5177; x_wconf 87' lang='lat' dir='ltr'><strong>manibus</strong></span> <span class='ocrx_word' id='word_1_870' title='bbox 2468 5164 2485 5189; x_wconf 91' lang='lat'><strong>,</strong></span> <span class='ocrx_word' id='word_1_871' title='bbox 2515 5124 2697 5178; x_wconf 80' lang='lat' dir='ltr'><strong>dicens</strong></span> <span class='ocrx_word' id='word_1_872' title='bbox 2721 5141 2736 5179; x_wconf 90' lang='lat'><strong>:</strong></span> 
     </span>
    </p>
   </div>
   <div class='ocr_carea' id='block_1_111' title="bbox 2276 5211 3790 5288">
    <p class='ocr_par' dir='ltr' id='par_1_111' title="bbox 2276 5211 3790 5288">
     <span class='ocr_line' id='line_1_111' title="bbox 2276 5211 3790 5288; baseline 0.003 -20"><span class='ocrx_word' id='word_1_873' title='bbox 2276 5211 2448 5268; x_wconf 64' lang='lat' dir='ltr'><strong>Simili</strong></span> <span class='ocrx_word' id='word_1_874' title='bbox 2497 5216 2647 5269; x_wconf 88' lang='lat' dir='ltr'><strong>modo</strong></span> <span class='ocrx_word' id='word_1_875' title='bbox 2695 5226 2959 5287; x_wconf 89' lang='lat' dir='ltr'><strong>postquam</strong></span> <span class='ocrx_word' id='word_1_876' title='bbox 3003 5230 3253 5286; x_wconf 80' lang='lat' dir='ltr'><strong>ctenatum</strong></span> <span class='ocrx_word' id='word_1_877' title='bbox 3284 5228 3391 5287; x_wconf 85' lang='lat' dir='ltr'><strong>est,</strong></span> <span class='ocrx_word' id='word_1_878' title='bbox 3436 5220 3696 5288; x_wconf 80' lang='lat' dir='ltr'><strong>accipiens</strong></span> <span class='ocrx_word' id='word_1_879' title='bbox 3740 5228 3790 5273; x_wconf 79' lang='lat' dir='ltr'><strong>et</strong></span> 
     </span>
    </p>
   </div>
   <div class='ocr_carea' id='block_1_112' title="bbox 2205 5302 3786 5375">
    <p class='ocr_par' dir='ltr' id='par_1_112' title="bbox 2205 5302 3786 5375">
     <span class='ocr_line' id='line_1_112' title="bbox 2205 5302 3786 5375; baseline 0.006 -21"><span class='ocrx_word' id='word_1_880' title='bbox 2205 5302 2339 5357; x_wconf 85' lang='lat' dir='ltr'><strong>hunc</strong></span> <span class='ocrx_word' id='word_1_881' title='bbox 2367 5306 2669 5375; x_wconf 71' lang='lat' dir='ltr'><strong>prun-larum</strong></span> <span class='ocrx_word' id='word_1_882' title='bbox 2700 5308 2983 5368; x_wconf 65' lang='lat' dir='ltr'><strong>caliceme&#39;n</strong></span> <span class='ocrx_word' id='word_1_883' title='bbox 3013 5318 3213 5364; x_wconf 88' lang='lat' dir='ltr'><strong>sanctas</strong></span> <span class='ocrx_word' id='word_1_884' title='bbox 3241 5326 3303 5362; x_wconf 88' lang='lat' dir='ltr'><strong>ac</strong></span> <span class='ocrx_word' id='word_1_885' title='bbox 3332 5310 3647 5367; x_wconf 69' lang='lat' dir='ltr'><strong>venerabiles</strong></span> <span class='ocrx_word' id='word_1_886' title='bbox 3673 5328 3786 5363; x_wconf 78' lang='lat' dir='ltr'><strong>nta-</strong></span> 
     </span>
    </p>
   </div>
   <div class='ocr_carea' id='block_1_113' title="bbox 2204 5397 3783 5471">
    <p class='ocr_par' dir='ltr' id='par_1_113' title="bbox 2204 5397 3783 5471">
     <span class='ocr_line' id='line_1_113' title="bbox 2204 5397 3783 5471; baseline 0.008 -24"><span class='ocrx_word' id='word_1_887' title='bbox 2204 5411 2300 5448; x_wconf 90' lang='lat' dir='ltr'><strong>nus</strong></span> <span class='ocrx_word' id='word_1_888' title='bbox 2327 5411 2477 5461; x_wconf 64' lang='lat' dir='ltr'><strong>suis,</strong></span> <span class='ocrx_word' id='word_1_889' title='bbox 2506 5397 2625 5450; x_wconf 88' lang='lat' dir='ltr'><strong>item</strong></span> <span class='ocrx_word' id='word_1_890' title='bbox 2662 5398 2751 5451; x_wconf 88' lang='lat' dir='ltr'><strong>tibi</strong></span> <span class='ocrx_word' id='word_1_891' title='bbox 2776 5401 2968 5471; x_wconf 81' lang='lat' dir='ltr'><strong>gratias</strong></span> <span class='ocrx_word' id='word_1_892' title='bbox 2994 5418 3187 5471; x_wconf 86' lang='lat' dir='ltr'><strong>agens;</strong></span> <span class='ocrx_word' id='word_1_893' title='bbox 3218 5402 3305 5456; x_wconf 89' lang='lat' dir='ltr'><strong>hic</strong></span> <span class='ocrx_word' id='word_1_894' title='bbox 3348 5414 3529 5458; x_wconf 74' lang='lat' dir='ltr'><strong>teneat</strong></span> <span class='ocrx_word' id='word_1_895' title='bbox 3558 5404 3783 5458; x_wconf 72' lang='lat' dir='ltr'><strong>calicem</strong></span> 
     </span>
    </p>
   </div>
   <div class='ocr_carea' id='block_1_114' title="bbox 2202 5490 3783 5569">
    <p class='ocr_par' dir='ltr' id='par_1_114' title="bbox 2202 5490 3783 5569">
     <span class='ocr_line' id='line_1_114' title="bbox 2202 5490 3783 5569; baseline 0.008 -27"><span class='ocrx_word' id='word_1_896' title='bbox 2202 5503 2359 5543; x_wconf 85' lang='lat' dir='ltr'><strong>manu</strong></span> <span class='ocrx_word' id='word_1_897' title='bbox 2390 5490 2641 5559; x_wconf 76' lang='lat' dir='ltr'><strong>sinistra,</strong></span> <span class='ocrx_word' id='word_1_898' title='bbox 2674 5503 2725 5547; x_wconf 93' lang='lat' dir='ltr'><strong>et</strong></span> <span class='ocrx_word' id='word_1_899' title='bbox 2770 5508 2888 5548; x_wconf 89' lang='lat' dir='ltr'><strong>cum</strong></span> <span class='ocrx_word' id='word_1_900' title='bbox 2937 5496 3122 5551; x_wconf 76' lang='lat' dir='ltr'><strong>dextra</strong></span> <span class='ocrx_word' id='word_1_901' title='bbox 3168 5498 3427 5568; x_wconf 82' lang='lat' dir='ltr'><strong>signando</strong></span> <span class='ocrx_word' id='word_1_902' title='bbox 3467 5502 3783 5569; x_wconf 79' lang='lat' dir='ltr'><strong>sanguinem</strong></span> 
     </span>
    </p>
   </div>
   <div class='ocr_carea' id='block_1_115' title="bbox 2200 5581 3784 5660">
    <p class='ocr_par' dir='ltr' id='par_1_115' title="bbox 2200 5581 3784 5660">
     <span class='ocr_line' id='line_1_115' title="bbox 2200 5581 3784 5660; baseline 0.006 -27"><span class='ocrx_word' id='word_1_903' title='bbox 2200 5581 2484 5636; x_wconf 83' lang='lat' dir='ltr'><strong>benedicat</strong></span> <span class='ocrx_word' id='word_1_904' title='bbox 2533 5584 2802 5641; x_wconf 88' lang='lat' dir='ltr'><strong>dicendo:</strong></span> <span class='ocrx_word' id='word_1_905' title='bbox 2845 5584 2985 5643; x_wconf 85' lang='lat' dir='ltr'><strong>Bene</strong></span> <span class='ocrx_word' id='word_1_906' title='bbox 3031 5589 3070 5659; x_wconf 89' lang='lat'><strong>1-</strong></span> <span class='ocrx_word' id='word_1_907' title='bbox 3111 5590 3273 5659; x_wconf 68' lang='lat' dir='ltr'><strong>dixit,</strong></span> <span class='ocrx_word' id='word_1_908' title='bbox 3324 5590 3468 5644; x_wconf 89' lang='lat' dir='ltr'><strong>dedit</strong></span> <span class='ocrx_word' id='word_1_909' title='bbox 3515 5591 3784 5660; x_wconf 66' lang='lat' dir='ltr'><strong>discipulis</strong></span> 
     </span>
    </p>
   </div>
   <div class='ocr_carea' id='block_1_116' title="bbox 2198 5711 3791 5790">
    <p class='ocr_par' dir='ltr' id='par_1_116' title="bbox 2198 5711 3791 5790">
     <span class='ocr_line' id='line_1_116' title="bbox 2198 5711 3791 5790; baseline 0.009 -28"><span class='ocrx_word' id='word_1_910' title='bbox 2198 5711 2524 5790; x_wconf 59' lang='lat' dir='ltr'><strong>stationatis,</strong></span> <span class='ocrx_word' id='word_1_911' title='bbox 2575 5713 2641 5769; x_wconf 88' lang='lat' dir='ltr'><strong>de</strong></span> <span class='ocrx_word' id='word_1_912' title='bbox 2662 5730 2763 5786; x_wconf 89' lang='lat' dir='ltr'><strong>qua</strong></span> <span class='ocrx_word' id='word_1_913' title='bbox 2785 5731 2943 5789; x_wconf 89' lang='lat' dir='ltr'><strong>supra</strong></span> <span class='ocrx_word' id='word_1_914' title='bbox 2967 5756 2984 5785; x_wconf 93' lang='lat'><strong>,</strong></span> <span class='ocrx_word' id='word_1_915' title='bbox 3034 5726 3086 5775; x_wconf 90' lang='lat' dir='ltr'><strong>et</strong></span> <span class='ocrx_word' id='word_1_916' title='bbox 3113 5731 3231 5789; x_wconf 65' lang='lat' dir='ltr'><strong>quae</strong></span> <span class='ocrx_word' id='word_1_917' title='bbox 3258 5718 3392 5774; x_wconf 89' lang='lat' dir='ltr'><strong>alias</strong></span> <span class='ocrx_word' id='word_1_918' title='bbox 3420 5735 3587 5789; x_wconf 89' lang='lat' dir='ltr'><strong>super</strong></span> <span class='ocrx_word' id='word_1_919' title='bbox 3612 5720 3791 5778; x_wconf 78' lang='lat' dir='ltr'><strong>altare</strong></span> 
     </span>
    </p>
   </div>
   <div class='ocr_carea' id='block_1_117' title="bbox 2198 5784 2603 5848">
    <p class='ocr_par' dir='ltr' id='par_1_117' title="bbox 2198 5784 2603 5848">
     <span class='ocr_line' id='line_1_117' title="bbox 2198 5784 2603 5848; baseline 0.01 -14"><span class='ocrx_word' id='word_1_920' title='bbox 2198 5784 2321 5848; x_wconf 85' lang='lat' dir='ltr'><strong>poni</strong></span> <span class='ocrx_word' id='word_1_921' title='bbox 2354 5784 2603 5838; x_wconf 72' lang='lat' dir='ltr'><strong>debebat.</strong></span> 
     </span>
    </p>
   </div>
  </div>
