4006 6336
236 392 351 442 τιδυ

1408 383 1664 439 ΠΟΜᾹΜ
1704 378 2018 438 OllDlNES.
2063 412 2127 421 —
2171 381 2212 435 X
2247 382 2308 437 V.

3332 395 3351 446 1
3371 395 3387 447 1
3404 396 3464 447 ’Μ

232 502 352 565 suis,
386 498 555 552 dicens
582 512 598 552 :
628 497 853 565 Accipite
900 506 945 549 et
977 496 1125 551 bib'te
1154 512 1216 550 ex
1245 511 1301 550 eo
1348 513 1544 552 omnes.
1577 497 1680 551 llic
1720 506 1794 550 est
1825 503 1867 555 Α
1900 495 2052 549 Patri
2078 497 2408 566 omnipotenti
2445 496 2496 549 in
2528 496 2717 552 unitate
2744 499 2967 570 Spiritus
2998 504 3159 556 sancti
3184 506 3348 558 omnis
3377 509 3469 561 lio-

232 593 346 645 euim
371 591 508 645 calix
552 590 815 661 sanguinis
844 589 976 656 mei,
1008 589 1122 643 novi
1149 597 1193 643 et
1235 589 1413 643 interni
1441 588 1746 643 Testamenti
1772 626 1787 649 ,

231 686 502 756 mysterium
526 684 678 750 fidei,
713 683 800 752 qui
824 698 916 751 pro
945 683 1080 735 vobis
1107 692 1154 735 et
1179 698 1272 749 pro
1304 680 1476 735 multis
1498 680 1791 748 efl'undetur

230 778 275 832 in
301 776 639 831 remissionem
684 784 1028 842 peccatorum.
1064 774 1160 828 llic
1204 774 1377 827 elevet
1405 773 1626 827 calicem
1656 771 1787 826 ado-

234 866 436 922 randum
466 880 496 919 a
527 864 721 934 populo
743 905 759 931 ,
787 872 841 917 et
872 874 1178 917 reverenter
1212 870 1435 931 reponat
1464 864 1517 917 in
1544 862 1661 916 loco
1688 874 1787 914 suo

233 958 398 1019 solito,
448 953 711 1010 dicendo:
748 952 875 1006 Ila'c
910 953 1301 1021 quotiescunque
1323 951 1574 1020 feceritis,
1607 952 1660 1004 in
1688 950 1788 1004 mei

234 1048 505 1103 memoriam
532 1044 746 1115 facietis.
784 1043 878 1097 Hic
907 1042 1123 1110 ampliet
1154 1055 1340 1095 manus
1369 1050 1425 1096 et
1455 1039 1691 1095 brachia.

296 1135 435 1191 Unde
477 1144 524 1187 et
573 1147 814 1187 memores
839 1171 855 1196 ,
892 1130 1139 1192 Domine,
1171 1146 1261 1181 nos
1290 1129 1417 1182 servi
1465 1128 1573 1191 tui,
1603 1129 1694 1183 sed
1741 1138 1788 1183 et

234 1229 351 1299 plebs
379 1238 467 1280 tua
493 1234 669 1281 sancta
705 1223 932 1292 ejusdem
962 1220 1150 1275 Christi
1187 1218 1313 1272 Filii
1340 1218 1415 1272 tui
1444 1217 1646 1271 Domini
1672 1234 1788 1273 nos-

234 1321 290 1371 tri
309 1328 402 1372 tam
424 1318 579 1372 beata:
594 1314 864 1386 passionis,
884 1328 973 1366 nec
995 1327 1092 1366 non
1114 1310 1175 1363 ab
1190 1310 1366 1380 inferis
1385 1309 1788 1373 resurrectionis,

236 1410 312 1462 sed
351 1419 393 1461 et
422 1409 474 1461 in
520 1411 670 1459 cados
712 1403 950 1475 gloriosas
996 1402 1306 1455 ascensionis
1329 1440 1343 1465 ,
1376 1399 1636 1467 offerimus
1662 1414 1795 1467 pra:-

235 1501 373 1553 rlarte
419 1496 681 1569 Majestati
729 1504 826 1547 tua:
872 1494 935 1546 de
986 1492 1084 1546 tuis
1127 1492 1273 1546 donis
1311 1508 1372 1545 ac
1414 1491 1568 1543 datis.
1615 1490 1681 1545 Et
1723 1489 1795 1545 ibi

236 1589 477 1643 reducens
523 1585 587 1640 ad
630 1600 691 1640 se
735 1599 922 1638 manus
951 1593 1004 1638 et
1036 1582 1250 1638 brachia
1273 1622 1288 1645 ,
1316 1580 1488 1648 signet
1531 1590 1611 1635 ter
1635 1593 1798 1647 super

238 1678 460 1733 llostiam
490 1685 543 1733 et
571 1675 824 1739 calicem,
858 1681 1051 1744 quarto
1081 1687 1240 1743 super
1270 1671 1507 1727 Hostiam
1558 1680 1757 1726 tantum
1778 1709 1796 1735 ,

234 1780 286 1825 et
309 1773 488 1839 quinto
511 1782 669 1837 super
694 1768 938 1831 calicem,
967 1765 1196 1821 dicendo
1222 1782 1233 1817 :
1270 1762 1501 1817 Hostiam
1524 1763 1563 1833 -ι-
1588 1778 1793 1829 puram,

236 1860 460 1915 Hostiam
486 1860 524 1931 ’ξ-
548 1868 806 1923 sanctam,
838 1851 1076 1911 Hostiam
1101 1855 1139 1926 -ι-
1165 1855 1547 1908 immaculatum
1565 1890 1581 1917 ,
1614 1869 1797 1921 panem

234 1949 273 2022 -ι-
299 1962 523 2004 sanctum
551 1952 665 2002 vita
690 1957 922 2012 ceterum,
947 1956 993 2000 et
1023 1947 1228 2000 calicem
1252 1944 1288 2014 -ξ-
1314 1942 1494 1996 salutis
1521 1952 1802 2012 perpetuat.

235 2042 629 2109 Suhsequeuter
650 2039 788 2093 dicat
815 2055 828 2091 :

302 2132 469 2203 Supra
508 2146 620 2198 qua:
647 2129 868 2198 propitio
896 2144 955 2181 ac
985 2141 1157 2180 sereno
1185 2126 1319 2178 vultu
1351 2125 1597 2193 respicere
1624 2123 1802 2193 digus.

233 2225 327 2288 ris,
352 2233 396 2277 et
420 2232 619 2292 accepta
648 2222 828 2275 habere
847 2261 862 2285 ,
891 2220 1016 2272 sicut
1048 2227 1255 2285 accepta
1281 2218 1462 2269 habere
1489 2217 1727 2287 dignatus
1746 2230 1799 2269 es

233 2330 435 2367 munera
456 2314 599 2383 pueri
627 2312 699 2365 tui
733 2312 859 2381 justi
883 2308 1038 2375 Abel,
1068 2317 1113 2362 et
1142 2307 1453 2374 sacriﬁcium
1494 2306 1802 2374 patriarcha:

232 2406 383 2459 nostri
415 2404 631 2457 Abraha:
651 2444 665 2468 ,
694 2411 741 2456 et
790 2400 923 2470 quod
951 2399 1041 2452 tibi
1089 2398 1269 2452 obtulit
1312 2412 1538 2449 summus
1566 2395 1801 2448 sacerdos

231 2508 341 2552 tuus
364 2493 732 2549 Melchisedech
756 2533 769 2557 ,
796 2500 1029 2547 sanctum
1049 2487 1359 2557 sacrificium
1375 2526 1389 2551 ,
1420 2486 1800 2540 immaculatum

231 2586 460 2640 hostiam.
521 2585 740 2638 Demum
791 2581 1009 2637 inclinet
1053 2594 1146 2643 se,
1177 2587 1231 2634 et
1279 2585 1441 2647 ponat
1487 2577 1701 2632 brachia
1749 2577 1800 2631 in

232 2674 441 2729 modum
488 2674 679 2728 crucis.
748 2694 766 2710 -

305 2763 569 2832 Supp't’ces
614 2772 662 2815 te
692 2775 929 2831 rogamus
949 2800 964 2825 ,
995 2760 1309 2828 omnipotens
1342 2758 1478 2812 Deus
1498 2798 1514 2821 ,
1536 2758 1663 2824 jube
1691 2755 1799 2810 lucc

232 2855 443 2925 p‘rferri
470 2871 559 2923 per
587 2869 764 2907 manus
796 2853 958 2907 sancti
999 2850 1169 2920 angeli
1196 2852 1269 2906 tui
1310 2854 1363 2905 in
1392 2851 1603 2905 sublime
1642 2851 1805 2903 altare

232 2958 372 3000 tuum
391 2988 406 3013 ,
429 2947 481 2999 in
503 2953 771 3015 conspectu
794 2944 979 2997 dicina:
1008 2943 1291 3013 Majestatis
1320 2952 1441 2995 tute.
1475 2941 1571 2995 llic
1591 2940 1803 3009 erigens

228 3054 292 3093 se
335 3037 600 3091 osculetur
629 3037 834 3100 altare,
884 3033 1111 3088 dicendo
1144 3049 1158 3086 :
1196 3032 1261 3087 Ut
1306 3041 1551 3103 quotquot
1600 3048 1664 3085 ea:
1707 3030 1803 3084 hac

228 3131 407 3184 altaris
436 3127 829 3197 participatione
858 3135 1236 3179 sacrosanctum
1265 3122 1396 3178 Filii
1431 3124 1541 3187 tui;
1575 3123 1658 3176 hic
1688 3123 1801 3191 pri-

1896 603 1992 640 nor
2019 598 2061 640 et
2092 588 2277 659 gloria.
2314 588 2408 641 llic
2436 597 2653 657 reponal
2692 589 2927 644 llostiam
2961 591 3014 645 in
3039 592 3155 647 loco
3191 594 3381 663 solito,
3413 610 3467 653 et

1894 687 2150 748 cooperto
2181 680 2347 734 calice
2379 696 2471 747 per
2506 680 2786 734 diaconum
2818 682 3142 738 rardiualem
3166 725 3180 751 ,
3212 700 3274 740 ac
3305 686 3469 757 depo-

1893 768 2011 824 sitis
2037 769 2279 823 manibus
2310 783 2443 838 papa
2482 783 2644 838 super
2674 771 2839 825 altare
2868 772 3009 826 dicat
3036 788 3051 827 :

1966 857 2073 911 Per
2100 860 2270 911 omnia
2293 858 2480 912 stecula
2506 860 2833 915 steculorum.
2862 863 3038 917 Amen.
3067 862 3299 922 Oremus.
3326 863 3472 921 Prat-

1893 949 2053 1018 ceptis
2076 951 2387 1003 salutaribus
2418 952 2617 1017 moniti,
2642 961 2691 1005 et
2712 953 2881 1007 divina
2904 954 3215 1011 institutione
3240 960 3469 1027 formati,

1890 1040 2136 1093 audemus
2160 1041 2325 1093 dicere
2347 1054 2366 1093 :
2401 1038 2555 1093 Pater
2584 1050 2757 1095 noster
2777 1085 2791 1108 ,
2819 1044 2904 1111 qui
2929 1060 2980 1098 es
3019 1046 3072 1099 in
3100 1048 3257 1111 ccelis,
3287 1051 3473 1103 sancti-

1892 1131 2075 1199 ficetur
2129 1146 2309 1184 nomen
2360 1141 2524 1185 tuum.
2582 1134 2830 1186 Adveniet
2877 1150 3087 1205 regnum
3137 1147 3297 1192 tuum.
3352 1140 3473 1195 Fiat

1890 1219 2125 1273 uoluntas
2156 1230 2243 1272 tua
2280 1221 2416 1273 sicut
2445 1222 2497 1273 in
2526 1223 2648 1274 coelo
2674 1232 2720 1275 et
2749 1223 2802 1275 in
2839 1232 2992 1277 terra.
3024 1224 3213 1279 Panem
3246 1241 3473 1283 nostrum

1902 1308 2261 1376 qrotidianum
2289 1311 2357 1361 da
2397 1311 2539 1362 nobis
2582 1312 2765 1377 hodie,
2798 1322 2843 1366 et
2890 1314 3087 1367 dimitte
3119 1317 3263 1369 nobis
3309 1318 3475 1372 debita

1897 1406 2101 1461 nostra,
2133 1398 2266 1450 sicut
2292 1405 2338 1451 et
2367 1414 2458 1451 nos
2486 1399 2790 1454 dimittimus
2819 1402 3128 1456 debitoribus
3164 1407 3375 1460 nostris.
3408 1407 3474 1461 Et

1898 1504 1963 1543 ne
2012 1503 2102 1541 nos
2155 1488 2370 1542 inducas
2426 1490 2479 1541 in
2534 1492 2897 1557 tentationcm;
2928 1494 3320 1562 respondetur=
3374 1497 3477 1551 Sed

1900 1580 2059 1634 libera
2086 1596 2179 1633 nos
2219 1596 2252 1633 a
2280 1580 2440 1635 malo.
2473 1580 2654 1635 Amen.
2689 1582 2891 1637 Deinde
2920 1583 3059 1639 dieat
3080 1586 3405 1640 Orationem.

1978 1669 2159 1725 Libera
2201 1687 2319 1736 nos,
2350 1686 2668 1738 quasumus,
2709 1672 2950 1735 Domine,
2984 1674 3045 1726 ab
3078 1676 3308 1730 omnibus
3333 1680 3479 1732 malis

1902 1764 2166 1835 prateritis
2186 1809 2200 1833 ,
2225 1766 2554 1836 pra'sentibus
2584 1776 2631 1820 et
2653 1767 2842 1836 futuris
2859 1808 2872 1831 ,
2903 1777 2947 1820 et
2978 1769 3311 1824 intercedente
3332 1770 3478 1824 beata

1904 1867 1952 1911 et
1994 1857 2217 1926 gloriosa
2268 1873 2464 1926 semper
2507 1859 2700 1928 uirgine
2758 1858 2853 1914 Dei
2896 1859 3146 1914 Cinitrice
3195 1861 3389 1929 Maria,
3433 1872 3479 1916 et

1905 1950 2063 2003 beatis
2092 1951 2338 2017 apostolis
2369 1951 2466 2002 tuis
2493 1948 2648 2003 Petro
2669 1962 2713 2004 et
2746 1948 2943 2020 Paulo,
2972 1960 3119 2023 atque
3144 1952 3347 2007 Andrea
3365 1971 3481 2007 cum

1906 2041 2136 2096 omnibus
2164 2045 2387 2110 sanctis,
2413 2044 2481 2096 da
2508 2043 2756 2114 prapitius
2780 2061 2951 2114 pacem
2984 2045 3036 2097 in
3063 2046 3237 2099 diebus
3259 2049 3445 2101 nostris
3464 2090 3478 2113 ,

1908 2142 1964 2185 ut
2013 2147 2109 2199 ape
2151 2133 2511 2186 misericordia:
2552 2142 2651 2186 tute
2672 2133 2839 2201 adjuti
2862 2176 2874 2195 .
2907 2143 2952 2186 et
2998 2151 3030 2187 a
3075 2148 3279 2202 peccato
3322 2138 3482 2192 simus

1911 2235 2109 2290 seraper
2138 2220 2311 2285 liberi,
2337 2231 2385 2274 et
2414 2221 2476 2273 ab
2514 2222 2652 2274 omni
2680 2222 3051 2291 perturbatione
3074 2226 3253 2279 securi.

1980 2312 2077 2367 ilic
2106 2313 2333 2383 accipiat
2377 2324 2656 2383 patenum,
2691 2323 2745 2368 et
2788 2315 2961 2385 signet
3004 2331 3061 2371 se
3088 2332 3205 2371 eum
3236 2319 3380 2388 ipsa,
3426 2331 3480 2376 et

1905 2402 2223 2459 submittens
2248 2405 2490 2461 eamdem
2521 2406 2717 2461 llostize
2739 2448 2755 2474 ,
2788 2418 2949 2477 ponat
2978 2409 3213 2465 Hostiam
3243 2411 3295 2466 in
3320 2422 3475 2481 pate-

1918 2511 2021 2562 na;
2050 2506 2137 2564 et,
2165 2497 2506 2568 discooperto
2527 2500 2691 2554 calice
2715 2513 2809 2570 per
2834 2501 3115 2556 diaconum
3135 2503 3482 2574 eardinalem,

1914 2589 2144 2659 accipiat
2173 2589 2407 2645 Hostiam
2428 2633 2441 2655 ,
2469 2600 2664 2645 etcum
2689 2594 2982 2647 reverentia
3008 2594 3214 2664 frangat
3245 2610 3361 2651 eam
3388 2613 3483 2667 per

1910 2680 2144 2734 medium
2174 2694 2334 2750 super
2358 2680 2579 2736 calicem
2625 2687 2680 2737 ct
2703 2683 3046 2750 sanguinem,
3077 2695 3129 2739 et
3162 2686 3387 2740 mediam
3414 2687 3482 2741 de

1907 2771 2119 2825 sinistra
2154 2787 2311 2825 manu
2358 2780 2521 2839 ponat
2551 2775 2603 2826 in
2651 2782 2873 2842 patens;
2900 2782 2953 2828 et
2983 2775 3051 2829 de
3103 2775 3187 2829 illa
3209 2815 3224 2840 ,
3256 2790 3373 2845 quae
3400 2784 3483 2831 est

1907 2862 1960 2918 in
2011 2865 2197 2920 dextra
2229 2864 2455 2934 accipiat
2505 2865 2854 2934 particulam;
2887 2873 2943 2920 et
2972 2882 3089 2935 qua:
3141 2877 3378 2923 remanet
3427 2868 3481 2923 in

1921 2956 2139 3012 sinistra
2168 2956 2416 3026 adjungat
2461 2958 2733 3027 particulae
2778 2973 2897 3027 qum
2930 2964 3011 3013 est
3055 2959 3105 3013 iu
3136 2968 3319 3028 patens
3342 3002 3358 3026 ,
3405 2961 3483 3015 di-

1908 3046 2119 3103 cendo:
2151 3043 2253 3098 Per
2292 3044 2523 3099 eumdem
2548 3045 2820 3100 Dominum
2843 3057 3071 3102 nostrum
3102 3047 3484 3105 Jesum-Chris-

1922 3145 2029 3191 tum
2060 3136 2109 3189 F
2112 3138 2252 3191 ilium
2275 3146 2417 3190 tuum
2437 3179 2450 3203 ,
2484 3138 2571 3208 qui
2602 3148 2763 3191 tecum
2797 3139 2913 3191 v'rit
2937 3149 2982 3193 et
3011 3148 3191 3209 regnat
3220 3142 3272 3193 in
3294 3141 3487 3195 unitate

228 3235 319 3277 suo
364 3234 523 3288 super
553 3218 825 3285 llostiam,
859 3218 1071 3272 demum
1118 3231 1278 3287 super
1326 3216 1543 3271 calicem
1591 3214 1797 3284 signet,

1912 3226 2135 3296 Spiritus
2160 3227 2320 3281 sancti
2342 3227 2496 3281 Deus.
2530 3226 2627 3281 llic
2668 3227 2813 3281 il'am
2847 3241 3074 3296 partem,
3105 3245 3222 3299 quas
3248 3240 3487 3285 remanet

225 3311 491 3368 dicendo:
525 3311 718 3383 Corpus
748 3310 784 3382 -ι-
825 3320 871 3365 et
897 3311 1195 3380 sanguinem
1217 3308 1257 3379 -ᾗ-
1297 3308 1660 3379 sumpserimus
1679 3348 1694 3374 ,
1722 3307 1805 3360 hic

224 3410 403 3475 signet
428 3420 486 3459 se
518 3402 686 3472 ipsum
718 3403 935 3457 dicens:
970 3402 1122 3455 Omni
1161 3401 1501 3456 benedictione
1541 3399 1727 3453 ccelcsti
1755 3407 1801 3451 et

221 3499 396 3568 gratia
440 3495 762 3562 repleamur,
812 3509 900 3560 per
947 3493 1177 3547 eumdem
1222 3491 1477 3544 CItrisl..nt
1528 3487 1804 3542 Dominum

222 3598 481 3646 nostrum.
527 3590 713 3644 Postea
743 3585 885 3640 dicat
912 3584 1470 3639 commemorationem
1523 3580 1805 3635 defuncto-

223 3695 347 3734 rum
377 3694 392 3735 ;
439 3676 693 3730 Memento
737 3673 919 3737 etiam,
964 3671 1175 3723 Domi-te
1196 3710 1211 3733 ,
1245 3668 1551 3738 famulorum
1583 3667 1803 3735 famulu-

219 3784 442 3840 rumque
468 3776 672 3820 tuarum
704 3763 777 3817 Ν.
804 3804 818 3827 ,
848 3762 933 3831 qui
963 3777 1055 3814 nos
1096 3768 1462 3830 praecesserunt
1506 3774 1619 3812 cum
1657 3758 1803 3826 signo

217 3860 351 3929 fidei
375 3900 403 3925 ,,
424 3866 469 3911 et
499 3856 755 3909 dormiunt
778 3853 829 3906 in
862 3867 1038 3905 somno
1084 3849 1244 3915 pacis.
1275 3844 1410 3918 Ipsis
1430 3889 1443 3911 ,
1477 3846 1690 3899 Domine
1714 3889 1728 3913 ,
1759 3858 1804 3898 ct

218 3947 465 4001 omnibus
494 3946 545 3997 in
575 3945 779 3999 Christo
809 3938 1179 4009 quiescentibus
1209 3938 1371 3991 locum
1403 3934 1688 4005 refrigerii,
1728 3935 1807 3987 lu-

219 4040 303 4093 cis
328 4046 376 4092 et
405 4037 541 4108 paris
564 4076 580 4102 ,
630 4043 688 4088 ut
725 4034 989 4105 indulgeas
1048 4032 1397 4100 deprecamur.
1440 4026 1541 4082 Per
1578 4028 1807 4082 eumdem

225 4128 496 4183 Christum
524 4124 801 4180 Dominum
824 4134 1071 4178 nostrum.
1104 4122 1283 4175 Amen.
1660 4166 1661 4169 η

303 4218 402 4272 llic
433 4216 733 4285 percutiens
766 4223 951 4283 pectus
995 4227 1149 4266 suum
1171 4252 1185 4277 ,
1216 4209 1599 4281 aliquantulum
1630 4207 1812 4263 dicens

214 4309 394 4364 altius
422 4325 437 4359 :
478 4305 642 4361 Nobis
669 4305 829 4376 335
858 4319 1056 4374 quoque
1096 4304 1444 4374 peccatoribus
1470 4300 1682 4371 famulis
1713 4301 1813 4353 tuis

213 4405 289 4457 de
319 4400 643 4455 multitudine
672 4400 1056 4453 miserationum
1098 4407 1303 4449 tuarum
1342 4394 1664 4466 sperantibus
1692 4409 1814 4463 par-

213 4506 328 4548 tem
372 4494 629 4560 aliquam,
661 4500 708 4547 ct
745 4492 1035 4545 societatem
1067 4491 1261 4543 donare
1286 4487 1514 4559 digneris
1555 4504 1671 4541 cum
1713 4488 1814 4541 tuis

1914 3316 1964 3371 in
1997 3317 2183 3371 dextra
2206 3356 2221 3380 ,
2273 3324 2454 3371 teneat
2497 3330 2660 3384 super
2689 3317 2999 3385 sanguinem
3048 3327 3103 3371 et
3145 3317 3365 3372 calicem
3386 3362 3401 3387 ,
3434 3329 3487 3373 et

1911 3406 2092 3462 dicat:
2126 3405 2228 3459 Per
2257 3407 2426 3459 omnia
2466 3407 2626 3477 336
2667 3407 2855 3460 scecula
2894 3408 3233 3472 sa'culorum;
3269 3422 3488 3476 reSpnn-

1913 3495 2068 3550 detur
2098 3494 2281 3549 Amm.
2314 3494 2408 3548 llic
2437 3508 2557 3547 cum
2589 3498 2701 3562 ipsa
2732 3494 2988 3561 particula
3026 3508 3105 3549 ter
3136 3496 3308 3565 signet
3328 3510 3489 3562 super

1912 3585 2136 3640 calicem
2179 3583 2438 3637 dicendo:
2472 3581 2587 3637 Pax
2619 3583 2659 3653 -ι-
2688 3582 2925 3650 Domini,
2970 3585 3033 3637 sit
3061 3585 3099 3656 -ι-
3132 3602 3324 3656 semper
3367 3601 3427 3640 ro
3450 3585 3490 3654 1·

1914 3674 2105 3728 biscum
2122 3692 2141 3739 ;
2169 3673 2522 3743 respondetur
2546 3672 2610 3728 Et
2638 3690 2751 3729 cum
2781 3675 2962 3745 spiritu
2987 3684 3093 3731 tuo.
3124 3676 3219 3731 llic
3241 3676 3491 3746 adjungat

1916 3762 2233 3830 particulam
2266 3763 2412 3817 illam
2444 3764 2562 3818 aliis
2590 3765 2861 3833 particulis
2889 3779 3011 3834 qlia:
3038 3775 3162 3821 sunt
3192 3768 3241 3821 in
3275 3774 3490 3837 patena.

1917 3852 2138 3907 Densum
2163 3851 2302 3905 dicat
2326 3852 2524 3921 junctis
2553 3855 2797 3909 manibus
2822 3854 3026 3909 duabus
3054 3857 3291 3912 vicibus:
3321 3859 3493 3927 Agnus

1917 3939 2040 4005 Dei,
2073 3941 2161 4011 qui
2205 3941 2341 3995 tollis
2394 3950 2601 4011 peccata
2647 3944 2864 4013 mundi,
2917 3946 3154 3999 miserere
3208 3946 3369 4001 nobis.
3430 3947 3494 4003 Et

1916 4033 2103 4098 tertia,
2131 4032 2266 4086 dona
2311 4032 2458 4085 nobis
2504 4048 2700 4099 pacem.
2735 4033 2802 4086 Et
2830 4033 2885 4087 iu
2916 4033 3021 4087 line
3057 4034 3341 4102 cuju~libet
3371 4051 3493 4102 per-

1910 4122 2074 4176 cutiat
2117 4128 2303 4190 pectus
2347 4130 2538 4188 suum,
2589 4130 2769 4190 postea
2829 4121 3116 4177 inclinatus
3162 4123 3304 4177 dicat
3349 4122 3487 4177 hanc

1909 4213 2218 4268 Orationem
2243 4230 2256 4266 :
2288 4212 2509 4268 Domine
2532 4212 2659 4266 Jesu
2684 4211 2903 4281 Christe,
2931 4215 3015 4284 qui
3043 4215 3220 4269 dixisti
3250 4215 3495 4283 apostolis

1911 4307 2055 4361 tuis:
2102 4305 2293 4360 Pacem
2321 4322 2483 4360 meum
2531 4306 2598 4359 do
2643 4307 2780 4360 vobis
2802 4345 2818 4373 ,
2848 4322 3017 4376 pacem
3048 4323 3211 4360 meam
3254 4308 3490 4377 relinquo

1913 4399 2082 4464 robis,
2116 4414 2180 4452 ne
2228 4399 2471 4468 respicias
2517 4406 2722 4467 peccata
2774 4414 2920 4464 mea,
2951 4402 3040 4454 sed
3078 4399 3230 4466 ﬁdtm
3274 4398 3496 4452 ecclesiis

1914 4498 2051 4556 tute,
2085 4505 2292 4560 eamque
2318 4488 2601 4542 secundum
2631 4490 2938 4542 voluntatem
2969 4499 3107 4542 tuam
3145 4489 3422 4559 paci/icore
3448 4496 3496 4542 et

209 4583 419 4638 sanctis
442 4583 746 4653 apostolisset
765 4579 1071 4650 martyribus
1089 4621 1102 4643 ,
1128 4594 1243 4631 cum
1260 4575 1460 4631 Joanne
1478 4621 1493 4645 ,
1524 4576 1807 4645 Stephano,
1844 4586 1893 4646 ι)
1919 4581 2211 4636 coadunare
2234 4581 2488 4652 digneris,
2518 4582 2607 4650 qui
2637 4581 2781 4635 vivis.
2816 4582 2909 4636 llic
2935 4581 3109 4636 elevat
3134 4597 3192 4635 se
3211 4622 3226 4646 ,
3259 4590 3314 4635 et
3343 4593 3497 4635 oscu.

210 4674 457 4728 Matthfa
482 4713 497 4738 ,
526 4671 798 4738 Barnaba,
834 4668 1037 4741 Ignatio
1057 4711 1073 4738 ,
1105 4670 1396 4723 Alexandro
1417 4710 1431 4736 ,
1466 4668 1768 4723 Marcellino
1793 4708 1809 4734 ,

209 4764 391 4819 Petro
410 4806 426 4832 ,
452 4762 759 4831 Felecitate,
790 4763 1045 4835 Perpetua
1064 4804 1078 4826 ,
1107 4762 1306 4833 Agatha
1324 4802 1339 4828 ,
1364 4761 1550 4828 Lucia,
1583 4764 1773 4831 Agnete
1792 4802 1809 4829 ,

207 4856 439 4911 Caecilia
457 4896 471 4920 ,
506 4856 776 4908 Anastasio
804 4863 851 4908 et
876 4856 1106 4908 omnibus
1142 4854 1332 4908 sanctis
1360 4854 1493 4919 tuis,
1522 4854 1659 4907 intra
1686 4869 1812 4919 quov

204 4967 344 5004 rum
374 4966 466 5003 nos
491 4951 805 5004 consortium
832 4965 929 5003 non
960 4951 1237 5003 testimator
1266 4949 1464 5014 meriti,
1491 4948 1579 5003 sed
1615 4948 1773 5002 venite
1795 4989 1810 5011 ,

199 5054 549 5109 qua’sumus,
584 5039 798 5109 largitor
836 5039 1063 5093 admitte.
1097 5037 1201 5092 Per
1231 5038 1487 5093 Christum
1530 5037 1809 5091 Dominum

198 5137 483 5184 nostrum.
514 5128 617 5184 Per
640 5145 789 5198 quem
814 5131 1141 5203 hwcomnia,
1175 5128 1421 5195 Domine,
1458 5145 1654 5196 seraper
1685 5130 1815 5182 bona

196 5234 370 5271 creas
393 5257 408 5282 ,
442 5219 527 5272 hic
552 5227 634 5273 ter
664 5221 830 5275 semel
855 5221 1025 5291 signet
1047 5236 1207 5290 super
1229 5221 1466 5276 Ilostiam
1490 5228 1545 5276 et
1568 5221 1813 5295 calicem,

194 5308 460 5362 dicendo
492 5309 671 5365 Sancti
699 5309 739 5381 -ι-
781 5311 906 5380 ficas
926 5352 939 5373 ,
971 5312 1067 5364 vivi
1108 5310 1146 5380 -ί-
1183 5312 1307 5379 ficus
1327 5352 1341 5376 ,
1377 5312 1499 5366 bene
1523 5311 1563 5382 -ι-
1593 5311 1720 5365 dicis
1768 5321 1817 5365 et

190 5409 444 5469 prcestas
475 5400 635 5455 nobis.
664 5400 789 5467 llic,
821 5402 1160 5472 discooperto
1191 5402 1360 5459 calice
1396 5420 1489 5472 per
1527 5403 1812 5459 diaconum

186 5491 592 5562 cardinalem,
624 5492 850 5563 accipiat
880 5494 1117 5549 llosziam
1153 5510 1310 5549 manu
1343 5496 1527 5549 dextra
1553 5535 1569 5560 ,
1613 5503 1813 5549 etcum

186 5598 271 5636 ea
320 5591 413 5636 ter
438 5582 612 5653 signet
641 5598 800 5652 super
824 5586 1042 5640 calicem
1072 5594 1126 5639 et
1155 5586 1432 5657 sanguine,
1459 5585 1680 5641 dicens:
1712 5584 1816 5639 Per

192 5678 400 5744 ipsum
430 5672 471 5745 ἰ’
515 5684 563 5728 et
590 5692 702 5729 cum
732 5676 769 5747 1-
798 5676 909 5746 ipso
938 5686 985 5730 et
1026 5677 1078 5729 in
1107 5678 1157 5747 ip
1186 5676 1225 5747 ’ῖ-
1257 5694 1333 5730 so.
1388 5678 1484 5732 llic
1530 5692 1650 5732 cum
1703 5678 1814 5746 ipsa

192 5766 422 5820 Hostia
450 5765 530 5821 bis
581 5766 722 5822 inter
752 5780 813 5822 se
856 5774 908 5822 et
938 5767 1160 5823 calicem
1193 5768 1401 5839 signet,
1443 5768 1624 5823 dicens
1653 5784 1667 5824 :
1701 5766 1816 5823 Tibi

1924 4672 2062 4727 letur
2108 4671 2308 4735 altare,
2338 4671 2470 4725 dare
2520 4684 2702 4740 pacem
2739 4671 2992 4741 episcopo
3037 4670 3121 4726 vel
3178 4672 3495 4740 presbytero

1921 4762 2205 4829 curdiuali,
2231 4762 2319 4833 qui
2350 4762 2515 4818 servit
2542 4761 2589 4816 ci
2609 4802 2623 4826 ,
2650 4762 2879 4816 dicendo
2909 4759 3025 4815 Pax
3045 4770 3249 4827 tecum;
3275 4775 3495 4830 respou-

1922 4856 2077 4910 detur
2110 4854 2176 4906 Et
2226 4869 2339 4906 cum
2385 4852 2571 4921 spiritu
2601 4861 2705 4905 tuo.
2758 4852 2854 4905 llic
2903 4866 3033 4920 papa
3064 4850 3298 4905 dimittat
3329 4859 3494 4906 totum

1924 4953 2313 4997 sacramentum
2344 4942 2395 4997 it
2435 4942 2621 5005 altari,
2651 4952 2705 4994 et
2738 4942 2879 4995 vadit
2910 4942 2972 4995 ad
3003 4941 3184 4996 sedem
3231 4955 3417 5005 suam;
3446 4948 3498 4994 et

1923 5033 2112 5089 stando
2158 5033 2368 5088 detecto
2415 5033 2588 5101 capite
2640 5041 2916 5101 ex5pectet
2952 5032 3334 5086 subdiaconum
3374 5047 3496 5086 cum

1927 5134 2116 5195 patena
2138 5132 2192 5179 et
2218 5124 2400 5179 Hostia
2416 5164 2429 5187 ,
2456 5134 2508 5178 et
2530 5122 2813 5177 diaconum
2836 5122 3158 5177 cardinalem
3189 5137 3311 5176 cum
3331 5122 3500 5177 calice

1923 5224 1981 5271 et
2006 5215 2265 5286 sanguine
2292 5231 2308 5279 ;
2341 5223 2395 5269 et
2422 5216 2540 5269 istis
2566 5213 2828 5268 stantibus
2858 5214 2997 5268 sicut
3031 5214 3183 5268 decet
3211 5228 3332 5267 cum
3365 5227 3498 5282 pra:-

1925 5306 2083 5361 dictis
2134 5321 2315 5360 coram
2366 5322 2461 5371 eo,
2510 5305 2653 5359 dicat
2705 5306 2842 5359 hanc
2890 5306 3240 5360 Orationem:
3290 5304 3503 5359 Domine

1926 5397 1957 5452 J
1968 5415 2053 5452 esu
2104 5397 2301 5451 Christe
2332 5394 2441 5449 Fili
2472 5393 2569 5450 Dei
2597 5396 2723 5460 vivi,
2749 5396 2835 5464 qui
2878 5410 2943 5449 ea:
2988 5392 3249 5449 voluntate
3284 5393 3459 5447 Patris
3481 5456 3495 5479 ,

1928 5499 2231 5559 coaperante
2263 5488 2463 5557 Spiritu
2507 5495 2682 5541 sancto
2712 5505 2801 5553 per
2850 5495 3058 5541 mortem
3084 5497 3224 5540 tuam
3254 5486 3501 5539 mundum

1929 5580 2196 5648 viviﬁcasti
2216 5619 2231 5645 ,
2259 5580 2415 5632 libera
2444 5594 2522 5631 me
2553 5595 2640 5645 per
2670 5580 2763 5632 hoc
2783 5595 2982 5632 sacrum
3004 5594 3189 5646 corpus
3218 5586 3265 5632 et
3291 5578 3500 5647 sangui-

1933 5688 2048 5725 nem
2094 5683 2234 5725 tuum
2283 5670 2344 5723 ab
2376 5671 2607 5723 omnibus
2656 5669 3004 5740 iniquitatibus
3035 5670 3157 5723 meis
3187 5679 3232 5720 et
3262 5669 3507 5720 universis

1926 5769 2071 5821 malis
2092 5810 2106 5833 ,
2136 5778 2180 5823 et
2207 5769 2288 5821 t'ac.
2318 5785 2395 5824 me
2424 5769 2521 5822 tuis
2551 5782 2748 5836 semper
2776 5766 2977 5821 obedire
3002 5761 3291 5828 mandatis,
3321 5767 3367 5812 et
3396 5773 3426 5809 a
3449 5767 3497 5809 ts
