4006 6288
553 359 679 415 “Ol

1331 356 1668 409 APPENDix
1712 361 1799 437 ΑΒ
1841 362 1896 417 S.
1941 354 2271 419 CREGORII
2312 360 2680 418 LITURGICA
2726 365 2975 420 OPERA.

3672 372 3808 427 “3‘1

547 489 804 541 nunquam
831 471 1055 537 separari
1101 470 1355 537 permittas
1378 512 1391 531 ,
1421 471 1509 537 qui
1540 472 1659 523 rivis
1701 482 1744 523 et
1792 490 1972 541 regnas
2001 491 2114 526 cum
2146 492 2192 546 Α
2289 474 2604 530 Communia
2629 477 2843 531 Exsulta
2869 481 3011 545 satis,
3045 480 3154 548 [ilia
3188 482 3337 547 Sion,
3369 493 3471 536 etc.
3504 483 3570 538 Et
3600 497 3805 543 cantata

547 567 718 617 eodem
750 563 854 615 Deo
889 561 1044 612 Patre
1067 561 1116 611 in
1149 560 1339 611 unitate
1371 561 1603 625 Spiritus
1631 565 1793 615 sancti
1824 564 1993 630 Deus,
2032 582 2119 629 per

546 658 715 707 omnia
746 654 932 706 siccata
977 650 1302 702 saeculorum.
1339 651 1519 703 Amen.
1572 652 1682 703 Alia
1728 653 1948 708 Oratio:
1987 653 2129 707 Per-

546 747 703 814 ceptio
730 742 959 812 corporis
988 742 1060 793 tui
1082 782 1095 806 ,
1140 740 1353 793 Domine
1376 742 1502 794 Jesu
1531 742 1759 809 Christe,
1789 760 1945 813 quam
1981 747 2127 797 indi-

546 852 672 904 gnus
703 850 897 886 sumere
918 849 1307 903 prtrsumomon
1336 834 1459 885 mihi
1484 836 1743 899 proveniat
1768 836 1818 887 in
1835 837 2130 905 judicium;

544 934 588 978 ct
620 923 1091 975 condemnationem
1114 962 1128 987 ,
1157 923 1244 975 sed
1277 940 1369 991 pro
1395 934 1477 975 tua
1507 924 1691 992 pietate
1715 924 2025 990 prosit.milti
2054 925 2121 976 ad

544 1024 877 1067 tutamentum
913 1016 1091 1066 mentis
1139 1026 1182 1067 et
1215 1017 1441 1082 corporis
1468 1054 1483 1081 ,
1514 1026 1561 1069 et
1597 1016 1665 1067 ad
1713 1018 1955 1069 medelam
2006 1033 2120 1087 per-

543 1107 858 1171 cipiendam,
885 1106 973 1172 qui
1002 1105 1121 1157 vivis
1151 1114 1195 1157 et
1236 1120 1419 1173 regnas
1456 1121 1573 1158 cum
1610 1107 1788 1159 eodem
1832 1106 1936 1159 Deo
1966 1107 2123 1161 Patre

545 1196 595 1247 in
626 1196 820 1248 unitate
865 1196 1092 1263 ejusdem
1142 1195 1367 1263 Spiritus
1414 1198 1574 1248 sancti
1611 1194 1744 1249 Deus
1771 1238 1786 1262 ,
1819 1215 1907 1266 per
1953 1200 2123 1252 omnia

546 1284 730 1339 sa’cula
761 1286 1086 1353 steculorum,
1111 1302 1279 1338 auten.
1308 1286 1403 1340 llic
1430 1303 1547 1339 cum
1572 1290 1870 1342 reverentia
1893 1290 2121 1358 accipiat

545 1378 613 1430 de
638 1384 826 1445 pateua
856 1376 1111 1443 majorem
1148 1384 1350 1443 partem
1378 1376 1574 1429 Hostias
1593 1415 1608 1435 ,
1633 1385 1686 1430 et
1707 1377 1883 1430 deat:
1921 1377 2119 1431 Panem

544 1468 792 1520 ca'lestem
821 1468 1099 1535 accipiam,
1147 1477 1193 1518 et
1239 1484 1419 1519 nomen
1468 1467 1672 1520 Domini
1719 1470 1977 1523 invocabo.
2028 1472 2120 1524 llic

549 1572 735 1613 lCttt‘nS
761 1568 962 1625 partem
989 1558 1292 1627 przedietam
1320 1558 1517 1611 Hostiae
1539 1574 1658 1612 cum
1685 1568 1912 1626 quatuor
1939 1560 2117 1631 digitis

548 1665 711 1717 super
735 1653 1069 1718 sanguinem,
1100 1660 1151 1702 et
1182 1649 1420 1713 calicem,
1455 1649 1583 1703 dicit
1608 1660 1919 1704 reverenter
1949 1651 2118 1705 tribus

546 1742 747 1794 vicibus
771 1758 781 1791 :
814 1741 1045 1807 Domine,
1070 1758 1167 1793 non
1193 1758 1303 1793 sum
1336 1742 1518 1810 dignus
1548 1750 1603 1794 ut
1631 1742 1786 1795 intres
1813 1743 1901 1795 sub
1933 1753 2118 1797 tectum

2224 585 2317 636 per
2340 571 2562 624 chorum
2593 571 3005 637 Communione,
3032 586 3231 643 surgat,
3261 585 3315 629 et
3346 576 3490 628 vadit
3516 577 3583 629 ad
3616 579 3804 642 altare,

2221 669 2273 713 et
2304 659 2690 729 subsequenter
2718 662 2857 715 dicat
2908 663 3157 717 Dominus
3203 666 3486 720 vobiscum.
3521 667 3692 735 Resp.
3747 670 3809 724 Et

2222 764 2336 799 cum
2372 751 2555 818 spiritu
2600 762 2707 806 tuo.
2766 754 2965 808 Deinde
3009 765 3126 823 post
3168 757 3615 812 Cunitnunionem
3672 759 3809 819 hanc

2224 838 2528 893 Orationem
2555 858 2568 893 :
2602 841 2777 915 Hujus
2798 860 2909 909 nos,
2943 844 3524 916 Domine,sacramenti,
3552 860 3661 903 etc.
3696 853 3808 907 Alta

2228 930 2690 985 l'ostcommunio:
2719 932 2949 999 Satiasti,
2982 933 3215 1004 Domine,
3235 937 3489 1004 familiam
3515 948 3680 1004 tuam,
3702 952 3802 997 etc.

2230 1019 2292 1072 Et
2315 1029 2525 1075 cantato
2560 1022 2667 1086 Ite,
2693 1021 2854 1075 Missa
2890 1035 2959 1077 est
2986 1063 3001 1089 ,
3034 1041 3129 1094 per
3155 1026 3436 1081 diaconum
3478 1020 3804 1084 caralinalem

2228 1110 2407 1177 praedii
2426 1120 2557 1172 tum,
2588 1128 2691 1166 non
2719 1114 3017 1171 recedendo
3038 1117 3104 1171 de
3132 1119 3307 1183 altari,
3338 1120 3619 1174 benedieat
3649 1136 3803 1190 popu-

2226 1203 2334 1255 lum
2368 1219 2381 1254 :
2416 1203 2497 1257 Sit
2530 1221 2707 1259 nomen
2756 1207 2960 1261 Domini
3008 1210 3345 1265 benedictum.
3382 1213 3547 1281 Resp.
3604 1213 3690 1267 Ex
3718 1218 3802 1269 hoc

2227 1309 2399 1358 nunc,
2442 1303 2544 1348 etc.
2580 1295 2906 1365 Adjutorium
2954 1310 3185 1354 nostrum
3214 1303 3266 1355 in
3316 1306 3518 1356 nomine
3582 1304 3799 1361 Domini.

2229 1381 2390 1452 Resp.
2427 1385 2527 1450 Qui
2551 1388 2668 1453 fecit
2698 1389 2878 1441 cretum
2912 1400 2959 1442 et
2986 1391 3149 1461 338
3178 1403 3384 1445 terram.
3418 1392 3700 1447 Benedicat
3728 1414 3801 1451 cos

2227 1474 2540 1542 omnipotens
2595 1476 2731 1530 Deus
2774 1477 2934 1532 Pater
2960 1480 3000 1550 -ι-
3029 1494 3074 1535 et.
3123 1481 3291 1537 Filius
3321 1483 3362 1554 -ξ-
3411 1498 3456 1538 et
3512 1486 3798 1557 δρξγὶιαεῇ·

2224 1576 2450 1622 sanctus.
2522 1569 2893 1639 Respondetur
2932 1574 3113 1629 Amen.
3166 1578 3353 1633 PoStea
3403 1595 3618 1636 secrete
3675 1584 3799 1637 dicat

2226 1653 2363 1709 hanc
2389 1656 2727 1713 Orationem:
2789 1661 2994 1717 Placeat
3027 1666 3155 1732 tibi,
3198 1678 3377 1722 sancta
3410 1669 3678 1735 Trinitas,
3706 1685 3795 1727 etc.

2227 1747 2352 1803 l‘ost
2381 1749 2589 1803 Missam
2619 1768 2817 1809 exuens
2847 1770 2905 1810 se
2949 1772 3081 1827 papa
3128 1762 3363 1816 vestibus
3417 1763 3797 1830 puniilit‘albus

544 1848 745 1895 meum,
770 1832 858 1885 sed
889 1841 1084 1885 tantunt
1114 1831 1197 1882 dic
1221 1833 1397 1893 verbo,
1430 1841 1475 1882 et
1496 1832 1759 1885 sanabitur
1786 1834 1956 1884 anima
1984 1849 2113 1886 mea.
2152 1881 2194 1938 Β
2224 1839 2365 1894 dicat
2394 1841 2530 1897 hanc
2577 1845 2931 1915 Antiphunam
2968 1867 2981 1901 :
3016 1851 3196 1906 Trium
3244 1872 3521 1922 puerorum
3552 1871 3797 1911 cantemus

549 1924 737 1977 Postva
779 1925 952 1992 signet
1000 1938 1057 1977 se
1103 1939 1222 1976 cum
1270 1925 1381 1991 ipso
1412 1938 1673 1992 corpore,
1710 1934 1763 1977 et
1810 1937 2116 1980 reverenter

548 2024 913 2069 sumat’totum
948 2013 1077 2067 iliud
1108 2012 1248 2082 quod
1282 2026 1359 2066 est
1392 2024 1539 2067 extra
1566 2013 1759 2084 digitos
1792 2018 2069 2083 prmdiclos
2097 2033 2112 2081 ;

543 2118 596 2161 et
627 2106 763 2176 quod
815 2104 946 2158 intra
979 2103 1174 2172 dgitos
1222 2114 1465 2158 remanet
1518 2115 1678 2172 pooat
1706 2107 1755 2159 in
1800 2106 1962 2162 calice
1991 2121 2111 2161 cum

542 2201 793 2269 Sanguine
825 2198 1039 2260 dicens,
1075 2195 1191 2249 Fiat
1220 2198 1502 2250 conunistio
1552 2207 1599 2251 et
1643 2199 1956 2252 consecratio
2001 2214 2115 2252 cor-

544 2294 681 2361 poris
708 2303 750 2344 et
781 2291 1045 2360 sanguinis
1076 2289 1283 2343 Domini
1306 2292 1466 2343 nostri
1490 2289 1614 2344 Jesu
1641 2292 1831 2345 Christi
1860 2293 2116 2360 accipiam

542 2386 671 2437 tibus
721 2385 772 2436 in
815 2384 967 2436 vitam
1013 2391 1289 2448 teternam,
1321 2400 1490 2439 omen.
1530 2385 1686 2454 337
1718 2385 2116 2453 Subsequenter

543 2476 716 2527 dicat;
752 2474 946 2543 Corpus
987 2472 1193 2527 Domini
1243 2475 1404 2528 nostri
1450 2474 1574 2528 Jesu
1624 2476 1811 2529 Christi
1861 2477 2115 2531 custodiat

543 2567 767 2619 animam
793 2581 954 2617 meam
985 2565 1039 2617 in
1062 2565 1213 2617 vitam
1245 2574 1485 2618 cateruam
1505 2606 1521 2631 ,
1551 2583 1611 2618 a.
1637 2582 1719 2619 en.
1768 2568 1986 2625 Demum
2018 2583 2117 2621 ac-

541 2658 697 2725 cipiat
752 2662 1012 2711 calamum
1076 2657 1141 2710 tle
1198 2672 1357 2710 manu
1408 2657 1641 2725 episcopi
1694 2657 2018 2722 cardinalis,
2062 2667 2117 2712 et

545 2763 731 2807 tenens
768 2755 940 2818 ipsum
970 2768 1089 2805 cum
1122 2752 1378 2806 ambabus
1411 2752 1659 2807 manibus
1688 2763 1849 2823 ponat
1892 2770 2014 2808 eum
2063 2755 2114 2807 in

542 2844 707 2897 calice
728 2884 741 2906 ,
773 2843 1031 2897 dicendo:
1066 2844 1198 2907 Quid
1222 2843 1491 2896 retribuam
1518 2843 1738 2897 Domino
1765 2861 1858 2913 pro
1885 2845 2118 2897 omnibus

542 2950 655 3004 qua:
709 2933 938 2986 retribuit
980 2933 1149 2985 mihi?
1180 2931 1400 2986 Calicem
1448 2934 1690 2987 salutaris
1732 2935 1979 3003 accipiam
2008 2975 2023 3000 ,
2072 2946 2118 2990 et

543 3041 723 3077 nomen
756 3023 961 3075 Domini
989 3022 1253 3076 invocabo.
1288 3023 1529 3076 Laudans
1554 3024 1791 3077 invocabo
1817 3025 2116 3090 Dominum,

543 3121 590 3165 et
639 3115 689 3165 in
739 3112 955 3165 inimicis
1004 3114 1125 3166 meis
1176 3114 1345 3165 salvus
1395 3129 1499 3166 ero.
1546 3114 1639 3169 llic
1669 3125 1843 3168 sumat
1891 3114 1958 3169 de
1988 3132 2113 3168 san-

544 3206 703 3274 guine
758 3206 953 3259 Christi
1006 3206 1244 3268 sugendo
1290 3221 1410 3259 cum
1456 3206 1596 3261 dicto
1643 3208 1886 3273 calamo;
1920 3208 2116 3264 deinde

541 3296 719 3350 dicat:
753 3294 1227 3366 SanguisDomini
1266 3298 1427 3350 nostri
1463 3298 1588 3349 Jesu
1631 3297 1820 3353 Christi
1861 3303 2113 3354 custodiat

548 3390 773 3442 animam
831 3405 993 3441 meam
1033 3389 1083 3440 in
1132 3388 1283 3441 citam
1308 3399 1553 3442 cateruam
1574 3427 1591 3453 ,
1619 3405 1785 3443 amen.
1812 3390 1999 3445 Postea
2030 3391 2121 3445 det

548 3481 749 3534 dictum
780 3479 1040 3533 calamum
1073 3478 1377 3545 supradicto
1427 3477 1654 3532 diacono
1684 3480 1937 3532 cardinali
1966 3521 1979 3543 ,
2012 3494 2116 3532 nou

548 3568 873 3624 removendo
928 3570 1096 3637 ipsum
1128 3570 1194 3623 de
1235 3567 1432 3631 calice;
1464 3577 1518 3622 et
1567 3568 1723 3621 tersis
1768 3568 1948 3637 digitis
1995 3584 2117 3623 cum

545 3658 881 3727 perfosorio,
931 3656 1071 3725 quod
1121 3657 1191 3711 ibi
1242 3656 1400 3711 olTert
1443 3658 1729 3726 cpiscopus
1791 3658 2113 3723 cardinalis,

548 3758 824 3818 postquam
869 3745 1377 3814 communicaverit,
1419 3746 1560 3801 dicat
1605 3746 1932 3802 Orationem.
1969 3748 2117 3813 Quod

544 3854 629 3892 ore
659 3839 963 3909 sumpsimus
986 3878 1000 3901 ,
1032 3838 1276 3906 Domine,
1303 3856 1433 3907 pura
1460 3850 1623 3893 mente
1653 3842 1945 3908 capiamus,
1980 3850 2027 3895 et
2053 3842 2117 3895 de

543 3946 747 3983 munere
791 3931 1056 4000 temporali
1100 3931 1190 3998 ﬁat
1231 3930 1373 3984 nobis
1416 3933 1688 3986 remedium
1729 3935 2111 4001 sempiternum.

543 4022 940 4092 Subsequenter
980 4024 1136 4078 aliam
1168 4023 1474 4079 Orationem
1502 4038 1531 4078 ε’
1563 4025 1758 4095 Corpus
1809 4036 1979 4093 tuum,
2012 4024 2118 4080 Do-

546 4116 711 4181 mine,
748 4116 883 4183 quod
904 4116 1133 4185 sumpsi,
1156 4125 1203 4169 et
1222 4117 1429 4185 sanguis
1457 4133 1602 4185 quem
1625 4116 1795 4187 potavi
1814 4161 1827 4186 ,
1858 4118 2118 4171 adhtereat

549 4206 816 4257 uisceribus
865 4206 1021 4266 meis,
1054 4214 1100 4257 et
1151 4214 1338 4274 prcesta
1384 4216 1437 4257 ut
1477 4206 1529 4258 in
1579 4221 1657 4277 me
1708 4222 1808 4257 non
1858 4216 2116 4259 remaneat

543 4298 741 4352 sceleris
786 4297 1015 4360 macula,
1049 4313 1195 4364 quem
1226 4312 1353 4365 pura
1399 4307 1443 4348 et
1473 4305 1649 4348 sancta
1696 4298 1977 4363 refecerunt
2032 4314 2115 4350 sa-

543 4396 823 4441 cramenta.
852 4387 952 4453 Qui
982 4386 1102 4438 vittis
1127 4397 1174 4438 et
1204 4401 1389 4455 regnas
1410 4401 1523 4439 cum
1551 4387 1723 4438 eadem
1755 4386 1860 4437 Deo
1884 4385 2039 4441 Patre
2061 4387 2114 4440 in

542 4483 734 4536 unitate
754 4480 981 4550 ejusdem
1003 4478 1227 4549 Spiritus
1250 4478 1411 4530 sancti
1436 4475 1595 4540 Deus,
1626 4493 1714 4546 per
1734 4480 1904 4531 omnia
1924 4478 2117 4532 swcula

546 4572 889 4631 saeculorum,
944 4584 1110 4621 amen.
1166 4566 1363 4621 Deinde
1426 4566 1645 4635 recipiat
1700 4575 1901 4634 partem
1958 4582 2115 4621 unum

550 4664 777 4724 llosti:e,
804 4676 922 4729 qum
947 4670 1029 4713 est
1056 4661 1106 4713 in
1152 4670 1369 4726 patena,
1403 4668 1455 4712 et
1486 4668 1643 4727 ponat
1685 4660 1735 4711 in
1768 4674 1862 4713 ore
1906 4661 2114 4714 diacoiii

543 4752 831 4806 cardinalis
872 4750 1157 4819 supradicti
1184 4790 1197 4815 ,
1228 4749 1449 4803 dicendo
1483 4766 1493 4801 :
1529 4749 1725 4819 Corpus
1756 4748 1962 4803 Domini
1989 4750 2116 4805 Jesu

544 4845 736 4898 Christi
756 4843 1005 4897 custodiat
1026 4843 1245 4894 animam
1271 4850 1408 4895 luant
1434 4844 1486 4895 in
1502 4844 1650 4895 vitam
1668 4853 1927 4907 teternam,
1942 4860 2109 4895 amen.

548 4936 943 5003 Subsequenter
978 4935 1196 5000 recipiat
1225 4936 1392 5002 ipsum
1423 4935 1486 4986 ad
1518 4935 1755 4988 osculum
1788 4949 1884 5001 pac
1906 4949 1961 4995 s;
1997 4949 2118 5002 pos-

552 5039 634 5082 tca
668 5027 884 5096 recipiat
916 5028 1069 5078 aliam
1096 5028 1404 5096 particulam
1434 5027 1629 5080 Hostia:
1650 5068 1664 5093 ,
1697 5042 1811 5094 quin
1847 5027 1896 5078 in
1927 5036 2113 5093 patena

546 5119 843 5182 remansit,
897 5127 951 5172 et
1000 5128 1159 5186 ponat
1207 5119 1256 5171 in
1308 5133 1403 5172 ore
1449 5116 1791 5183 subdiaconi,
1848 5117 2113 5172 dicendo:

542 5207 739 5278 Corpus
771 5208 975 5262 Domini
1004 5210 1162 5263 nostri
1189 5208 1315 5262 Jesu
1337 5208 1562 5274 Christi,
1596 5218 1654 5262 ut
1676 5223 1856 5279 supra.
1890 5210 2113 5266 Demum

548 5303 727 5356 sedeat
777 5303 829 5355 in
879 5302 1006 5356 sede
1050 5318 1186 5365 sua,
1221 5311 1276 5356 et
1323 5285 1601 5371 perfundat
1650 5315 1804 5371 supra
1855 5302 2113 5372 scyphum

550 5413 791 5453 anteum.
822 5399 1220 5469 Subsequenter
1242 5395 1379 5455 Ia'vet
1406 5400 1504 5455 sibi
1538 5417 1587 5455 m
1608 5417 1726 5455 mus
1751 5444 1764 5467 ,
1799 5411 1850 5457 ct
1876 5404 2114 5458 sedendo

553 5502 826 5557 exspectet
874 5494 1287 5555 subdiaconum,
1319 5494 1406 5562 qui
1455 5493 1555 5548 sibi
1605 5502 1847 5562 apportet
1896 5495 2114 5548 calicem

549 5596 666 5636 cum
701 5580 853 5640 vino,
885 5598 1042 5649 quem
1083 5584 1301 5637 calicem
1338 5599 1467 5653 papa
1500 5585 1718 5653 recipiat
1748 5601 1866 5638 trum
1911 5586 2117 5639 duabus

556 5671 834 5731 manibus,
866 5680 917 5719 ct
945 5671 1010 5722 de
1039 5672 1162 5723 vino
1190 5688 1310 5727 eum
1346 5677 1509 5731 ca'ice
1533 5688 1703 5732 sumat
1738 5680 1799 5731 ad
1834 5680 2116 5735 lavandum

553 5758 652 5810 sibi
683 5772 772 5822 os,
802 5766 1053 5823 quantum
1079 5763 1267 5828 placet.

2226 1928 2506 2013 Dymnum,
2534 1951 2683 2004 quem
2712 1936 2980 1994 cantabant
3008 1943 3060 1996 in
3087 1946 3286 1998 camino
3309 1948 3439 2016 ignis
3467 1950 3797 2004 benedicentes

2224 2018 2517 2076 Dominum.
2552 2025 2618 2079 Ps
2640 2026 2687 2079 tl.
2721 2026 3008 2085 Benedicite
3038 2035 3207 2087 omnia
3251 2051 3409 2103 Opera
3458 2037 3674 2092 Domini
3701 2038 3797 2095 Do~

2223 2113 2383 2178 mino,
2405 2121 2593 2168 totum.
2617 2116 2851 2173 Laudate
2875 2120 3147 2176 Dominum
3164 2126 3216 2177 in
3238 2128 3425 2180 sanctis
3449 2130 3591 2197 ejus.
3618 2130 3796 2185 Deinde

2223 2215 2430 2272 repetit
2457 2208 2831 2275 Antipbnnatn.
2860 2212 3037 2267 Trium
3060 2233 3351 2284 puerorum,
3384 2218 3567 2290 Kyrie,
3600 2224 3796 2288 eieisoa,

2224 2294 2440 2359 Christe,
2466 2299 2673 2365 eleison,
2712 2299 2869 2355 Pater
2898 2313 3084 2359 noster.
3120 2304 3185 2358 Et
3218 2323 3281 2361 ne
3308 2325 3402 2362 nos
3425 2310 3673 2378 inducas,
3703 2324 3793 2366 etc.

2224 2384 2279 2438 R-
2300 2401 2381 2455 sp.
2413 2386 2519 2443 Sed
2549 2391 2704 2445 libera
2732 2410 2820 2445 nos
2860 2411 2890 2446 a
2917 2396 3068 2448 malo.
3114 2396 3270 2455 Vers.
3303 2399 3665 2469 Couﬁ'eantur
3690 2404 3794 2470 tibi,
3822 2394 3825 2397 λ

2224 2472 2462 2539 Domine,
2499 2493 2654 2546 opera
2683 2489 2788 2533 tua.
2809 2482 2970 2551 RcSp.
3001 2484 3063 2541 Et
3088 2490 3248 2541 sancti
3276 2491 3349 2541 tui
3379 2491 3681 2545 benedicant
3700 2496 3797 2554 tibi.

2230 2563 2377 2618 Vers.
2410 2566 2935 2625 Exsultabuntsancti
2964 2575 3015 2626 in
3037 2576 3224 2645 gloria.
3270 2581 3432 2649 lleSp.
3473 2580 3799 2637 La'tabuntur

2221 2655 2277 2707 in
2301 2656 2550 2712 cubil.bus
2574 2662 2701 2714 suis.
2734 2662 2883 2719 Vers.
2913 2664 3033 2720 Non
3056 2669 3220 2735 nobis,
3243 2668 3486 2738 Domine,
3522 2692 3627 2728 non
3648 2680 3793 2732 nobis.

2225 2745 2386 2817 Resp.
2422 2749 2530 2803 Sed
2560 2754 2752 2806 nomini
2798 2764 2882 2809 tuo
2926 2759 2995 2811 da
3038 2761 3276 2829 gloriam.
3343 2766 3496 2820 Vers.
3547 2768 3794 2838 Domine,

2226 2841 2411 2893 exaudi
2447 2842 2737 2899 Orationem
2767 2864 2949 2903 meum.
2978 2852 3141 2921 Resp.
3183 2854 3246 2907 Et
3276 2857 3471 2911 clamor
3504 2877 3649 2913 meus
3672 2865 3733 2914 ad
3757 2875 3797 2917 te

2220 2935 2403 2989 ueniat.
2435 2937 2585 2993 Vers.
2620 2938 2867 2995 Dominus
2890 2944 3161 3000 vobiscum.
3193 2946 3353 3019 Resp.
3391 2950 3453 3004 Et
3474 2969 3592 3005 cum
3625 2955 3796 3021 spirits

2221 3034 2328 3079 luo.
2366 3026 2520 3095 Deus,
2548 3032 2632 3096 qui
2655 3032 2813 3087 tribus
2836 3037 3022 3102 pueris,
3054 3045 3155 3105 etc.
3186 3039 3418 3094 Actiones
3450 3057 3680 3109 nostras,
3701 3056 3795 3101 etc.

2400 3119 2605 3174 LXXII.
2640 3120 2703 3174 In
2728 3125 2854 3193 [esto
2883 3127 3044 3179 sancti
3068 3127 3318 3199 Stephani
3349 3130 3628 3188 Ιηιςοὶιτεε.

2295 3211 2548 3267 Sederunt
2600 3217 2881 3286 principes,
2916 3231 2963 3273 ct
3017 3221 3285 3275 adversum
3315 3240 3395 3277 me
3447 3224 3792 3294 loquebantur.

2220 3302 2460 3358 Psalmtts
2494 3305 2641 3361 Beati
2672 3309 2986 3365 immaculati
3010 3315 3061 3365 in
3092 3316 3187 3369 via.
3235 3314 3410 3369 Gloria
3444 3315 3616 3371 Patri.
3652 3319 3795 3374 Com-

2221 3395 2416 3463 plendo
2448 3396 2644 3464 ipsum,
2675 3409 2727 3454 et
2760 3400 2917 3470 Kyrie
2940 3443 2955 3470 ,
2999 3404 3187 3458 eleison
3215 3446 3228 3468 ,
3266 3420 3385 3459 cum
3439 3408 3793 3464 cardinatibus

2220 3486 2317 3540 sibi
2350 3488 2665 3555 astantibus,
2693 3492 2884 3547 deinde
2910 3495 3092 3549 sedeat
3122 3498 3171 3550 in
3200 3498 3326 3552 sede
3356 3515 3485 3566 sua;
3518 3512 3571 3556 et
3600 3503 3792 3556 decan—

2223 3586 2331 3630 tato
2364 3578 2584 3635 lutroitu
2610 3622 2624 3645 ,
2675 3582 2815 3637 dicat
2846 3583 3021 3639 Gloria
3063 3586 3116 3639 in
3146 3590 3374 3644 excelsis.
3428 3591 3547 3659 Quo
3590 3604 3794 3647 cantato

2222 3685 2315 3738 pzr
2336 3673 2582 3738 chorum,
2611 3676 2798 3730 stando
2817 3678 2953 3731 dicat
2987 3677 3102 3732 Pax
3117 3682 3274 3745 vobis,
3306 3698 3494 3739 versus
3525 3687 3795 3754 populum.

2223 3761 2426 3815 Oratio.
2462 3763 2539 3817 Da
2569 3765 2732 3831 nobis,
2761 3783 3083 3836 qua‘sumns,
3117 3770 3365 3837 Domine,
3417 3776 3615 3830 imitari
3670 3779 3795 3842 quod

2224 3851 2460 3918 colimus,
2484 3864 2587 3908 etc.
2619 3853 3068 3913 Commemoratio
3098 3862 3164 3916 de
3195 3863 3501 3928 Nativitate,
3535 3866 3794 3932 Concede,

2223 3957 2533 4009 quwsumus,
2559 3952 2663 3999 etc.
2696 3945 2877 4002 Lectio
2905 3948 3128 4004 Actuutn
3158 3953 3546 4020 apostolorum,
3584 3955 3796 4025 Stepha-

2224 4046 2319 4085 nus
2349 4043 2536 4101 autem,
2569 4044 2674 4091 etc.
2706 4036 2770 4091 Et
2799 4038 2940 4094 dieta
2989 4040 3220 4110 Epistola
3244 4084 3261 4110 ,
3301 4053 3354 4098 et
3398 4046 3652 4100 osculato
3678 4048 3794 4115 peds

2225 4138 2375 4192 papte
2406 4140 2499 4189 per
2543 4128 2928 4185 subdiaconum
2951 4172 2968 4199 ,
3018 4148 3147 4200 papa
3178 4136 3348 4206 signet
3399 4138 3604 4205 ipsum.
3642 4140 3793 4195 Grati.

2225 4213 2480 4268 Sederunt
2510 4219 2797 4289 principes,
2830 4232 2934 4276 etc.
2963 4223 3208 4280 Alleluia.
3251 4226 3407 4282 Vers.
3450 4228 3615 4283 Video
3655 4232 3795 4284 celos

2221 4316 2443 4372 apertos,
2473 4316 2578 4364 etc.
2631 4308 2692 4361 Et
2718 4311 2998 4366 decantato
3025 4314 3272 4370 Graduali
3304 4327 3359 4371 et
3382 4321 3555 4386 primo
3582 4322 3795 4375 Alleluia

2223 4404 2251 4442 a
2272 4392 2457 4459 choro,
2488 4393 2579 4448 dat
2603 4394 3035 4454 Benedictiouem
3066 4401 3291 4457 diacono
3319 4405 3581 4460 cardinali
3610 4408 3793 4476 legenti

2223 4486 2593 4557 Evangelium,
2628 4493 2771 4546 eunti
2817 4494 2880 4547 ad
2915 4495 3098 4563 pedem
3127 4539 3144 4568 ,
3179 4498 3440 4568 signando
3485 4500 3666 4570 ipsum
3696 4544 3710 4566 ,
3739 4517 3792 4555 ac

2224 4578 2450 4634 dicendo
2476 4598 2488 4634 :
2524 4581 2606 4637 Sit
2639 4584 2885 4639 Dominus
2914 4586 2968 4641 in
2998 4590 3147 4640 corde
3169 4598 3276 4652 tuo,
3304 4599 3351 4643 et
3393 4591 3445 4644 in
3474 4592 3629 4646 labiis
3661 4594 3759 4647 tuis
3779 4634 3792 4659 ,

2222 4678 2325 4724 etc.
2348 4669 2549 4726 Deinde
2578 4683 2740 4742 ponat
2772 4676 2891 4731 thus
2925 4677 2975 4730 in
3020 4678 3310 4743 thuribulo,
3344 4682 3630 4750 signando,
3660 4695 3792 4751 post-

2224 4775 2382 4827 quam
2413 4764 2667 4830 posuerit,
2697 4767 2863 4820 semel
2913 4769 3064 4839 signo
3094 4771 3300 4837 crucis;
3335 4782 3387 4826 et
3429 4774 3629 4829 iterum
3680 4790 3791 4829 cum

2223 4852 2363 4906 idem
2411 4854 2667 4910 diaconus
2725 4858 2855 4927 petit
2895 4859 3329 4917 Benedictionem
3381 4879 3409 4919 a
3458 4881 3592 4935 papa
3620 4910 3635 4934 ,
3672 4882 3794 4934 papa

2223 4945 2398 5014 signet
2451 4945 2620 5013 ipsum
2672 4949 2926 5003 sedendo.
2958 4950 3059 5005 Sed
3095 4968 3213 5006 cum
3264 4954 3514 5024 incipitur
3559 4955 3796 5025 Evange-

2224 5032 2375 5098 lium,
2411 5050 2543 5104 papa
2569 5047 2673 5091 stet
2693 5039 2903 5094 detecto
2928 5042 3121 5109 capite.
3150 5042 3446 5097 Secundum
3474 5044 3797 5101 Matt/iterm.

2226 5123 2291 5177 In
2339 5127 2429 5179 i.’lo
2469 5138 2727 5198 tempore,
2780 5129 2977 5183 dicebat
3006 5130 3158 5185 Jesus
3213 5135 3372 5188 turbis
3409 5132 3715 5190 Iudaeorum
3760 5145 3797 5187 ct

2227 5218 2539 5286 principibus
2569 5222 2887 5274 sacerdotum
2918 5237 2933 5275 :
2967 5221 3098 5276 Ecce
3140 5240 3233 5295 ego
3281 5227 3422 5280 mitto
3466 5228 3533 5279 ad
3564 5246 3648 5283 vos
3682 5249 3794 5305 pro~

2227 5312 2428 5379 phetas,
2455 5323 2558 5365 etc.
2590 5312 2653 5367 Et
2682 5315 2921 5370 osculato
2962 5316 3101 5371 libro
3134 5318 3537 5387 Evangeliorum
3583 5336 3678 5390 per
3712 5336 3793 5389 pa-

2226 5418 2369 5471 pam,
2408 5404 2499 5458 ﬁat
2522 5420 2700 5461 sermo
2726 5416 2819 5461 aut
2849 5398 2943 5477 per
2970 5424 3113 5473 eum,
3142 5422 3233 5466 aut
3263 5411 3422 5483 339
3450 5429 3544 5482 per
3572 5416 3791 5483 aliquem

2226 5497 2575 5562 cartlinalem,
2607 5501 2689 5552 cui
2724 5499 2835 5569 ipse
2868 5516 2997 5568 papa
3030 5506 3356 5558 commiserit
3380 5506 3700 5560 faciendum.
3734 5510 3791 5560 Et

2228 5585 2371 5643 laeto
2400 5604 2668 5659 sermone,
2693 5592 2971 5647 subsecuta
3003 5594 3342 5650 confessione
3389 5613 3482 5666 per
3511 5598 3791 5651 diaconum

2228 5681 2552 5736 eartlinalem
2574 5726 2590 5745 ,
2623 5685 2666 5737 si
2702 5699 2831 5755 papa
2863 5699 3161 5742 sermonem
3216 5688 3393 5742 iecerit
3422 5729 3437 5750 ,
3497 5689 3611 5755 ipse
3661 5700 3795 5755 papa

2229 5775 2530 5840 pronuntiet
2564 5776 2940 5851 indulgentium
2974 5793 3123 5851 prout
3154 5784 3200 5834 ei
3237 5781 3434 5849 placet:
3468 5781 3793 5836 .‘htrtoritate
