4006 6304
222 313 368 370 H93

1409 308 1674 367 ROMANI
1710 308 2033 368 DRDINES.
2077 339 2108 347 —
2188 307 2322 363 XIV.

3356 310 3494 366 HM

227 425 324 478 Dei
355 421 738 489 omnipotentis,
775 420 967 486 Patris,
1001 430 1044 472 et
1071 419 1215 486 Filii,
1246 429 1290 474 et
1325 421 1552 491 Sp‘ritus
1597 424 1763 476 sancti
1792 461 1803 482 ,
1839 427 1881 478 Α
1917 419 2106 471 iterum
2167 432 2327 485 super
2358 413 2597 468 Hostiam
2651 422 2703 468 et
2731 412 2992 479 calicem;
3048 413 3260 468 demum
3308 420 3495 474 reddat

225 515 486 569 beatorum
519 513 664 568 Petri
695 524 740 567 et
764 513 923 568 Pauli
962 514 1307 582 apostolorum
1338 518 1479 586 ejus,
1517 523 1563 568 et
1595 526 1769 569 nostra
1793 556 1806 578 ,

224 607 460 660 omnibus
488 606 576 674 qui
605 614 849 659 venerunt
903 605 1082 672 hodie,
1135 607 1224 676 qui
1250 617 1368 660 sunt
1400 607 1453 660 in
1500 616 1636 660 statu
1681 621 1813 660 vera:

223 698 556 766 poenitentiae,
599 697 924 750 concedimus
964 697 1333 770 indulgentiam
1378 698 1526 752 unius
1557 699 1712 762 anni,
1762 707 1809 750 et

221 789 572 859 quadraginta
621 789 859 856 dierum,
917 791 994 844 vel
1042 791 1267 859 plurium
1301 833 1315 857 ,
1364 791 1432 844 ad
1481 795 1806 846 voluntatem

223 897 400 937 suam.
435 881 781 936 POStmodum
833 881 1005 936 dicat:
1051 881 1292 937 Precibus
1339 892 1386 935 et
1433 883 1622 936 meritis
1652 884 1810 938 beata:

226 969 418 1025 Maria:
461 987 658 1040 semper
708 970 919 1038 virginis
944 1010 960 1035 ,
1003 970 1134 1024 beati
1179 970 1444 1025 Michaelis
1477 972 1806 1041 archangeli,

221 1064 361 1118 beati
402 1063 616 1118 Ioannis
643 1062 922 1130 Baptistae,
951 1071 1244 1116 sanctorum
1271 1063 1623 1132 apostolorum
1666 1063 1808 1118 Petri

223 1166 273 1209 et
306 1154 483 1219 Pauli,
507 1164 554 1208 et
575 1155 800 1208 omnium
830 1162 1143 1218 sanctorum,
1174 1153 1475 1206 misereatur
1520 1155 1674 1207 vestri
1699 1170 1811 1206 om-

222 1247 462 1315 nipotens
495 1244 667 1310 Deus,
716 1253 762 1298 et
813 1245 1038 1298 dimissis
1085 1246 1304 1312 peccatis
1354 1245 1531 1298 vestris
1564 1246 1809 1314 perducat

221 1352 315 1388 vos
346 1336 414 1388 ad
436 1336 589 1388 vitam
641 1344 905 1401 a’ternam,
937 1351 1105 1388 auten.
1143 1335 1346 1390 Deinde
1397 1337 1564 1391 dicit:
1620 1337 1810 1392 Indul—

221 1428 473 1496 gentiam,
506 1427 877 1480 absolutionem
906 1437 953 1480 et
984 1427 1330 1481 remissionem
1352 1438 1673 1498 peccatorum
1704 1445 1813 1482 ves-

223 1528 423 1570 trorum
445 1517 632 1570 tribuat
656 1518 791 1571 vobis
811 1518 1132 1588 omnipotens
1158 1528 1202 1572 et
1224 1519 1507 1572 misericors
1536 1517 1812 1584 Dominus,

221 1625 397 1664 amen.
420 1611 815 1680 Subscquenter
840 1611 967 1667 dicit
993 1611 1248 1681 signando
1267 1611 1516 1681 populum
1549 1622 1600 1667 et
1621 1613 1670 1665 in
1698 1626 1815 1665 mo-

1918 509 2243 564 thuribnlum
2303 508 2445 563 dicto
2500 507 2756 561 Cardinali
2797 549 2810 574 ,
2867 506 3092 562 dicendo
3146 509 3401 563 Accendat
3439 514 3494 568 in

1914 603 2056 655 nobis
2101 585 2354 660 Dominus
2381 602 2590 670 ignem,
2640 609 2744 654 etc.
2796 599 3016 654 Demum
3047 600 3330 656 inclinatus
3373 610 3497 658 ante

1913 694 2081 747 altare
2106 736 2120 758 ,
2153 694 2292 748 dicat
2335 693 2573 762 Suscipe,
2605 701 2781 746 sancta
2831 692 3059 746 Trinitas
3087 733 3102 759 ,
3137 708 3241 748 etc.
3291 695 3490 753 Subse-

1917 794 2142 855 quenter
2158 788 2319 856 erigat
2340 801 2416 849 se,
2441 795 2493 839 et
2514 787 2783 840 osculetur
2797 786 2966 840 altare
2997 787 3046 840 in
3071 789 3274 856 medio;
3305 791 3498 846 deinde

1918 877 2080 942 dicat,
2110 893 2294 933 versus
2319 877 2566 946 populum
2589 920 2604 944 ,
2661 878 2816 931 Orate
2847 895 2938 945 pro
2961 896 3037 933 me
3066 921 3081 945 ,
3134 883 3316 950 fratres
3341 923 3354 945 ,
3389 895 3498 939 etc.

1917 966 2338 1024 Circumstantes
2358 984 2484 1024 vero
2534 968 2892 1037 respondeant
2942 969 3202 1040 Suscip.-'at
3247 969 3499 1027 Dominus

1917 1061 2229 1128 sacri/icium
2256 1061 2318 1113 de
2366 1060 2601 1114 manibus
2631 1063 2764 1125 tuis,
2796 1068 2901 1116 etc.
2935 1059 3328 1131 Subsequenter
3357 1063 3500 1120 dicat

1916 1138 2125 1208 Secrete
2156 1154 2464 1209 Orationem
2517 1153 2766 1223 Suscipe,
2800 1152 3017 1206 Domine
3044 1195 3057 1218 ,
3103 1171 3348 1218 munera,
3394 1168 3498 1212 etc.

1917 1243 2031 1296 Alia
2061 1245 2263 1310 Oratio,
2301 1244 2506 1310 Oblata,
2537 1245 2781 1308 D..-mine,
2813 1262 3054 1310 munera,
3107 1255 3213 1300 etc.
3252 1248 3498 1302 Praelatio

1918 1346 1970 1388 et
2003 1335 2103 1387 alia
2137 1335 2384 1388 dicuntur
2412 1347 2467 1390 ut
2489 1351 2668 1408 supra.

2059 1445 2142 1500 Ex
2182 1446 2534 1501 Caeremoniali
2578 1447 2868 1501 Cardinalis
2911 1448 3354 1520 Ilotliuntagcnsis.

1989 1538 2262 1608 Completa
2295 1538 2454 1592 Missa
2476 1578 2491 1601 ,
2522 1538 2565 1591 si
2601 1552 2733 1608 papa
2772 1541 2841 1592 sit
2875 1539 2930 1592 in
2983 1539 3122 1592 Urbe
3151 1581 3164 1603 ,
3198 1541 3384 1608 recipit
3413 1558 3498 1596 re-

1922 1645 2085 1699 gnum
2117 1630 2183 1683 de
2214 1645 2374 1683 manu
2423 1629 2723 1685 marcscalli
2776 1631 2996 1698 majoris
3024 1670 3040 1696 ,
3075 1641 3128 1684 et
3173 1639 3348 1700 gestat
3376 1633 3502 1686 illud

219 1700 352 1762 dum
383 1703 586 1756 crucis:
621 1700 688 1757 Et
728 1700 1029 1758 Benedictio
1054 1702 1151 1756 Dei
1195 1704 1553 1774 omnipotentis
1579 1744 1593 1769 ,
1623 1702 1814 1770 Patris,

1931 1735 2096 1790 usque
2124 1721 2190 1776 ad
2237 1721 2434 1790 gradus
2467 1721 2668 1791 palatii.
2721 1721 2871 1776 Tunc
2907 1722 3116 1790 judices
3161 1733 3214 1777 et
3259 1724 3504 1780 advocati

221 1804 272 1846 et
305 1795 460 1857 ltitii,
491 1801 540 1847 et
587 1792 815 1864 Spiritus
867 1795 1054 1860 sancti,
1101 1795 1376 1849 descendat
1408 1811 1561 1864 super
1589 1811 1675 1849 vos
1697 1835 1713 1862 ,
1766 1800 1816 1849 et

222 1896 431 1941 maneat
457 1903 671 1958 semper.
693 1887 749 1940 Si
770 1894 945 1941 autem
970 1885 1250 1941 cardinalis
1273 1899 1577 1940 sermonem
1603 1885 1808 1953 fecerit,

222 1992 348 2032 cum
378 1977 521 2032 vadit
549 1977 613 2031 ad
641 1976 828 2046 pedem
874 1991 1024 2046 papae
1049 2017 1063 2042 ,
1115 1976 1409 2031 osculando
1457 1985 1604 2044 petat
1633 1975 1811 2032 Bene-

219 2069 515 2125 dictionem
542 2083 571 2122 a
598 2083 732 2138 papa
758 2067 908 2124 (lexis
925 2068 1169 2136 genibus,
1193 2068 1406 2123 dicens:
1433 2066 1586 2134 Jube,
1606 2069 1810 2134 domne,

217 2159 541 2215 benedicere.
593 2160 733 2229 Papa
801 2159 1038 2215 sedendo
1101 2159 1189 2213 dat
1237 2159 1708 2224 Benedictionem,
1758 2167 1818 2214 et

219 2250 490 2319 signando
516 2261 570 2305 et
599 2250 828 2307 dicendo
855 2267 867 2302 :
906 2249 986 2306 Sit
1015 2250 1264 2304 Dominus
1287 2253 1337 2304 in
1367 2251 1522 2304 corde
1569 2262 1658 2306 tuo
1686 2261 1732 2304 et
1760 2253 1814 2304 in

222 2341 378 2395 labiis
408 2341 526 2406 tuis,
560 2348 614 2394 ut
644 2341 794 2412 digne
839 2348 885 2394 et
925 2347 1262 2409 competenter
1316 2340 1583 2394 annunties
1611 2342 1816 2394 verbum

220 2443 461 2487 sanctum
505 2450 676 2487 suum.
707 2432 911 2489 Deinde
955 2431 1130 2487 dictus
1169 2431 1454 2487 cardinalis
1503 2440 1815 2487 reverenter

224 2537 435 2594 quaerat
464 2541 494 2578 a
544 2540 678 2594 papa
730 2535 981 2594 quantam
1031 2522 1408 2592 indulgentiam
1464 2523 1668 2592 placeat
1700 2523 1801 2577 sibi

226 2615 556 2680 concedere;
587 2629 690 2684 qua
723 2615 1082 2683 pronuntiata,
1115 2629 1249 2682 papa
1278 2613 1368 2668 dat
1396 2612 1810 2676 absolutionem,

231 2709 292 2756 ut
319 2717 499 2771 supra,
527 2713 581 2758 et
612 2717 746 2773 papa
791 2703 1038 2758 concedit
1068 2702 1206 2758 sicut
1256 2702 1428 2771 placet
1476 2701 1608 2764 sibi,
1651 2716 1812 2771 quam

227 2794 620 2866 indulgentiam
647 2796 761 2866 ipse
805 2795 1095 2851 cardinalis
1137 2794 1463 2865 pronuntiat.
1505 2794 1640 2847 Tum
1676 2808 1810 2862 papa

223 2892 422 2948 stando
447 2893 498 2947 in
526 2893 655 2949 sede
684 2908 777 2948 sua
807 2907 968 2963 super
997 2891 1309 2956 scabellum,
1335 2890 1552 2959 incipiat
1573 2888 1736 2944 Credo
1759 2890 1811 2944 in

1921 1811 2138 1868 veniunt
2169 1815 2217 1868 ei
2245 1815 2458 1868 obviam
2492 1813 2591 1868 sub
2618 1813 2868 1884 gradibus
2898 1815 2947 1867 in
2975 1815 3202 1882 porticu,
3234 1825 3288 1870 et
3311 1816 3508 1871 lat-inut

1919 1905 2110 1961 iterum
2137 1922 2185 1961 ei
2219 1906 2426 1971 laudes,
2454 1916 2611 1975 prout
2639 1907 2691 1960 in
2727 1906 2862 1959 libro
2885 1905 3215 1976 Polyptycho
3245 1907 3501 1976 scriptum

1917 2007 1994 2050 est
2017 2013 2031 2061 ;
2056 2006 2109 2051 et
2139 1997 2210 2051 ibi
2237 1996 2486 2050 dominus
2509 2010 2640 2064 papa
2672 1995 2966 2061 descendit,
2992 2005 3042 2048 et
3065 1995 3310 2063 deposito
3343 2011 3507 2066 regno

1921 2088 2114 2156 accipit
2143 2089 2377 2142 mitram.
2408 2086 2610 2142 Deinde
2635 2085 2842 2154 iudices
2870 2085 3069 2138 ducunt
3093 2099 3212 2138 eum
3241 2102 3406 2156 usque
3435 2087 3503 2141 ad

1923 2179 2096 2233 locum
2153 2179 2206 2233 in
2244 2194 2350 2249 quo
2404 2179 2558 2232 datur
2599 2177 3008 2246 presbyterium.
3063 2176 3214 2230 Tunc
3259 2177 3504 2246 deposita

1925 2270 2155 2340 planeta,
2189 2278 2244 2324 et
2268 2270 2510 2338 apposito
2541 2267 2798 2321 mantello
2830 2280 2991 2334 super
3011 2265 3279 2334 scapulas,
3311 2267 3506 2321 sedens

1926 2361 1977 2414 in
2034 2359 2286 2415 cathedra
2339 2359 2584 2413 manibus
2649 2357 2878 2425 propriis
2941 2355 3048 2410 dat.
3110 2356 3501 2425 presbyterium

1922 2451 2237 2520 capellanis,
2272 2460 2427 2520 prout
2477 2450 2528 2502 in
2553 2448 2920 2502 coronatione.
2956 2448 3089 2501 Dato
3129 2447 3461 2518 presbyterio
3489 2489 3506 2513 ,

1924 2543 2002 2596 sic
2031 2542 2250 2596 indutus
2277 2542 2422 2595 vadit
2451 2540 2515 2594 ad
2538 2555 2802 2604 mensam,
2834 2550 2965 2602 etc.,
2992 2546 3047 2593 et
3091 2538 3349 2604 diaconus
3388 2555 3508 2595 ear-

1920 2632 2114 2688 dinalis
2142 2632 2284 2702 legat
2312 2632 2364 2687 in
2390 2646 2571 2686 mensa
2600 2645 2721 2685 cum
2745 2628 2996 2700 pluviali;
3023 2639 3078 2683 et
3107 2631 3156 2682 in
3193 2629 3296 2684 line
3320 2640 3504 2686 canto-

1930 2740 2016 2780 res
2046 2735 2266 2779 cantant
2295 2723 2628 2793 sequentiam
2681 2721 3048 2777 Laztabundus.
3094 2720 3246 2788 Quod
3298 2723 3341 2774 si
3375 2737 3507 2791 papa

1921 2832 2028 2871 non
2060 2816 2380 2883 celebraret,
2425 2815 2703 2886 presbyter
2735 2812 3023 2868 cardinalis
3056 2813 3134 2866 tit.
3172 2814 3339 2867 sancti
3381 2813 3503 2869 Ste-

1920 2907 2080 2978 phani
2111 2906 2352 2978 przediCti
2389 2905 2667 2961 consuevit
2698 2920 2876 2960 coram
2923 2919 3058 2974 papa
3097 2905 3374 2960 celebrare
3415 2903 3505 2959 illa

225 3003 391 3042 unum
416 2987 602 3044 Deum.
631 2989 746 3055 Quo
771 2987 934 3056 dicto,
962 2996 1015 3043 et
1045 3000 1140 3055 per
1169 2988 1390 3040 chorum
1413 2990 1648 3052 cantato,
1673 2981 1814 3037 dicat
1841 3006 1885 3066 ρ
1920 2998 2036 3057 δίε,
3303 2987 3353 3025 θ’

227 3079 484 3134 Dominus
521 3079 792 3133 vobiscum.
828 3078 989 3148 Resp.
1027 3077 1092 3130 Et
1136 3093 1256 3131 cum
1301 3075 1486 3146 spiritu
1536 3085 1646 3129 tuo.
1679 3073 1810 3130 Ore-

227 3186 365 3225 mus.
391 3169 589 3226 Deinde
616 3171 798 3226 sedeat
826 3170 877 3224 in
901 3168 1030 3224 sede
1069 3183 1185 3224 sua.
1218 3166 1502 3223 Oderenda
1532 3165 1814 3238 Elegerunt

224 3260 450 3333 apostoli
481 3261 798 3328 Stephanum
846 3261 1048 3315 lenitum
1076 3301 1090 3327 ,
1139 3269 1245 3314 etc.
1296 3259 1363 3313 Et
1393 3257 1519 3313 dum
1565 3267 1814 3314 cantatur

225 3370 324 3424 per
355 3353 600 3420 chorum,
631 3352 869 3407 sedendo
918 3351 1060 3406 lavet
1088 3351 1190 3406 sibi
1240 3365 1449 3404 manus.
1486 3350 1637 3406 Lotis
1682 3364 1802 3406 vero

226 3445 499 3512 manibus,
524 3451 579 3499 et
606 3442 891 3498 Oll'ertorio
919 3450 1131 3498 cantato
1157 3483 1171 3508 ,
1203 3441 1362 3496 vadat
1400 3443 1464 3496 ad
1507 3441 1678 3497 altare
1709 3482 1724 3508 ,
1754 3450 1814 3496 et

224 3538 298 3591 ibi
334 3535 559 3603 recipiat
609 3543 853 3603 patenum
887 3546 1008 3587 cum
1041 3532 1220 3586 Hostia
1248 3574 1264 3600 ,
1311 3547 1468 3601 quam
1513 3531 1615 3586 sibi
1659 3531 1812 3586 ollert

225 3626 492 3682 diaconus
519 3627 825 3693 rardinalis,
871 3635 924 3682 et
969 3641 1085 3681 eam
1139 3626 1522 3696 aliquantulum
1550 3625 1767 3681 elevans
1796 3667 1811 3690 ,

227 3717 376 3773 dic'at
405 3715 644 3787 Suscipe,
677 3727 848 3772 sancte
881 3715 1059 3783 Pater,
1091 3725 1193 3772 etc.
1229 3716 1448 3772 Demum
1481 3726 1643 3786 ponat
1672 3719 1810 3772 llos-

227 3812 364 3866 tiam
405 3825 567 3880 super
594 3809 873 3881 corporale
921 3823 1041 3864 cum
1089 3817 1278 3877 patena
1307 3808 1372 3863 ad
1404 3817 1609 3878 partem
1652 3809 1812 3863 sinis-

150 3923 172 3932 κ
230 3911 375 3957 tram
400 3942 416 3966 ,
448 3909 503 3958 et
529 3910 776 3972 patenum
810 3910 968 3972 ponat
1018 3899 1084 3955 ad
1117 3914 1331 3954 manum
1382 3902 1623 3953 dextram
1665 3903 1813 3967 juxta

228 3995 538 4062 corporale,
572 4003 622 4048 et
653 4003 835 4063 postea
869 3992 1091 4063 recipiat
1119 3993 1408 4062 ampullam
1435 4007 1554 4046 cum
1580 4007 1716 4062 aqua
1750 3993 1816 4047 de

229 4101 393 4140 manu
421 4085 763 4155 subdiaconi,
794 4096 846 4140 et
877 4095 1040 4156 ponat
1070 4086 1137 4141 de
1167 4101 1304 4155 aqua
1334 4086 1385 4140 in
1414 4085 1604 4153 calice,
1629 4086 1815 4140 dicens

230 4173 373 4230 Deus
410 4177 497 4246 qui
531 4176 773 4230 humanae
797 4176 1113 4242 substantia},
1142 4185 1274 4241 etc.,
1304 4184 1358 4231 et
1389 4174 1574 4229 reddat
1603 4174 1815 4242 ampul-

233 4268 341 4320 lam
367 4265 712 4322 subdiacono.
740 4267 961 4322 Demum
990 4267 1162 4336 signat
1186 4281 1346 4335 super
1367 4267 1587 4320 calicem
1615 4267 1780 4319 semel
1798 4307 1811 4330 ,
1848 4302 1894 4359 Β

231 4369 285 4411 et
313 4359 438 4411 dum
469 4357 682 4427 ponitur
709 4358 843 4412 calix
891 4372 1053 4428 super
1082 4357 1245 4428 340
1270 4356 1552 4426 corporale
1609 4356 1660 4409 in
1695 4356 1815 4409 loco

231 4465 332 4504 suo
365 4465 457 4519 per
486 4451 685 4505 dictum
718 4465 927 4520 papam,
961 4451 1092 4506 dicit
1115 4450 1392 4518 Olferimus
1422 4451 1546 4514 tibi,
1578 4449 1814 4515 Domine,

229 4553 344 4597 etc.
373 4541 438 4596 Et
463 4559 583 4598 cum
614 4560 706 4612 per
729 4545 924 4599 dictum
949 4543 1276 4598 cardiualem
1307 4543 1448 4596 calix
1489 4543 1812 4610 cooperitur,

233 4632 379 4686 dicat
405 4633 788 4702 Antiphonam,
822 4635 886 4688 In
917 4636 1102 4704 spiritu
1129 4633 1455 4698 humilitatis,
1486 4641 1589 4686 etc.
1620 4631 1818 4685 Subse-

234 4736 465 4795 quenter
497 4727 637 4783 dieat
664 4770 677 4791 ,
732 4727 880 4791 Veni,
925 4727 1271 4795 sanctiﬁcator
1294 4768 1308 4792 ,
1365 4734 1472 4780 etc.
1498 4765 1514 4788 ,
1566 4723 1822 4791 signando

242 4833 406 4885 super
430 4817 666 4872 Hostiam
713 4827 767 4871 et
812 4820 1063 4882 calicem;
1112 4828 1164 4871 et
1211 4827 1392 4884 posma
1441 4824 1612 4867 vertat
1657 4828 1715 4866 se
1755 4813 1822 4870 ad

237 4909 524 4963 diaconum
556 4910 882 4965 cardinalem
914 4950 929 4973 ,
985 4918 1039 4962 et
1068 4908 1350 4963 benedieat
1385 4907 1658 4958 incensum
1690 4945 1702 4967 ,
1735 4904 1821 4957 di-

235 5001 431 5066 cendo,
447 5000 519 5053 Ab
536 5001 648 5070 ipso
669 5000 1020 5064 sancti/iretis,
1045 4999 1097 5051 in
1120 5000 1266 5068 cujus
1287 4996 1478 5050 honore
1493 4993 1816 5048 cremabcris.

242 5093 469 5147 Demum
499 5092 725 5161 recipiat
756 5091 1081 5146 thuribulum
1110 5091 1177 5144 de
1219 5088 1461 5142 manibus
1489 5087 1618 5140 dicti
1649 5085 1823 5139 cardi-

236 5183 396 5248 nalis,
426 5191 479 5236 et
505 5181 743 5237 incenset
763 5198 922 5252 super
947 5181 1164 5236 calicem
1189 5189 1242 5233 et
1266 5181 1498 5234 Hostiam
1523 5178 1574 5230 in
1606 5176 1820 5230 modum

230 5272 408 5328 crucis
423 5271 586 5326 decen
595 5281 694 5333 ter.
713 5272 936 5326 dicendo
951 5288 964 5326 :
981 5271 1250 5326 lncensum
1263 5270 1398 5322 istud
1410 5286 1438 5319 (ι
1452 5275 1499 5321 te
1510 5267 1825 5320 benedictum

233 5365 275 5434 ἢ·
312 5364 550 5418 ascendat
573 5365 639 5418 ad
670 5373 738 5429 te,
774 5363 991 5418 Domine
1015 5365 1078 5432 ῒ,
1105 5375 1151 5418 et
1181 5362 1450 5415 descendat
1477 5360 1512 5428 1"
1543 5375 1694 5427 super
1731 5376 1822 5412 nos

231 5457 583 5511 misericordia
609 5465 717 5510 tua.
753 5457 1012 5526 Dirigatur
1043 5457 1221 5510 Oratio
1245 5471 1378 5516 mea,
1412 5464 1520 5507 etc.
1554 5453 1616 5505 Et
1645 5455 1786 5506 conti
1806 5482 1821 5492 -

231 5549 450 5605 nuaudo
488 5550 732 5605 incensat
783 5563 968 5605 cruces
998 5559 1050 5603 et
1093 5548 1351 5617 imagines
1401 5554 1605 5599 Stantes
1656 5559 1818 5612 super

229 5641 442 5708 altare,
492 5652 546 5697 et
595 5642 764 5712 ipsum
817 5641 987 5694 altare
1039 5640 1301 5708 desuper;
1335 5648 1516 5708 postea
1576 5636 1820 5690 iucenset

1994 3091 2087 3145 llla
2119 3091 2206 3146 die
2232 3088 2492 3160 capellani
2516 3087 2926 3152 commensales,
2951 3085 3184 3156 acolythi
3212 3097 3266 3140 et
3293 3085 3506 3139 audito-

1921 3196 2007 3237 res
2029 3191 2080 3236 et
2102 3181 2262 3252 341
2295 3177 2674 3247 prnnitentiarii
2703 3176 2988 3231 comedunt
3016 3191 3135 3229 eum
3169 3190 3300 3245 papa
3327 3175 3506 3245 splen-

1919 3271 2064 3339 dide,
2095 3282 2151 3325 et
2179 3272 2232 3324 in
2259 3269 2545 3324 collatione
2576 3267 2730 3322 datur
2757 3265 3171 3336 presbyterium.

1990 3386 2046 3440 ln
2074 3383 2325 3440 secundis
2372 3381 2625 3453 Vesperis
2673 3394 2810 3452 papa
2853 3379 2997 3434 venit
3042 3394 3164 3434 cum
3204 3380 3418 3446 pluviali
3444 3390 3502 3436 et

1921 3478 2098 3531 mitra.

1993 3588 2217 3643 LXXIII.
2259 3588 2335 3642 De
2363 3588 2524 3657 ofﬁcio
2543 3589 2710 3657 sancti
2735 3584 3013 3657 Stephani.
3038 3583 3209 3640 Statio
3230 3588 3299 3638 ad
3327 3602 3441 3640 san-

2239 3669 2374 3712 ctum
2393 3655 2721 3728 Stephanum
2743 3656 2796 3710 in
2825 3655 2981 3710 Cadio
3005 3663 3190 3709 monte.

1995 3774 2152 3827 Missa
2184 3782 2236 3826 et
2266 3786 2444 3826 sermo
2476 3769 2797 3824 mandantur
2821 3775 2865 3820 ³.

1995 3886 2052 3938 1η
2081 3884 2167 3938 die
2211 3884 2380 3937 sancti
2432 3881 2688 3950 Stephani
2740 3895 2951 3934 summo
2998 3893 3155 3933 mane
3184 3879 3510 3932 conveniunt

1922 3991 2109 4029 omnes
2139 3975 2376 4038 ordines,
2413 3983 2516 4026 tam
2549 3972 2728 4028 clerici
2755 4008 2770 4034 ,
2818 3986 2974 4040 quam
3006 3971 3146 4034 laici,
3183 3973 3348 4025 induti
3379 3988 3511 4041 pan-

1923 4065 2006 4118 nis
2036 4064 2249 4129 sericis,
2284 4063 2337 4116 in
2371 4061 2614 4126 basilica,
2644 4060 2884 4114 diaconis
2911 4060 3271 4114 cardinalibus
3302 4070 3356 4115 et
3381 4063 3511 4115 sub-

1922 4154 2162 4209 diacouis
2191 4133 2428 4220 exceptis
2455 4191 2470 4216 ,
2522 4151 2610 4221 qui
2653 4148 2822 4204 induti
2871 4149 3144 4202 dominum
3182 4165 3368 4218 papam
3409 4150 3510 4204 du-

1923 4234 2050 4298 cunt
2079 4244 2147 4298 ad
2196 4242 2468 4296 basilicam
2502 4242 2668 4310 ipsam
2698 4281 2712 4305 ,
2763 4240 2855 4293 ubi
2895 4238 3197 4294 cardinales
3226 4249 3279 4294 et
3306 4241 3509 4310 prmlati
3586 4314 3588 4318 τ

1926 4353 2112 4391 omnes
2141 4336 2362 4391 exibunt
2401 4336 2448 4389 ei
2489 4335 2554 4388 ad
2601 4332 2986 4398 reverentiam;
3040 4331 3215 4402 ibique
3242 4332 3413 4387 induit
3453 4350 3512 4389 su

1927 4434 2134 4501 planeta
2168 4430 2311 4494 alha,
2341 4440 2394 4484 et
2425 4428 2758 4483 descendens
2788 4428 2852 4481 de
2883 4425 3078 4495 palatio
3108 4439 3272 4495 usque
3295 4423 3361 4493 ad
3394 4440 3512 4494 por-

1927 4523 2181 4584 ticellum,
2218 4521 2392 4590 ibique
2434 4521 2636 4574 invenit
2661 4533 2854 4586 equum
2889 4515 3254 4585 phaleratum,
3282 4515 3375 4570 sed
3407 4531 3514 4570 non

1924 4616 2090 4684 ipsius
2119 4613 2352 4679 collum,
2385 4622 2537 4666 nacta
2568 4609 2779 4665 scarleti
2809 4625 2822 4673 ;
2856 4616 2910 4662 et
2956 4607 3249 4662 ascendens
3282 4623 3513 4678 equum,

1928 4709 2072 4760 etde
2096 4721 2255 4760 manu
2287 4703 2492 4758 diaconi
2520 4742 2534 4766 ,
2564 4701 2652 4770 qui
2682 4715 2709 4753 a
2743 4697 2944 4754 dextris
2974 4696 3092 4766 ejus
3113 4706 3254 4764 stat,
3289 4715 3511 4769 regnum

1929 4799 2195 4868 recipiens
2219 4840 2233 4864 ,
2269 4796 2439 4850 induit
2481 4795 2534 4862 ip
2567 4807 2687 4858 um;
2735 4793 2917 4860 sicque
2945 4791 3088 4844 vadit
3129 4792 3195 4845 ad
3228 4792 3510 4847 ecclesiam

1930 4893 2068 4945 beati
2109 4887 2362 4956 Stephani
2392 4887 2444 4940 in
2477 4883 2642 4938 Caelio
2685 4892 2865 4936 monte
2907 4889 3196 4935 coronatus
3221 4897 3340 4934 cum
3372 4881 3513 4935 ordi~

1933 4984 2086 5035 nibus
2119 4978 2604 5049 pl'OCCSsI0llilltlcr,
2632 4976 2770 5028 sicut
2798 4974 3050 5028 scribitur
3079 4973 3131 5026 iu
3161 4974 3508 5043 Polyptychu.

1932 5075 2171 5141 Cumque
2200 5076 2276 5126 sic
2298 5071 2362 5123 ad
2388 5068 2692 5139 prtcdictam
2721 5066 3000 5120 ecclesiam
3028 5065 3197 5120 sancti
3231 5065 3508 5134 Stephani,

1935 5164 1986 5217 in
2014 5177 2116 5232 qua
2150 5164 2264 5230 ipso
2290 5160 2380 5215 die
2401 5169 2480 5214 est
2519 5159 2699 5219 statio,
2728 5155 3022 5219 devenerit,
3055 5155 3295 5223 deposito
3325 5171 3510 5224 regno,

1934 5254 2096 5307 intrat
2137 5249 2418 5304 ecclesiam
2444 5290 2459 5314 ,
2503 5248 2744 5314 lautaque
2769 5245 3024 5298 UlaIIOHO
3053 5244 3196 5296 vadit
3239 5245 3304 5294 ad
3337 5258 3515 5298 sacra.

1927 5330 2064 5398 rium
2089 5359 2102 5408 ;
2132 5353 2186 5396 et
2215 5341 2452 5409 deposita
2484 5339 2690 5408 planeta
2714 5337 2857 5401 alba,
2885 5335 3054 5388 induit
3083 5333 3322 5400 rubeam,
3348 5345 3404 5389 et
3424 5350 3513 5389 ce-

1927 5435 2099 5490 lebrat
2129 5433 2362 5498 Missam,
2395 5432 2529 5484 sicut
2554 5430 2798 5482 hesterna
2826 5428 2912 5481 die
2941 5429 2991 5481 in
3019 5426 3269 5480 omnibus
3297 5427 3362 5480 ad
3391 5426 3515 5479 Mis-

1927 5503 2072 5584 sam.
2107 5527 2258 5580 Missa
2291 5541 2417 5580 vero
2451 5524 2614 5588 (inita,
2647 5522 2868 5577 resumit
2920 5521 3184 5589 planctum
3216 5511 3427 5586 albam,
3457 5532 3516 5577 et

1926 5631 2094 5686 induit
2137 5643 2354 5697 regnum
2381 5668 2397 5694 ,
2440 5633 2487 5679 et
2539 5621 2932 5678 revertitur‘ad
2991 5620 3262 5690 palatium.
3302 5618 3514 5675 Caetera

310 5760 333 5788 τ
373 5752 502 5817 Qum
527 5762 818 5830 sequuntur
849 5765 1015 5820 usque
1043 5750 1106 5803 ad
1135 5759 1295 5818 caput
1326 5751 1414 5817 78,
1448 5750 1630 5820 paucis
1663 5747 1928 5818 exceptis,
1956 5744 2283 5803 conveniunt
2314 5758 2433 5799 cum
2458 5738 2827 5796 C-eremoniali
2861 5737 3000 5795 Petri
3035 5732 3246 5830 amelli.

641 5849 902 5906 Parant.
944 5843 1286 5904 LXXVIII.

3000 5826 3078 5888 38
