4006 6300
587 281 716 337 “O5

1268 282 1610 337 APPENDIX
1653 282 1740 336 AD
1784 283 1838 338 S.
1886 285 2206 340 GREGOlill
2253 289 2461 343 MAGNI
2505 289 2875 348 LITURGICA
2915 293 3165 352 Oi'LRA.

3727 307 3862 361 “1'6

580 410 710 451 vero
757 393 933 449 omnia
989 393 1117 445 fiunt
1143 437 1156 456 ,
1213 406 1368 459 prout
1422 409 1473 444 in
1527 393 1856 463 Polyptyclto
1903 396 2157 465 scriptum
2191 401 2232 456 Α
2265 400 2350 465 qui
2374 400 2556 453 salutis
2581 409 2819 466 (clerum;
2851 405 3002 458 tertia
3032 408 3099 461 de
3120 417 3304 462 sancto
3326 409 3508 477 Petro,
3541 410 3686 465 Deus
3715 416 3865 483 cujus

579 496 680 541 es"
933 552 1162 606 LXXIV.
1207 552 1271 605 ιη
1295 553 1378 606 die
1404 556 1568 608 sancti
1588 553 1828 610 Joannis.

649 648 803 699 Missa
835 653 888 698 et
917 657 1094 697 sermo
1125 644 1463 710 mandantur,
1495 661 1651 714 quam
1679 632 1952 702 consuevit
1979 647 2155 702 dicere

575 734 762 802 aliquis
787 732 1095 787 cardinalis.
1146 733 1228 788 Ad
1259 748 1415 802 quam
1463 749 1594 805 papa
1626 737 1769 790 venit
1798 752 1914 792 cum
1943 738 2153 806 pluviali

575 821 739 875 rubeo
760 819 826 873 de
857 820 1090 874 scarleto
1113 861 1126 884 ,
1159 829 1215 875 et
1241 823 1397 875 mitra
1427 823 1744 878 aurifrisiata
1774 840 1893 880 cum
1926 826 2155 896 presby-

573 912 721 980 teris,
756 919 913 981 prout
946 911 998 964 in
1027 912 1368 967 consistorio.
1407 915 1470 968 Et
1496 915 1564 968 ita
1593 915 1646 969 in
1677 917 1925 971 secundis
1960 917 2154 987 Vespe-

574 1004 667 1070 ris,
696 1003 749 1057 in
770 1002 963 1072 quious
984 1018 1172 1059 omnes
1199 1005 1431 1074 acolythi
1459 1006 1656 1061 debent
1687 1021 1807 1063 esse
1827 1025 1946 1062 cum
1979 1022 2156 1076 super-

571 1098 830 1167 pelliciis,
865 1098 1036 1164 primo
1064 1099 1475 1161 commensales,
1504 1099 1802 1165 auditores,
1835 1109 1888 1154 et
1935 1101 2150 1157 subdia-

571 1186 718 1251 coni;
747 1186 938 1241 deinde
967 1187 1199 1258 acolythi
1225 1197 1278 1243 et
1305 1189 1560 1258 capellaui
1592 1188 1802 1245 borum.

709 1298 877 1368 31.2
917 1296 1126 1352 LXXV.
1168 1295 1246 1351 De
1275 1299 1448 1368 ofﬁcio
1481 1298 1597 1368 festi
1624 1296 2006 1352 Innocentium.

640 1390 693 1442 In
725 1391 826 1443 hoc
859 1388 994 1444 festo
1023 1389 1301 1444 consuevit
1341 1403 1459 1444 esse
1505 1390 1659 1443 Missa
1702 1399 1757 1444 et
1791 1403 2002 1454 sermo;
2055 1389 2150 1444 sed

567 1482 727 1537 modo
756 1497 858 1535 non
885 1481 1234 1546 observatur,
1281 1497 1381 1536 nec
1428 1496 1559 1552 papa
1590 1483 1735 1537 venit
1778 1483 1845 1536 ad
1888 1481 2150 1537 secundas

569 1573 833 1640 Vesperas
860 1573 922 1625 ad
953 1569 1235 1641 capeiiam.

635 1662 690 1715 In
715 1660 889 1715 Natali
913 1670 1217 1715 sanctorum
1244 1660 1602 1715 lunm-entium
1627 1663 1786 1716 statio
1809 1661 1872 1716 ad
1904 1669 2144 1716 sanctum

2259 490 2496 551 dextera,
2545 499 2688 556 etc.;
2737 503 2962 560 quarta,
3011 495 3258 552 Ecclesia:
3305 509 3440 564 lure;
3488 502 3686 570 quinta
3723 501 3862 558 Dem

2255 583 2484 636 omnium
2513 584 2739 650 ﬁdelium
2771 594 2962 654 pastor.
3010 589 3074 644 Et
3107 592 3207 646 hoc
3243 593 3559 647 observatur
3585 611 3770 666 usque
3799 601 3859 650 ad

2258 670 2684 730 Purificationem
2726 677 2898 733 beata:
2943 679 3145 736 Mariae.
3196 684 3241 737 A
3289 683 3681 742 Purificatione
3734 703 3862 742 vero

2258 777 2428 832 usque
2457 765 2523 817 ad
2551 774 2794 834 quartam
2827 767 3034 836 feriam,
3061 787 3182 842 quae
3205 784 3288 830 est
3313 786 3476 845 caput
3501 777 3723 850 jiiunii,
3756 783 3858 848 pri-

2255 869 2340 908 ma
2362 855 2544 911 Oratio
2571 857 2769 914 dicitur
2792 860 2860 916 de
2883 862 3007 928 die;
3041 866 3298 933 secunda,
3333 869 3375 921 Α
3404 872 3642 933 cunctis;
3673 872 3859 938 tertia,

2261 945 2394 1000 Deus
2424 948 2671 1002 omnium.
2703 949 2926 1020 incipiat
2960 954 3432 1013 bebdomadarius.
3465 960 3620 1028 Quod
3646 963 3691 1015 si
3720 973 3857 1018 tem-

2257 1053 2353 1105 pus
2393 1041 2554 1096 breve
2589 1051 2671 1096 est
2714 1059 2744 1098 a
2794 1044 3068 1102 Dominica
3111 1059 3235 1117 post
3273 1051 3502 1108 Octavas
3535 1054 3857 1123 Epiphaniae

2256 1145 2422 1200 usque
2449 1131 2514 1185 ad
2537 1133 3015 1205 Septuagesimam,
3048 1140 3192 1209 quod
3228 1154 3498 1211 nequeant
3525 1145 3722 1199 diebus
3745 1149 3855 1200 suis

2247 1211 2356 1277 ilici
2389 1222 2568 1279 officia
2597 1225 2980 1297 Dominicalia,
3021 1232 3276 1289 videlicet
3325 1235 3588 1292 lntroitus
3631 1247 3686 1292 et
3725 1241 3852 1293 Ora-

2257 1312 2433 1368 tiones
2455 1354 2472 1380 ,
2513 1313 2766 1384 Epistolaz
2796 1329 2851 1372 et
2882 1319 3198 1392 Evangelia,
3248 1325 3320 1379 ita
3346 1327 3678 1391 distribuat,
3712 1331 3850 1398 quod

2255 1418 2360 1456 non
2391 1415 2565 1474 potest
2611 1406 2812 1463 habere
2848 1411 3154 1469 Dominieas
3190 1432 3281 1483 per
3308 1419 3424 1474 dies
3457 1420 3680 1475 feriales
3720 1424 3847 1476 infra

2255 1496 2670 1565 hebdomadam,
2705 1501 2830 1556 facit
2856 1503 3140 1561 decantare
3170 1509 3390 1575 utiliter,
3421 1510 3468 1565 si
3492 1523 3844 1580 coapteutur;

2252 1590 2325 1644 ita
2372 1592 2514 1661 quod
2555 1595 2928 1663 compleantur
2969 1599 3022 1653 in
3071 1602 3260 1657 ultima
3304 1602 3672 1658 behdomada.
3723 1606 3846 1661 illud

2255 1683 2395 1738 idem
2419 1687 2731 1744 observatur
2761 1692 2827 1746 de
2874 1692 3160 1751 Dominicis
3205 1708 3321 1766 post
3349 1698 3616 1754 Octavam
3659 1701 3844 1757 Pente-

563 1751 784 1808 Paulum
810 1793 824 1817 ,
857 1751 907 1806 in
931 1751 1087 1806 Missa
1115 1767 1218 1804 non
1250 1752 1443 1806 dicitur
1473 1750 1655 1805 Gloria
1691 1753 1745 1805 in
1770 1750 2012 1818 excelsis,
2046 1765 2144 1805 nec
2178 1756 2220 1816 Β
2248 1783 2432 1828 ροειθη
2462 1792 2629 1846 usque
2657 1779 2720 1833 ad
2748 1780 3072 1838 Adventum.

562 1838 785 1892 Alleluia
810 1878 824 1901 ,
873 1837 967 1892 sed
1000 1837 1222 1891 Tractus
1249 1847 1514 1892 cantatur.
1549 1837 1712 1892 Credo
1743 1853 1870 1894 vero
1899 1847 2144 1894 cantatur

562 1936 780 1996 propter
809 1928 1059 1981 Octavam
1099 1925 1399 1980 Nativitatis
1443 1925 1684 1993 Domini;
1736 1938 1790 1983 et
1838 1938 2141 1997 paramenta

559 2017 757 2073 debent
785 2029 906 2070 esse
931 2015 1166 2069 violacea
1195 2055 1210 2080 ,
1241 2023 1296 2069 et
1326 2017 1566 2085 praefatio
1588 2017 1657 2072 de
1697 2018 2001 2074 Nativitate.
2035 2019 2142 2075 Nec

561 2104 639 2158 Ite
665 2104 826 2157 Missa
868 2111 939 2158 est
974 2102 1190 2171 dicitur,
1225 2120 1344 2159 nam
1382 2103 1466 2160 Ite
1521 2107 1686 2162 Missa
1713 2118 1785 2163 est
1812 2125 2024 2179 semper
2048 2126 2144 2166 se-

557 2193 732 2263 quitur
747 2193 925 2248 Gloria
947 2194 998 2247 in
1022 2194 1253 2249 excelsis.
1285 2196 1540 2252 Dicuntur
1557 2209 1734 2255 tamen
1757 2202 1857 2256 ista
1878 2203 1930 2256 in
1947 2205 2140 2257 Octava

557 2300 760 2340 eorum.
792 2285 848 2338 Si
877 2284 1135 2340 festivitas
1159 2287 1259 2340 ista
1302 2287 1353 2340 iu
1388 2286 1657 2343 Dominica
1680 2293 1907 2357 venerit,
1941 2293 2008 2346 ad
2034 2294 2142 2346 Ma-

555 2377 751 2430 tutinas
792 2374 860 2430 Te
892 2375 1058 2430 Deum
1105 2378 1380 2432 laudamus
1427 2389 1695 2449 cantatur,
1738 2391 1794 2438 et
1833 2395 2140 2453 paramenta

553 2469 751 2524 debent
778 2483 899 2524 esse
933 2467 1119 2524 rubea.
1153 2469 1232 2524 Ad
1261 2470 1472 2524 Missam
1505 2472 1684 2528 Gloria
1713 2477 1765 2528 in
1792 2475 2002 2530 excelsis
2032 2474 2141 2530 Deo

552 2571 819 2628 cantatur,
864 2571 917 2618 et
947 2561 1173 2616 Alleluia
1196 2602 1212 2630 ,
1244 2577 1362 2618 cum
1391 2550 1553 2619 Credo
1579 2609 1594 2635 ,
1625 2575 1680 2621 et
1721 2567 2045 2623 Prmfatione
2073 2569 2139 2624 de

554 2653 858 2708 Nativitate.

836 2743 1066 2799 LXXVI.
1111 2742 1177 2798 In
1207 2744 1603 2801 Circumcistone
1629 2747 1854 2804 Domini.

623 2837 782 2891 Missa
812 2847 866 2890 et
894 2851 1072 2890 sermo
1101 2836 1420 2893 mandantur
1441 2839 1833 2896 tantummodo.
1867 2839 2015 2896 Licet
2045 2855 2139 2896 an-

554 2928 774 2997 tiquitus
819 2927 1046 2981 Romani
1091 2929 1370 2996 pontifices
1416 2941 1812 2986 consueverunt
1860 2933 1910 2986 in
1954 2932 2138 3002 primis

557 3019 802 3088 Vesperis
832 3019 987 3087 hujus
1017 3019 1124 3073 diei
1150 3021 1464 3075 solemniter
1493 3023 1674 3076 venite
1705 3023 1874 3077 induti
1916 3024 2131 3092 pluviali

2284 1884 2568 1940 LXXVIII.
2615 1889 2689 1972 De
2720 1889 3078 1972 Benedictione
3107 1911 3390 1972 cei-eorum,
3423 1917 3545 1970 (μιαν
3569 1905 3629 1972 fit
3660 1907 3710 1957 in
3736 1903 3814 1960 dit

2638 1959 3031 2030 Puriﬁcationis
3061 1968 3219 2022 beata:
3249 1959 3457 2025 Moriar.

2318 2070 2707 2129 Tantummodo
2731 2076 2887 2132 Missa
2915 2081 3219 2138 mandatur.
3249 2084 3365 2138 Non
3393 2085 3564 2142 habet
3592 2089 3842 2158 Vesperas

2250 2161 2614 2226 prmeedeutcs
2644 2167 2957 2235 mandatas;
3009 2180 3187 2227 tamen
3228 2175 3545 2233 cardinales
3584 2179 3636 2232 in
3670 2182 3840 2246 primis

2249 2254 2497 2324 Vesperis
2551 2261 2806 2328 veniunt,
2863 2272 2916 2318 et
2966 2263 3231 2334 incipiunt
3271 2268 3644 2338 Antiphonas.
3694 2273 3757 2327 Et
3799 2275 3840 2329 si

2247 2346 2436 2401 festum
2467 2348 2566 2403 hoc
2599 2352 2742 2406 cadit
2773 2353 2824 2407 in
2867 2354 3267 2427 Septuagesima
3289 2399 3304 2424 ,
3342 2361 3428 2415 vel
3458 2361 3838 2431 Sexagesima,

2245 2439 2567 2495 transfertur
2611 2443 2661 2497 in
2699 2445 2841 2499 diem
2875 2447 3058 2503 Lunae.
3112 2449 3169 2504 In
3202 2451 3389 2519 primis
3419 2452 3683 2522 Vesperis
3716 2471 3838 2525 papa

2245 2531 2392 2584 venit
2421 2547 2541 2586 cum
2569 2533 2787 2603 pluviali
2827 2537 3056 2608 simplici
3088 2540 3157 2597 de
3183 2544 3378 2600 samito
3407 2556 3464 2602 et
3495 2544 3661 2600 mitra
3700 2547 3836 2603 auri-

2243 2622 2467 2679 frisiala.

2315 2737 2370 2790 In
2411 2737 2550 2795 festo
2593 2736 2990 2801 Purificationis
3021 2745 3197 2802 beatte
3226 2747 3407 2803 Mariae
3433 2752 3584 2805 cerei
3625 2751 3836 2806 benedi-

2240 2840 2435 2884 cuntur
2477 2846 2572 2898 per
2604 2832 2871 2901 iuniorem
2913 2838 3284 2910 presbyterum
3329 2841 3708 2908 cardinalem,
3751 2847 3836 2915 qui

2242 2934 2362 2974 esse
2389 2920 2548 2975 debet
2579 2922 2797 2978 indutus
2824 2926 3050 2982 rocheto
3075 2928 3225 2997 albo,
3276 2931 3482 2988 amictu
3506 2975 3524 3000 ,
3574 2934 3746 2998 stola,
3784 2947 3836 2992 et

2244 3009 2459 3078 pluviali
2491 3011 2598 3066 albi
2631 3013 2830 3069 coloris
2859 3055 2874 3080 ,
2907 3027 2959 3071 et
2981 3019 3136 3072 mitra
3188 3019 3418 3090 simplici
3444 3024 3514 3079 de
3556 3027 3834 3095 garnello,

553 3109 785 3177 pretioso
805 3107 929 3162 albo
961 3117 1017 3162 et
1041 3108 1198 3161 mitra
1229 3110 1454 3162 solemni
1482 3149 1496 3175 ,
1528 3120 1580 3164 et
1608 3123 1850 3166 servatur
1878 3129 2017 3167 nunc
2040 3152 2056 3178 ,
2083 3123 2133 3169 et

2246 3115 2368 3152 cum
2397 3116 2534 3170 aqua
2559 3102 2838 3159 benedicta
2868 3116 2922 3162 et
2942 3107 3183 3179 incenso,
3215 3121 3266 3166 et
3295 3114 3457 3169 sociis
3488 3115 3700 3171 indutis
3720 3131 3836 3174 cum

553 3202 709 3253 bene.
747 3197 1122 3252 Verumtamen
1167 3198 1439 3254 modernis
1464 3203 1794 3271 temporibus
1823 3219 1926 3258 nou
1950 3205 2134 3260 obser-

552 3297 745 3354 vatur,
789 3287 883 3343 sed
927 3288 1100 3342 solum
1127 3289 1272 3343 venit
1297 3304 1417 3344 cum
1468 3292 1684 3361 pluviali
1711 3293 1775 3348 de
1804 3295 1997 3349 samizo
2022 3338 2036 3362 ,
2082 3308 2134 3351 et

552 3379 706 3433 mitra
778 3377 1104 3434 aurifrisata.
1161 3379 1352 3434 Totum
1423 3382 1524 3438 hoc
1576 3392 1685 3438 stat
1742 3399 1806 3439 ex
1862 3386 2136 3443 Voluntate

552 3484 723 3540 papae.
1013 3477 1021 3483 ’

625 3563 753 3617 Item
784 3563 828 3617 si
858 3578 988 3633 papa
1013 3564 1078 3618 sit
1111 3565 1162 3620 in
1196 3565 1336 3620 Urbe
1362 3564 1461 3621 hac
1484 3567 1573 3623 die
1599 3568 2053 3640 Circumcisionis,
2081 3586 2134 3626 et

550 3658 656 3706 non
681 3653 951 3720 celebret,
985 3655 1077 3707 sed
1120 3653 1277 3709 faciat
1304 3672 1397 3726 per
1424 3658 1654 3729 aliquem
1687 3662 2013 3718 cardinalem
2045 3682 2134 3720 ce-

552 3742 745 3795 lebrari
779 3743 830 3796 in
861 3743 1090 3798 ecclesia
1119 3747 1286 3800 sancti
1314 3748 1495 3812 Petri;
1527 3759 1814 3820 antequam
1848 3753 2133 3808 cardiualis

550 3829 818 3899 induatur,
848 3843 1196 3903 praesentetur
1224 3837 1387 3901 bulla,
1407 3842 1672 3907 quomodo
1699 3859 1830 3913 papa
1859 3844 2134 3914 dispensat

551 3936 673 3975 cum
714 3937 805 3987 eo,
839 3933 1101 3992 quatenus
1123 3927 1291 3994 possit
1335 3929 1606 3985 celebrare
1630 3949 1789 4002 super
1814 3949 1962 3988 aram
1994 3937 2130 3990 beati

552 4011 730 4079 Petri;
770 4020 824 4067 et
850 4027 945 4082 per
969 4023 1136 4069 totam
1165 4017 1304 4072 diem
1337 4021 1560 4087 pendeat
1593 4031 1717 4077 aute
1743 4027 1944 4095 regias,
1978 4036 2030 4081 et
2060 4029 2130 4081 ita

548 4105 601 4155 in
625 4105 874 4159 omnibus
900 4105 1022 4160 aliis
1052 4106 1228 4162 Missis
1256 4124 1376 4178 quae
1402 4127 1563 4182 SUper
1584 4113 1713 4168 illud
1736 4116 2090 4172 celebrantur.

981 4217 1241 4277 LXXVII.
1285 4220 1351 4274 1η
1382 4219 1698 4293 Epiphania.

615 4327 771 4384 Missa
798 4338 852 4384 et
878 4345 1056 4388 sermo
1087 4336 1440 4404 mandantur,
1467 4351 1518 4393 et
1551 4339 1800 4409 Vespera:
1830 4357 2124 4398 consueve-

543 4424 668 4470 runt
695 4418 932 4474 mandari
959 4462 976 4484 ,
1006 4435 1186 4479 sermo
1210 4441 1339 4482 nou.
1368 4428 1421 4481 In
1448 4429 1688 4500 utrisque
1718 4431 1963 4501 Vespezis
1991 4450 2123 4504 papa

542 4509 761 4566 interest
787 4525 908 4567 cum
938 4514 1155 4583 pluviali
1181 4518 1250 4578 de
1278 4520 1507 4575 scarleto
1530 4523 1718 4589 rubea,
1752 4537 1804 4580 et
1853 4527 2008 4582 mitra
2031 4545 2124 4582 au-

540 4598 809 4655 rifrisiata.
843 4601 987 4658 Hanc
1008 4606 1173 4660 etiam
1198 4609 1410 4662 Missam
1431 4611 1656 4668 antistes
1676 4613 1838 4671 Urbis
1851 4617 2122 4674 Celebrare

538 4688 840 4756 consuevit,
872 4702 926 4746 ct
955 4705 1168 4762 semper
1188 4695 1390 4752 faciunt
1418 4701 1486 4756 de
1515 4707 1784 4760 communi
1812 4722 1992 4776 cursu,
2022 4709 2119 4764 nisi

538 4782 848 4840 infirmitate
870 4795 960 4840 aut
991 4784 1154 4841 nimio
1185 4790 1382 4860 frigore
1407 4794 1629 4850 detenti.

602 4871 765 4944 3&3
799 4874 925 4928 Item
957 4890 1098 4934 anno
1129 4877 1338 4936 Domini
1376 4883 1510 4940 1389
1544 4888 1881 4953 pontificatus
1916 4891 2128 4950 domini.

537 4964 734 5020 Urbani
768 4967 832 5022 Vl
865 4979 1004 5022 a‘nno
1031 4969 1097 5023 10
1122 5015 1137 5040 ,
1193 4973 1383 5028 festum
1415 4980 1583 5031 sancti
1630 4983 1841 5034 Antonii
1873 4984 2019 5037 venit
2064 4984 2115 5038 in

535 5059 700 5126 prima
734 5059 1005 5116 Dominiea
1047 5075 1165 5132 post
1208 5067 1553 5136 Epiphaniam
1578 5111 1593 5136 ,
1623 5082 1676 5128 et
1717 5075 1849 5130 nihil
1891 5077 2116 5134 fecimus

531 5149 601 5202 de
648 5150 783 5206 festo
821 5155 990 5210 sancti
1017 5156 1272 5226 Antonii,
1325 5162 1416 5216 sed
1447 5171 1616 5220 totum
1649 5167 1879 5224 officium
1914 5171 2012 5226 fuit
2050 5175 2118 5230 de

537 5241 805 5298 Dominica
830 5261 844 5308 ;
874 5257 925 5300 et
947 5263 1160 5305 eramus
1193 5253 1244 5306 in
1279 5253 1440 5310 Urbe.

601 5335 678 5386 Ad
712 5337 939 5392 Uetavas
971 5341 1281 5410 Epiphania:
1307 5349 1545 5415 quoridie
1567 5352 1629 5404 ad
1674 5354 1884 5410 Missam
1917 5314 2113 5414 dicitur

2243 3191 2656 3260 superpelliciis,
2690 3204 2742 3248 et
2770 3195 2979 3252 duobus
3007 3199 3348 3257 eeroferariis
3380 3218 3506 3258 cum
3543 3205 3735 3260 faculis
3753 3221 3835 3261 ac-

2238 3282 2449 3344 censis;
2501 3291 2556 3335 et
2599 3283 2675 3337 sic
2722 3285 3003 3342 benedicat
3045 3290 3335 3358 candelas,
3365 3307 3422 3348 ut
3467 3295 3524 3349 in
3558 3296 3758 3352 Missali
3786 3307 3836 3355 et

2240 3372 2524 3440 politilicali
2551 3373 2793 3430 Romano
2821 3379 3148 3436 continetur.
3181 3382 3241 3435 Et
3277 3383 3670 3442 Benedictione
3695 3404 3834 3443 coin-

2240 3461 2411 3528 pleta,
2443 3474 2794 3534 aspergantur
2839 3469 2983 3524 cerei
3027 3486 3163 3540 aqua
3216 3473 3534 3542 benedicta,
3581 3487 3634 3532 et
3680 3479 3834 3533 thure

2235 3551 2520 3606 adolentur
2567 3570 2662 3623 per
2728 3558 2976 3614 eumdem
3043 3561 3416 3633 presbyterum
3471 3567 3830 3622 cardinalem.

2237 3641 2437 3697 Deinde
2481 3644 2874 3701 distribuantur
2911 3651 3054 3704 cerei
3097 3659 3152 3705 ut
3193 3652 3330 3708 infra
3361 3655 3527 3727 3M
3566 3659 3830 3726 sequitur.

2236 3731 2365 3786 Nam
2396 3748 2531 3804 papa
2573 3736 2788 3792 indutus
2815 3751 2993 3795 manto
3022 3741 3190 3798 rubeo
3213 3783 3230 3810 ,
3266 3753 3456 3800 tenens
3495 3748 3722 3802 mitram
3767 3749 3833 3803 de

2234 3825 2473 3878 verncllo
2512 3825 2564 3880 in
2596 3827 2806 3894 capite,
2838 3830 2983 3884 venit
3026 3831 3094 3885 ad
3139 3834 3312 3887 locum
3347 3845 3715 3904 praeparatum
3765 3839 3831 3891 ad

2236 3913 2336 3967 hoc
2367 3929 2515 3969 more
2561 3926 2818 3972 consueto
2845 3959 2858 3984 ,
2899 3934 3019 3974 cum
3053 3920 3263 3978 duobus
3292 3924 3633 3982 diaconibus.
3681 3928 3829 3983 Tunc

2235 4003 2370 4057 facta
2398 4007 2699 4061 reverentia
2731 4023 2988 4066 consueta
3019 4027 3113 4082 per
3133 4016 3429 4072 cardinales
3453 4021 3822 4091 presbyteros,

2233 4104 2287 4147 ct
2316 4105 2433 4162 post
2463 4100 2819 4156 reverentiam
2849 4106 3050 4171 paratis
3081 4106 3359 4174 omnibus,
3389 4117 3496 4163 tam
3531 4112 3825 4166 cardinali—

2238 4191 2334 4244 bus
2363 4208 2520 4260 quam
2548 4194 2692 4259 aliis,
2729 4196 2986 4252 violaceis
3009 4238 3024 4259 ,
3058 4197 3372 4255 diaconibus
3415 4204 3624 4259 scilicet
3657 4215 3813 4276 cotta,

2234 4283 2434 4336 amictu
2467 4294 2518 4338 et
2548 4287 2759 4354 planeta
2782 4328 2796 4351 ,
2831 4296 2885 4342 et
2927 4291 3259 4359 p'esbytcris
3288 4294 3650 4351 cnrdinalibus
3679 4298 3821 4351 simi-

2237 4369 2357 4423 liter
2383 4381 2580 4426 etcum
2612 4374 2846 4442 planeta,
2875 4376 3142 4446 episcopis
3172 4379 3442 4444 similiter,
3476 4392 3531 4435 et
3559 4399 3686 4438 cum
3712 4385 3821 4452 plu-

2235 4463 2379 4529 viali,
2415 4474 2468 4517 et
2495 4467 2707 4520 caeteris
2730 4467 2890 4520 etiam
2917 4468 3150 4535 praelatis
3177 4469 3447 4538 similiter,
3472 4483 3524 4525 et
3555 4488 3681 4528 cum
3710 4476 3820 4545 plu-

2233 4553 2459 4608 vialibus
2509 4555 2799 4621 vinlaceis,
2861 4573 2920 4611 se
2971 4557 3205 4624 habent;
3255 4570 3380 4614 tunc
3418 4563 3631 4618 sc'licet
3678 4564 3817 4631 prior

2227 4644 2595 4712 episcoporum
2625 4647 2969 4702 cardinalium
2991 4691 3006 4716 ,
3045 4650 3287 4720 deposita
3320 4654 3475 4706 mitra
3518 4669 3641 4726 sua,
3672 4665 3818 4710 stans

2229 4749 2380 4803 papa:
2405 4735 2611 4790 sedenti
2647 4737 2699 4790 in
2744 4738 3038 4794 faldistorio
3067 4750 3122 4796 et
3152 4757 3274 4795 cum
3310 4743 3464 4797 mitra
3486 4787 3499 4808 ,
3532 4744 3770 4801 faculam
3792 4757 3819 4784 ι

2227 4840 2328 4878 non
2362 4841 2664 4891 accensam,
2689 4844 2806 4897 qua:
2824 4830 2943 4884 aliis
2965 4831 3137 4899 major
3159 4842 3260 4901 est,
3290 4836 3418 4889 nihil
3452 4835 3686 4892 dicendo
3706 4838 3816 4904 dat,

2225 4915 2516 4968 osculando
2568 4932 2782 4972 manum
2830 4935 3001 4987 papaa.
3035 4922 3240 4978 Deinde
3271 4925 3385 4993 ipse
3425 4927 3579 4995 prior
3609 4930 3819 4997 episco-

2227 5018 2416 5072 porum
2437 5043 2453 5069 ,
2483 5008 2562 5059 vel
2592 5007 2876 5076 subprior,
2905 5016 3234 5081 genullexus,
3261 5017 3454 5085 recipit
3485 5018 3720 5075 faculam
3753 5021 3818 5076 de

2226 5110 2382 5151 manu
2414 5112 2564 5166 papae
2591 5117 2693 5152 non
2717 5117 2821 5155 acc:
2845 5119 3017 5172 usam,
3039 5115 3091 5161 et
3112 5110 3381 5163 osculetur
3397 5126 3536 5178 genu
3567 5114 3815 5169 dextrum

2225 5186 2420 5242 domini
2447 5204 2616 5256 papae.
2647 5192 2711 5246 Et
2735 5193 2812 5248 sic
2833 5194 3025 5251 deinde
3050 5213 3237 5254 onmes
3260 5203 3564 5256 cardinales
3591 5205 3813 5275 faciunt,

2227 5278 2403 5343 primo
2434 5269 2706 5350 episcopi,
2740 5289 2976 5339 secundo
3009 5289 3335 5359 presbyteri,
3381 5294 3537 5347 tertio
3569 5297 3815 5360 diaconi,

2219 5376 2272 5421 et
2305 5371 2505 5436 prielatl
2535 5387 2745 5436 omnes,
2777 5377 2865 5443 qui
2899 5389 3018 5431 sunt
3051 5382 3257 5447 parati,
3293 5383 3469 5437 mitris
3494 5387 3609 5440 suis
3638 5387 3814 5456 depo-

2217 5457 2332 5511 sitis
2362 5461 2651 5514 oseulaudo
2675 5478 2834 5533 genu,
2865 5477 2916 5520 et
2941 5468 3098 5522 modo
3120 5484 3224 5538 quo
3244 5475 3527 5543 episcopus
3553 5477 3639 5531 vel
3665 5493 3814 5546 pres-

2217 5545 2371 5618 byter
2400 5551 2685 5608 cardinalis
2713 5555 2952 5612 celebrat
2981 5571 3164 5614 coram
3198 5575 3365 5632 papa;
3400 5577 3451 5619 et
3481 5566 3560 5619 sic
3594 5545 3808 5636 paratus

536 5421 716 5478 Oratio
748 5431 936 5496 prima,
963 5433 1078 5487 sive
1105 5433 1319 5502 festiva,
1353 5439 1465 5494 sive
1487 5430 1554 5496 sit
1597 5443 1829 5512 ferialis;
1875 5452 2108 5506 secunda

533 5509 593 5567 fit
627 5523 1067 5578 commemoratio
1095 5524 1162 5579 de
1193 5537 1373 5582 sancta
1406 5530 1572 5586 Maria
1597 5577 1613 5602 ,
1650 5535 1897 5592 videlicet
1923 5580 1939 5605 ,
1969 5539 2110 5597 Deus

602 5672 630 5701 ι
667 5665 759 5721 Sic
805 5681 964 5724 etiam
1007 5689 1058 5727 tu
1101 5676 1470 5738 Cmresuoniali
1519 5685 1657 5741 Petri
1693 5690 1881 5746 Amelii
1929 5709 2111 5751 cereus
2136 5714 2238 5755 non
2293 5716 2548 5759 accensus
2578 5707 2892 5778 porsigitur;
2954 5715 3043 5768 sed
3075 5717 3253 5771 statim
3285 5722 3622 5790 accenditur,
3649 5723 3804 5776 inira.
