4006 6296
194 353 321 412 “97

1392 351 1660 409 ROMANI
1702 357 2015 415 URBINLS.
2064 391 2126 398 —-
2161 353 2300 414 XIV.

3330 364 3469 420 1138

193 480 457 537 antequam
492 467 671 520 veniat
696 465 758 518 ad
791 465 1151 535 recipiendum
1183 482 1396 523 cereum
1426 510 1442 536 ,
1488 487 1593 526 non
1621 473 1765 527 exnit
1797 478 1837 535 Α
1867 473 1966 527 alia
1994 473 2109 527 sine
2143 474 2323 542 periis,
2359 470 2704 539 aurifrisiata,
2736 486 2894 541 quam
2940 471 3118 528 defert
3163 472 3355 549 diebus
3391 474 3469 534 fe-

194 563 465 629 planetam.
496 560 832 612 Camerarius
864 573 991 611 vero
1011 598 1024 620 .
1051 563 1274 629 notarii,
1310 564 1526 617 auditor
1554 574 1766 618 eontra-

192 650 459 713 dictarum,
490 660 539 701 et
565 658 857 712 corrector,
889 648 1099 702 etiamsi
1131 650 1291 719 aliqui
1318 656 1551 720 ipsorum
1584 664 1767 709 essent

191 740 413 809 episcopi
442 781 455 805 ,
500 740 623 808 quia
656 754 759 791 non
802 748 927 792 sunt
957 741 1162 807 parati;
1205 751 1257 795 et
1283 743 1442 796 etiam
1470 745 1759 813 capellani,

190 841 291 888 tam
320 830 710 885 commensales
735 869 750 895 ,
790 831 878 899 qui
913 828 1109 885 debent
1148 847 1268 886 esse
1298 833 1347 885 in
1382 836 1539 888 cottis
1564 874 1579 901 ,
1603 853 1761 903 qttam

191 924 274 979 alii
317 923 571 992 capellam
618 929 671 975 et
722 920 955 986 similes,
1008 938 1214 979 necnon
1258 927 1665 993 pmuitentiarii,
1706 938 1764 984 et

191 1017 409 1072 breviter
436 1030 623 1068 omnes
654 1014 742 1067 alii
776 1012 1061 1069 familiares
1095 1032 1241 1085 papae
1264 1058 1277 1081 ,
1312 1020 1471 1073 etiam
1512 1020 1629 1074 laici
1661 1065 1674 1087 ,
1707 1031 1761 1076 et

190 1112 479 1177 quitunque
508 1106 595 1158 alii
640 1122 743 1158 non
774 1102 1100 1171 familiares,
1135 1107 1221 1177 qui
1256 1118 1480 1177 possunt
1512 1110 1636 1169 illuc
1667 1128 1762 1167 ve-

188 1200 314 1264 nire,
348 1196 611 1265 recipiunt
645 1196 869 1250 faculam
895 1197 963 1251 de
986 1210 1142 1251 manu
1174 1212 1353 1267 papae,
1368 1209 1420 1254 et
1450 1202 1761 1257 osculantur

188 1304 286 1343 non
316 1305 488 1359 genu,
522 1288 615 1342 sed
652 1289 863 1357 pedem.
896 1289 958 1342 Et
986 1289 1259 1343 sciendum
1292 1302 1368 1345 est
1401 1292 1541 1360 quod
1571 1293 1759 1347 faculas

187 1389 285 1433 tam
316 1395 463 1449 papa:
486 1420 500 1443 ,
530 1394 689 1449 quam
720 1379 839 1433 aliis
870 1380 1064 1434 dantur
1087 1397 1190 1434 non
1231 1395 1505 1439 accensze.
1555 1383 1649 1439 sed
1676 1398 1761 1436 re-

185 1485 342 1541 ceptae
370 1471 547 1523 statim
577 1470 958 1524 acet-.nduntur.

252 1583 533 1638 Sciendum
583 1592 757 1637 tamen
792 1584 928 1652 quod
975 1586 1184 1652 quando
1228 1601 1316 1638 rex
1357 1598 1439 1641 est
1486 1604 1761 1655 praesens,

182 1676 480 1733 immediate
512 1684 631 1745 post
656 1676 955 1732 cardinales
985 1688 1108 1733 ante
1131 1694 1316 1734 omnes
1346 1681 1481 1735 aiios
1514 1683 1765 1750 pra-latos

180 1768 332 1826 etiam
365 1782 576 1838 paratos
609 1770 769 1824 modo
794 1770 1083 1839 praedicto,
1132 1772 1325 1841 recipit
1353 1789 1570 1829 cereum
1604 1777 1766 1831 modo

183 1860 430 1929 praedicto
460 1861 526 1915 de
558 1875 717 1917 manu
746 1876 927 1931 papae;
978 1871 1031 1917 et
1060 1872 1182 1932 post
1228 1866 1591 1934 receptionem
1623 1868 1767 1923 cerei

177 1952 441 2005 osculatur
496 1953 726 2020 pedem,
774 1962 827 2007 et
880 1969 989 2009 non
1039 1969 1195 2023 genu.
1247 1955 1449 2011 Tamen
1496 1959 1769 2014 modernis

178 2043 502 2112 tempor.bns
532 2043 811 2098 consuevit
838 2044 1081 2113 recipere
1104 2060 1197 2100 rex
1218 2085 1234 2113 ,
1266 2048 1405 2102 sicut
1435 2047 1622 2117 sedet,
1650 2058 1768 2117 post

177 2134 401 2201 priorem
428 2133 802 2203 episcoporum
847 2135 1224 2203 cardinalium;
1277 2145 1333 2192 et
1386 2139 1459 2192 ita
1501 2140 1554 2193 in
1599 2140 1765 2196 ramis

175 2224 505 2290 l’almarum,
539 2234 592 2277 et
622 2224 676 2279 in
706 2224 791 2280 die
817 2226 1091 2280 Cinerum.

244 2340 297 2391 Si
325 2337 612 2406 imperator
643 2348 786 2393 esset
817 2355 1084 2409 prazsens,
1138 2350 1256 2410 post
1305 2342 1538 2412 priorem
1575 2342 1765 2412 recipit

172 2444 414 2493 e-reum,
447 2446 496 2485 et
529 2431 800 2485 osculatur
833 2432 1042 2501 pedem,
1071 2443 1127 2488 et
1155 2449 1258 2489 non
1280 2450 1437 2505 genu.

238 2545 397 2617 345
428 2545 556 2601 ltem
584 2545 871 2602 notandum
904 2547 1043 2617 quod
1069 2556 1187 2617 post
1220 2548 1457 2619 priorem
1483 2550 1765 2620 episeopo-

168 2654 285 2693 rum
316 2639 687 2705 cardinalium,
728 2638 774 2694 si
802 2638 996 2711 aliquis
1021 2639 1235 2696 intersrt
1266 2643 1592 2713 patriarcha,
1623 2658 1763 2698 can-

166 2730 340 2785 delam
386 2731 578 2799 recipit
601 2732 667 2786 de
718 2746 879 2786 manu
928 2747 1101 2803 papm.
1135 2734 1286 2799 Quod
1324 2736 1370 2789 si
1402 2751 1493 2788 rex
1523 2736 1594 2790 sit
1628 2752 1761 2804 pra:-

162 2834 310 2887 sens,
344 2832 459 2889 p0>|
493 2835 673 2889 regem
718 2821 997 2878 candelam
1045 2822 1233 2892 recipit
1272 2824 1521 2894 eubprior
1551 2827 1760 2895 cpisco-

165 2925 353 2978 porum
384 2911 758 2977 cardinalium,
783 2920 836 2967 et
866 2913 917 2966 in
947 2913 1065 2982 ejus
1094 2913 1336 2968 absentia
1364 2917 1510 2983 prior
1538 2921 1758 2987 presby-

163 3013 437 3070 terorum;
464 3016 518 3060 et
550 3015 672 3059 tunc
704 3005 1028 3075 patriarcha,
1079 3007 1286 3062 etiamsi
1323 3008 1501 3076 plures
1531 3011 1637 3063 sint
1660 3024 1755 3079 pa-

162 3093 438 3165 triarchae,
482 3097 707 3167 quilibet
756 3098 945 3167 recipit
1000 3110 1120 3168 post
1166 3099 1465 3156 cardinales
1495 3101 1583 3170 qui
1632 3118 1754 3157 eum

1873 564 2043 616 riatis.

1940 653 2146 719 Quibus
2195 653 2276 708 sic
2329 652 2581 719 peractis,
2628 651 2914 717 deponitur
2944 652 2992 705 ei
3036 652 3194 707 mitra
3248 653 3473 708 aurifri-

1867 744 2025 809 siata,
2078 753 2133 798 et
2181 743 2372 811 recipit
2427 742 2726 810 simplicem
2775 743 2843 797 de
2890 744 3135 811 garnello
3186 743 3364 798 albam
3413 756 3471 800 et

1870 837 2101 902 planam.
2132 833 2372 888 Caritatis
2388 832 2713 901 Antiplionis
2741 844 2793 887 et
2812 831 3024 895 Psalmo
3048 832 3205 888 Nunc
3228 834 3469 900 dimittis,

1867 942 2001 995 papa
2032 926 2266 995 assurgit
2295 927 2346 978 in
2378 924 2507 979 sede
2533 939 2663 990 sua;
2692 932 2748 977 et
2769 924 3011 993 deposita
3041 926 3143 980 sibi
3173 927 3331 979 mitra
3376 940 3469 993 per

1865 1019 2150 1072 diaconum
2183 1016 2513 1073 cardinalem
2564 1030 2594 1068 a
2624 1015 2829 1069 dextris
2854 1016 2955 1069 sibi
3003 1025 3292 1082 astantem,
3336 1032 3467 1084 papa

1861 1108 2131 1161 Cantando
2161 1108 2289 1161 dicit
2318 1106 2557 1171 Oremus,
2584 1114 2637 1160 et
2661 1105 2969 1161 immediate
2992 1106 3248 1161 diaconus
3280 1122 3309 1159 a
3335 1107 3466 1161 dex-

1867 1206 1899 1248 t.
1918 1196 1963 1249 is
1992 1195 2122 1249 dicit
2153 1196 2422 1249 cantando
2474 1194 2774 1248 Flectamus
2802 1212 2989 1264 gruua.
3020 1195 3317 1251 Cardinalis
3346 1214 3470 1252 vero

1866 1304 1893 1339 a
1924 1288 2161 1341 sinistris
2213 1287 2477 1341 assistens
2520 1285 2649 1341 dicit
2700 1289 2967 1341 cantando
3014 1287 3219 1341 Levatc.
3266 1289 3465 1342 Subse-

1866 1386 2097 1447 quenter
2146 1391 2280 1445 papa
2330 1377 2463 1430 dicit
2511 1377 2783 1429 cantando
2821 1377 3166 1443 Orationem,
3222 1375 3465 1444 Exaudi,

1868 1487 2177 1540 quiesumus,
2223 1468 2354 1521 Dom
2368 1470 2443 1521 ‘ne
2464 1510 2477 1534 ,
2512 1478 2622 1522 etc.
2644 1510 2660 1533 ,
2689 1467 2852 1538 346
2898 1468 3114 1532 deinde,
3144 1470 3185 1522 si
3218 1484 3351 1538 papa
3379 1484 3467 1524 ce—

1870 1564 2062 1626 lebrat,
2095 1563 2240 1617 vadit
2270 1562 2334 1615 ad
2384 1561 2785 1627 revesdarium,
2832 1563 2877 1615 si
2909 1561 3011 1626 sit;
3046 1564 3089 1615 si
3119 1576 3225 1615 non
3257 1562 3347 1627 sit,
3398 1564 3465 1619 ad

1869 1657 2178 1711 eatliedram
2209 1670 2357 1710 suam
2384 1654 2540 1724 longe
2570 1653 2639 1709 ab
2670 1654 2837 1707 altare
2870 1664 3110 1722 paratam
3143 1652 3210 1706 ad
3262 1667 3463 1721 partem

1870 1750 2145 1804 sinistram
2195 1748 2411 1811 altaris;
2465 1756 2520 1799 et
2567 1745 2811 1814 dBPOalia
2862 1746 3018 1799 mitra
3065 1744 3185 1798 alba
3214 1754 3270 1799 et
3311 1746 3465 1813 plana

1810 1852 1850 1909 Β
1878 1857 1998 1897 cum
2032 1840 2248 1910 pluviali
2281 1848 2335 1893 et
2355 1840 2520 1903 stola,
2556 1838 2789 1891 induitur
2821 1837 2991 1891 sacris
3020 1845 3073 1891 et
3104 1836 3355 1905 pretiosis
3381 1836 3465 1891 al-

1873 1936 1954 1989 bis
1980 1933 2237 1996 vesdbus,
2267 1940 2482 1985 servato
2505 1928 2693 1983 ordine
2721 1928 2848 1981 alibi
2884 1928 3119 1996 signato.

1942 2024 2242 2080 Notandum
2273 2024 2433 2077 etiam
2465 2020 2607 2091 quod
2637 2018 2689 2073 in
2748 2021 2847 2072 hoc
2876 2018 3016 2073 festo
3050 2018 3463 2087 puriﬁeadonis,

1870 2126 1925 2171 et
1950 2116 2002 2171 in
2027 2114 2333 2184 receptione
2348 2114 2614 2178 cinerum,-
2634 2118 2687 2166 et
2716 2112 2769 2164 in
2801 2108 3108 2177 receptione
3141 2109 3464 2178 palmarum,

1869 2210 2172 2263 cardinales
2199 2216 2253 2263 et
2284 2206 2510 2276 prmlati,
2543 2216 2599 2258 ut
2624 2218 2784 2271 supra
2817 2203 3018 2256 dictum
3052 2211 3153 2264 est,
3188 2200 3303 2257 sive
3326 2212 3464 2271 papa

1867 2298 2236 2354 celebraturus
2263 2298 2353 2359 sit,
2386 2296 2499 2349 sive
2547 2309 2675 2363 non,
2712 2291 2882 2362 parati
2914 2306 3035 2346 esse
3081 2291 3297 2359 debent,
3342 2306 3464 2348 cum

1868 2391 2132 2458 recipiunt
2154 2389 2352 2443 faculas
2381 2387 2620 2441 cinerem
2658 2386 2740 2440 vel
2771 2385 3026 2455 palmam.
3069 2385 3173 2439 Sed
3203 2384 3348 2439 dicto
3376 2383 3463 2438 ln-

1865 2484 2027 2539 troitu
2057 2498 2176 2539 cuin
2211 2498 2363 2551 papa,
2391 2484 2433 2536 si
2483 2497 2588 2535 non
2640 2481 2894 2544 celebrat,
2939 2478 3239 2534 cardinales
3284 2477 3451 2547 depo-

1866 2586 1999 2631 nunt
2025 2584 2356 2645 paramenta,
2386 2583 2441 2628 et
2472 2580 2750 2627 resumunt
2795 2585 2994 2640 eappas
3046 2572 3265 2636 laneas;
3317 2584 3454 2639 pra:-

1864 2668 1954 2721 lati
1984 2682 2115 2721 vero
2146 2665 2327 2720 statim
2360 2664 2588 2732 receptis
2617 2662 2889 2717 cineribus
2941 2671 3256 2731 paramenla
3285 2659 3461 2729 depo-

1865 2768 2017 2814 nunt.
2050 2758 2183 2813 Cum
2238 2772 2365 2813 vero
2390 2756 2588 2811 dicitur
2617 2755 2991 2827 Evmgelium,
3040 2769 3227 2809 omnes
3277 2761 3461 2809 tenent

1862 2850 2062 2905 faculas
2089 2862 2343 2904 accensas
2367 2847 2445 2902 vel
2479 2848 2714 2916 palmam
2750 2848 2804 2900 in
2847 2846 3117 2911 manibus,
3147 2855 3352 2900 stantes
3376 2860 3462 2900 τρε

1861 2941 1931 2997 eti
1959 2943 2011 2995 in
2040 2941 2244 3010 cappis,
2277 2953 2385 2994 non
2417 2937 2608 3007 parati.
2643 2938 2701 2992 In
2733 2936 2821 2991 die
2870 2936 3208 3001 Palmarum,
3252 2936 3305 2990 in
3337 2948 3461 3005 pas-

1859 3033 2029 3097 sione,
2065 3046 2196 3101 papa
2228 3030 2392 3085 etiam
2438 3036 2585 3084 tenet
2633 3027 2863 3083 faculam
2892 3042 3176 3082 accensam
3221 3027 3305 3081 vel
3346 3025 3461 3094 pal-

1860 3140 1999 3179 mam
2031 3123 2081 3178 in
2109 3122 2400 3194 Evangelio
2431 3131 2483 3176 et
2514 3120 2807 3190 passione;
2854 3119 2949 3174 sed
2981 3120 3126 3199 dicto
3174 3118 3463 3187 Evangelia

150 3191 514 3256 antecedunt;
547 3199 600 3247 et
638 3206 852 3262 semper
882 3192 1021 3247 inter
1064 3192 1200 3247 duos
1239 3193 1561 3263 cardinales,
1593 3195 1751 3248 etiam

1866 3216 1940 3271 vel
1973 3191 2278 3282 PassiOnep
2301 3213 2505 3268 faculas
2537 3221 2592 3268 et
2624 3212 2827 3281 palmas
2858 3194 3205 3265 commendat
3230 3210 3459 3267 servito—

156 3279 214 3335 in
248 3282 683 3349 processiouibus
714 3291 768 3339 et
798 3282 849 3337 in
893 3282 1089 3350 Missis,
1118 3292 1265 3340 stare
1293 3284 1491 3339 debent
1519 3285 1755 3353 patriar-

151 3372 301 3427 ειυς.
352 3373 634 3428 Ρινυρθεδίο
680 3375 959 3429 ordinatur
988 3390 1081 3445 per
1130 3376 1364 3445 priorem
1404 3376 1459 3431 di
1480 3391 1752 3431 .conornm

154 3464 535 3531 cardinalium,
569 3465 658 3533 qui
686 3465 814 3519 dicit
860 3467 964 3520 alta
999 3483 1147 3532 vaec,
1173 3468 1307 3523 facie
1335 3483 1485 3524 versa
1527 3470 1592 3522 ad
1624 3470 1753 3523 Pro-

151 3556 483 3619 cessionein,
525 3552 871 3608 Procedamus
902 3558 951 3609 in
980 3574 1127 3625 pace,
1160 3569 1214 3612 et
1244 3561 1530 3629 respondet
1557 3562 1754 3617 chorus

151 3642 224 3699 In
253 3648 463 3699 nomine
494 3646 708 3713 Christi,
734 3664 902 3701 amen.
936 3647 1139 3702 Deinde
1168 3660 1411 3705 movetur
1443 3652 1750 3721 Processio,

147 3749 212 3795 et
244 3740 497 3795 dominus
529 3750 712 3795 nOSIer
750 3756 882 3809 papa
918 3742 1133 3796 indutus
1165 3744 1380 3811 pluviali
1432 3747 1599 3800 rubeo
1629 3762 1750 3801 cum

150 3833 332 3901 periis
365 3840 418 3884 et
446 3831 751 3898 aurilrisiis,
780 3832 1027 3902 deposito
1047 3834 1154 3886 alio
1178 3845 1294 3903 post
1322 3836 1752 3893 distributionem

147 3939 439 3979 eereorum
474 3925 552 3978 vel
589 3927 883 3993 palmarum
914 3926 965 3979 in
1010 3926 1094 3980 die
1121 3942 1239 3993 suo,
1269 3943 1389 3982 cum
1430 3930 1584 3984 mitia
1613 3931 1755 3984 auri-

146 4020 386 4083 frisiata,
417 4035 574 4091 quam
617 4020 670 4073 in
713 4020 1066 4075 Processione
1098 4029 1296 4089 portat,
1329 4030 1381 4074 ct
1409 4029 1554 4077 tenet
1599 4020 1756 4077 facu-

148 4114 267 4168 lam
303 4128 607 4179 accensam,
632 4114 713 4166 vel
744 4114 972 4181 palmam
1004 4113 1087 4168 die
1118 4127 1216 4167 suo
1246 4115 1296 4167 in
1325 4130 1484 4169 manu
1511 4114 1753 4183 sinistra,

148 4216 208 4260 et
241 4220 403 4257 manu
434 4204 615 4259 dextra
650 4205 844 4274 signat.
880 4204 942 4257 Et
982 4219 1119 4274 papa
1143 4206 1340 4260 incedit
1368 4207 1754 4276 all-[ualitulunt

148 4315 261 4368 υκαι·
316 4298 576 4367 capellam
628 4297 1096 4367 processionaliter
1142 4299 1243 4353 sub
1291 4300 1476 4368 pallio,
1529 4312 1756 4369 quatuor

148 4388 424 4445 militibus
471 4389 840 4444 deferentibus
878 4406 1000 4444 cum
1060 4392 1436 4459 mappulariis,
1470 4393 1514 4446 si
1548 4395 1655 4447 sint
1704 4396 1754 4448 in

144 4479 332 4546 Urbe,
364 4488 455 4533 aut
484 4487 711 4549 quatuor
736 4480 802 4536 de
834 4481 1187 4537 nobilioribus
1220 4483 1398 4551 Urbis,
1430 4485 1509 4538 vel
1543 4484 1756 4539 clienti-

1854 3307 2021 3362 ribus.
2051 3306 2107 3362 Si
2140 3320 2267 3360 vero
2302 3320 2433 3374 papa
2461 3304 2699 3359 celebrat
2726 3303 2809 3357 his
2845 3304 3016 3357 tribus
3044 3303 3258 3367 diebus,
3302 3302 3453 3357 Puri-

1856 3396 2141 3463 ficationis,
2168 3398 2441 3464 Cinerum,
2477 3406 2532 3450 et
2562 3398 2615 3450 in
2647 3394 2739 3450 die
2780 3395 3121 3460 Palmarum,
3156 3394 3461 3451 cardinales

1854 3498 1908 3544 et
1937 3490 2139 3558 prmlati
2192 3506 2297 3543 non
2349 3489 2623 3557 depanunt
2669 3497 2981 3555 paramenta
3016 3488 3277 3553 violaceo,
3333 3503 3462 3557 quo-

1856 3598 2021 3651 usque
2068 3583 2205 3638 facta
2262 3583 2332 3637 sit
2385 3582 2686 3649 Proce.sio,
2740 3580 2785 3635 si
2836 3580 2957 3646 liat;
3005 3592 3058 3635 ct
3115 3582 3168 3635 in
3224 3582 3455 3637 Proces-

1854 3677 2027 3743 sione,
2058 3675 2239 3741 sitiat,
2270 3676 2520 3729 dominus
2556 3688 2713 3744 papa,
2749 3673 2967 3727 indutus
3016 3682 3201 3727 manto
3253 3674 3450 3742 rubeo,

1858 3780 1914 3823 ut
1957 3771 2157 3823 dictum
2209 3778 2312 3837 est,
2357 3768 2561 3823 habens
2611 3766 2824 3821 mitram
2875 3768 2943 3821 de
2990 3766 3253 3838 garnello,
3304 3775 3450 3825 tenet

1857 3860 2081 3913 faculam
2118 3874 2397 3914 accensam
2435 3861 2514 3912 vel
2547 3860 2778 3928 palmam
2824 3859 2875 3911 in
2902 3857 2990 3912 die
3042 3858 3349 3915 Palmarum
3396 3859 3450 3911 in

1859 3968 2021 4006 manu
2049 3952 2290 4016 sinistra,
2321 3952 2441 4020 quia
2471 3952 2669 4004 vadens
2702 3967 2825 4005 eum
2865 3951 3053 4005 dextra
3085 3952 3279 4020 signat.
3325 3953 3451 4006 0m-

1860 4060 1956 4099 nes
1984 4044 2143 4098 etiam
2171 4044 2261 4097 alii
2294 4053 2476 4097 tenent
2508 4043 2706 4097 faculas
2736 4056 2991 4097 accensas
3021 4043 3102 4097 vel
3153 4047 3358 4112 palmas
3399 4046 3453 4099 in

1862 4140 2212 4194 l’rocessione
2255 4138 2590 4192 ornamentis
2618 4137 2873 4191 violaceis
2915 4139 3085 4206 parati
3113 4153 3234 4192 cum
3284 4139 3457 4193 mittis

1858 4234 1909 4287 in
1938 4232 2114 4300 capite
2145 4231 2211 4284 de
2236 4230 2497 4299 gainello.
2529 4228 2822 4283 Ordinatur
2848 4234 3027 4282 autem
3056 4227 3333 4282 Processin
3363 4245 3455 4297 per

1862 4325 2094 4394 priorem
2122 4322 2510 4387 diacouorum;
2562 4335 2665 4388 qua
2719 4319 2987 4387 ordinata,
3034 4320 3250 4374 ultimus
3276 4321 3461 4375 diaco-

1861 4432 2051 4471 norum
2084 4416 2437 4469 caidiiialium
2471 4415 2603 4468 dicit
2638 4414 2745 4467 alia
2776 4427 2906 4468 voce
2947 4430 3067 4467 cum
3098 4424 3223 4467 nota
3266 4412 3461 4468 Proce-

1860 4510 2043 4561 damns
2074 4507 2126 4559 in
2153 4524 2300 4578 pace,
2329 4519 2488 4561 versa
2539 4505 2676 4559 facie
2705 4503 2772 4559 ad
2805 4506 3226 4573 processionem,
3271 4513 3325 4559 et
3366 4520 3459 4560 re-

141 4576 259 4629 bus
290 4589 562 4628 armorum
616 4575 668 4629 in
702 4574 915 4630 illorum
940 4577 1213 4643 absentia;
1257 4577 1443 4646 sicque
1478 4580 1649 4647 νειὲίι
1689 4579 1753 4633 ad
1788 4615 1839 4673 D
1864 4574 2306 4668 spondetur'cum
2358 4607 2483 4651 nota
2515 4596 2623 4650 alta
2675 4594 2741 4649 In
2792 4595 2997 4648 nomine
3043 4593 3250 4660 Christi,
3286 4611 3459 4648 anteit.

139 4670 358 4739 regias.
392 4669 459 4724 Et
488 4670 658 4738 primo
690 4670 754 4724 ad
789 4678 992 4740 partem
1020 4672 1285 4739 dextram,
1328 4673 1564 4726 secundo
1588 4674 1651 4725 ad
1685 4672 1758 4727 si-

139 4762 389 4812 nistram
442 4760 704 4815 veniendo
756 4763 971 4831 proiicit
1000 4764 1252 4819 candelas
1302 4765 1518 4833 pupulo.
1573 4778 1756 4835 pistea

136 4853 467 4921 regreditur
497 4854 561 4907 ad
603 4855 788 4909 sedem
824 4871 998 4918 suam,
1036 4858 1087 4910 in
1120 4873 1220 4926 qua
1252 4859 1470 4923 sedens,
1515 4858 1759 4912 extendi-

133 4949 242 4993 tur
272 4956 436 5009 super
461 4959 631 5010 genua
660 4960 755 4999 sua
790 4960 890 4997 una
923 4946 1135 4999 tobalea
1161 4962 1255 5016 per
1273 4947 1406 5002 duos
1428 4950 1756 5017 capellanos,

129 5031 332 5099 ipsam
364 5043 604 5089 tenentes
630 5037 781 5092 flexis
804 5038 1057 5108 genibus,
1093 5055 1256 5092 unum
1280 5056 1310 5093 a
1341 5041 1567 5107 dextris,
1594 5042 1755 5095 alium

127 5135 166 5173 a
204 5122 476 5190 sinisnis,
503 5134 557 5180 et
583 5126 659 5182 sic
688 5127 829 5182 lavat
851 5142 1043 5184 manus
1074 5143 1197 5182 suas
1226 5144 1418 5201 aquam
1446 5133 1758 5188 infundente

126 5217 429 5272 nobiliori.

222 5335 410 5405 Aliqui
442 5336 625 5391 dicunt
654 5336 795 5407 quod
829 5312 959 5408 papa
1007 5352 1286 5407 nunquam
1321 5349 1492 5394 mutat
1529 5339 1755 5407 pluviale

128 5428 195 5481 in
240 5425 689 5483 l’roceSsionibus
718 5430 854 5496 isris,
884 5431 975 5485 sed
1009 5432 1184 5486 solum
1218 5430 1429 5484 mitram
1479 5431 1756 5485 aurifrica-

127 5532 268 5576 tam
293 5530 351 5576 et
380 5523 496 5578 sine
540 5524 723 5593 periis,
756 5524 1008 5594 quoniam
1059 5524 1291 5596 pluviale
1326 5524 1493 5584 debet
1539 5538 1756 5594 semper

123 5620 382 5684 portare
404 5613 455 5669 in
487 5614 929 5671 Processiouibus
960 5626 1015 5670 et
1043 5615 1234 5671 diebus
1266 5613 1540 5669 ferialibus
1566 5653 1581 5679 ,
1612 5613 1755 5683 quod

129 5714 313 5760 certe
344 5706 526 5775 credo,
560 5708 863 5777 ubicunque
885 5708 954 5762 sit
975 5708 1091 5763 sine
1123 5706 1307 5775 periis.
1340 5704 1465 5759 Ideo
1493 5712 1620 5759 sunt
1651 5705 1758 5761 duo

1863 4692 2022 4747 Facta
2072 4688 2442 4752 Pi‘OtCsSiOﬂC,
2493 4689 2872 4742 commendant
2924 4685 3127 4740 faculas
3178 4687 3459 4739 servituri-

1863 4786 1982 4847 bus,
2016 4784 2096 4837 vel
2136 4784 2373 4850 palmas;
2425 4793 2477 4835 et
2526 4794 2651 4835 tunc
2700 4781 2801 4835 bac
2828 4779 2915 4834 die
2966 4779 3361 4833 Purilicationis
3405 4778 3458 4832 in

1862 4876 1997 4929 albis
2027 4890 2246 4943 omnes,
2277 4884 2382 4928 tam
2406 4872 2656 4928 dominus
2680 4888 2810 4939 papa
2843 4886 3000 4940 quam
3023 4870 3114 4924 alii
3145 4885 3296 4924 more
3320 4884 3457 4923 cou-

1863 4976 2018 5021 sueto
2068 4976 2343 5035 parantur.
2378 4965 2485 5019 Sed
2518 4965 2571 5019 in
2626 4964 2714 5018 die
2769 4961 3024 5017 Cinerum
3067 4974 3119 5015 et
3159 4960 3459 5014 Palinurum

1869 5064 2052 5110 tenent
2079 5063 2387 5123 paramenta
2420 5053 2677 5118 violacea,
2711 5066 2989 5121 usquequo
3032 5050 3187 5104 Missa
3220 5050 3288 5102 sit
3309 5062 3457 5102 com-

1868 5147 2031 5217 pleta.
2082 5146 2138 5199 ln
2181 5146 2472 5214 Evangelia
2523 5160 2650 5199 vero
2698 5144 2947 5197 dominus
2987 5155 3119 5210 papa
3170 5151 3224 5194 et
3270 5153 3461 5194 omnes

1867 5248 2144 5293 resumunt
2174 5236 2395 5301 faculas,
2428 5237 2511 5290 vel
2558 5237 2609 5289 in
2649 5234 2904 5288 Passione
2956 5234 3189 5301 palmas;
3219 5243 3275 5287 et
3314 5232 3463 5288 dicto

1866 5330 2155 5399 Evangelio
2184 5335 2267 5384 vel
2296 5328 2569 5389 Passione,
2604 5341 2695 5381 eas
2727 5324 3078 5380 servituribus
3114 5337 3455 5380 recommen-

1864 5424 2013 5477 dant.

1932 5516 2073 5571 ldem
2122 5517 2439 5571 observatur
2483 5530 2581 5569 suo
2630 5513 2789 5568 modo
2818 5513 2872 5569 in
2923 5511 3007 5564 die
3054 5510 3363 5564 Palmarum
3406 5508 3465 5564 in

1863 5609 2054 5679 palmis
2085 5608 2433 5678 recipiendis,
2467 5608 2796 5663 osculatione
2818 5623 2978 5677 genu,
3008 5608 3089 5662 vel
3124 5606 3295 5675 pedis,
3325 5604 3462 5660 ιντο-

1862 5703 2109 5758 cessione
2138 5711 2191 5757 et
2212 5702 2351 5767 aliis,
2382 5710 2438 5756 ut
2467 5700 2601 5755 inira
2625 5701 2855 5755 dicetur.
2886 5698 3292 5754 Advertendotn
3317 5693 3461 5767 quod

128 5797 421 5870 pluvialia
447 5810 499 5858 et
524 5811 630 5857 tres
661 5800 854 5867 mitrzr,
881 5800 1001 5857 alba
1033 5800 1311 5857 auriﬁcata
1336 5812 1456 5855 cum
1486 5797 1672 5870 perlis,
1706 5805 1761 5859 et
1793 5798 1819 5819 ⁸
1865 5797 1914 5856 si
1958 5796 2340 5857 Processiones
2383 5793 2693 5868 huiusmodi
2722 5792 2881 5867 347
2912 5794 3105 5850 ﬁerent
3142 5793 3322 5853 Ιῐοιυω
3362 5800 3461 5855 per
