4006 6292
555 337 712 394 *1I99

1259 324 1603 382 APPENDlX
1650 323 1735 377 AD
1777 322 1834 378 S.
1877 315 2202 375 GREGOllll
2258 317 2470 374 MAGNI
2498 319 2879 378 LITURGICA
2922 319 3170 381 OPERA.

3729 327 3765 384 -ί
3774 329 3875 382 2‘10

574 466 763 526 papam
814 459 871 505 et
918 442 1231 501 solemnitcr
1283 442 1334 496 in
1365 440 1517 507 locis,
1554 439 1643 493 ubi
1695 452 1828 507 papa
1875 437 1958 491 bis
1989 435 2160 489 tribus
2194 434 2239 493 Α
2273 435 2473 526 pulum.
2501 437 2555 511 In
2581 436 2680 491 bac
2712 439 2871 493 Missa
2902 440 3098 495 dicitur
3128 440 3368 509 pra-latio
3392 442 3873 513 Quadragesimae,

575 549 762 605 diebus
789 553 930 600 esset
955 539 1341 602 celebraturus,
1371 550 1506 604 papa
1550 542 1764 599 paratus
1792 540 1933 584 esset
1963 528 2159 582 solem-

573 643 713 696 niter
740 638 897 691 etiam
929 635 981 686 in
1014 628 1362 685 Processione
1393 628 1719 695 paratnentis
1765 620 2163 692 pontiﬁcalibus

576 742 629 787 et
652 741 771 785 cum
799 726 982 797 pallio,
1008 732 1061 778 et
1088 723 1187 776 iret
1217 718 1561 774 discalciatus
1607 717 1722 784 ipse
1752 722 1804 767 et
1833 726 2019 768 omnes
2042 725 2159 766 car-

574 822 783 879 dinales
814 830 867 875 et
906 815 1116 887 praelati
1147 817 1200 869 in
1248 811 1622 874 Processione,
1656 810 1845 863 saltem
1876 807 1930 860 in
1957 806 2055 859 bac
2075 804 2164 859 die

577 910 995 973 Puriﬁcationis,
1043 908 1112 962 ab
1150 906 1382 970 ecclesia
1433 903 1602 958 sancti
1634 896 2162 966 Adriauiusqnead

577 1013 817 1061 sanctam
866 1002 1086 1057 Mariam
1132 999 1426 1069 Maiorem;
1472 1005 1528 1051 et
1580 995 1631 1048 in
1676 994 1763 1048 die
1810 993 2060 1046 (liuerum
2096 990 2165 1043 ab

575 1095 801 1152 ecclesia
829 1101 1028 1149 sancta:
1042 1092 1307 1148 Susanna.-
1330 1103 1500 1159 usque
1524 1086 1588 1141 ad
1619 1094 1857 1139 sanctam
1886 1082 2164 1145 Sabinam,

575 1189 667 1245 ubi
694 1197 777 1244 est
805 1186 981 1241 statio.

646 1280 703 1336 ln
748 1277 1015 1334 Catbedra
1068 1275 1239 1331 sancti
1283 1273 1449 1338 Petri,
1502 1285 1601 1325 nec
1627 1270 1808 1336 Missa,
1847 1281 1945 1321 nec
1988 1280 2168 1321 sermo

577 1376 975 1425 consueverunt
998 1365 1261 1431 mandari,
1284 1364 1407 1432 quia
1440 1376 1546 1415 non
1571 1368 1698 1415 sunt
1724 1359 2022 1414 secundum
2052 1370 2169 1410 mo-

577 1462 801 1525 dernos,
832 1459 929 1514 sed
962 1457 1259 1528 antiquitus
1292 1459 1693 1510 consueverunt
1721 1465 1864 1505 esse.
1904 1449 1968 1503 Et
1998 1447 2171 1502 domi-

577 1567 678 1607 uus
709 1550 960 1606 Urbanus
992 1562 1128 1619 papa
1163 1546 1248 1610 Vl,
1280 1546 1333 1599 in
1365 1544 1538 1613 primo
1568 1556 1733 1607 anno,
1766 1550 1819 1595 et
1854 1539 1905 1593 in
1931 1535 2170 1593 secundo

578 1658 717 1697 anno
740 1638 1014 1695 mandavit
1051 1636 1187 1693 ﬁeri.
1223 1636 1279 1690 In
1312 1635 1487 1704 primo
1513 1632 1972 1687 fecitsermonem
1996 1626 2172 1682 cardi-

580 1736 716 1791 nalis
750 1733 1063 1799 Gradensis,
1102 1732 1167 1786 in
1220 1729 1458 1784 secundo
1501 1728 1627 1781 fecit
1675 1722 1965 1779 cardinalis
1998 1712 2171 1776 Bona-

2273 524 2373 590 Qui
2404 527 2658 593 corporali
2692 529 2921 598 jejunio,
2953 539 3007 583 et
3047 531 3298 601 deinceps
3332 548 3501 601 usque
3528 534 3599 588 ad
3634 533 3875 590 Domini-

2268 628 2381 665 c.nn
2417 625 2437 651 ο
2472 614 2796 683 Palinarum,
2849 625 2953 671 tam
3006 619 3058 672 in
3089 619 3243 686 feria,
3291 638 3448 690 quam
3494 625 3547 678 in
3588 624 3876 679 dominicis

2268 705 2454 761 diebus
2521 707 2767 776 festivis,
2841 709 3036 766 dieitur
3095 713 3344 770 Praefatio
3412 732 3535 785 qua:
3586 722 3871 787 competit.

2270 797 2491 852 Peracto
2525 799 2697 855 Missae
2740 801 2940 867 ofﬁcio,
2990 818 3096 858 non
3129 804 3259 860 dicit
3316 807 3587 876 VeSperas
3642 810 3774 877 quia
3824 810 3873 864 in

2273 898 2381 943 tota
2405 890 2491 944 illa
2522 891 2859 947 hebdomade
2887 909 2993 949 non
3022 896 3153 951 dicit
3180 897 3441 966 VCSpCI‘aS
3474 909 3601 968 post
3634 900 3873 969 Missam,

2269 984 2362 1037 sed
2403 986 2451 1037 in
2481 998 2625 1053 sero,
2660 984 2800 1040 sicut
2827 985 2880 1040 in
2911 988 3032 1042 aliis
3063 995 3347 1047 transactis
3376 992 3572 1047 diebus
3603 1004 3774 1049 retro.

2346 1074 2646 1129 Notandum
2677 1077 2818 1146 quod
2848 1078 2917 1132 ab
2960 1079 3121 1135 initio
3150 1092 3357 1151 quartae
3389 1084 3545 1139 feriae
3594 1094 3767 1155 caput
3801 1086 3878 1156 je-

2263 1166 2400 1236 junii
2430 1167 2653 1237 quisque
2684 1170 2801 1225 dies
2833 1174 3073 1242 proprias
3105 1174 3266 1231 habet
3296 1177 3609 1242 Orationes,
3660 1190 3719 1234 et
3764 1195 3875 1249 pro-

2275 1260 2480 1326 plietias
2510 1268 2561 1312 et
2593 1252 2964 1330 Ev'angelium,
2997 1273 3053 1319 et
3078 1266 3416 1335 Autiphonas
3446 1270 3519 1321 ad
3548 1268 3873 1337 Benedictus,

2272 1361 2324 1405 ct
2350 1351 2415 1404 ad
2451 1350 2772 1420 Magni/icui.
2806 1355 3089 1414 Orationes
3128 1373 3257 1413 vero
3284 1376 3405 1429 qua)
3437 1360 3582 1415 fiunt
3626 1363 3683 1415 in
3730 1363 3870 1417 Missa

2274 1456 2437 1511 super
2483 1446 2733 1514 pupulum
2775 1447 3023 1503 dicuntur
3072 1450 3125 1504 in
3170 1450 3446 1524 Vesperis,
3504 1463 3713 1522 pra-ter
3744 1454 3868 1508 diem

2273 1533 2530 1600 Sabbati;
2576 1536 2626 1590 in
2671 1536 2758 1592 die
2786 1554 2915 1593 vero
2956 1540 3175 1596 Sabbati
3220 1544 3287 1597 ad
3339 1544 3645 1613 Vesperum
3698 1546 3874 1601 dicitur

2274 1628 2461 1683 Oratio
2491 1629 2559 1684 de
2593 1630 2888 1686 Dominica.
2920 1631 3205 1688 Sciendum
3237 1646 3319 1689 est
3348 1637 3494 1705 quod
3550 1638 3621 1691 ab
3663 1638 3766 1692 hac
3800 1638 3873 1694 die

2278 1735 2445 1789 usque
2495 1721 2716 1776 Cinnam
2773 1722 3010 1789 Domini,
3039 1726 3335 1781 secundum
3391 1728 3711 1782 Romanam
3760 1744 3868 1784 con-

580 1838 805 1881 ventura
846 1823 916 1880 de
951 1823 1130 1878 Padua
1159 1817 1568 1890 Augustincnsis
1605 1818 1657 1871 in
1704 1815 1932 1871 ecclesia
1994 1813 2165 1868 sancti
2199 1803 2245 1862 Β
2273 1814 2609 1869 suetudinem
2637 1856 2653 1881 ,
2705 1831 2810 1870 non
2863 1816 3091 1872 dicimus
3148 1818 3446 1874 Flectamus
3499 1838 3719 1891 genua,
3780 1823 3865 1877 nisi

582 1922 728 1978 Petri
778 1922 830 1975 in
873 1904 1035 1982 Urbe,
1070 1915 1288 1972 Urbano
1336 1914 1550 1968 Missam
1589 1909 1897 1965 celebrante
1940 1907 1993 1963 in
2033 1907 2172 1962 dicta

580 2015 832 2068 ecclesm.

658 2097 1054 2156 Memorandum
1080 2095 1219 2166 quod
1242 2101 1486 2150 cantetur
1508 2093 1706 2147 Lumen
1736 2091 1803 2145 ad
1823 2089 2175 2144 reuelationem

582 2201 825 2257 gentium.

584 2297 816 2355 LXXIX.
851 2296 929 2352 De
958 2297 1120 2366 ofﬁcio
1138 2294 1390 2350 Cincrum
1418 2302 1603 2366 quarta
1630 2293 1761 2365 feria
1790 2301 1941 2362 caput
1969 2289 2175 2359 ieiunii.

558 2399 566 2405 ’
655 2413 814 2468 Feria
853 2421 1039 2480 quarta
1073 2410 1464 2481 caputjejunii,
1498 2424 1604 2465 non
1649 2416 1735 2463 est
1764 2404 2176 2477 praetermitteno

582 2507 710 2561 dum
741 2505 808 2558 de
836 2503 1017 2557 ofﬁcio
1067 2500 1299 2557 Cineris.
1356 2501 1449 2555 llla
1482 2500 1591 2568 die,
1646 2499 1690 2555 si
1736 2512 1870 2569 papa
1922 2497 2083 2552 fuerit
2125 2496 2179 2550 in

587 2599 751 2662 Urbe,
795 2596 1123 2651 conveniunt
1153 2609 1343 2649 omnes
1392 2593 1457 2647 ad
1501 2601 1742 2648 sanctam
1800 2589 2177 2653 Auastasiam;

583 2690 677 2744 sed
703 2697 989 2757 antequam
1021 2686 1200 2739 veniat
1229 2684 1477 2739 dominus
1505 2698 1662 2753 papa,
1705 2683 1836 2735 ﬁunt
1866 2682 2073 2737 cineres
2107 2681 2177 2735 ibi

585 2784 651 2836 de
680 2780 870 2850 palmis
900 2778 1157 2848 praeteriti
1200 2776 1349 2841 anni,
1386 2785 1440 2830 et
1489 2775 1879 2831 benedicuntur
1921 2790 1950 2829 a
1977 2772 2180 2844 iuniori

585 2874 898 2945 presbytero
929 2870 1210 2936 cardinali,
1263 2884 1385 2924 cum
1438 2869 1698 2925 ministris
1731 2870 1930 2937 paratis
1961 2868 2013 2921 in
2044 2865 2181 2920 albis

584 2975 813 3020 tantum.
846 2965 995 3017 Tunc
1024 2962 1274 3016 dominus
1306 2977 1441 3031 papa
1473 2962 1620 3015 vadit
1647 2962 1710 3015 ad
1753 2961 1951 3015 dictam
2006 2960 2181 3017 eccle-

582 3060 741 3124 siam,
772 3058 1063 3111 comitante
1093 3071 1217 3111 eum
1253 3065 1361 3108 tota
1392 3055 1562 3118 curia,
1594 3064 1648 3107 et
1677 3054 1805 3108 dicit
1835 3054 1905 3109 ibi
1935 3053 2176 3120 Sextam,

581 3149 709 3219 quia
756 3158 1039 3217 antequam
1086 3146 1377 3202 descendat
1431 3146 1498 3201 de
1543 3146 1763 3215 palatio,
1812 3146 1971 3202 debet
2000 3147 2178 3202 dicere
2209 3170 2253 3231 (ς

582 3240 839 3298 Tertiam.
876 3237 1222 3294 Postmodum
1257 3238 1550 3307 imponitur
1594 3238 1645 3293 ei
1696 3238 1831 3292 cinis
1864 3238 2179 3293 benedictus

581 3346 613 3387 a
642 3335 819 3402 priore
846 3331 1249 3401 episcoporum,
1283 3330 1328 3384 si
1378 3342 1617 3399 praesens
1646 3339 1761 3396 est;
1791 3330 1872 3384 sin
1920 3337 2121 3396 autem,
2148 3342 2175 3382 a

582 3425 861 3493 subpriorc
925 3421 1393 3492 presbyterorum.
1463 3420 1685 3475 Demum
1742 3420 1994 3475 dominus
2043 3434 2176 3489 papa

582 3516 696 3586 ipse
725 3516 950 3584 imponit
978 3515 1193 3571 cineres
1224 3528 1389 3583 super
1413 3514 1585 3583 capita
1618 3528 1825 3579 eorum,
1858 3512 2042 3567 dicens
2064 3512 2178 3567 Me-

582 3614 772 3669 mento,
797 3604 970 3668 homo,
1014 3612 1123 3657 etc.
1164 3602 1369 3658 Postea
1422 3618 1517 3670 per
1563 3602 1794 3671 priorem
1826 3601 2174 3658 diaconorum

581 3693 859 3747 ordinatur
892 3692 1210 3747 'Processio.
1272 3692 1327 3748 Si
1388 3692 1637 3747 dominus
1666 3701 1690 3729 ε
1724 3707 1858 3762 papa
1890 3693 2003 3747 vult
2051 3707 2175 3761 per-

583 3799 708 3853 gere
738 3784 921 3853 pedes,
957 3783 1117 3839 debet
1147 3797 1205 3838 se
1233 3783 1459 3838 induere
1505 3784 1840 3838 vestimentis
1871 3784 2177 3839 missalibus

585 3890 755 3945 usque
800 3876 865 3930 ad
912 3874 1290 3941 dalmalicam;
1337 3883 1458 3944 post
1505 3875 1905 3942 impositiouem
1936 3876 2174 3931 cinerum

585 3965 747 4020 debet
773 3980 832 4019 se
855 3964 1195 4033 discalciare,
1223 3974 1276 4018 et
1307 3964 1453 4019 indui
1478 3966 1625 4035 nigra
1648 3966 1852 4032 casula,
1878 3976 1932 4021 et
1954 3982 2176 4037 pergere

586 4056 1061 4125 processionaliter
1102 4071 1270 4127 usque
1317 4056 1382 4111 ad
1432 4069 1671 4111 sanctam
1716 4058 1931 4113 Mariam
1962 4059 2170 4115 Schola'.

583 4149 915 4215 Graecorum,
948 4156 1002 4203 et
1025 4163 1191 4218 usque
1225 4148 1290 4204 ad
1320 4158 1559 4203 sanctam
1595 4149 1870 4213 Sabinam,
1898 4150 1985 4204 ubi
2011 4152 2172 4206 statio

582 4252 687 4310 est,
720 4242 941 4312 pedibus
971 4241 1325 4297 disealceatis.
1358 4242 1571 4297 Interim
1602 4242 1912 4297 scliolenses
1952 4253 2171 4299 cantent

582 4349 677 4402 per
727 4333 866 4387 viam
913 4333 1305 4403 Antiphonam;
1354 4334 1571 4389 demum
1621 4343 1917 4403 sequuntur
1947 4336 2165 4391 litanias.

584 4423 676 4477 llis
722 4421 908 4488 ﬁnitis,
938 4423 1189 4477 dominus
1223 4438 1377 4492 papa,
1410 4423 1605 4478 ablutis
1636 4424 1880 4492 pedibus,
1927 4425 1991 4479 ad
2039 4442 2167 4481 sau-

2277 1905 2486 1973 quando
2510 1906 2688 1974 plures
2704 1904 3010 1975 prophetias
3042 1909 3108 1961 ad
3132 1908 3344 1963 Missam
3374 1910 3632 1979 legimus.
3660 1911 3871 1977 Quando

2278 2010 2405 2050 vero
2451 1997 2675 2066 legimus
2725 2012 2883 2050 unam
2919 2000 3273 2070 prophetiam,
3309 2001 3507 2056 dicitur
3551 2003 3607 2056 in
3664 2003 3870 2057 modum

2279 2088 2540 2157 cpistola},
2593 2097 2648 2143 et
2693 2088 2887 2143 dicitur
2938 2087 3190 2144 Dominus
3236 2092 3515 2146 vobiscum.
3580 2092 3872 2149 Notandum

2279 2178 2419 2246 quod
2448 2179 2660 2248 quando
2688 2179 2808 2234 dure
2856 2182 3155 2250 prephetiae
3203 2183 3269 2236 ad
3326 2183 3546 2238 Missam
3600 2184 3867 2255 leguntur,

2280 2270 2448 2339 prima
2480 2271 2671 2342 legitur
2700 2273 2751 2326 in
2785 2275 3003 2329 modum
3051 2274 3311 2341 lcetionis,
3345 2274 3400 2331 et
3430 2277 3637 2332 dicitur
3670 2277 3872 2333 Flecte-

2287 2380 2403 2417 mus
2429 2380 2629 2434 genua;
2660 2366 2892 2421 secunda
2926 2368 2976 2422 iu
3009 2368 3225 2423 modqu
3267 2368 3532 2438 epistolze,
3585 2380 3641 2426 et
3689 2371 3872 2426 dicitur

2282 2456 2540 2511 Dominus
2571 2458 2847 2513 vobiscum.
2881 2460 2958 2514 Ex
2990 2461 3377 2518 consuetudine
3407 2462 3676 2518 hactenus
3699 2464 3873 2519 obser-

2282 2548 2657 2617 vata,quando
2678 2550 2896 2617 aliquod
2930 2550 3122 2605 festum
3158 2554 3321 2607 trium
3353 2553 3657 2609 lectiOnum
3686 2555 3739 2608 in
3764 2555 3870 2611 dic-

2283 2638 2382 2695 bus
2410 2641 2839 2710 Quadragesimaa
2870 2642 3141 2711 veniebat,
3176 2643 3432 2700 videlicet
3458 2661 3488 2700 a
3521 2656 3719 2717 quarta
3749 2648 3873 2703 feria

2282 2742 2439 2802 caput
2462 2734 2653 2805 jejunii
2681 2751 2849 2804 usque
2886 2736 2952 2790 ad
2985 2736 3173 2792 feriam
3204 2750 3453 2807 quartam
3484 2740 3713 2810 majoris
3754 2741 3876 2797 heb-

2283 2825 2552 2892 domadte,
2599 2825 2729 2881 nihil
2760 2826 2829 2881 de
2857 2827 2993 2882 festo
3025 2828 3352 2884 faciebamus
3402 2840 3605 2899 praeter
3642 2847 3875 2888 comme-

2286 2918 2659 2983 morationem,
2696 2918 2790 2972 sed
2824 2934 2965 2973 nunc
3016 2934 3120 2973 non
3163 2921 3499 2977 observatur.
3542 2923 3697 2979 Unde
3722 2924 3773 2979 si
3808 2925 3875 2979 fe-

2284 3016 2423 3059 stum
2454 3017 2654 3062 sanctas
2700 3007 3049 3064 Scholastica:
3092 3012 3299 3065 venerit
3342 3012 3393 3065 in
3424 3011 3874 3083 Quadragesima,

2284 3096 2496 3150 Missam
2530 3095 2757 3151 dicimus
2787 3097 2854 3153 de
2883 3098 3036 3166 feria,
3083 3115 3203 3154 cum
3254 3107 3782 3161 commemoratione
3815 3107 3874 3162 de

2285 3193 2461 3258 festo;
2493 3194 2650 3247 etiam
2698 3193 2899 3259 Tertia,
2934 3194 3097 3250 Sexta
3147 3206 3200 3250 et
3232 3196 3379 3253 Nona
3407 3197 3476 3252 de
3506 3197 3669 3265 l‘csto,
3704 3200 3752 3254 si
3779 3200 3873 3255 ali-

2283 3284 2422 3353 quod
2463 3286 2649 3339 festum
2679 3300 2783 3339 non
2812 3297 3088 3356 sequatur,
3117 3286 3185 3342 de
3212 3287 3338 3343 feria
3368 3288 3645 3345 dicuntur.
3674 3291 3874 3347 Notan-

2281 3377 2410 3431 dum
2439 3378 2577 3447 quod
2608 3380 2935 3434 camerarius
2965 3394 3113 3449 papa:
3143 3380 3259 3435 exit
3280 3377 3305 3417 ἀ
3339 3383 3534 3451 regias,
3587 3394 3645 3439 et
3672 3384 3769 3440 dat
3797 3385 3871 3439 ci—

2282 3483 2439 3522 neres
2469 3469 2632 3539 349
2661 3470 2852 3523 stando
2895 3470 3059 3536 pedes
3103 3470 3207 3526 illis
3232 3475 3319 3541 qui
3353 3482 3481 3528 sunt
3508 3483 3686 3545 extra,
3729 3488 3788 3533 et
3822 3477 3873 3533 in

2274 3563 2398 3629 ejus
2422 3561 2661 3614 absentia
2692 3561 2824 3614 alius
2854 3562 3126 3629 pr.elatus,
3155 3564 3240 3618 cui
3272 3580 3409 3634 papa
3438 3568 3693 3622 mandat.

2358 3676 2494 3730 Ante
2515 3675 2819 3730 Orationem
2848 3690 2952 3729 non
2983 3675 3110 3731 dicit
3140 3675 3258 3732 Pun:
3285 3680 3423 3733 vobis
3448 3719 3467 3746 ,
3515 3679 3614 3735 sed
3668 3690 3872 3736 tantum

2283 3768 2536 3823 Dominus
2560 3769 2832 3834 vobiscum,
2861 3780 2915 3823 et
2944 3770 3021 3823 sic
3054 3768 3107 3823 in
3156 3770 3406 3825 omnibus
3450 3771 3601 3828 feriis
3645 3772 3870 3828 domini-

2281 3862 2360 3916 cis
2388 3872 2494 3915 tatn
2525 3861 2981 3930 Quadragesimm,
3014 3876 3171 3929 quam
3214 3870 3268 3917 et
3297 3862 3599 3932 Adventus,
3634 3867 3871 3936 exceptis

2284 3954 2552 4009 Doutinica
2595 3952 2823 4007 Gaudete
2851 3961 2897 4007 et
2939 3952 3155 4007 Lwtare.

2357 4065 2421 4120 Et
2460 4065 2749 4120 notandum
2800 4066 2940 4133 quod
2983 4066 3036 4120 in
3075 4065 3269 4121 Tractu
3315 4069 3403 4137 qui
3435 4068 3537 4124 hac
3568 4070 3665 4128 die
3694 4082 3871 4127 canta-

2276 4164 2382 4223 tur,
2413 4156 2625 4226 quando
2655 4156 2959 4226 pervenitur
2979 4158 3045 4211 ad
3078 4157 3303 4213 Versum
3340 4160 3548 4229 Adjuva
3594 4178 3694 4215 uos
3722 4204 3739 4228 ,
3792 4163 3868 4217 di-

2275 4257 2395 4304 ctus
2427 4249 2677 4303 dominus
2708 4263 2865 4318 papa,
2894 4248 3135 4318 deposita
3172 4250 3352 4316 mitra,
3403 4258 3515 4305 stat
3546 4256 3867 4320 genuﬂexus

2276 4342 2329 4395 in
2359 4340 2487 4396 sede
2513 4356 2625 4407 sua,
2662 4342 2895 4410 quandiu
2941 4349 3187 4396 cantatur
3238 4341 3328 4396 ille
3376 4341 3602 4399 Versus.
3642 4344 3703 4401 Si
3740 4360 3868 4415 papa

2279 4450 2383 4489 non
2414 4434 2729 4501 celebraret,
2761 4434 2855 4490 sed
2898 4434 3032 4488 alius
3087 4448 3269 4489 coram
3319 4449 3406 4500 eo,
3455 4434 3624 4492 debet
3682 4438 3765 4493 ire
3806 4438 3865 4492 ad

581 4521 720 4566 ctam
754 4511 1006 4567 Sabinam
1038 4515 1090 4566 in
1121 4514 1387 4582 sacristia,
1419 4524 1472 4569 et
1502 4516 1855 4584 recalceatus,
1904 4515 2034 4572 dicit
2062 4518 2168 4572 No-
2190 4498 2250 4555 D
2274 4527 2582 4581 cathedram
2631 4498 2751 4581 cum
2793 4525 3026 4580 scabello
3074 4539 3253 4580 coram
3302 4498 3473 4583 altare
3523 4538 3796 4597 paratam,
3818 4538 3867 4583 et

579 4620 732 4671 nam;
790 4606 952 4677 35.8
997 4606 1191 4662 deinde
1240 4608 1479 4677 procedit
1530 4611 1596 4665 ad
1632 4613 1812 4668 altare
1859 4614 1924 4668 ad
1988 4614 2166 4671 divina

579 4697 904 4767 peragenda.
951 4698 1101 4753 Solet
1142 4698 1390 4755 dominus
1438 4715 1567 4771 papa
1632 4702 1730 4756 hac
1778 4704 1862 4760 die
1923 4706 1991 4761 ad
2042 4706 2167 4762 Mis-

580 4805 695 4843 sam
753 4803 910 4842 uuam
952 4788 977 4824 δ
1013 4796 1218 4842 tantum
1247 4789 1552 4846 Orationem
1601 4804 1818 4850 cantare
1858 4807 1911 4851 et
1962 4796 2013 4852 in
2050 4813 2167 4852 om-

582 4880 737 4933 nibus
791 4879 1074 4934 dominicis
1117 4880 1333 4947 diebus;
1366 4883 1458 4937 sed
1494 4884 1545 4937 in
1601 4884 1898 4951 ferialibus,
1949 4890 2165 4958 quando

580 4971 818 5025 celebrat
870 4971 922 5025 in
971 4972 1197 5041 capella,
1248 4972 1377 5028 dicit
1426 4984 1533 5031 tres
1578 4975 1884 5046 Orationes,
1919 4982 2166 5038 videlicet

581 5059 888 5113 Orationem
939 5059 1062 5125 diei,
1094 5068 1149 5114 ct
1179 5060 1487 5116 Orationem
1537 5065 1581 5116 A
1619 5069 1831 5135 cunctis,
1875 5080 1930 5124 et
1957 5072 2168 5128 Oratio-

576 5164 700 5204 nem
727 5151 1059 5218 Umnipotms
1089 5152 1393 5219 sempiterne
1417 5152 1573 5221 Deus,
1597 5158 1683 5223 qui
1704 5158 1948 5226 vivorum,
1977 5172 2081 5217 etc.
2105 5164 2167 5217 Et

584 5241 797 5308 quando
827 5243 973 5296 venit
1000 5242 1067 5296 ad
1096 5242 1404 5298 Orationem
1436 5259 1598 5315 super
1629 5251 1878 5317 populum
1909 5254 2034 5308 dicit
2063 5255 2166 5309 Per

581 5332 751 5383 omnia
767 5332 957 5386 saecula
988 5333 1316 5397 seculorum,
1345 5350 1515 5389 amen.
1548 5336 1735 5392 Postea
1758 5340 1890 5394 dicit
1919 5342 2159 5411 Oremus,

584 5417 867 5475 Humi/inte
894 5424 1064 5492 capita
1089 5432 1252 5477 vestra
1282 5422 1428 5490 Deo;
1458 5435 1641 5494 postea
1671 5428 1853 5484 Oratio
1877 5447 2038 5502 super
2061 5452 2165 5505 po-

652 5541 679 5569 ι
702 5532 905 5607 Eadem
937 5534 1075 5607 apud
1108 5534 1323 5607 Petrum
1349 5536 1561 5607 Amelii,
1598 5537 1649 5592 in
1682 5553 1800 5607 cap.
1827 5541 1916 5598 '57.

699 5601 755 5683 lu
784 5605 1142 5683 caeremoniuli
1167 5604 1304 5683 Petri
1328 5605 1527 5683 Amebi
1554 5626 1565 5658 :
1600 5601 1899 5683 Notandum
1919 5619 2055 5683 quod
2077 5636 2152 5673 se.

578 5672 804 5750 cundum
824 5674 1087 5750 dominum
1110 5672 1621 5750 Jacobum‘ffaietani
1645 5682 1696 5731 in
1726 5681 1823 5734 hac
1851 5684 1905 5736 Μ
1911 5672 2030 5750 issu,
2056 5672 2157 5744 non

2274 4618 2345 4672 ibi
2377 4628 2480 4672 stat
2504 4617 2737 4688 quandiu
2769 4632 2957 4672 versus
2987 4616 3077 4671 ille
3100 4626 3368 4687 cantatur,
3389 4618 3640 4688 deposita
3671 4619 3824 4674 mitia
3850 4638 3864 4683 ;

2272 4720 2324 4764 et
2355 4709 2471 4777 ipso
2501 4708 2669 4773 ﬁnito,
2700 4708 2858 4764 debet
2890 4706 3067 4762 redire
3092 4708 3159 4761 ad
3192 4708 3377 4765 sedem
3421 4725 3578 4765 suam
3632 4713 3865 4782 reposita

2274 4804 2428 4856 mitra
2460 4819 2476 4867 ;
2529 4810 2583 4854 et
2612 4802 2772 4855 etiam
2804 4800 2946 4855 dicto
2976 4799 3219 4868 Sanctus,
3246 4803 3291 4856 si
3322 4815 3428 4857 non
3464 4803 3736 4867 celebret,
3762 4814 3867 4858 sta-

2274 4893 2365 4946 tim
2396 4892 2555 4947 debet
2582 4890 2837 4946 accedere
2881 4890 2944 4944 ad
2994 4892 3240 4946 eamdem
3284 4892 3601 4947 cathedram
3629 4936 3645 4958 ,
3697 4904 3755 4950 et
3800 4893 3867 4948 ibi

2270 4993 2413 5037 stare
2444 4996 2607 5051 usque
2637 4981 2700 5035 ad
2730 4982 2904 5051 Agnus
2938 4981 3030 5034 Dei
3056 4996 3176 5036 cum
3209 4982 3389 5037 mitra.
3418 4982 3483 5037 Et
3513 4982 3651 5038 dum
3685 4984 3870 5053 incipit

2276 5075 2375 5128 Per
2402 5074 2596 5139 omnia,
2648 5073 2787 5128 redit
2830 5072 2897 5126 ad
2938 5071 3121 5127 sedent
3152 5086 3329 5126 suam.
3384 5072 3497 5128 Hoc
3544 5074 3699 5131 idem
3749 5077 3869 5130 iacit

2270 5179 2402 5233 papa
2433 5178 2537 5219 non
2560 5163 2857 5229 celebrans,
2880 5162 3303 5233 quandocunque
3323 5163 3578 5218 dicuntur
3606 5167 3802 5235 prim:
3821 5174 3873 5223 et

2270 5259 2471 5311 ultima:
2500 5257 2782 5312 Orationes
2808 5256 2861 5310 in
2897 5257 3069 5311 Missis
3099 5258 3165 5330 de
3196 5257 3353 5322 feria,
3392 5258 3602 5329 vigilia,
3632 5270 3731 5315 aut
3754 5260 3869 5316 die-

2271 5348 2369 5403 bus
2391 5356 2623 5418 quatuor
2652 5358 2977 5415 temporum,
3008 5348 3123 5403 sive
3171 5349 3487 5404 so'emniter
3535 5352 3866 5417 celebretur,

2273 5451 2365 5495 aut
2420 5439 2690 5494 feri-diter.
2753 5439 2999 5507 Quandiu
3042 5440 3187 5495 enim
3240 5439 3528 5496 Orationes
3574 5442 3870 5511 dicuntur,

2267 5552 2474 5621 poribus
2497 5563 2860 5605 consueverunt
2881 5552 2981 5605 dici
3005 5563 3125 5606 tres.

2391 5586 2755 5675 Xollttininica'
3053 5586 3261 5678 r(dicitur
3286 5620 3545 5678 Praefatio
3566 5625 3641 5681 de
3678 5586 3869 5683 Cifuce.

2337 5689 2773 5767 dli_l‘es_t__cxtra
2828 5695 3115 5750 cancellos.
3190 5692 3321 5749 Vide
3368 5691 3591 5750 Petrum
3646 5696 3871 5767 Atuelii,

580 5743 725 5796 debet
751 5742 853 5795 dici
880 5741 978 5793 nisi
1009 5751 1201 5796 tantum
1227 5759 1332 5796 una
1362 5744 1559 5816 Oratio,
1592 5750 1706 5803 licet
1730 5754 1983 5812 modernis
2017 5741 2197 5815 iam}.
2262 5741 2621 5825 οειβίέιξόγό.

3965 698 3967 783 l
