4006 6294
142 365 279 421 59.01

1332 368 1591 427 ROMANI
1629 366 1946 426 ORDINES.
1976 399 2046 411 —
2083 368 2219 427 XIV.

3274 378 3415 435 H02

136 493 356 553 seraper
383 488 491 539 stat
519 481 679 539 flexis
707 488 953 554 genibus,
982 495 1043 541 ut
1076 498 1259 556 supra,
1309 500 1429 541 cum
1476 488 1631 540 mitra
1682 487 1734 542 in
1768 484 1814 541 A
1845 493 2080 553 recepta,
2108 500 2238 555 papa
2269 486 2369 542 sibi
2414 478 2717 558 committit,
2750 469 3011 559 quatetit‘ts
3039 505 3102 546 ex
3135 501 3285 561 parte
3330 499 3414 549 sui

138 575 361 643 capite,
411 574 512 628 nisi
555 574 698 629 illam
732 590 798 630 ex
854 577 1141 631 devotione
1194 576 1414 646 speciali
1461 576 1731 646 deponere

140 665 340 729 vellet;
387 672 443 719 et
469 665 815 720 Orationibus
863 666 1055 734 finitis,
1106 667 1230 722 dum
1261 667 1455 722 dicitur
1478 666 1585 721 l’er
1627 665 1733 719 Do-

137 758 361 823 minum,
392 757 472 810 vel
496 756 706 827 quando
735 759 867 824 vult,
898 759 1070 829 surgit
1097 766 1150 815 et
1189 758 1407 815 revertit
1448 760 1513 814 ad
1541 760 1735 815 cathe-

142 848 303 903 dram
333 863 507 902 suam.

218 939 518 994 Notandum
543 947 566 974 α
590 939 728 1008 quod
752 954 894 993 anno
928 940 1133 996 Domini
1167 941 1304 997 1595
1326 942 1627 997 Bonifacius
1664 941 1733 997 IX

148 1032 357 1087 Perusii
398 1030 546 1084 dedit
586 1033 835 1095 cineres;
880 1032 1067 1101 quibus
1116 1033 1274 1096 datis,
1324 1033 1570 1103 deposito
1618 1036 1735 1104 plu-

145 1124 301 1189 viali,
330 1122 530 1192 recepit
575 1122 909 1193 chlamydem
937 1140 950 1186 ;
985 1132 1036 1176 et
1064 1124 1140 1178 sic
1166 1125 1368 1191 absque
1401 1125 1556 1178 mitra
1585 1126 1733 1179 stetit

149 1215 205 1268 in
244 1214 402 1268 Missa
445 1223 662 1283 pr0pter
714 1213 916 1283 frigus;
962 1229 1134 1283 neque
1177 1215 1475 1269 cardinales
1520 1215 1735 1269 diaconi

149 1306 410 1361 sederunt
439 1315 563 1360 ante
590 1321 734 1371 eum,
783 1306 877 1361 sed
909 1306 961 1359 in
996 1308 1124 1360 locis
1148 1308 1276 1360 suis.
1332 1306 1585 1360 Dominus
1614 1322 1734 1360 car-

149 1401 347 1456 dinalis
378 1400 728 1454 Bononiensis
756 1399 891 1453 dixit
921 1399 1133 1453 Missam
1158 1442 1172 1464 ,
1223 1410 1275 1452 et
1306 1398 1450 1453 dedit
1499 1400 1733 1453 cinerem

154 1511 326 1565 papae,
360 1504 413 1551 et
443 1493 745 1548 immediate
776 1508 911 1562 papa
938 1492 1084 1548 dedit
1114 1493 1213 1546 sibi
1245 1493 1454 1546 cineres
1482 1501 1605 1546 ante
1629 1506 1737 1545 om-

154 1601 248 1641 nes
277 1586 597 1641 cardinales.
635 1583 832 1639 Verum
865 1583 1004 1653 quod
1036 1599 1141 1638 non
1169 1583 1268 1638 fuit
1311 1584 1499 1652 aliquis
1530 1583 1731 1653 episco-

155 1692 253 1747 pus
303 1674 593 1729 cardinalis
623 1683 748 1729 tunc
775 1716 789 1738 ,
849 1683 903 1729 et
951 1674 1235 1743 prae-lictus
1263 1673 1512 1728 dominus
1557 1685 1738 1729 noster

154 1784 288 1837 papa
312 1768 596 1832 ordinavit,
627 1766 767 1835 quod
794 1766 891 1820 iste
920 1766 1109 1820 modus
1133 1765 1294 1820 debet
1314 1781 1529 1836 semper
1550 1767 1734 1823 obser-

1836 574 2116 632 denuntiet
2133 592 2256 633 vere
2279 578 2652 647 ptenitentibus
2681 586 2736 635 et
2760 579 3046 650 confessis,
3071 581 3159 652 qui
3187 592 3310 638 sunt
3333 585 3413 638 vel

1837 675 1995 724 erunt
2024 667 2081 721 in-
2105 675 2243 723 statu
2273 671 2479 740 gratim,
2514 672 2651 727 infra
2687 680 2808 727 octo
2837 671 2972 739 dies,
3001 682 3105 728 tres
3134 689 3303 728 annos
3357 682 3414 729 et

1840 766 1916 813 tot
1965 758 2331 829 quadragenas
2374 762 2440 816 de
2477 763 2839 834 indulgentiis.
2883 765 3182 820 Notandum
3237 770 3415 821 tamen

1839 852 1979 920 quod
2025 852 2075 906 in
2131 852 2419 909 Dominicis
2466 856 2582 912 istis
2625 869 3017 913 consueverunt
3044 875 3074 911 v
3120 859 3247 915 anni
3280 869 3336 916 et
3388 876 3417 907 ν

1839 942 2216 1012 quadragenze,
2248 956 2303 999 et
2343 946 2397 1000 in
2430 959 2616 1016 quarta
2660 949 2932 1005 Dominica
2981 950 3049 1006 de
3092 951 3293 1007 Lwtare
3323 968 3416 1018 vtt,

1840 1035 1928 1102 qui
1962 1022 2031 1089 vit
2062 1037 2185 1090 anni
2216 1052 2488 1108 nunquam
2519 1040 2691 1095 solent
2721 1042 2859 1110 dari,
2892 1042 2993 1099 nisi
3023 1044 3257 1113 pontifet
3280 1046 3421 1101 cele-

1842 1124 1958 1178 bret
2007 1125 2059 1179 in
2103 1126 2243 1181 dicta
2290 1127 2561 1185 Dominica
2608 1131 2675 1186 de
2720 1131 2922 1188 Laztare
2954 1144 3006 1188 et
3064 1136 3113 1188 in
3144 1135 3420 1191 Dominica

1843 1213 2093 1269 Gaudete.
2129 1217 2195 1270 Et
2223 1216 2327 1275 isto
2358 1220 2648 1286 praedicto,
2691 1222 2848 1277 Missa
2896 1233 2950 1277 et
2990 1238 3166 1279 sermo
3207 1225 3260 1279 in
3304 1227 3421 1280 aliis

1844 1305 2017 1359 tribus
2065 1306 2351 1360 Duasinicis
2394 1308 2855 1379 Quadragesim-e,
2901 1320 3043 1375 etc.,
3093 1312 3307 1367 fuerunt
3364 1324 3421 1370 ut

1842 1417 2022 1471 supra.

1842 1494 1999 1565 351
2033 1492 2266 1547 ίᾸΧΧῘ·
2303 1493 2380 1547 De
2410 1493 2567 1565 οθῑρὶο
2596 1504 2792 1564 quarta:
2819 1493 3098 1551 Dominica:
3129 1495 3427 1563 Quodrage-

1916 1564 2077 1645 sinite,
2101 1579 2215 1633 qua:
2244 1576 2452 1618 voca'ur
2477 1564 2742 1618 Dominica
2767 1565 2829 1619 de
2861 1566 3016 1634 Rosa,
3045 1577 3091 1619 et
3122 1568 3185 1620 de
3216 1568 3419 1620 Annuu-

1916 1644 2143 1688 natione.

1916 1728 2188 1786 Dominica
2221 1736 2402 1797 quarta
2431 1728 2880 1800 Quadragesima),
2909 1730 3069 1786 statio
3096 1731 3159 1784 ad
3188 1740 3426 1787 sanctam

153 1820 303 1929 varii,
333 1820 471 1931 quod
514 1820 606 1915 ille
644 1820 740 1928 ‘qni
785 1856 1018 1914 reiebrat
1042 1860 1278 1927 imponat
1321 1820 1467 1928 papa).
1494 1860 1736 1929 cineres,
1769 1852 1819 1914 Β
1845 1820 2091 1931 €chve
2127 1821 2315 1931 "1h?
2342 1821 2614 1931 99mm“
2637 1824 2883 1931 dominas
2912 1840 3041 1931 Papa
3075 1832 3251 1931 porta}
3277 1824 3429 1931 om.

153 1967 298 2007 anno
327 1952 512 2021 quinto
558 1950 898 2019 pontificatus
926 1948 1007 2004 sui
1038 1949 1089 2003 in
1132 1950 1219 2003 die
1248 1950 1417 2005 sancti
1463 1950 1693 2005 Matthia:
1721 1970 1735 2019 ;

154 2050 211 2098 et
253 2050 379 2098 tunc
407 2040 646 2095 fecerunt
675 2040 743 2093 de
770 2039 919 2103 feria,
951 2031 1137 2094 etnon
1168 2039 1235 2095 de
1281 2049 1490 2106 sancto,
1516 2041 1610 2096 sed
1653 2043 1740 2098 die

153 2130 303 2189 Jovis
334 2120 642 2187 immediate
664 2131 941 2201 sequentis
973 2132 1165 2185 factum
1198 2130 1292 2185 fuit
1322 2133 1388 2187 de
1419 2132 1574 2190 festo.

229 2223 525 2278 Notandum
575 2221 715 2290 quod
748 2221 1171 2292 quandocunque
1223 2222 1413 2292 aliqnis
1457 2224 1741 2279 cardinalis

160 2313 283 2369 facit
311 2312 543 2368 officium
568 2328 746 2367 coram
781 2313 1058 2382 pontifice,
1091 2328 1278 2367 omnes
1322 2314 1620 2369 cardinales
1648 2331 1740 2369 ex-

156 2418 399 2474 spectare
426 2405 619 2460 debent
653 2405 822 2473 illum,
855 2419 1132 2475 quousque
1180 2404 1265 2460 ille
1313 2406 1621 2473 deposuerit
1655 2422 1741 2462 sa-

157 2513 247 2553 cra
273 2498 610 2561 vestimenta,
638 2506 692 2552 et
712 2498 1123 2565 rcassnmpserit
1145 2498 1448 2567 quotidiana
1476 2516 1490 2565 ;
1538 2512 1589 2555 et
1618 2516 1739 2556 cum

159 2604 226 2646 eo
251 2592 451 2643 vadunt
480 2588 544 2642 ad
570 2604 836 2643 cameram
861 2604 1007 2658 papae
1047 2605 1170 2643 cum
1220 2590 1375 2645 dictis
1408 2591 1510 2646 illis
1532 2592 1740 2650 duobus

158 2678 471 2734 diaconibus
493 2678 578 2747 qui
604 2693 790 2748 papam
810 2680 1161 2740 antecedunt;
1195 2681 1278 2736 vel
1301 2681 1345 2735 si
1368 2698 1556 2739 omnes
1580 2685 1742 2756 35o

159 2781 471 2839 exSpeetare
501 2772 789 2836 uoluerint,
821 2773 1006 2826 saltem
1038 2772 1146 2827 duo
1174 2784 1488 2841 exspectare
1508 2776 1728 2833 debent.

232 2862 290 2915 Si
320 2877 449 2917 vero
478 2861 724 2916 dominus
756 2856 887 2932 papa
920 2878 1023 2917 non
1050 2866 1198 2919 estin
1225 2865 1388 2932 Urbe,
1416 2871 1740 2926 conveniunt

159 2969 348 3010 omnes
376 2954 439 3008 ad
467 2954 745 3010 ecclesiam
792 2966 989 3010 saucia:
1039 2956 1283 3025 Sabinae,
1319 2968 1369 3014 et
1392 2960 1535 3015 dicta
1562 2962 1738 3019 Tertia

158 3045 546 3101 benedicuntur
574 3047 733 3101 ciner.
755 3062 781 3101 s
808 3062 836 3101 a
862 3048 1134 3114 pontifice,
1164 3050 1245 3103 vel
1270 3066 1297 3103 a
1326 3052 1620 3118 sacvrdote,
1649 3058 1737 3125 qui

157 3137 319 3192 debet
349 3150 565 3193 cantare
591 3139 800 3193 Missrm
834 3155 981 3194 more
1009 3141 1167 3194 solito
1189 3181 1206 3207 ,
1255 3153 1308 3196 ut
1352 3159 1533 3212 supra.
1570 3146 1737 3203 Finita

161 3228 561 3295 Benedicxionc,
596 3231 830 3299 pontifici
861 3232 941 3285 vel
973 3233 1235 3287 sacerdoti
1265 3234 1600 3291 celebraturo
1630 3239 1743 3294 Mis-
1776 3227 1822 3291 C

158 3332 270 3371 sam
320 3319 609 3389 imponitur
638 3321 774 3376 cinis
804 3338 831 3375 a
874 3322 1122 3391 pontifice
1153 3325 1258 3378 alio
1290 3326 1371 3380 vel
1422 3328 1703 3385 sacerdote
1724 3375 1739 3400 ,

156 3410 203 3463 si
232 3409 405 3465 adest.
439 3412 531 3467 Sin
554 3421 754 3478 autem,
786 3414 924 3467 idem
962 3416 1195 3483 pontifex
1217 3458 1229 3481 ,
1256 3417 1342 3472 vel
1371 3419 1621 3475 sacerdos
1646 3420 1745 3475 im-

158 3502 306 3569 ponit
334 3498 434 3555 sibi
467 3500 565 3569 ipsi
614 3501 857 3563 cineres,
883 3504 1075 3557 deinde
1123 3506 1267 3560 clero
1311 3514 1365 3560 et
1396 3509 1589 3577 pepnlo
1614 3551 1629 3576 ,
1665 3511 1744 3563 di-

158 3593 331 3647 cendo
364 3591 653 3655 Memento,
710 3593 895 3659 homo,
936 3602 1040 3648 etc.
1064 3594 1279 3649 interim
1322 3608 1604 3654 cantantur
1637 3598 1745 3654 Im-

158 3694 412 3738 mutentur
446 3682 643 3745 habitu,
675 3691 729 3737 et
754 3682 916 3737 Juxta
953 3668 1272 3753 vestibulum,
1302 3697 1406 3744 etc.
1435 3690 1605 3745 Finita
1638 3692 1747 3746 im-

158 3774 427 3843 positione
455 3774 715 3842 cinerum,
736 3773 927 3829 dicitur
946 3775 1127 3845 Oratio
1150 3775 1397 3845 Concede,
1422 3798 1742 3851 quwsumus,

158 3878 220 3923 ut
243 3884 426 3939 supra.
458 3869 799 3926 Postmodum
849 3872 1088 3940 procedit
1113 3873 1178 3926 ad
1227 3875 1395 3930 altare
1443 3877 1508 3931 ad
1559 3877 1738 3934 divina

157 3959 490 4030 peragenda.
538 3959 651 4016 linc
695 3961 838 4015 idem
879 3969 1126 4017 servatur
1169 3962 1221 4016 in
1285 3964 1489 4029 capella
1540 3965 1742 4021 domini

160 4052 563 4121 papae,quando
586 4067 716 4124 papa
744 4068 849 4107 non
880 4054 1135 4120 celebrat,
1161 4064 1383 4125 excepto
1412 4058 1551 4127 quod
1575 4057 1674 4115 sibi
1694 4070 1749 4116 et

156 4142 414 4197 omnibus
443 4144 739 4198 astantibus
769 4143 995 4213 imponit
1021 4146 1251 4201 cineres.

355 4253 569 4309 LXXX.
611 4254 885 4309 Dominica
908 4257 1075 4326 prima
1110 4256 1550 4329 Quadragesimw.

236 4364 511 4420 Dominica
566 4366 731 4435 prima
777 4366 1211 4438 Quadragesimae
1260 4385 1440 4424 sermo
1489 4380 1545 4426 et
1588 4364 1747 4428 Missa

158 4458 523 4523 mandantur;
555 4467 609 4513 et
638 4459 687 4511 in
721 4459 817 4514 hac
852 4458 1126 4513 Dominica
1169 4470 1225 4515 et
1266 4462 1522 4532 deinceps
1552 4464 1604 4519 in
1636 4464 1748 4521 die-

1847 1913 1950 1969 lem
1996 1914 2208 1970 mitram
2242 1915 2502 1986 frigiatam
2526 1957 2542 1982 ,
2575 1930 2694 1971 cum
2739 1916 2882 1971 vadit
2912 1917 3123 1971 Missam
3159 1918 3432 1973 celebrare

1844 2007 1911 2063 ad
1940 2008 2220 2066 ecclesiam
2250 2018 2446 2065 sancta!
2474 2009 2683 2077 Crucis,
2735 2026 2852 2082 quae
2878 2012 3073 2066 dicitur
3110 2013 3427 2069 Jerusalem.

1845 2097 1941 2153 illo
1977 2099 2137 2155 etiam
2170 2099 2255 2154 die
2286 2110 2459 2169 portat
2491 2114 2665 2154 rosam
2696 2116 2911 2155 auream
2940 2117 3059 2155 cum
3102 2101 3339 2155 balsamo
3382 2112 3432 2156 et

1844 2201 2030 2242 musco
2058 2189 2159 2243 sibi
2191 2189 2242 2242 in
2272 2204 2482 2244 camera
2514 2205 2541 2244 a
2572 2192 2868 2245 camerario
2899 2201 3303 2261 przescntatam;
3337 2194 3433 2246 ba-

1841 2281 2085 2354 julatque
2123 2298 2241 2339 eam
2271 2282 2325 2339 in
2364 2284 2542 2339 eundo
2582 2285 2649 2340 ab
2695 2285 2878 2340 eadem
2927 2299 3138 2339 camera
3170 2302 3337 2357 usque
3367 2286 3431 2341 ad

1844 2383 2083 2430 sanctam
2115 2373 2370 2441 Crucem,
2406 2383 2613 2430 etcum
2662 2376 2935 2443 praedicat,
2986 2376 3037 2430 in
3084 2391 3244 2432 manu
3289 2387 3434 2432 tenet

1845 2480 1993 2530 eam,
2027 2464 2353 2534 reducetque
2377 2480 2496 2521 eam
2529 2466 2580 2519 in
2611 2466 2884 2521 redeundo
2912 2480 3078 2536 usque
3119 2467 3184 2522 ad
3215 2467 3433 2524 Latera-

1848 2573 1995 2612 num.
2020 2557 2099 2613 Ad
2125 2559 2491 2613 ascensionem
2510 2568 2563 2615 et
2586 2559 2987 2614 descens’onem
3012 2562 3131 2631 equi
3155 2561 3433 2631 prtefectus

1851 2648 2009 2705 Urbis
2039 2648 2254 2703 indutus
2283 2648 2511 2704 searleto
2542 2649 2625 2704 vel
2651 2665 2902 2719 purpura,
2935 2649 3138 2706 habens
3168 2668 3323 2705 unam
3353 2667 3430 2706 ca~

1847 2737 2004 2807 ligam
2036 2738 2252 2794 rubeam
2284 2746 2337 2793 et
2362 2738 2517 2793 aliam
2548 2739 2879 2805 deauratam,
2913 2747 3054 2794 tenet
3085 2741 3131 2795 ei
3163 2742 3431 2810 stapham,

1846 2838 1900 2885 et
1920 2828 2169 2884 dominus
2194 2843 2329 2900 papa
2352 2829 2442 2886 dat
2462 2830 2509 2885 ei
2532 2844 2708 2885 rosam
2733 2845 2974 2899 auream,
2998 2846 3117 2886 cum
3139 2832 3431 2889 descendit.

1917 2922 1972 2977 In
2001 2922 2099 2978 hac
2128 2922 2421 2989 Dominica,
2447 2923 2605 2978 Missa
2626 2924 2798 2993 finita,
2829 2924 3076 2981 dominus
3098 2941 3228 2995 papa
3258 2941 3434 2981 rosam

1847 3021 2023 3082 portat
2054 3026 2220 3081 usque
2249 3012 2316 3067 ad
2346 3028 2613 3068 cameram
2646 3028 2833 3079 suam;
2862 3015 2942 3069 vel
2966 3058 2981 3081 ,
3012 3016 3057 3070 si
3085 3017 3153 3069 sit
3184 3016 3235 3069 in
3266 3015 3434 3080 Urbe,

1847 3116 2015 3172 usque
2054 3102 2119 3156 ad
2154 3102 2512 3158 Lateranense
2542 3104 2792 3171 palatium
2819 3121 2832 3170 ;
2877 3115 2931 3158 et
2960 3105 3083 3158 dum
3114 3107 3399 3159 revertitur
3419 3147 3434 3170 ,

1855 3204 2149 3261 sequuntur
2175 3208 2300 3247 eum
2326 3208 2512 3249 omnes
2542 3194 2749 3249 nobiles
2782 3194 2831 3249 in
2858 3197 3006 3250 curia
3034 3206 3353 3265 prmsentes;
3385 3204 3434 3250 et

1842 3282 1976 3351 dum
2006 3281 2071 3335 ad
2102 3296 2369 3336 cameram
2396 3296 2544 3336 suam
2578 3280 2815 3349 redierit,
2845 3284 2891 3338 si
2934 3286 3001 3338 sit
3029 3294 3178 3341 extra
3215 3284 3432 3348 Urbem,

1851 3372 1939 3425 dat
1966 3386 2143 3426 rosam
2174 3370 2418 3426 nobiliori
2439 3414 2453 3437 ,
2483 3373 2568 3427 vel
2598 3373 2670 3426 illi
2703 3374 2786 3428 cui
2812 3374 2911 3430 sibi
2935 3375 3116 3449 placet
3147 3375 3348 3444 magis;
3382 3386 3434 3429 et

1849 3461 1939 3515 ille
1971 3461 2317 3517 incontinenti
2366 3462 2531 3516 flectit
2576 3477 2744 3532 genua
2772 3504 2788 3528 ,
2836 3472 2889 3518 et
2927 3465 3198 3519 osculatur
3241 3463 3431 3534 pedem

1849 3569 2023 3624 papae,
2050 3555 2174 3609 dato
2202 3555 2363 3610 etiam
2390 3554 2530 3624 quod
2556 3564 2697 3611 esset
2718 3572 2831 3611 rex.
2862 3557 3061 3613 Deinde
3089 3573 3223 3628 papa
3247 3558 3437 3626 recipit

1848 3658 1969 3699 eum
2001 3644 2067 3698 ad
2098 3645 2338 3700 osculum
2368 3646 2515 3712 oris;
2545 3646 2737 3701 deinde
2780 3647 2871 3702 ille
2901 3649 3100 3704 recedit
3127 3647 3432 3703 comitanti-

1850 3733 1951 3789 bus
1977 3749 2102 3789 eum
2143 3735 2353 3791 duobus
2382 3735 2693 3792 diaconibus
2732 3738 3117 3807 antiquioribus
3146 3739 3434 3796 eardinali-

1849 3820 1974 3887 bus,
2002 3831 2054 3875 et
2084 3838 2205 3877 cum
2235 3823 2328 3878 illo
2358 3826 2598 3893 equitant
2625 3825 3033 3897 aliquantulum,
3057 3838 3310 3898 quantum
3338 3829 3436 3884 sibi

1851 3913 2108 3983 placebit.
2758 3928 2787 3945 ι’

1923 4004 2080 4059 Anno
2109 4002 2368 4059 Bonifacii
2398 4004 2465 4059 lx
2497 4007 2831 4075 pontifleatus
2863 4023 2914 4061 tv
2933 4051 2947 4073 ,
2983 4009 3191 4065 Perusii
3221 4011 3321 4065 hac
3350 4010 3437 4065 die

1850 4112 1971 4154 rosa
2004 4096 2102 4151 fuit
2131 4096 2291 4151 missa
2324 4097 2374 4151 in
2406 4112 2594 4168 magna
2638 4098 2874 4167 capella,
2902 4107 2956 4154 et
2984 4101 3218 4154 sermoni
3249 4115 3437 4155 omnes

1849 4188 2147 4244 cardinales
2168 4188 2541 4255 interfuerunt,
2569 4188 2661 4243 sed
2689 4203 2793 4241 non
2818 4204 2973 4257 papa,
3002 4190 3122 4259 quia
3145 4200 3260 4245 erat
3287 4190 3435 4245 infir-

1851 4294 1991 4335 mus.
2028 4277 2319 4341 Rosam,ad
2349 4279 2560 4333 Missam
2592 4278 2820 4349 portavit
2853 4295 3018 4347 super
3047 4280 3245 4345 altare,
3277 4289 3328 4336 et
3355 4296 3438 4336 re-

1852 4369 2083 4442 portavit
2100 4368 2283 4440 junior
2308 4369 2538 4425 clericus
2567 4384 2818 4437 camerae,
2841 4380 2893 4425 et
2926 4384 3057 4440 papa
3086 4369 3234 4425 dedit
3262 4386 3436 4425 rosatu

1852 4461 1907 4515 in
1932 4475 2144 4516 camera
2167 4473 2283 4515 sua.

160 4552 267 4603 bus
294 4549 575 4603 dominicis
606 4565 775 4619 usque
800 4551 862 4603 ad
896 4550 1225 4605 Dominicam
1257 4552 1324 4607 de
1346 4553 1541 4608 Palmis
1562 4597 1576 4620 ,
1627 4571 1747 4610 cum
1780 4574 1831 4634 ι)
1926 4554 2227 4609 Notandum
2263 4552 2404 4624 quod
2435 4559 2717 4621 antequam
2761 4564 2891 4619 papa
2919 4548 3007 4603 ιιι-ι
3038 4564 3238 4615 rosam,
3278 4547 3436 4604 debet

157 4653 347 4693 coram
373 4654 504 4707 papa
532 4639 829 4695 celebratur
855 4643 1208 4710 prmsentibus
1242 4644 1627 4712 cardinalihus,
1654 4663 1746 4717 pa-

163 4743 231 4796 pa
265 4728 503 4783 induitur
542 4741 723 4785 manto
754 4733 918 4787 rubeo
946 4747 1066 4787 cum
1101 4733 1385 4790 aurifristis
1413 4738 1527 4792 sine
1566 4741 1749 4809 pellis,

162 4829 389 4889 portans
418 4820 630 4875 mitram
684 4821 856 4875 albam
907 4831 964 4877 et
994 4823 1205 4892 planam
1252 4825 1319 4881 de
1345 4828 1584 4896 garnello
1630 4829 1749 4885 sine

160 4914 351 4984 periis,
377 4924 595 4984 excepta
632 4924 816 4982 quarta
850 4916 1145 4983 Dominica,
1177 4917 1244 4970 de
1273 4934 1371 4986 qua
1402 4919 1559 4978 infra.

236 5004 537 5058 Secundum
563 5005 816 5058 Jacobutn
849 5004 1085 5060 Gaietani
1117 5009 1166 5060 in
1190 5006 1284 5061 ista
1320 5009 1615 5076 Dominica,
1649 5024 1748 5064 nec

159 5098 219 5151 in
250 5096 369 5152 aliis
394 5096 842 5165 Quadragesimte,
880 5113 983 5151 non
1008 5099 1169 5154 debet
1199 5099 1307 5155 dici
1352 5101 1450 5154 nisi
1484 5117 1587 5155 una
1620 5102 1752 5157 Ora-

161 5188 244 5242 tio
276 5196 504 5242 tantum.
553 5188 927 5243 Verumtamvn
966 5191 1235 5245 modernis
1282 5194 1609 5263 temporibus
1638 5209 1750 5263 pre

158 5279 369 5351 shyteri
396 5290 792 5335 consueverunt
820 5282 1000 5337 dicere
1026 5298 1181 5336 unam
1216 5298 1310 5351 pro
1341 5285 1479 5338 dicta
1530 5284 1637 5343 die.
1669 5298 1749 5340 se-

157 5369 404 5425 cundam
437 5370 680 5427 Ecclesiw
710 5381 827 5436 tua},
854 5375 1060 5427 tertiam
1086 5372 1222 5428 Deus
1247 5376 1471 5428 omnium
1496 5375 1745 5444 ﬁdelium,

157 5473 413 5530 quartam
445 5463 773 5535 Omnipotens
799 5465 1099 5530 szmpilerne
1122 5463 1287 5532 Deus,
1321 5467 1409 5534 qui
1431 5466 1674 5522 vivorum.

236 5554 337 5609 Ille
366 5555 455 5624 qui
485 5554 643 5610 debet
674 5556 851 5610 facere
892 5569 1193 5610 sermonem
1242 5558 1513 5610 osculatur
1558 5556 1746 5624 pedem

158 5642 418 5700 dextrum
451 5660 599 5715 papae
622 5686 635 5711 ,
669 5657 720 5702 et
745 5646 875 5715 petit
918 5645 1347 5701 Benedictionem
1378 5662 1405 5698 a
1440 5662 1570 5716 papa
1598 5663 1612 5712 ;
1642 5664 1744 5715 qua

236 5786 266 5817 ι
294 5777 494 5833 Eadem
527 5779 829 5836 observatio
860 5779 997 5850 apud
1033 5779 1243 5835 l‘clrum
1272 5780 1460 5834 Amelii
1489 5780 1541 5835 in
1573 5796 1692 5850 cap.
1718 5782 1806 5839 59.

1856 4649 2034 4704 dicere
2063 4647 2238 4717 aliqua
2266 4645 2437 4699 verba
2473 4646 2648 4698 brevia
2679 4642 2744 4696 de
2784 4641 3174 4696 conditionibus
3214 4651 3268 4697 et
3313 4658 3407 4710 pro

1858 4741 2171 4811 prietatibus
2218 4753 2354 4793 rosa:
2381 4777 2397 4802 ,
2442 4750 2561 4806 quae
2609 4734 2767 4788 habet
2812 4733 3043 4787 colorem
3091 4733 3440 4803 gaudiosutn,

1857 4830 2076 4885 odorem
2100 4826 2507 4883 confortativum
2525 4866 2537 4887 ,
2565 4832 2838 4893 aspectum
2864 4823 3152 4889 luctificum,
3180 4834 3332 4894 prout
3358 4831 3440 4879 est

1856 4922 1911 4975 in
1940 4920 2074 4974 libro
2100 4918 2342 4974 rationali
2375 4916 2674 4970 divinorum
2703 4913 3022 4970 officiorum.
3280 4922 3306 4940 λ

1927 5011 1981 5064 In
2005 4982 2099 5065 die
2116 5007 2548 5063 AnnuntiatiOnis
2575 5006 2742 5061 beata:
2767 5005 2982 5075 virginis
3011 5005 3186 5059 Mariae
3210 5004 3364 5059 Missa
3388 5015 3440 5058 et

1855 5117 2032 5159 sermo
2062 5102 2416 5166 mandantur;
2450 5100 2589 5169 quod
2622 5099 2811 5152 festum
2862 5098 2904 5150 si
2943 5097 3147 5151 venerit
3195 5097 3246 5149 in
3295 5094 3439 5161 Qua-

1856 5193 2176 5264 dragesima,
2210 5207 2343 5262 papa
2389 5208 2495 5245 non
2529 5190 2675 5246 venit
2704 5189 2769 5242 ad
2803 5188 2998 5256 primas
3032 5187 3290 5255 Vesperas
3319 5201 3438 5239 eum

1859 5283 2073 5353 pluviali
2100 5290 2153 5337 et
2176 5283 2350 5347 mitra,
2381 5295 2476 5335 nec
2498 5278 2797 5333 cardinales
2822 5286 3214 5332 consueverunt
3234 5276 3437 5339 venire,

1859 5372 1977 5441 quia
2010 5377 2291 5425 cantantur
2322 5378 2445 5423 ante
2477 5366 2774 5435 prandium,
2804 5365 2965 5437 352
2995 5366 3093 5419 nisi
3120 5364 3326 5420 venerit
3353 5363 3440 5417 die

1860 5462 2042 5527 Lunae,
2077 5462 2200 5531 quia
2227 5471 2352 5515 tunc
2383 5458 2653 5513 Dominica
2683 5458 2750 5512 de
2777 5472 2899 5511 sero
2926 5466 3049 5511 sunt
3082 5457 3327 5526 Vespera;
3354 5470 3440 5526 pa-

1859 5556 2030 5625 pales,
2053 5563 2107 5609 et
2133 5554 2463 5623 Antiphonas
2494 5550 2751 5620 incipiunt
2779 5549 3097 5605 cardinales.

1931 5650 1997 5704 Et
2026 5649 2313 5705 notandum
2342 5645 2487 5716 quod
2509 5644 2608 5701 hoc
2638 5644 2852 5711 festum,
2882 5645 2934 5699 in
2962 5657 3276 5715 quocunque
3308 5651 3438 5699 tem-
