4006 6296
590 375 737 432 19.05

589 587 748 641 Maria
779 584 1013 652 virgine,
1061 589 1116 633 et
1145 578 1274 632 nihil
1308 580 1374 633 de
1405 577 1561 633 feria.
1596 578 1739 633 Dicta
1772 579 1924 632 Missa
1946 618 1961 641 ,
1994 579 2179 632 inimc-

590 679 728 732 (Πρω
774 674 896 728 data
928 671 1311 727 Benedictiouc
1332 713 1347 736 ,
1381 670 1619 739 pontifex
1651 681 1801 724 stans
1831 674 1880 723 iu
1928 671 2056 724 sede
2086 684 2181 723 sua

589 772 704 822 sine
737 768 891 820 mitra
943 766 1127 835 incipit
1158 766 1448 833 Vi-speras,
1496 779 1614 833 qua)
1647 773 1766 818 sunt
1799 764 2100 826 solemnes;
2128 771 2183 815 et

590 860 824 926 inempta
862 859 1029 927 prima
1064 857 1390 927 Antiphona,
1421 857 1639 925 deponit
1664 865 1990 923 paramcnta,
2023 864 2075 908 et
2098 868 2183 909 re-

587 953 750 1006 sumit
783 950 1014 1018 pluviale
1044 952 1263 1005 rubeum
1284 992 1297 1013 ,
1329 961 1381 1004 et
1409 964 1597 1005 omnes
1635 948 1933 1004 cardinales
1963 956 2019 1003 et
2047 962 2183 1017 prte-

587 1045 678 1098 lati
710 1044 987 1112 ιίρροιιυιιι
1021 1055 1347 1112 parnmcnta,
1381 1053 1427 1098 et
1462 1043 1719 1112 recipiunt
1750 1056 1950 1111 cappas
1978 1042 2181 1097 laneas.

586 1137 695 1192 Nec
724 1136 1025 1191 cardinales
1072 1137 1329 1205 incipiunt
1363 1135 1707 1203 atiliphonztm
1739 1136 1789 1188 iu
1823 1136 1883 1189 iis
1912 1134 2179 1202 V’espcris.

588 1229 886 1299 Episcopus
916 1240 1041 1283 vero
1072 1230 1359 1283 cardinalis
1383 1231 1471 1296 qui
1500 1229 1719 1283 servivit
1744 1243 1893 1296 papa:
1924 1228 1975 1281 in
2004 1228 2180 1292 Missa,

590 1336 694 1374 non
720 1320 939 1387 deponit
967 1331 1298 1388 parameuta,
1328 1321 1577 1390 quoniam
1608 1321 1769 1376 habet
1798 1329 2011 1390 portare
2033 1335 2182 1389 papre

590 1413 892 1467 uaviculuni
925 1427 1043 1466 cum
1072 1413 1290 1466 incenso
1323 1413 1448 1466 liora
1483 1413 1680 1475 dcb7ta,
1716 1423 1769 1467 et
1797 1413 2075 1466 incensore
2106 1411 2183 1464 al-

593 1514 707 1558 tare
737 1514 789 1559 et
818 1503 1123 1571 cophinum,
1161 1503 1210 1557 in
1252 1520 1357 1573 quo
1386 1514 1689 1558 reservatur
1716 1504 1919 1571 Corpus
1952 1501 2182 1564 Domini,

587 1607 643 1651 et
670 1596 916 1649 similiter
943 1610 1163 1663 papam;
1199 1604 1253 1650 et
1283 1595 1439 1649 habet
1468 1584 1625 1649 etiam
1660 1604 1841 1650 tenere
1873 1594 2061 1647 librum
2091 1607 2180 1647 co—

590 1702 703 1740 ram
736 1702 865 1755 papa
888 1726 901 1750 ,
931 1701 1048 1739 cum
1081 1687 1207 1740 dicit
1232 1688 1535 1741 Oratiomm
1566 1704 1578 1751 ;
1614 1697 1669 1739 et
1714 1686 1907 1741 debent
1934 1686 2034 1739 dici
2062 1685 2182 1738 dum

589 1779 900 1847 Orationes,
930 1794 1031 1832 una
1056 1778 1119 1831 de
1146 1776 1283 1831 festo
1306 1820 1318 1842 ,
1352 1778 1518 1831 altera
1550 1778 1614 1830 de
1644 1776 1808 1839 feria,
1842 1774 1882 1829 s?
1918 1775 2095 1829 veniat
2127 1774 2176 1829 in

591 1877 861 1938 tempore;
891 1868 1081 1938 quibus
1116 1867 1303 1930 ﬁnitis,
1340 1882 1469 1934 papa
1499 1866 1589 1919 dat
1621 1863 2071 1919 llenedictionem.

660 1957 1064 2013 consueverunt
1094 1958 1381 2027 antiquitus
1417 1958 1464 2007 in
1508 1956 1752 2010 secundis
1794 1952 2047 2023 Vcsperis
2084 1968 2176 2007 cu-

585 2055 774 2123 jusque
800 2053 918 2106 festi
942 2053 1239 2107 cardinales
1260 2053 1438 2105 dicere
1461 2051 1815 2119 Antiphonas,
1835 2061 1887 2103 et
1912 2064 2178 2118 nunquam

592 2146 726 2199 alius
773 2145 823 2199 in
854 2146 1103 2199 secundis
1154 2144 1434 2211 Vesperis,
1467 2143 1586 2197 licet
1622 2141 1949 2210 temporibus
1978 2140 2179 2195 domini

588 2234 810 2291 Joannis
838 2234 983 2289 XXll
1004 2280 1017 2301 ,
1053 2234 1323 2289 Deredicti
1357 2233 1449 2287 ΧΗ
1480 2243 1535 2287 et
1563 2234 1849 2287 Clementis
1881 2227 1972 2287 Vil
1994 2276 2007 2300 ,
2041 2248 2180 2286 nun-

590 2341 745 2396 quam
775 2325 933 2380 fucrit
965 2326 1325 2382 observatum.

662 2416 717 2471 lu
747 2417 1020 2471 Dominica
1050 2418 1114 2472 de
1148 2416 1426 2482 Passione,
1472 2432 1588 2486 qua:
1619 2424 1697 2471 cst
1729 2415 1909 2484 quinta
1938 2415 2180 2482 Quadra-

589 2509 830 2577 gesimrc,
860 2522 1036 2560 sermo
1077 2516 1132 2558 et
1160 2507 1319 2559 Missa
1371 2507 1709 2571 mandantur,
1754 2505 1929 2559 omnia
1979 2506 2080 2560 alia
2125 2514 2184 2560 ut

591 2613 748 2666 supra
782 2598 830 2651 iu
863 2597 981 2651 aliis
1014 2596 1303 2651 Dominicis
1332 2596 1762 2666 Quadragesimaa
1790 2606 1871 2650 est
1910 2596 2021 2650 ﬁeri
2052 2611 2181 2649 con-

590 2698 823 2743 suetum.

591 2778 854 2834 LXXXII.
892 2778 967 2833 De
994 2780 1172 2835 ordine
1205 2796 1294 2835 seu
1323 2781 1484 2854 oﬁicio
1516 2780 1566 2833 in
1598 2781 1680 2835 die
1712 2779 2038 2846 l’almnrum,
2072 2788 2176 2835 etc.

664 2870 936 2925 Dominica
969 2873 1019 2924 in
1051 2871 1246 2926 Palmis
1269 2912 1284 2940 ,
1315 2872 1547 2927 secunda
1579 2872 1707 2925 hora
1738 2871 1845 2925 diei
1875 2871 2143 2925 mediante
2164 2910 2179 2938 ,

592 2962 771 3032 iunior
799 2971 822 2997 ⁸
855 2963 1137 3021 cardinalis
1175 2965 1428 3020 sacerdos
1473 2974 1527 3020 et
1570 2965 1744 3019 omnis
1774 2964 1950 3019 clerus
1985 2978 2180 3019 conve-

596 3054 744 3107 niant
772 3054 822 3106 iu
853 3053 1130 3108 ecclesiam
1160 3054 1330 3109 saneti
1368 3055 1613 3111 S'lvestri
1659 3055 1710 3109 in
1743 3054 1936 3125 palatio
1968 3055 2180 3109 Latera-

596 3147 770 3212 nensi,
803 3146 1107 3202 missalibus
1138 3148 1472 3201 vestimentis
1501 3146 1701 3212 induti;
1734 3148 2096 3219 expositisque
2125 3148 2178 3204 in

1280 369 1625 426 APPENDIX
1667 368 1759 424 AD
1798 368 1857 423 S.
1892 365 2225 423 GREGORII
2262 367 2477 424 MACNI
2519 365 2888 426 LITURGICA
2931 368 3188 426 OPEBA.

590 509 723 560 pore
753 491 949 553 veniat,
982 488 1034 541 in
1068 486 1219 540 Hissa
1250 502 1355 539 non
1383 485 1576 539 dicitur
1606 484 1703 538 nisi
1734 484 1914 538 Oratio
1939 483 2006 539 de
2032 485 2181 540 beata
2215 498 2261 552 Α

2214 1864 2261 1925 Β

3773 368 3897 423 ΕΜ

2367 504 2383 536 ι
2422 486 2475 540 Si
2508 501 2638 557 papa
2671 488 2767 540 hac
2812 487 2898 542 die
2946 485 3247 541 Palmarum
3296 483 3638 549 celebraret,
3694 494 3899 549 portare

2284 577 2442 631 debet
2467 587 2777 646 paramcnta
2800 578 3061 643 violacea,
3087 577 3169 632 vel
3193 577 3377 632 viridis
3396 576 3612 632 coloris
3638 574 3773 629 sine
3798 591 3898 643 per-

2287 667 2373 731 lis,
2404 679 2457 721 et
2482 668 2717 722 sandalia
2740 670 2856 723 sine
2884 669 3080 738 perlis;
3108 668 3318 722 mitram
3341 668 3669 737 simplicem
3696 673 3773 721 de
3798 682 3899 738 gar-

2289 759 2454 827 aello,
2487 768 2541 814 et
2566 760 2902 816 cbirothccas
2933 762 3049 816 sine
3080 762 3242 831 perlis
3262 801 3276 827 ,
3310 771 3367 816 et
3396 763 3675 830 palmam.
3716 760 3898 816 Verum

2287 865 2363 904 est
2397 852 2538 921 quod
2575 853 2852 907 modernis
2886 855 3214 923 temporibus
3243 861 3666 909 consueverunt
3698 864 3899 920 portare

2289 944 2500 1000 mitram
2529 946 2823 999 solemnem
2844 953 2910 999 et
2938 944 3223 1016 pretiosam
3250 985 3267 1011 ,
3297 956 3355 1000 et
3384 945 3754 1001 cbirotheczs
3796 960 3899 1012 pre-

2290 1034 2485 1097 tiosas,
2511 1033 2688 1086 omnia
2720 1033 2822 1087 alia
2849 1034 3131 1104 simplicia.

2363 1141 2380 1172 ι
2422 1122 2721 1179 Notandum
2752 1124 2947 1194 bqttod
2993 1141 3135 1179 anno
3185 1124 3402 1179 Domini
3448 1123 3601 1179 1588
3653 1124 3891 1179 doininus

2290 1212 2532 1267 Urbanus
2552 1214 2620 1267 Vl
2645 1215 2742 1268 bac
2762 1214 2849 1268 die
2865 1214 3026 1268 ramis
3048 1214 3350 1268 Palmarum
3378 1228 3487 1268 non
3507 1213 3647 1267 fecit
3670 1211 3890 1266 ofﬁcium

2286 1301 2411 1369 quia
2454 1302 2686 1357 nondum
2715 1311 2831 1358 erat
2859 1313 3180 1369 Coronatus;
3213 1303 3309 1359 sed
3341 1304 3483 1358 bene
3510 1302 3678 1357 dedit
3710 1302 3890 1370 palmas

2286 1400 2341 1445 ct
2370 1407 2569 1457 ramos,
2596 1402 2649 1447 et
2680 1392 2921 1449 interfuit
2948 1394 3126 1449 Missa:
3154 1394 3375 1449 indutus
3400 1393 3636 1463 pluviali
3666 1394 3889 1447 rubeuct

2286 1485 2444 1537 mitra
2473 1484 2595 1539 alba
2628 1501 2643 1539 :
2671 1500 2830 1555 quam
2876 1485 3088 1540 Missam
3122 1485 3258 1541 dixit
3289 1485 3597 1540 cardinalis
3646 1484 3887 1538 Florenti-

2288 1589 2386 1627 nus
2412 1575 2463 1629 iu
2494 1589 2685 1644 magna
2715 1576 2953 1644 capella;
2989 1586 3039 1630 et
3071 1577 3149 1632 sic
3180 1592 3274 1645 per
3304 1577 3564 1632 dominos
3598 1578 3885 1630 cardinales

2286 1669 2446 1723 etiam
2476 1668 2583 1723 illae
2616 1669 2788 1723 Missa:
2817 1670 2883 1724 de
2915 1669 3251 1724 hebdomada
3284 1680 3475 1725 sancta
3513 1670 3741 1723 fuerunt
3764 1671 3881 1724 celo.

2286 1757 2451 1813 bratae
2482 1759 2599 1829 ipso
2628 1767 2912 1828 prasente,
2942 1768 3001 1813 ut
3025 1774 3207 1828 supra.

2364 1868 2383 1901 ι
2424 1850 2478 1905 ln
2509 1850 2597 1905 die
2642 1850 2804 1905 Lunae
2835 1865 2942 1905 non
2982 1859 3068 1906 est
3108 1851 3265 1907 Missa
3299 1851 3539 1921 papalis.
3573 1850 3713 1905 Item
3746 1851 3794 1905 in
3817 1852 3885 1906 die

2286 1940 2467 1997 Martis
2492 1941 2534 1995 D
2558 1942 2749 1995 uninus
2770 1950 2953 1996 noster
2973 1941 3173 1996 audivit
3198 1941 3412 1995 “issam
3441 1956 3708 2010 magnam
3730 1944 3777 1992 in
3800 1958 3874 1993 sua

2284 2032 2488 2101 capella
2520 2047 2717 2102 parva,
2754 2047 2909 2102 quam
2949 2032 3244 2088 celebravit
3290 2046 3431 2087 unus
3463 2039 3541 2086 de
3568 2032 3881 2093 cantemus,

2292 2135 2345 2179 et
2371 2125 2498 2194 legit
2529 2125 2863 2179 Passionem.

2366 2235 2387 2270 ι
2419 2217 2550 2272 Item
2583 2218 2633 2270 iu
2663 2217 2751 2271 die
2772 2216 3015 2272 Mercurii
3043 2224 3227 2271 sancta
3249 2216 3393 2272 idem
3419 2216 3774 2271 observatur.
3794 2214 3881 2270 Sal

2287 2310 2621 2376 notandum,
2652 2310 2795 2380 quod
2823 2310 2868 2365 si
2896 2308 3002 2363 sint
3034 2309 3321 2380 peregrini,
3356 2308 3426 2363 de
3474 2308 3657 2377 gratia
3687 2309 3880 2376 srreciali

2288 2418 2419 2472 papa
2435 2412 2556 2471 post
2573 2401 2784 2455 Missam
2812 2400 3230 2456 consuevitdare
3252 2398 3667 2469 indulgentiam
3690 2398 3881 2467 populo,

2287 2495 2341 2548 in
2373 2508 2473 2564 qua
2501 2499 2584 2546 est
2614 2492 2829 2547 indutus

2363 2603 2383 2637 ι
2418 2585 2548 2640 ltem
2580 2584 2869 2640 notandum
2902 2583 3042 2653 quod
3069 2583 3157 2639 die
3179 2581 3431 2639 Mercurii
3464 2591 3667 2637 sancta
3692 2581 3757 2635 de
3781 2596 3885 2636 sere

2286 2676 2417 2732 hora
2447 2676 2770 2746 competenti
2815 2690 2949 2745 papa
2988 2676 3132 2730 venit
3166 2676 3230 2729 ad
3262 2674 3612 2730 audiendum
3658 2672 3876 2728 officium

2287 2769 2342 2827 in
2365 2769 2567 2838 capella
2590 2766 2910 2837 simpliciter
2935 2782 3056 2822 cum
3082 2767 3368 2837 chlamyde
3396 2767 3570 2820 rubea
3591 2776 3649 2820 et
3677 2766 3879 2833 capacia

2286 2873 2449 2929 super
2473 2866 2663 2927 caput,
2710 2873 2817 2914 non
2848 2865 3025 2913 tamen
3058 2858 3342 2927 replicata,
3376 2859 3524 2912 sicut
3556 2859 3612 2911 in
3642 2858 3763 2911 aliis
3787 2856 3881 2911 die-

2287 2954 2386 3010 bus
2409 2952 2705 3020 consuevit,
2731 2953 2825 3008 sed
2851 2952 3022 3008 solum
3047 2961 3271 3006 extenso
3295 2950 3465 3022 355,
3494 2965 3667 3019 super
3692 2951 3880 3007 mulos.

2286 3045 2355 3102 Et
2385 3046 2467 3101 his
2498 3046 2668 3101 tribus
2711 3046 2900 3101 diebus
2928 3053 3049 3114 post
3092 3043 3327 3099 ofﬁcium
3378 3058 3521 3111 papa
3569 3044 3737 3098 debet
3776 3042 3880 3097 dare

2287 3136 2756 3203 Benedictiooem;
2785 3143 2839 3191 et
2867 3134 3170 3190 cardinales
3190 3142 3600 3189 consueverunt
3624 3133 3810 3187 venire
3828 3132 3881 3185 de

597 3239 772 3292 medio
805 3239 1094 3307 palmarum
1124 3241 1207 3295 vel
1235 3240 1411 3306 olivae,
1439 3254 1533 3297 seu
1563 3241 1786 3295 aliarum
1820 3240 2071 3297 arborum
2099 3257 2180 3297 ra-

2298 3242 2411 3285 sero
2440 3229 2509 3283 ad
2538 3226 2864 3283 audiendum
2887 3226 3118 3283 ofﬁcium
3148 3226 3201 3280 in
3233 3226 3441 3293 capella
3470 3240 3631 3295 papae
3665 3226 3783 3280 istis
3804 3226 3883 3278 tri-

596 3332 718 3398 mis,
735 3332 1003 3387 benedicit
1024 3332 1309 3388 cardinalis
1323 3332 1409 3387 vel
1432 3332 1682 3386 sacerdos
1705 3332 1870 3388 salem
1895 3342 1947 3387 et
1964 3347 2187 3411 aquam;

597 3423 789 3479 deinde
838 3427 1078 3494 sequitur
1133 3425 1434 3494 Antiphona
1495 3424 1746 3479 Hosanna
1804 3425 1943 3480 Filio
1999 3414 2187 3481 Dauid.

597 3518 803 3575 Deinde
826 3534 919 3589 pro
942 3519 1189 3575 Graduali
1213 3531 1455 3576 cantatur
1477 3520 1639 3590 Resp.
1663 3519 2008 3592 Collegerunt.
2036 3520 2185 3575 Vers.

602 3607 747 3663 Unus
776 3618 978 3673 autem;
1014 3611 1095 3665 vel
1128 3611 1291 3680 Resp.
1326 3611 1390 3665 In
1418 3622 1584 3665 monte
1616 3611 1817 3666 Oliveti.
1854 3611 2004 3667 Vers.
2047 3611 2191 3682 Vigi-

597 3700 720 3755 late.
752 3699 897 3757 Dicta
928 3702 1206 3769 Oratione,
1237 3701 1606 3772 expaudantur
1639 3703 1853 3772 palmm,
1887 3712 1940 3758 et
1963 3710 2189 3758 canente

599 3794 746 3850 clero
786 3803 839 3849 et
869 3796 1095 3863 p0pulo,
1132 3795 1232 3851 hoc
1264 3795 1424 3851 modo
1455 3796 1763 3852 deferuntur
1792 3795 1979 3865 palmze
2028 3797 2191 3852 bene-

603 3886 758 3941 diczzn
785 3888 836 3939 in
868 3885 1062 3955 palatio
1093 3887 1436 3941 Lateranensi
1470 3896 1593 3941 ante
1617 3886 1898 3955 capellam,
1933 3886 1975 3940 si
2008 3884 2080 3940 ibi
2109 3893 2190 3941 cst

598 3979 768 4035 curia.
803 3978 1061 4035 Dominus
1083 3981 1267 4035 exiens
1294 3980 1384 4035 dat
1414 3980 1696 4049 unicuique
1726 3979 1979 4049 episcopo
2000 3989 2051 4034 et
2070 3993 2189 4034 car-

597 4071 760 4126 dinali
785 4072 1046 4142 spatulam
1078 4072 1373 4141 palmarum
1397 4070 1557 4142 353
1587 4080 1641 4127 et
1670 4072 1816 4137 aliis,
1846 4072 1888 4125 si
1918 4071 2189 4139 supersint

597 4164 820 4231 palmaz;
851 4164 1042 4220 deinde
1080 4164 1291 4235 projicit
1319 4163 1446 4220 folia
1478 4164 1770 4230 palmarum
1801 4178 1895 4218 seu
1925 4163 2185 4218 olivarum

598 4269 759 4321 super
782 4254 1055 4323 populum,
1082 4265 1135 4310 ct
1162 4256 1427 4326 aliquibus
1453 4254 1574 4309 aliis
1595 4255 1687 4309 dat
1713 4270 1903 4321 manu;
1929 4265 1981 4310 et
2001 4264 2187 4311 cantor

596 4344 782 4415 incipit
812 4346 1193 4414 Antiphonam.

671 4452 689 4484 ‹
729 4433 781 4487 ln
832 4434 931 4489 hac
974 4436 1060 4489 die
1089 4449 1192 4491 non
1225 4436 1501 4489 ωηευυνίι
1529 4450 1648 4491 esse
1684 4451 1891 4500 sermo,
1926 4452 2024 4493 nec
2071 4438 2177 4492 Ro-

595 4524 736 4579 mani
792 4525 1066 4593 pontiﬁces
1120 4524 1358 4580 afﬁciare
1408 4536 1836 4591 consueverunt,
1891 4528 1984 4583 sed
2036 4528 2176 4583 bono

2290 3320 2392 3377 bus
2420 3320 2633 3387 diebus,
2652 3333 2761 3377 nou
2791 3327 2967 3375 tamen
2993 3317 3251 3383 mandati,
3275 3317 3369 3373 sed
3395 3317 3572 3373 libere
3594 3315 3882 3371 devotionis

2290 3428 2473 3470 causa.

2371 3520 2390 3556 ι
2422 3504 2722 3559 Notandum
2752 3501 2913 3557 etiam
2942 3502 3083 3569 quod
3115 3500 3338 3556 Romani
3368 3499 3660 3569 pontiﬁces
3690 3498 3777 3553 his
3800 3495 3882 3551 υἱ-

2290 3596 2390 3652 bus
2424 3595 2612 3651 diebus
2659 3610 2767 3650 non
2812 3602 3206 3650 consueverunt
3252 3594 3436 3648 dicere
3476 3591 3727 3646 ofﬁcium
3772 3605 3881 3643 com

2290 3687 2555 3758 episcopis
2583 3696 2637 3743 et
2656 3686 3107 3743 commensalibus
3132 3687 3263 3748 suis,
3293 3699 3415 3739 cum
3438 3682 3703 3737 dicuntur
3728 3682 3882 3736 lata-

2293 3776 2441 3844 tinaz,
2471 3777 2562 3832 sed
2587 3777 2778 3832 devote
2804 3776 2991 3831 audire
3015 3774 3275 3839 ofﬁcium,
3302 3783 3356 3830 et
3384 3782 3572 3844 postea
3597 3776 3651 3827 in
3678 3786 3881 3827 camera

2289 3882 2385 3924 sua
2411 3882 2531 3923 cum
2561 3868 2899 3923 cubiculariis
2928 3868 3037 3924 suis
3058 3866 3257 3921 dicere.
3292 3884 3313 3918 ι

2328 3984 2611 4040 LXXXIII.
2646 3982 2722 4039 De
2753 3984 2912 4054 o/ﬁcio
2940 3985 3082 4053 feria:
3109 3983 3303 4053 quinta:
3338 3981 3390 4035 in
3420 3979 3581 4034 Cana
3609 3977 3841 4031 Domini.

2362 4078 2517 4133 Feria
2544 4079 2724 4149 quinta
2757 4078 2809 4132 in
2839 4078 3004 4133 C(ena
3036 4075 3277 4141 Domini,
3307 4074 3469 4129 statio
3519 4072 3592 4126 ad
3642 4080 3881 4125 saccum

2292 4168 2552 4224 Joannem
2597 4168 2662 4223 ad
2696 4169 3037 4223 Lateranum.
3081 4168 3191 4223 Hac
3232 4167 3320 4222 die
3366 4164 3702 4221 sacrificium
3756 4161 3878 4215 sacri

2291 4261 2535 4329 corporis
2584 4270 2635 4316 et
2665 4260 2938 4327 sanguinis
2966 4261 3033 4315 ab
3081 4261 3197 4330 ipso
3246 4259 3474 4314 Domino
3518 4267 3719 4312 nostro
3765 4256 3878 4310 Jesa

2292 4348 2505 4405 Christo
2526 4350 2905 4406 celebrationis
2932 4351 3161 4420 sumpsit
3181 4350 3412 4405 initium.
3437 4349 3549 4404 llac
3570 4349 3665 4403 d'e
3696 4349 3752 4402 in
3780 4356 3876 4400 toto

2290 4443 2421 4499 orbe
2449 4453 2690 4498 sanctum
2718 4444 2950 4499 chrisma
2982 4443 3291 4508 conﬁcitur;
3324 4443 3422 4495 hac
3449 4442 3543 4496 die
3575 4442 3746 4498 etiam
3778 4454 3874 4506 με·

2292 4537 2585 4593 nitentibus
2615 4552 2708 4606 per
2749 4536 3130 4607 indulgentiam
3163 4537 3502 4592 subvenitur.
3543 4534 3703 4589 Mane
3734 4536 3873 4604 hujus

597 4632 754 4672 mane
777 4618 825 4672 in
848 4619 1051 4687 capella
1078 4632 1282 4673 secreta
1309 4619 1582 4675 celebrant
1603 4619 1813 4675 Missam
1838 4636 2017 4687 suam;
2041 4632 2171 4677 eunt

2298 4629 2387 4684 liei
2412 4629 2582 4697 primo
2609 4628 2951 4683 mansionarii
2971 4636 3269 4698 praeparent
3292 4625 3470 4682 omnia
3493 4642 3621 4695 quae
3642 4638 3875 4680 necessa-

596 4717 772 4763 tamen
797 4720 850 4763 et
870 4708 1194 4763 distribuunt
1222 4710 1579 4779 palmas,_licet
1596 4711 1876 4780 aliquando
1901 4713 2169 4769 modernis

594 4800 925 4871 temporibus
955 4799 1246 4855 celebrent.

671 4906 693 4941 ι
727 4891 791 4943 Et
812 4890 1095 4945 notandum
1119 4891 1260 4960 quod
1282 4891 1326 4946 si
1358 4892 1591 4961 pontifex
1626 4908 1730 4946 non
1755 4891 1883 4947 facit
1911 4891 2170 4961 ofﬁcium,

589 4981 895 5052 quicunque
937 4983 1071 5039 alius
1100 4983 1232 5038 dicit
1258 4984 1504 5049 Missam,
1536 4985 1658 5039 dum
1685 4994 1858 5040 tamen
1889 4985 1962 5041 sit
1989 4986 2168 5041 cardi-

592 5073 749 5141 nalis,
775 5075 1039 5131 benedicit
1064 5091 1260 5142 ramos,
1291 5085 1344 5133 et
1366 5092 1469 5132 non
1489 5077 1670 5146 junior
1690 5077 1995 5148 presbyter;
2023 5087 2078 5134 et
2101 5080 2172 5135 ita

592 5164 661 5221 de
688 5169 924 5225 candelis
947 5180 1001 5225 et
1027 5169 1300 5225 cineribus
1328 5180 1409 5226 est
1439 5172 1854 5227 observandum.
1889 5173 1953 5226 Et
1978 5173 2029 5226 in
2056 5189 2173 5229 om-

594 5257 751 5316 nibus
781 5262 1142 5331 spectantibus
1181 5264 1246 5318 ad
1280 5263 1418 5317 hanc
1458 5264 1846 5320 solemnitatem
1879 5265 2171 5335 palmarum

591 5353 786 5408 recede
812 5355 876 5408 ad
922 5372 981 5410 ea
1012 5372 1133 5427 quae
1162 5365 1287 5412 sunt
1333 5367 1512 5414 nctata
1539 5359 1594 5413 in
1622 5358 1713 5414 die
1739 5356 2089 5413 Candelarum
2124 5368 2178 5414 et

596 5440 863 5503 Cinerum.

668 5585 694 5611 ³
728 5579 876 5640 Apud
910 5580 1119 5636 Petrum
1155 5586 1339 5639 Amelii
1361 5629 1374 5645 .
1408 5586 1696 5642 Secundum
1728 5587 1987 5639 dominum
2016 5585 2171 5640 Jaco-

594 5642 712 5765 fum
739 5646 997 5766 Calidum",
1017 5654 1195 5719 junior
1220 5642 1474 5725 presbyrer
1500 5656 1773 5710 cardinalis
1794 5655 1937 5709 debet
1970 5658 2174 5710 benedi-

622 5730 702 5766 ere
735 5732 799 5766 na
824 5732 950 5766 mas.

676 5731 702 5765 ε
734 5731 950 5779 palmas.

667 5782 695 5822 δ
719 5786 847 5840 llaec
874 5787 1088 5842 totidem
1113 5793 1285 5847 verbis
1312 5797 1553 5862 leguntur
1578 5798 1714 5866 apud
1743 5799 1954 5852 Petrum
1982 5797 2174 5851 Amclii

2278 4719 2360 4774 ria
2389 4728 2515 4774 sunt
2542 4718 2610 4773 ad
2640 4720 3102 4775 consecrationem
3131 4718 3441 4774 chrismatis
3479 4734 3493 4770 :
3528 4726 3646 4770 tres
3673 4716 3872 4784 ampul-

2277 4808 2355 4865 las
2370 4809 2489 4865 oleo
2508 4810 2857 4867 mundissimo
2878 4811 3086 4881 plenas,
3104 4811 3390 4864 maximam
3414 4824 3547 4863 vero
3565 4808 3870 4877 ampullam,

2276 4919 2397 4973 quae
2422 4902 2491 4958 ad
2520 4902 2752 4959 chrisma
2783 4903 2940 4959 debet
2969 4904 3118 4974 ﬁeri,
3164 4903 3232 4958 de
3282 4915 3463 4971 panno
3505 4901 3689 4955 serico
3740 4898 3869 4958 albo.

2280 4996 2412 5050 alias
2437 5005 2615 5050 autem
2644 4997 2712 5051 de
2738 4996 2844 5050 alio
2872 4998 3049 5052 serico
3078 5001 3379 5064 coopertas.
3411 4992 3497 5047 Sit
3533 5000 3719 5045 autem
3750 5005 3869 5058 pan-

2283 5102 2382 5143 nus
2405 5089 2539 5145 adeo
2579 5090 2822 5156 subtilis,
2855 5088 2997 5159 quod
3026 5087 3274 5155 ampulla:
3316 5085 3528 5154 possint
3570 5084 3744 5138 videri
3788 5096 3871 5149 per

2282 5192 2426 5233 eum.
2460 5180 2597 5235 llora
2626 5194 2755 5236 vero
2801 5180 2955 5236 tertia
3000 5188 3221 5235 sonctur
3263 5178 3513 5247 signum,
3559 5185 3622 5230 et
3668 5174 3869 5230 veniant

2282 5271 2557 5326 ornnes‘ad
2576 5271 2887 5338 ecclesiam,
2912 5272 2963 5325 in
2986 5285 3087 5340 qua
3108 5269 3339 5323 chrisma
3357 5266 3673 5322 consecrari
3695 5264 3865 5318 debet.

2281 5358 2431 5416 Tunc
2460 5364 2799 5431 egrediantur
2830 5362 3150 5433 praenitentes
3176 5360 3246 5416 de
3275 5359 3395 5414 loco
3415 5401 3430 5426 ,
3462 5358 3517 5411 iu
3546 5372 3663 5426 quo
3706 5353 3864 5425 μειλί-

2283 5455 2501 5509 tcntiam
2537 5457 2801 5521 fecerunt,
2833 5464 2890 5510 ut
2916 5456 3123 5524 gremio
3148 5450 3394 5509 ecclesia
3425 5456 3816 5520 prasententar
3836 5457 3865 5497 a

2279 5587 2612 5715 cal(igitiiaiera
2637 5662 2845 5728 supplet
2868 5661 3054 5716 Petrus
3076 5660 3269 5715 Amelii
3301 5662 3350 5714 in
3374 5675 3494 5725 cap.
3526 5659 3587 5713 6t
3624 5676 3637 5711 :
3664 5656 3859 5728 iniam

2281 5729 2495 5802 pluviali
2524 5734 2678 5786 rulco
2706 5727 2813 5786 sine
2844 5732 2999 5800 perlis
3019 5776 3033 5802 ,
3066 5741 3111 5786 ct
3142 5748 3255 5785 cum
3292 5732 3443 5786 mitra
3472 5728 3702 5799 simplici
3728 5727 3857 5779 alba.

3968 564 3973 585 ι

3972 604 3979 633 l
