4006 6334
205 381 235 439 1
251 384 356 441 205

1388 389 1646 446 ROMANI
1688 392 2002 448 UlllliNES.
2046 423 2113 434 —
2156 395 2292 450 XIV.

3352 415 3485 470 Muli

202 499 487 569 pontifice,
519 497 608 567 qui
639 497 829 556 sedere
867 500 1027 556 debet
1055 514 1164 571 prie
1197 501 1396 558 foribus
1438 505 1683 560 ecclesia:
1706 547 1722 572 ,
1752 515 1804 560 et
1832 509 1881 567 Α
1909 521 2000 572 re;
2027 518 2080 562 et
2102 508 2181 562 sic
2205 511 2672 578 processionalitcr
2699 512 2894 571 vadunt
2923 515 2987 571 ad
3009 517 3288 573 ecclesiam
3319 528 3486 578 sancti

205 589 564 645 reconciliare
592 603 688 644 eos
716 604 836 645 cum
860 591 1181 662 Antiphanis
1205 602 1257 650 et
1277 595 1654 663 Orationibus;
1683 597 1801 666 qui-

208 681 311 734 bus
345 682 525 745 finitis,
562 681 836 749 pulsentur
866 698 1168 752 campanae,
1205 686 1342 740 sicut
1371 701 1485 741 mos
1511 697 1594 742 est
1631 687 1681 740 in
1712 704 1801 743 suo

204 771 477 827 lemnibns
503 773 714 839 diebus,
743 783 794 826 et
818 786 1011 829 cxtunc
1033 777 1227 832 sileant
1246 794 1517 848 campanae
1546 780 1795 848 usquead

199 863 347 921 diem
394 865 635 920 Sabhati.
693 867 987 937 Antequam
1051 869 1297 926 dominus
1352 887 1484 942 papa
1531 880 1685 926 exeat
1731 872 1797 926 de

199 972 417 1012 camera
445 998 461 1022 ,
489 957 620 1012 dicit
648 957 881 1012 Tertiam
912 971 964 1013 et
1010 959 1249 1016 Sextam.
1281 963 1419 1016 llora
1473 978 1598 1016 vero
1647 973 1793 1018 sexta

197 1049 315 1104 exit
342 1049 591 1105 dominus
637 1064 771 1120 papa
801 1049 866 1104 de
898 1050 1092 1118 palatio
1123 1067 1242 1105 cum
1287 1053 1552 1120 episemiis
1597 1062 1650 1106 et
1679 1068 1794 1106 car-

197 1143 473 1198 dinalibus
500 1151 554 1197 et
586 1152 697 1197 toto
727 1153 982 1212 apparatu
1006 1144 1187 1210 curiae,
1212 1144 1430 1198 veniens
1450 1143 1514 1196 ad
1541 1145 1788 1212 palatium

200 1233 400 1300 majus,
430 1231 519 1286 ubi
547 1231 686 1287 solet
712 1247 830 1288 esse
861 1233 1171 1301 ImSpitIum.
1203 1234 1495 1303 Episcopus
1518 1236 1790 1290 Albancn-

195 1324 270 1378 sis
302 1332 451 1380 stans
481 1324 555 1380 ibi
588 1326 642 1380 in
675 1325 790 1380 loco
820 1327 1078 1381 eminenti
1109 1326 1496 1380 sermocinatur
1521 1327 1585 1379 ad
1617 1341 1786 1396 popu-

196 1415 332 1482 lum,
379 1425 433 1472 ct
481 1417 604 1473 facit
651 1417 1065 1484 Processiones,
1099 1419 1142 1472 si
1177 1419 1368 1472 fuerint
1416 1417 1694 1484 faciendae,
1733 1429 1789 1473 ut

200 1508 371 1562 moris
400 1519 502 1564 est.
537 1508 775 1565 Peractis
805 1508 887 1564 his
925 1510 1176 1564 oninihus
1215 1510 1486 1565 descendit
1516 1511 1582 1564 ad
1615 1512 1785 1568 cccle-

194 1601 330 1654 siam
357 1601 768 1656 Lateranensem
792 1619 806 1668 ;
834 1610 886 1656 et
913 1602 1074 1657 intrat
1095 1601 1396 1667 ecclesiam,
1424 1603 1641 1655 veniens
1661 1613 1786 1657 ante

192 1693 489 1747 sacrarium
519 1691 584 1747 ad
616 1692 895 1748 ecclesiam
943 1694 1112 1748 sancti
1162 1692 1410 1763 Georgii,
1459 1703 1508 1748 et
1557 1694 1686 1748 dicit
1718 1695 1784 1750 ibi

193 1783 421 1839 Nonum.

1904 596 2150 664 Joannis,
2188 602 2268 653 vel
2301 601 2472 655 sancti
2495 599 2740 674 'Gcorgii,
2775 606 2862 659 ubi
2892 607 3140 676 ampulla:
3168 624 3286 663 cum
3314 610 3487 668 chris-

1905 699 2046 743 male
2077 700 2130 743 et
2160 691 2281 745 oleo
2310 704 2715 751 conservantur.
2752 697 3051 757 Cardinalis
3095 701 3354 759 diacsnus
3391 721 3482 760 ac-

1901 779 2024 848 cipit
2075 781 2219 835 illam
2264 786 2571 853 ampnliam,
2615 803 2732 857 qua:
2762 798 2846 843 est
2876 791 3214 858 chrismatis;
3250 795 3360 849 dno
3389 796 3481 850 alii

1899 870 2207 926 subdiaconi
2255 875 2516 942 accipiant
2563 878 2680 932 illas
2727 880 2860 936 dutts
2899 863 3032 938 anas
3066 886 3329 954 ampullas
3374 886 3479 942 olei

1897 965 2181 1018 cxorcizati
2210 975 2263 1018 et
2299 967 2401 1022 olei
2437 969 2794 1043 infirmarum,
2827 984 2880 1029 et
2919 989 2983 1030 eo
3015 978 3174 1034 modo
3218 994 3322 1049 quo
3366 979 3480 1036 ive-

1896 1066 2021 1107 rnnt
2056 1066 2414 1112 revertantur.
2468 1060 2755 1118 Venientes
2787 1077 2964 1121 autem
3000 1068 3064 1124 ad
3107 1071 3300 1137 altare,
3333 1083 3480 1130 ante-

1893 1158 2052 1209 qnam
2076 1143 2324 1201 dominus
2355 1164 2487 1218 papa
2510 1151 2650 1204 dicat
2678 1153 2781 1208 Per
2805 1171 2953 1224 quem
2976 1159 3081 1211 Iure
3105 1162 3295 1228 omnia,
3322 1163 3483 1234 356

1893 1237 2248 1292 subdiaconus
2281 1241 2368 1309 qui
2401 1241 2596 1310 hajulat
2629 1247 2919 1313 ampullam
2965 1251 3070 1304 olei
3122 1252 3479 1317 infirmorum,

1895 1341 2247 1395 repraesentat
2273 1348 2389 1386 eam
2423 1340 2633 1390 suntme
2667 1339 2900 1404 pontifici
2931 1339 2996 1392 ad
3030 1342 3476 1400 benedicendum.

1894 1421 2136 1476 Pontifex
2170 1424 2200 1475 d
2227 1433 2310 1477 cat
2336 1426 2487 1492 plana
2514 1442 2642 1480 voce
2675 1427 2925 1482 Ea'orcizo
2955 1440 3020 1494 te,
3049 1432 3475 1488 immundissimo.

1894 1513 1961 1566 lis
2016 1515 2486 1570 llenedictionibns
2537 1520 2784 1585 peractis,
2826 1519 3053 1574 vertitur
3094 1521 3156 1572 ad
3211 1522 3380 1575 altare
3421 1532 3477 1578 et

1889 1606 2018 1660 dicit
2052 1605 2156 1660 Pir
2186 1624 2333 1675 quem
2363 1609 2470 1662 lioJc
2513 1610 2705 1672 omnia,
2736 1618 2842 1664 etc.
2878 1610 3030 1666 Scire
3069 1625 3166 1666 nos
3205 1614 3474 1678 convenit,

1889 1696 2031 1763 quod
2063 1697 2107 1750 si
2142 1697 2299 1752 fuerit
2333 1698 2572 1766 putitifex
2618 1698 2886 1764 Laterani,
2920 1700 3199 1755 decantato
3229 1700 3393 1755 Credo
3424 1702 3476 1756 in

1889 1806 2047 1844 unum
2083 1790 2262 1856 Deum,
2302 1800 2355 1845 et
2380 1803 2664 1860 antequam
2699 1794 2861 1861 ittret
2891 1795 2956 1847 ad
2986 1795 3418 1863 sacrificandum,
3441 1810 3474 1852 a

267 1875 466 1953 Deinde
502 1884 606 1929 tam
648 1873 882 1945 pontifex
912 1890 1069 1945 quam
1115 1875 1434 1946 presbyteri,
1467 1886 1520 1932 et
1549 1878 1783 1943 diaconi,
1818 1885 1860 1942 Β
1891 1880 2205 1935 diaconibus
2255 1882 2460 1936 levatur
2491 1898 2674 1938 mensa
2720 1885 2787 1939 de
2834 1886 2986 1938 altari
3039 1885 3213 1953 palliis
3243 1886 3473 1956 desuper

192 1979 249 2025 et
276 1970 366 2024 alii
393 1969 594 2033 clerici,
627 1977 684 2024 et
705 1968 930 2036 quisque
955 1968 1199 2022 induatur
1227 1982 1414 2023 ornatu
1440 1970 1520 2024 sui
1553 1971 1776 2024 ordinis.

191 2061 438 2118 Pontifex
466 2061 638 2116 induit
671 2062 831 2134 355
863 2061 1178 2116 vestimenta
1210 2064 1326 2116 allia
1353 2104 1367 2127 ,
1399 2063 1637 2132 episcopi
1666 2064 1781 2132 plu-

190 2155 372 2222 vialia,
403 2154 698 2225 presbyteri
748 2155 1019 2222 planetas,
1065 2155 1271 2209 diaconi
1318 2156 1631 2209 dalmaticas
1685 2171 1780 2225 pro
1823 2205 1828 2209 .

189 2246 492 2302 reverentia
520 2245 846 2300 chrismatis.
874 2245 1108 2300 Pontifex
1138 2247 1393 2315 verojam
1425 2247 1642 2301 indutus
1667 2247 1780 2301 dul-

188 2339 384 2391 matica
413 2337 597 2392 sedeat
625 2337 676 2391 in
709 2335 837 2392 sede
871 2350 1000 2401 sua;
1033 2335 1118 2390 cui
1149 2345 1498 2405 prmsentetur
1519 2337 1776 2405 ampulla,

188 2444 309 2497 qua:
340 2429 528 2484 melior
554 2437 656 2494 est,
687 2445 806 2483 cum
835 2430 953 2484 oleo
986 2429 1052 2483 ab
1079 2429 1366 2500 acolythis,
1401 2437 1454 2482 et
1481 2428 1774 2483 balsamum

189 2537 313 2576 cum
341 2523 458 2577 oleo
486 2531 834 2578 commist'eat
863 2522 991 2576 nihil
1017 2521 1202 2577 dicens
1225 2564 1237 2587 ,
1268 2529 1321 2576 ct
1345 2521 1615 2576 conficiat.
1645 2521 1774 2575 Om-

185 2631 441 2672 nes-vero
468 2616 716 2683 ampullce
746 2625 1058 2670 remaneant
1085 2613 1180 2679 ibi,
1210 2629 1262 2670 et
1293 2613 1575 2684 diligenter
1599 2626 1778 2671 custo-

180 2706 396 2759 diantur
417 2749 430 2774 ,
465 2720 742 2776 quousque
783 2705 848 2759 ad
891 2706 1060 2760 altare
1090 2714 1392 2774 portentur.
1425 2703 1774 2760 Postmodum

177 2807 360 2851 autem
389 2796 623 2866 pontifex
650 2797 770 2854 lotis
795 2796 1059 2864 manibus,
1087 2796 1302 2850 indutus
1331 2795 1562 2865 planetu,
1590 2811 1774 2866 proce-

177 2889 266 2944 dit
293 2903 413 2944 cum
447 2888 777 2959 presbyteris
800 2930 815 2954 ,
849 2886 1178 2956 diaconibus,
1210 2895 1262 2942 et
1290 2886 1552 2958 acolythis
1575 2895 1628 2942 et
1657 2902 1776 2941 om-

175 2980 338 3035 nibus
364 2979 662 3047 ordinibus,
694 2989 750 3034 et
795 2979 993 3034 habent
1041 2979 1091 3032 in
1149 2981 1492 3049 processione
1537 2994 1769 3045 crucem,

180 3072 551 3141 l-Jvangelium,
585 3083 787 3142 septem
818 3071 1155 3133 candelabra,
1192 3071 1516 3125 thnribulum
1543 3085 1662 3126 cum
1689 3070 1771 3124 in-

174 3175 378 3227 censo;
421 3171 475 3218 et
502 3162 580 3218 sic
610 3161 1080 3232 proccssionaliter
1105 3169 1332 3232 pergant
1362 3162 1426 3215 ad
1457 3163 1624 3215 altare
1648 3176 1768 3215 cum

1882 1967 2234 2034 cnmp'icatis,
2265 1975 2319 2022 et
2345 1982 2463 2021 cum
2498 1970 2795 2024 reverentia
2827 1980 2880 2024 et
2914 1971 3056 2024 omni
3085 1970 3375 2026 devotione
3404 1973 3474 2028 ab

1882 2059 2082 2114 eisdem
2125 2069 2428 2128 reportetur
2454 2059 2506 2112 in
2533 2060 2797 2129 capellam
2835 2062 3002 2115 sancti
3033 2061 3296 2116 Pancratii
3324 2063 3473 2131 juxta

1881 2150 2175 2205 claustrum
2226 2152 2626 2218 canonicorum,
2677 2151 2819 2221 quod
2860 2151 2929 2205 ibi
2958 2161 3040 2206 est
3075 2153 3224 2207 locus
3252 2168 3472 2207 conscr-

1881 2242 2149 2308 vationis;
2180 2250 2234 2296 et
2265 2258 2384 2296 cum
2421 2244 2566 2297 omni
2598 2243 2804 2298 cautela
2851 2259 3014 2314 usque
3046 2243 3098 2297 in
3133 2244 3218 2299 die
3243 2241 3468 2333 Sfabhati

1881 2335 2206 2389 custoditur.
3283 2340 3308 2365 ’ν

1957 2423 2163 2480 Deinde
2195 2425 2429 2493 pontifex
2468 2427 2617 2482 venit
2648 2427 2715 2480 ad
2748 2427 2936 2492 altare,
2971 2427 3239 2497 accipiens
3260 2428 3470 2497 ampul-

1880 2514 1982 2569 lam
2018 2516 2264 2582 vitream,
2300 2531 2417 2586 qua:
2449 2517 2593 2572 intus
2621 2533 2680 2573 se
2706 2517 2946 2574 continet
2969 2519 3237 2588 quoddam
3268 2532 3462 2574 vascu-

1880 2608 1988 2662 lum
2033 2621 2278 2673 aureum,
2330 2615 2384 2663 et
2432 2609 2484 2663 in
2535 2608 2626 2664 illo
2667 2609 2886 2664 vasculo
2928 2619 3006 2664 est
3043 2609 3172 2678 lapis
3200 2609 3468 2679 pretiosus

1880 2713 2172 2763 concavus,
2207 2708 2262 2752 et
2293 2701 2342 2753 in
2376 2699 2460 2754 illa
2494 2701 2826 2756 concavitate
2860 2701 3048 2769 lapidis
3077 2711 3160 2757 est
3188 2701 3467 2770 diligenter

1881 2791 2144 2860 pretiosus
2173 2788 2373 2846 Christi
2423 2793 2643 2860 sanguis
2678 2799 2700 2826 ει
2735 2793 2989 2857 inclusus,
3031 2790 3119 2861 qni
3167 2791 3466 2846 annualiter

1883 2881 2208 2947 extrahitur,
2257 2891 2310 2936 et
2355 2883 2632 2951 reponitur
2663 2881 2730 2936 ibi
2765 2883 2816 2936 in
2858 2883 3190 2938 conciwitate
3218 2896 3378 2947 arcte,
3411 2892 3464 2936 et

1881 2979 2008 3027 tunc
2038 2973 2246 3028 levatur
2278 2987 2308 3028 a
2340 2974 2612 3042 pontifice;
2643 2982 2699 3028 et
2727 2973 3046 3039 ostenditur,
3081 2983 3140 3026 ut
3173 2981 3281 3029 tota
3313 2973 3464 3026 turba

1876 3065 2054 3136 populi
2088 3067 2259 3120 valeat
2288 3081 2409 3119 cum
2457 3068 2648 3121 timore
2673 3076 2727 3120 et
2757 3069 3075 3132 reverentia,
3106 3076 3160 3121 et
3183 3069 3325 3122 omni
3367 3066 3464 3120 dc—

1876 3157 2094 3214 votione
2149 3173 2273 3213 eum
2329 3157 2530 3212 videre.
2586 3157 2774 3212 Postea
2831 3158 3056 3212 traditur
3110 3155 3460 3212 custodienda

174 3253 461 3323 mappula;
491 3265 543 3308 et
575 3255 708 3309 facta
739 3253 1078 3309 confessione
1103 3263 1158 3309 et
1183 3253 1500 3318 reverentia,
1529 3253 1772 3307 ascendit
1797 3257 1844 3320 (ι
1879 3247 2040 3314 priori
2093 3258 2147 3302 et
2192 3249 2467 3303 canonicis
2496 3247 2736 3316 ejusdem
2775 3246 3016 3302 ecclesim
3045 3262 3212 3316 usque
3245 3246 3295 3300 in
3318 3243 3461 3298 diem

166 3345 248 3399 ad
279 3344 461 3400 sedem
491 3360 662 3400 suam.
687 3345 906 3400 Interim
937 3354 1112 3401 autem
1142 3346 1457 3402 decnntetur
1486 3362 1515 3400 a
1543 3346 1772 3401 cantori-

175 3435 282 3488 bns
314 3435 568 3490 lntroitus
595 3437 711 3490 sine
748 3435 924 3490 Gloria
960 3435 1138 3503 Patri;
1167 3448 1220 3492 et
1247 3436 1394 3491 finito
1425 3437 1595 3492 Versu
1622 3451 1776 3506 rvpe-

176 3533 322 3578 tatur
347 3525 628 3587 lntroitus;
664 3535 840 3591 poster
879 3541 909 3580 a
937 3529 1244 3585 cantoribus
1271 3528 1584 3584 decantatur
1610 3529 1775 3600 Kyrie

169 3619 388 3674 eleison.
423 3616 625 3682 Quibus
668 3617 860 3681 ﬁnitis,
910 3619 1156 3673 dominus
1201 3635 1334 3690 papa
1383 3621 1513 3675 dicit
1562 3622 1770 3677 excelsa

170 3725 309 3763 voce
332 3707 516 3763 G’oria
545 3711 594 3762 in
621 3710 832 3762 excelsis
855 3709 984 3764 Deo.
1019 3711 1167 3765 Dicta
1191 3727 1318 3765 vero
1346 3713 1600 3768 Oratione
1631 3711 1770 3766 Deus

169 3820 208 3856 α
232 3818 354 3873 quo,
380 3812 512 3872 etc.,
543 3804 696 3857 lectis
722 3804 952 3872 l-‘pistola
977 3814 1030 3859 et
1058 3805 1367 3875 Evangelia,
1394 3805 1635 3875 factoque
1656 3821 1771 3860 ser-

168 3910 335 3951 mone
356 3896 420 3948 ad
446 3897 718 3966 populum,
745 3898 787 3950 si
813 3897 1060 3963 Voluerit,
1085 3905 1138 3953 et
1160 3896 1327 3952 Credo
1349 3899 1402 3950 in
1426 3914 1581 3952 unum
1604 3897 1769 3952 Deum

169 3986 532 4056 decantando,
563 3997 919 4057 prosequatur
961 3990 1173 4043 Missam
1198 3990 1384 4043 ordine
1412 4003 1532 4043 suo.
1564 3989 1765 4043 Tamen

168 4077 453 4132 sciendum
485 4089 587 4145 eSt,
621 4079 764 4146 quod
793 4094 896 4132 non
933 4079 989 4133 fit
1034 4096 1250 4146 sermo,
1297 4081 1394 4134 nisi
1428 4080 1639 4148 quando
1671 4079 1765 4134 fuit

171 4170 468 4238 processio.

254 4279 273 4312 ι
312 4260 608 4315 Notandum
635 4261 774 4331 quod
808 4262 859 4317 in
895 4261 994 4316 hac
1027 4262 1182 4316 Missa
1209 4278 1313 4316 non
1345 4265 1624 4318 consuevit
1646 4279 1766 4319 esse

169 4367 378 4413 sermo,
415 4353 514 4406 nisi
546 4370 682 4422 ρηιίι
734 4355 896 4409 vellet
927 4355 1107 4409 facere
1147 4355 1578 4412 Processionem.
1613 4356 1762 4410 Tunc

167 4448 219 4500 si
257 4461 387 4513 papa
424 4446 570 4500 illum
603 4462 903 4501 sermonem
954 4448 1132 4502 facere
1183 4465 1288 4502 non
1330 4449 1505 4513 vellet,
1540 4449 1760 4503 sarrista

166 4540 462 4592 committit
494 4540 557 4593 tle
587 4541 703 4603 ejus
746 4531 997 4596 mamlato
1025 4556 1332 4597 sermonem
1380 4543 1536 4596 alicui
1567 4543 1632 4597 de
1663 4545 1762 4596 do-

1883 3340 2124 3397 Sabbati.
2151 3342 2300 3397 Tune
2325 3341 2558 3412 pontifex
2585 3339 2648 3393 ad
2675 3339 3080 3395 sacrificandum
3105 3338 3268 3392 intrat
3294 3337 3463 3397 solus,

1879 3440 1934 3486 et
1963 3432 2123 3486 intrat
2164 3447 2364 3499 arcam,
2397 3443 2452 3485 ut
2479 3431 2812 3501 significetur
2839 3430 2979 3499 quod
3025 3429 3076 3484 in
3124 3429 3300 3484 Veteri
3333 3428 3459 3481 'l‘es-

1879 3532 2116 3579 lamento
2139 3524 2393 3592 scriptum
2424 3533 2527 3588 est,
2559 3524 2682 3593 quia
2711 3534 2954 3576 summus
2981 3519 3213 3589 pontifnx
3241 3517 3463 3571 intrabit

1876 3618 2042 3673 semel
2084 3618 2132 3670 in
2164 3632 2302 3670 anno
2332 3617 2383 3670 in
2419 3623 2598 3671 sancta
2630 3625 2966 3679 sanctorum;
2996 3611 3176 3666 tameﬁ
3207 3621 3259 3665 et
3297 3625 3460 3664 cruce

1877 3723 1930 3766 et
1978 3710 2289 3764 linteamine
2343 3709 2717 3779 superpositis,
2759 3707 3014 3776 cpiscOpo
3065 3705 3150 3758 vel
3199 3701 3458 3758 cardinali

1876 3815 1995 3856 cum
2025 3803 2300 3870 rapellano
2328 3801 2604 3856 sacerdote
2635 3800 2968 3855 ministrante
2991 3798 3116 3854 sibi.

1944 3913 2202 3967 Confecto
2233 3913 2416 3982 itaque
2447 3913 2726 3977 δετςτίίῑοίη,
2752 3913 3000 3980 pontifex
3046 3910 3190 3965 solus
3216 3924 3458 3965 commu-

1873 4005 2012 4060 nicat
2042 4019 2202 4073 super
2229 4011 2400 4058 altare
2423 4005 2542 4058 sine
2567 4005 2848 4066 ministris,
2876 4011 2928 4057 et
2961 4019 3063 4054 non
3088 4017 3207 4055 cum
3232 4003 3456 4064 ralamo,

1870 4095 1963 4150 sed
1991 4110 2109 4150 cum
2155 4093 2323 4152 calice
2355 4102 2560 4148 tantum
2593 4110 2650 4148 se
2675 4095 2960 4148 confirmat
2987 4094 3072 4145 illa
3105 4093 3189 4145 die
3219 4103 3267 4146 et
3303 4099 3454 4145 sexta

1874 4188 2023 4254 feria,
2056 4196 2108 4241 ct
2139 4187 2286 4258 ponit
2319 4187 2462 4241 illam
2491 4196 2734 4255 quartam
2769 4195 2971 4254 partem
3007 4188 3058 4238 in
3090 4184 3258 4239 calice
3305 4184 3456 4236 Post-

1871 4295 2028 4350 quam
2074 4289 2254 4334 autem
2302 4277 2798 4343 communicaverit,
2853 4275 2997 4344 ponit
3040 4275 3262 4330 calicem
3295 4288 3455 4341 super

1867 4372 2053 4435 altare,
2087 4380 2138 4424 et
2173 4378 2415 4438 patenam
2461 4369 2612 4438 juxta
2654 4383 2774 4423 eum
2807 4382 2928 4423 cum
2977 4380 3204 4436 corpore
3244 4365 3454 4420 Domini

1868 4469 2161 4526 reservato,
2189 4460 2309 4529 quia
2340 4468 2490 4513 sexta
2521 4458 2648 4513 feria
2681 4459 2746 4514 de
2777 4461 2891 4526 ipso
2922 4458 3139 4512 resumit
3162 4497 3176 4522 ,
3222 4466 3276 4511 et
3319 4470 3447 4510 coo-

1869 4553 2071 4622 peritur
2100 4562 2383 4621 utrumque
2424 4551 2650 4606 sindone
2682 4553 2898 4606 munda.
2946 4550 3194 4619 Receptis
3225 4563 3451 4617 corpore

167 4631 340 4685 minis
381 4632 740 4688 cardinalibns
788 4636 1072 4703 episcopis,
1121 4637 1202 4691 vel
1242 4637 1590 4706 presbyteris,
1623 4653 1758 4708 qno-
1792 4621 1844 4681 Ῑ)
1871 4621 1925 4699 et
1954 4645 2208 4713 sanguine
2252 4644 2488 4711 Domini,
2525 4644 2760 4712 pontifex
2812 4643 3056 4700 ascendit
3101 4642 3331 4713 ligneam
3363 4656 3451 4695 se-

167 4724 321 4778 niam
353 4723 559 4779 diaconi
594 4743 861 4795 nunquam
902 4743 1081 4782 coram
1129 4745 1258 4798 papa
1311 4729 1624 4798 praedicant,
1669 4740 1761 4784 aut

163 4819 332 4873 alicui
363 4819 604 4888 prazla'o,
635 4822 712 4876 vel
748 4822 1002 4891 magistro
1032 4824 1082 4877 in
1115 4823 1400 4893 theologia.

260 4929 279 4962 ι
313 4912 612 4967 Notandum
647 4915 787 4983 qui-tl
818 4915 1038 4969 abbates
1067 4933 1332 4985 nunquam
1367 4927 1762 4972 consueverunt

167 5006 494 5075 praedicare,
526 5023 624 5062 nec
652 5009 901 5063 doctores
925 5010 1286 5075 decretorum,
1322 5027 1422 5065 nec
1454 5013 1626 5080 legum
1660 5013 1761 5066 nisi

162 5096 431 5152 duntaxat
460 5100 663 5166 praalati
697 5108 754 5155 et
781 5103 1020 5172 magistri
1057 5103 1105 5155 in
1142 5103 1427 5175 thea'ogia,
1477 5105 1569 5160 sed
1605 5105 1762 5160 modo

160 5188 395 5244 abbates
423 5191 730 5258 praedicant.
767 5211 783 5242 ι

241 5280 534 5350 Postquam
565 5285 814 5339 dominus
858 5302 988 5353 papa
1031 5285 1194 5340 intrat
1223 5287 1286 5340 ad
1322 5289 1752 5356 sacrificandum,

158 5379 220 5427 et
275 5373 508 5429 confecit
548 5376 681 5431 du..s
729 5378 961 5442 Hostias,
1013 5387 1141 5434 tunc
1191 5382 1468 5449 acolythus
1508 5382 1759 5436 conducit

152 5463 440 5534 jttniorem
485 5468 769 5525 diaconum
821 5473 1173 5540 cardinalem,
1222 5485 1274 5528 et
1318 5491 1438 5528 etnn
1485 5491 1548 5530 eo
1583 5476 1758 5544 plures

158 5557 551 5616 subdiaconos.
580 5562 728 5616 Unus
753 5572 927 5618 autem
954 5579 1016 5618 ex
1052 5565 1117 5619 iis
1144 5566 1561 5621 subdiaCnnibus
1585 5577 1759 5635 portat

157 5662 408 5716 crucem,
438 5652 686 5723 acolytho
717 5657 1068 5710 antecedente
1101 5674 1220 5710 cum
1255 5658 1523 5713 tbnribnlo
1555 5670 1609 5714 et
1632 5663 1753 5712 tlin-

239 5768 268 5796 ⁸
301 5761 454 5828 Apud
481 5762 737 5817 Joannem
764 5764 1079 5821 canonicum
1111 5769 1350 5823 ecclesia:
1377 5769 1747 5826 Lateraneasis

156 5831 285 5888 Iuno
325 5831 571 5904 leguntur
600 5836 652 5891 in
683 5851 798 5907 cap.
834 5837 886 5900 5,
928 5839 1012 5892 ubi
1043 5840 1214 5908 agitur
1255 5841 1319 5894 tle
1353 5842 1584 5912 reliquiis
1623 5858 1742 5911 qua:

1872 4735 2025 4801 dem;
2056 4744 2110 4789 et
2141 4735 2394 4789 continuo
2421 4735 2526 4788 dno
2556 4734 2789 4804 800i)lili
2815 4734 3061 4789 deferunt
3087 4732 3350 4801 ampullas
3374 4732 3450 4786 in-

1872 4828 2080 4882 volutas
2107 4843 2227 4882 cum
2259 4827 2486 4882 sindone
2515 4827 2632 4880 alba
2669 4827 2839 4882 serica
2866 4825 2918 4880 in
2955 4825 3174 4881 sinistro
3205 4823 3447 4888 brachio,

1866 4919 1937 4974 ita
1962 4930 2017 4974 ut
2043 4919 2214 4974 videri
2246 4922 2448 4987 possint
2468 4933 2498 4972 a
2522 4917 2736 4981 medio;
2762 4926 2813 4971 et
2837 4919 3112 4982 diaconus,
3137 4915 3226 4985 qni
3255 4912 3448 4968 assistit

1864 5012 2081 5068 domino
2128 5026 2296 5082 papae,
2332 5010 2527 5077 accipit
2559 5011 2840 5081 ampullam
2876 5024 3032 5063 unam
3075 5010 3284 5062 mitam
3329 5021 3448 5060 cum

1867 5104 2127 5169 balsamo,
2159 5112 2213 5158 et
2243 5111 2591 5172 repraesentat
2621 5118 2736 5156 eam
2777 5102 3034 5170 pontifici,
3069 5101 3227 5171 357
3263 5108 3447 5152 tenens

1867 5212 1984 5250 eam
2035 5197 2085 5249 in
2139 5195 2356 5250 sinistro
2408 5195 2628 5250 brachio
2666 5195 2978 5250 involutam.
3024 5195 3172 5248 Tunc
3214 5191 3448 5262 pontifex

1867 5287 2010 5341 hali-t
2032 5296 2111 5342 ter
2136 5287 2184 5341 in
2212 5287 2405 5356 ipsam;
2434 5295 2489 5342 et
2519 5299 2633 5357 pOSl
2658 5302 2778 5341 cum
2809 5287 2990 5342 halent
3012 5287 3172 5341 etiam
3205 5286 3257 5339 in
3283 5286 3448 5352 ip=am

1865 5395 2051 5434 omnes
2080 5378 2339 5449 cpiscOpi,
2373 5379 2459 5448 qui
2492 5379 2750 5434 assistunt
2783 5379 2875 5445 ibi,
2910 5392 2958 5434 et
2992 5379 3292 5450 presbyteri
3322 5393 3450 5436 car-

1865 5471 2108 5536 dinales;
2151 5482 2204 5525 et
2251 5470 2382 5525 dicit
2430 5471 2547 5526 sine
2593 5481 2749 5526 motu
2805 5490 2818 5525 :
2870 5471 3118 5526 Dominus
3167 5470 3442 5525 uobiscum.

1867 5564 2116 5617 Exorcizo
2146 5573 2212 5629 te,
2247 5574 2481 5617 creatura
2511 5566 2631 5630 olei,
2677 5575 2780 5620 etc.
2836 5565 2958 5619 Post
3010 5564 3445 5620 Benedictionem

1865 5672 1991 5710 ve:o
2023 5655 2176 5708 istam
2203 5669 2390 5709 omnes
2419 5656 2654 5724 episc0pi
2687 5667 2734 5711 et
2766 5655 3064 5712 cardinales
3093 5656 3329 5712 salutent
3354 5668 3444 5724 per

1857 5777 1982 5823 Sunt
2023 5767 2073 5819 in
2105 5766 2322 5820 lnsilica
2354 5767 2647 5824 Salvatoris
2688 5786 2700 5823 :
2733 5767 2806 5822 De
2833 5769 3081 5836 sanguine
3118 5779 3165 5823 et
3202 5784 3337 5838 aqua
3361 5767 3444 5838 lq-

1854 5841 1968 5894 teiis
2003 5838 2208 5892 Domini
2236 5840 2478 5908 ampulla:
2500 5840 2636 5894 (lace.
2674 5840 2867 5896 Eadem
2893 5841 3161 5906 superius,
3189 5835 3311 5904 pag.
3344 5835 3438 5890 99.
