4006 6354
530 414 665 469 1207
1207 412 1550 468 APPENDIX
1590 413 1679 468 AD
1720 413 1776 468 S.
1818 409 2147 467 CREGORII
2187 405 2401 464 MAGNI
2447 404 2813 464 LITURGItjA
2845 406 3097 463 Ol‘EﬂA.
3695 399 3841 457 ﬁt!“

527 533 770 587 ordinem
804 537 1045 583 sanctum
1076 527 1334 592 chrisma,
1366 537 1420 582 et
1445 529 1496 580 in
1529 525 1808 582 salutando
1843 526 2096 580 inclinent
2129 529 2167 585 Α
2200 537 2357 588 supra
2410 522 2608 574 dictum
2656 533 2770 586 est,
2822 534 3062 574 summus
3111 514 3349 588 pontifex
3402 515 3838 584 presbyterium

527 624 700 689 capita
731 621 968 674 dicentes
1000 617 1118 681 Ave,
1151 627 1384 670 sanctum
1420 617 1659 681 chrisma,
1702 626 1754 671 et
1784 616 2099 670 deoscolen-
2207 610 2426 679 largitur
2465 609 2826 664 cardinaiibtts
2871 620 2926 670 ει
2966 611 3182 678 legalis.
3212 607 3343 662 Nam
3391 606 3635 661 indultis
3671 621 3825 672 Pura-

529 727 613 766 tur
642 711 951 778 ampullam.
986 707 1141 764 Facta
1173 708 1492 762 salutatione
1534 708 1838 762 clirismat's
1893 708 1960 760 ab
1993 709 2102 775 epi-
2207 706 2402 759 mentis
2435 719 2602 773 usque
2629 705 2695 759 ad
2728 702 3066 758 dalmaticam
3099 701 3381 766 inclusive,
3423 701 3657 755 habens
3683 713 3839 751 inan-

527 801 702 868 sc0pis
727 811 779 854 et
811 799 1160 870 presbyteris,
1189 800 1367 853 statim
1395 799 1553 853 debet
1585 799 1699 853 ﬁeri
1725 798 1974 852 salutatio
1999 799 2102 852 olei
2207 808 2316 850 tum
2351 798 2569 851 rnbeum
2619 797 2685 850 ad
2735 796 3002 863 scapulas,
3037 795 3286 848 fanonem
3330 808 3499 860 super
3543 800 3760 861 caput,
3789 799 3843 844 et

527 893 592 947 ab
619 891 841 956 eisdem,
875 891 974 944 hoc
1003 891 1249 945 videlicet
1279 891 1458 945 modo.
2207 902 2371 955 super
2401 888 2575 956 ipsum
2605 888 2818 941 mitram
2849 883 3259 953 aurifrigiatam,
3288 882 3506 937 ducitur
3539 883 3614 936 ad
3643 880 3841 950 capel-

597 983 854 1038 Dominus
901 997 1034 1051 papa
1076 984 1268 1036 salutat
1309 982 1562 1044 chrisma,
1606 993 1660 1036 et
1705 982 1884 1035 statim
1926 991 2108 1048 postea
2207 981 2312 1034 lam
2347 979 2516 1034 sancti
2546 978 2788 1035 Silvestri
2817 992 2910 1048 per
2942 976 3075 1030 duos
3097 975 3358 1030 diaconos
3395 973 3751 1036 cardinales,
3789 974 3840 1025 in

527 1075 725 1140 oleum,
756 1074 940 1128 dicens
967 1075 1085 1138 Ave,
1111 1081 1344 1128 sanctum
1385 1075 1585 1138 oleum;
1615 1074 1686 1127 ita
1716 1083 1766 1128 et
1791 1073 1987 1142 singuli
2035 1071 2110 1124 fa-
2209 1087 2366 1141 quam
2399 1073 2596 1137 intrat;
2631 1081 2687 1126 ct
2717 1069 2794 1125 sic
2826 1076 3041 1139 paratus
3073 1068 3230 1123 sedet
3258 1066 3313 1121 in
3344 1066 3672 1122 faidistoriu
3707 1081 3835 1130 suo,

529 1181 652 1223 cere
680 1166 896 1221 debent.
933 1166 1117 1220 Postea
1159 1174 1499 1234 reportentur
1523 1166 1774 1235 ampuliae
1810 1164 2114 1233 processio-
2217 1175 2270 1216 et
2297 1162 2389 1216 dat
2419 1162 2639 1216 cuilibet
2668 1161 2926 1216 cardinali
2955 1159 3300 1230 singulariter
3327 1167 3381 1212 et
3405 1157 3652 1226 prml‘ato
3686 1172 3839 1223 pres-

529 1259 742 1323 naliter,
786 1259 922 1313 sicut
970 1260 1183 1312 fuerunt
1213 1259 1458 1314 adductae
1483 1261 1548 1313 ad
1577 1260 1892 1324 sacrarium,
1927 1259 2008 1314 vel
2042 1259 2107 1313 ad
2215 1253 2476 1321 bylerium
2511 1253 2747 1317 solttnn,
2779 1252 2951 1320 primo
2983 1250 3235 1304 videlicet
3261 1249 3545 1318 episcOpis
3574 1247 3838 1302 cardina-

529 1350 704 1404 locum
752 1350 838 1403 ubi
887 1350 1076 1404 sedere
1104 1351 1321 1405 debent.
1368 1350 1569 1404 Deinde
1612 1351 1961 1404 distribuatur
1999 1350 2114 1402 uni-
2215 1347 2373 1412 tibus,
2418 1333 2657 1400 secundo
2683 1343 3026 1415 presbyteris,
3059 1343 3223 1396 tertio
3254 1341 3587 1400 diaconibus
3631 1355 3834 1394 secun-

531 1439 741 1508 cuique,
778 1441 910 1493 sicut
942 1439 1166 1494 debetur
1188 1448 1240 1494 et
1271 1439 1431 1494 fuerit
1459 1449 1840 1508 opportunum.
1868 1439 2111 1493 Pontifex
2214 1437 2339 1490 dum
2367 1435 2612 1490 ordinem
2641 1433 2972 1504 antiquitatis
2997 1433 3332 1502 singulorum
3352 1433 3406 1486 in
3433 1432 3703 1498 statu,’in
3728 1445 3835 1499 quo

531 1542 660 1582 vero
693 1530 742 1582 in
772 1527 902 1582 sede
933 1527 1292 1581 communicat
1323 1527 1443 1581 illos
1472 1527 1558 1595 qui
1603 1528 1986 1580 communicari
2021 1541 2114 1580 νο·
2220 1537 2342 1583 tunc
2390 1538 2471 1584 cst
2516 1529 2914 1589 cardinalatus;
2962 1535 3362 1596 consequenter
3410 1525 3683 1579 omnibus
3711 1524 3832 1580 aliis

532 1621 661 1676 lunt.
709 1622 1035 1676 Reverenter
1076 1630 1254 1675 tamen
1302 1619 1495 1674 oblata:
1538 1621 1759 1688 integrae
1790 1619 1860 1674 de’
1886 1633 2116 1687 corpore
2219 1621 2456 1689 prmlatis
2477 1619 2704 1688 singulis
2727 1617 3246 1689 singulariter.Nam
3272 1616 3510 1685 quilibet
3531 1615 3829 1670 cardinaiis

534 1712 742 1766 Domini
771 1712 820 1765 in
853 1713 989 1765 diem
1018 1711 1314 1766 Parasceve
1343 1719 1715 1776 reservantur;
1744 1711 1958 1778 sanguis
1987 1726 2114 1764 vero

536 1801 744 1855 Domini
777 1802 988 1870 penitus
1013 1810 1332 1855 assumatur.
1370 1801 1522 1854 Pacis
1545 1801 1782 1855 osculum
1809 1817 1912 1856 non
1937 1801 2109 1866 datur,

2219 1723 2273 1768 et
2304 1715 2575 1782 prmlatus,
2606 1720 2845 1767 extracta
2877 1712 3093 1765 sibimet
3121 1711 3300 1776 mitra,
3336 1709 3601 1763 deferens
3631 1724 3751 1762 eam
3775 1709 3824 1761 in

2221 1807 2494 1868 manibus,
2526 1805 2673 1860 vadit
2709 1820 2891 1860 coram
2937 1817 3002 1858 eo
3043 1803 3197 1858 ﬂexis
3228 1802 3462 1872 genibus
3492 1818 3508 1864 ;
3557 1809 3707 1854 tenet
3735 1802 3825 1853 mi-

534 1894 708 1962 Agnus
756 1891 852 1947 Dei
902 1893 1129 1958 dicatur,
1183 1903 1238 1947 et
1290 1893 1620 1956 communio,
1676 1892 1926 1947 Dominus
1965 1893 2116 1948 Jesns
2147 1888 2195 1946 Β
2229 1909 2361 1953 iram
2391 1911 2629 1968 apertam
2660 1908 2784 1952 ante
2813 1911 3026 1966 papam,
3056 1895 3144 1963 qui
3188 1895 3338 1962 ponit
3371 1893 3429 1947 in
3480 1892 3633 1946 illam
3668 1907 3824 1960 pecu-

536 1983 787 2050 Clzristus,
826 1992 931 2038 etc.
967 1985 1114 2036 Tunc
1145 1983 1381 2051 pontifex
1426 1987 1712 2037 revertitur
1740 1983 1804 2036 ad
1836 1983 2028 2049 altare,
2061 1994 2116 2038 et

536 2076 666 2130 dicit
713 2075 850 2129 hanc
893 2075 1220 2140 Orationem,
1280 2075 1496 2142 Iie/ccti,
1546 2085 1682 2137 etin;
1729 2091 1833 2145 qua
1885 2076 2118 2144 expleta,

535 2166 790 2221 diaconus
820 2167 947 2220 dicit
979 2164 1059 2219 Ite
1086 2167 1248 2219 Missa
1279 2177 1370 2220 est.

606 2279 890 2334 LXXXlV.
930 2280 1001 2332 De
1033 2279 1282 2335 Mandata
1313 2283 1482 2349 ﬁendo
1514 2283 1566 2335 in
1594 2282 1677 2337 die
1706 2281 1848 2338 Jovis
1875 2294 2051 2338 sancto

1217 2352 1442 2406 rubrica.

623 2443 779 2498 Missa
813 2444 974 2514 igitur
1003 2445 1313 2500 solemnitcr
1343 2457 1578 2514 peracza,
1613 2446 1825 2500 indutus
1863 2445 2120 2515 pontifex,

542 2539 680 2592 sicut
721 2538 976 2602 cantavit,
1024 2538 1268 2593 ascendit
1313 2539 1376 2591 ad
1427 2540 1701 2608 palatium,
1747 2539 2123 2594 comitantibus

541 2643 661 2683 eum
695 2639 799 2681 tam
832 2627 1098 2697 episcoiiis
1138 2642 1296 2698 quam
1335 2629 1661 2696 presbyteris
1687 2636 1740 2682 et
1780 2629 2115 2696 diaconibus,

540 2718 790 2772 omnibus
821 2719 1046 2787 peractis
1076 2720 1370 2773 secundum
1398 2720 1640 2774 ordinem
1670 2734 1844 2774 suum.
1874 2718 2118 2774 Pontifex

539 2823 666 2863 vero
689 2809 980 2875 ingreditur
1005 2809 1277 2864 basilicam
1302 2810 1470 2865 saneti
1498 2809 1770 2865 Laurentii
1803 2810 1868 2866 de
1893 2811 2120 2876 Palatio,

545 2901 629 2952 vel
664 2899 928 2968 capellam
960 2900 1136 2954 sancti
1169 2900 1408 2969 Martini,
1445 2903 1491 2958 si
1523 2911 1607 2958 est
1634 2903 1701 2958 ad
1735 2911 1984 2960 sanctum
2016 2904 2116 2961 Pe-

543 2996 688 3043 trum
717 3007 731 3054 ;
766 2989 985 3043 etexuit
1027 2989 1320 3058 planctam,
1354 3001 1408 3045 et
1439 2992 1644 3046 assumi
1669 2990 1773 3046 sibi
1799 2993 2114 3046 mantumin

546 3082 822 3150 scapulis;
855 3082 1108 3149 imposito
1144 3096 1311 3150 sups-r
1351 3091 1513 3152 caput
1546 3098 1705 3138 suum
1745 3082 1942 3137 fanone
1992 3096 2113 3137 cum

547 3174 708 3228 mitra
741 3173 873 3226 facit
897 3171 1235 3236 Mandatum,
1267 3173 1555 3228 duodecim
1583 3174 2010 3230 subdiaconibus
2028 3190 2116 3229 ro-

2176 2043 2179 2046 .
2229 1991 2396 2055 uiam,
2432 2007 2589 2060 quam
2624 1991 2711 2044 dat
2744 1994 2792 2044 ei
2830 1990 2883 2044 in
2923 2003 3028 2042 uno
3053 1987 3257 2058 scypho
3288 1985 3316 2024 δ
3350 1984 3622 2054 argenteo
3654 2000 3822 2038 came-

2224 2081 2419 2145 raiius,
2451 2091 2503 2135 et
2529 2096 2685 2150 quam
2728 2079 2860 2134 dicit
2907 2078 3038 2133 liber
3066 2091 3296 2131 camera:
3345 2077 3437 2141 qui
3471 2083 3697 2127 vocatur
3730 2074 3819 2126 I’a-

2229 2173 2552 2244 lyptychus;
2600 2181 2654 2227 et
2709 2172 2796 2226 ille
2844 2169 2932 2240 qui
2990 2168 3177 2239 recipit
3233 2167 3534 2237 pecuniam
3579 2167 3632 2219 in
3679 2167 3820 2218 mitra

2225 2265 2499 2320 osculatur
2527 2279 2664 2334 genu
2705 2263 2908 2318 domini
2937 2276 3108 2332 papae.
3159 2259 3304 2314 Idem
3339 2274 3475 2314 vero
3499 2272 3820 2313 cameramos

2230 2354 2392 2410 habet
2422 2364 2546 2409 ante
2572 2369 2630 2409 se
2659 2367 2903 2422 magnam
2950 2365 3186 2406 mensam
3227 2359 3556 2418 c00pertam
3592 2348 3812 2410 tobatea,

2230 2450 2320 2504 ubi
2354 2458 2478 2504 sunt
2508 2447 2813 2518 huiusmodi
2848 2456 3098 2513 monetae,
3129 2453 3180 2520 ct
3209 2443 3481 2497 assistunt
3516 2441 3618 2509 ipsi
3649 2455 3814 2493 came-

2228 2541 2370 2595 rario
2397 2539 2579 2595 clerici
2609 2553 2838 2594 camera
2879 2535 3041 2607 359
3084 2545 3139 2589 et
3173 2534 3280 2588 duo
3321 2541 3685 2587 mercatores.
3724 2529 3816 2598 Ipsi

2229 2645 2355 2685 vero
2385 2630 2715 2685 camerarius
2740 2635 2794 2682 et
2825 2626 3009 2680 clerici
3041 2634 3246 2679 tantum
3281 2632 3408 2692 sunt
3431 2622 3490 2676 in
3515 2619 3817 2690 snperpelli.

2228 2722 2326 2776 ciis
2347 2721 2464 2775 sive
2493 2719 2673 2775 cottis.

2361 2810 2646 2867 LXXXVI.
2691 2809 2768 2863 De
2809 2809 3118 2863 comestione
3153 2807 3205 2859 in
3255 2801 3417 2860 Coena
3467 2801 3705 2855 Domini.

2303 2907 2436 2961 Dato
2474 2915 2494 2942 ε
2534 2901 2886 2972 presbyterio,
2921 2900 3172 2953 dominus
3201 2911 3335 2967 papa
3375 2896 3451 2950 sic
3507 2905 3744 2962 paratus,
3771 2903 3816 2947 ut

2229 3001 2480 3067 diximus,
2517 3015 2546 3054 a
2591 2998 2800 3054 duobus
2853 2995 3168 3050 diaconibus
3217 2993 3594 3048 cardinalibus
3622 2992 3817 3044 ducitur

2230 3097 2294 3149 ad
2329 3107 2568 3148 mensam
2602 3092 2920 3144 solemntter
2947 3098 3209 3156 paratam,
3233 3095 3286 3140 et
3311 3085 3382 3138 ibi
3413 3083 3600 3144 sedet.
3626 3083 3817 3150 cpisco-

2232 3205 2300 3257 pu
2329 3184 2604 3242 cardinale
2633 3181 2737 3236 sibi
2763 3181 2926 3236 dante
2941 3194 3157 3249 aquam,
3183 3188 3236 3232 et
3257 3175 3472 3230 duobus
3511 3174 3818 3228 diacnnibas

545 3267 765 3320 chelum
796 3279 920 3318 cum
952 3265 1346 3335 superpelliceo
1386 3265 1750 3333 portantibus.
1778 3265 2114 3321 Cubicularii
2152 3260 2198 3321 (ἒ
2230 3276 2612 3342 cardinalibus,
2656 3289 2761 3328 uno
2785 3287 2812 3326 a
2841 3273 3065 3336 dextris,
3091 3268 3194 3322 alio
3221 3284 3249 3323 a
3279 3265 3520 3322 sinistris
3569 3266 3818 3319 tn'ialeam

546 3364 758 3427 ponunt
789 3357 1048 3412 concham
1081 3364 1206 3411 ante
1233 3370 1393 3415 cum;
1437 3356 1552 3425 ipse
1615 3373 1744 3411 vero
1790 3359 2114 3426 praecinctus

545 3452 736 3513 linteo,
775 3450 986 3505 habens
1015 3457 1142 3505 ante
1159 3465 1216 3506 sc
1251 3449 1477 3503 linteum
1502 3449 1787 3516 mundum,
1818 3467 1927 3521 quo
1969 3469 2111 3510 unus

542 3544 805 3597 diaconus
833 3544 925 3611 qui
960 3541 1009 3596 ei
1043 3541 2111 3608 scrvit,secundumdominumJacobum

544 3648 568 3675 ιι
602 3634 949 3700 Gaietanum,
1004 3634 1180 3703 ipsum
1214 3649 1406 3704 papam
1439 3635 1740 3705 praecingit,
1767 3635 2111 3692 brachcolam

542 3726 703 3796 353
721 3726 906 3780 adhoc
928 3734 1198 3796 portatam
1222 3727 1434 3780 habens
1457 3727 1510 3780 in
1533 3727 1795 3794 brachiis,
1820 3724 2110 3784 etlinteum

543 3817 805 3871 nutndum
837 3832 958 3872 ante
978 3833 1036 3873 se
1063 3827 1286 3883 tenens;
1319 3833 1440 3887 qua)
1459 3819 1643 3872 omnia
1675 3819 1876 3874 debent
1928 3821 2113 3890 parari

540 3923 636 3976 per
667 3909 1093 3972 thesaurarium,
1119 3908 1202 3963 vel
1233 3908 1432 3964 fratres
1467 3910 1534 3963 de
1564 3908 1838 3980 Prognota
1879 3909 1987 3981 [ΑΙ.
2021 3911 2114 3966 Pi-

541 4000 776 4072 gnotta],
794 4010 846 4056 et
869 3999 1154 4056 duodecim
1189 4001 1513 4057 subdiaconi
1537 4003 1904 4060 manentforis
1924 4004 2112 4060 basili-

539 4104 655 4147 cam
683 4093 1013 4159 discalciati;
1055 4095 1162 4148 duo
1193 4108 1321 4149 vero
1349 4093 1556 4149 ostiarii
1593 4093 1863 4166 accipiunt
1895 4096 2126 4165 priorem

540 4186 589 4239 in
619 4187 778 4256 ulnis,
815 4195 875 4242 et
916 4193 1128 4255 portant
1159 4200 1286 4242 eum
1333 4199 1456 4241 ante
1501 4187 1828 4255 pontificem.
1880 4186 2125 4241 Pontifex

539 4292 665 4332 vero
695 4292 814 4332 eum
847 4292 981 4348 aqua
1019 4279 1218 4344 calida,
1251 4294 1409 4348 quam
1445 4278 1732 4334 infundere
1758 4278 1955 4334 debent
1981 4280 2128 4334 cubi-

538 4370 748 4438 cularii,
783 4371 922 4425 lavat
957 4373 1119 4436 pedes
1148 4373 1285 4440 ejus,
1318 4381 1373 4427 ct
1405 4372 1564 4442 tergit
1601 4373 1785 4439 linteo,
1816 4382 1870 4428 et
1905 4372 2128 4428 deoscu-

537 4465 678 4519 latur
710 4466 897 4534 pedem
929 4463 1044 4532 ejus
1074 4465 1346 4530 dextrum,
1377 4473 1432 4520 et
1459 4465 1551 4520 dat
1573 4466 1622 4520 ei
1649 4465 1783 4519 duos
1813 4464 2047 4530 soiidos';
2073 4474 2124 4519 et

537 4555 615 4608 sic
643 4553 771 4609 facit
811 4555 1094 4624 unicuique
1133 4555 1606 4620 subdiaconorum,
1637 4565 1692 4612 et
1715 4556 1805 4611 dat
1838 4555 1884 4610 ei
1921 4556 2128 4611 duode-

537 4647 639 4699 cim
684 4645 959 4700 denarios.
993 4647 1211 4702 Interim
1254 4656 1504 4703 cantores
1536 4658 1753 4704 cantant
1800 4647 2117 4718 Vcs-perum,
2155 4638 2200 4697 D

536 4745 660 4792 ante
705 4753 826 4793 eum
885 4748 1110 4803 stantes,
1161 4753 1284 4794 cum
1328 4742 1634 4811 Autiphona
1685 4742 1748 4796 ad
1805 4743 2118 4812 Vcspernm,

538 4829 763 4885 Calicem
792 4829 1058 4897 salutaris,
1088 4843 1196 4886 etc.
1243 4833 1334 4887 His
1373 4833 1549 4897 dictis,
1583 4834 1740 4888 lectio
1771 4851 1875 4888 non
1906 4834 2121 4900 dicitur,

539 4939 639 4980 nec
672 4925 890 4990 Versus,
921 4926 1015 4980 sed
1049 4926 1355 4996 Antiphona
1385 4938 1650 4996 cantatur,
1683 4928 2006 4984 Caznanlibns
2029 4947 2124 4983 an-

538 5025 661 5084 tem,
704 5027 808 5074 etc.
855 5019 1112 5073 Omnibus
1136 5021 1437 5090 completis,
1479 5021 1612 5075 dicTt
1641 5019 1873 5089 pontifex
1917 5021 2125 5075 Oratio-

537 5122 662 5164 nctn
714 5109 957 5178 legendo.
1033 5108 1262 5180 Respice,
1321 5127 1636 5178 qumsumus,
1691 5109 1931 5174 Domine,
1977 5128 2127 5182 super

472 5188 474 5190 V
542 5202 674 5256 hanc
696 5202 945 5272 familiam
971 5213 1134 5266 tuam,
1160 5211 1289 5270 etc.,
1322 5213 1378 5254 ut
1407 5203 1574 5255 moris
1599 5211 1698 5266 est,
1735 5211 1891 5268 prout
1919 5203 1968 5255 in
2000 5203 2127 5257 \’cs~

540 5307 790 5361 perorum
821 5291 1012 5346 officiis
1045 5292 1321 5360 hujusdiei
1356 5292 1563 5359 plenius
1585 5292 1908 5345 continetur.

826 5383 1087 5439 LXXXV.
1117 5384 1196 5439 De
1225 5385 1496 5454 largitione
1527 5384 1844 5454 presbyterii.

615 5474 778 5531 Dictis
807 5475 1078 5545 Veslieris,
1128 5485 1191 5530 et.
1226 5476 1478 5532 Mandata
1524 5477 1664 5532 facto
1697 5491 1789 5546 per
1821 5492 2033 5546 papam,
2071 5486 2130 5530 ut

618 5639 802 5694 “Hinc
840 5647 985 5707 patet
1033 5641 1132 5693 hoc
1175 5655 1277 5693 non
1319 5653 1438 5692 esse
1480 5649 1665 5707 purum
1713 5641 1893 5707 putum
1935 5628 2027 5707 Jac
2053 5628 2116 5680 bi

543 5708 786 5762 Gaietani
809 5702 1167 5768 Ordioarium,
1192 5709 1282 5761 sed
1311 5709 1378 5760 ab
1400 5702 1578 5774 alitum
1608 5705 1716 5774 alio
1738 5702 2114 5774 interpolatun‘t

547 5777 860 5843 quibusdam
901 5778 951 5828 in
999 5778 1144 5836 locis,
1171 5779 1397 5830 maxime
1429 5769 1504 5827 ἧς’
1525 5775 1603 5844 [ut
1636 5769 1868 5844 videtur]
1898 5772 1949 5823 itt
1986 5770 2115 5823 locis

547 5841 644 5900 ubi
663 5844 890 5901 rubrica:
919 5846 1230 5900 vocabulum
1258 5847 1308 5900 in
1341 5847 1492 5900 titulo
1521 5841 1829 5912 apponitur.

2233 3369 2564 3432 tenentibus,
2601 3362 2846 3434 ipsoque,
2896 3363 2985 3433 qui
3017 3377 3045 3416 a
3080 3361 3318 3425 dextris,
3349 3359 3515 3414 etiam
3574 3358 3818 3410 annulum

2232 3470 2467 3525 tenente,
2494 3460 2617 3513 dum
2649 3458 2874 3512 lavatur.

2303 3551 2606 3606 Notandum
2641 3549 2782 3618 quod
2827 3545 3063 3617 prmdicti
3090 3557 3201 3601 tres
3235 3541 3541 3599 cardinales
3573 3541 3622 3594 in
3659 3539 3819 3608 prims

2230 3653 2283 3699 et
2314 3643 2545 3699 secunda
2577 3656 2829 3696 manuum
2862 3640 3081 3701 lotione.
3108 3648 3164 3693 et
3203 3650 3406 3692 mensae
3438 3633 3822 3689 Benedictione

2231 3737 2541 3791 ministrant
2572 3749 2721 3804 papae
2773 3732 2892 3786 sine
2931 3729 3200 3786 mantellis
3223 3729 3446 3813 ,.mitra
3477 3727 3706 3781 sibimet
3742 3726 3822 3779 ἀει

2232 3827 2406 3897 posita
2439 3825 2564 3880 dum
2619 3824 2959 3888 ministrant;
3019 3821 3113 3877 sed
3161 3823 3215 3876 in
3265 3820 3560 3888 gratiarum
3619 3816 3824 3871 actione

2232 3923 2512 3972 resumnnt
2565 3913 2847 3969 mantellos
2900 3927 3025 3966 suos
3063 3919 3118 3966 et
3157 3911 3370 3965 mitram
3418 3909 3542 3964 Ioco
3578 3922 3708 3962 suo.
3759 3907 3824 3960 Eo

2232 4011 2342 4064 loto
2374 4007 2543 4077 prima
2579 4020 2832 4060 manuum
2886 4005 3110 4068 lotione,
3154 4002 3403 4071 factaque
3436 3999 3826 4054 Benedictioae

2232 4117 2456 4169 mensae,
2487 4100 2554 4155 de
2581 4113 2681 4168 qua
2713 4097 2850 4152 infra
2873 4095 3131 4152 seriosius
3161 4095 3389 4160 dicetur,
3411 4092 3622 4146 vadunt
3641 4105 3823 4144 omnes

2231 4193 2458 4255 sedere;
2494 4201 2550 4246 et
2581 4201 2707 4245 tunc
2736 4204 2922 4244 omnes
2950 4188 3258 4243 cardinales
3286 4187 3487 4251 lavant,
3516 4200 3642 4239 cum
3677 4185 3824 4236 sede-

2231 4287 2356 4349 rint,
2391 4301 2580 4338 manus
2619 4290 2842 4349 suas,et
2865 4282 2967 4337 sibi
2998 4291 3184 4336 mutuo
3212 4281 3478 4347 serviunt,
3513 4287 3574 4331 ut
3607 4277 3750 4332 infra
3773 4276 3818 4329 in

2231 4379 2332 4432 alia
2358 4377 2557 4431 latione
2578 4375 2807 4429 dicetur.

2411 4465 2721 4520 LXXXVII.
2767 4465 2843 4519 De
2883 4466 3064 4520 ordine
3102 4463 3317 4520 sedendi
3353 4464 3407 4517 in
3445 4478 3649 4516 mensa.

2302 4557 2466 4614 Sedet
2512 4567 2691 4612 autem
2744 4571 2878 4627 papa
2913 4558 2964 4612 in
2999 4571 3102 4610 una
3131 4569 3316 4610 mensa
3352 4554 3615 4610 eminenti
3657 4554 3820 4613 solus,

2231 4650 2460 4705 diversis
2507 4659 2562 4703 et
2595 4650 2802 4716 magnis
2834 4647 2975 4702 vasis
3015 4647 3196 4702 aureis
3245 4655 3300 4700 et
3351 4645 3631 4715 argenteis
3669 4658 3820 4713 super

2232 4754 2474 4796 mensam
2529 4739 2731 4806 positis.
2784 4730 2836 4790 In
2887 4737 2988 4790 alia
3036 4750 3166 4791 vero
3221 4750 3430 4799 mensa,
3462 4749 3586 4804 quae
3636 4744 3718 4788 est
3762 4731 3817 4785 ad

2231 4832 2476 4885 dextiam
2508 4842 2680 4897 papae,
2711 4828 2762 4880 in
2818 4826 3030 4894 Iungunt
3059 4825 3196 4878 aula:
3223 4823 3414 4878 sedent
3442 4822 3688 4890 episcopi
3711 4836 3818 4874 car-

2231 4923 2470 4987 dinales;
2503 4923 2643 4976 inter
2672 4932 2808 4986 quos
2839 4918 2997 4972 etiam
3029 4917 3246 4984 sedent,
3277 4916 3320 4968 si
3344 4915 3478 4974 sint.
3508 4912 3818 4981 patriarcha:

2233 5025 2462 5084 quatuor
2523 5010 2870 5066 ecclesiarum
2939 5008 3374 5076 patriarcbalium
3443 5006 3815 5075 principalium

2235 5104 2527 5159 secundum
2575 5102 2818 5156 ordinem
2871 5099 3164 5166 prioritatis
3195 5111 3247 5152 et.
3280 5097 3704 5166 posterioritatis
3739 5111 3820 5149 ec-

2236 5196 2524 5250 clesiarum
2569 5209 2783 5248 suarum
2812 5209 2826 5257 ;
2867 5192 2939 5246 ita
2965 5201 3140 5246 tamen
3171 5190 3311 5260 quod
3341 5188 3570 5257 quilibet
3603 5189 3821 5257 patriar-

2239 5288 2333 5344 cha
2361 5287 2542 5342 sedeat
2573 5285 2716 5340 inter
2762 5285 2895 5338 duos
2935 5281 3220 5352 episcopos
3247 5281 3579 5347 cardinales,
3627 5289 3686 5334 et
3715 5287 3820 5348 post

2238 5396 2329 5439 ens
2357 5381 2407 5434 in
2439 5378 2540 5433 alia
2577 5392 2764 5432 mensa
2797 5374 3091 5447 presbyteri
3125 5375 3444 5430 cardinales.

2311 5475 2365 5526 lu
2391 5479 2540 5543 parte
2579 5480 2758 5526 autem
2799 5469 3039 5536 sinistra,
3063 5483 3182 5539 quin
3207 5469 3367 5522 etiam
3399 5474 3484 5522 est
3511 5465 3567 5519 in
3606 5466 3815 5534 iungunt

2295 5625 2322 5663 δ
2356 5627 2480 5680 llmc
2522 5625 2712 5678 Petrus
2745 5622 2981 5677 Amelius
3011 5620 3140 5674 citat
3171 5621 3222 5672 in
3266 5633 3386 5686 cap.
3434 5615 3502 5668 b7
3533 5616 3811 5670 secundum

2225 5698 2484 5750 dominum
2515 5694 2768 5748 Iacobum
2800 5693 3062 5746 (.‘aietani.

2297 5766 2324 5802 δ
2360 5767 2482 5820 Haec
2514 5777 2567 5820 et
2597 5766 2872 5832 sequentia
2901 5763 3072 5828 capita
3105 5761 3166 5810 ad
3200 5759 3262 5832 {il
3299 5753 3663 5832 totidenrfere
3695 5769 3805 5810 vcr-

2225 5839 2306 5894 bis
2337 5839 2582 5909 leg-untur
2609 5822 2745 5905 apud
2791 5822 3004 5891 Petrum
3045 5831 3253 5896 Aurelii,
3297 5843 3468 5897 acip.
3507 5822 3600 5880 69.
