4006 6292
145 398 266 453 ιςιο

1299 386 1559 443 ROMANI
1598 384 1913 442 ORDINES.
1958 415 2027 426 --
2068 385 2201 444 XIV.

3250 391 3387 447 {ilo

140 516 281 578 aula»,
308 509 496 567 sedent
546 507 757 563 diaconi
809 504 1130 570 cardinales,
1163 516 1350 556 omnes
1402 499 1698 555 secundum
1732 505 1774 561 Α
1807 497 2081 554 reducitur
2108 515 2137 555 a
2169 499 2378 555 duobus
2405 497 2719 553 diaconibus
2743 492 3009 567 prJBdIélls
3031 497 3095 552 ad
3119 512 3388 555 cameram

137 605 357 659 ordinent
392 599 643 670 prioratis
691 596 1022 667 singulorum
1052 595 1102 648 in
1136 600 1276 647 statu
1318 593 1370 645 itt
1423 606 1531 661 quo
1574 599 1700 643 sunt

135 696 503 753 cardinalatus.
539 692 670 745 Nam
703 691 909 758 priores
941 689 1111 756 primo
1142 688 1192 739 in
1242 698 1424 738 mensa
1475 682 1699 746 sedent;

132 764 322 854 etpost
372 798 585 839 mensas
617 780 968 836 cardinalium
1010 789 1165 833 erunt
1215 791 1413 831 mensa:
1466 775 1702 829 omnium

134 883 346 936 aliorum
394 878 733 946 prmlatorum
768 885 821 930 et
870 873 1148 927 nobilium.
1187 872 1251 924 [th
1294 869 1512 923 attende
1564 867 1704 937 quod

134 988 265 1043 papa
316 970 474 1025 stabit
508 969 633 1022 dum
676 965 929 1028 comedit,
979 964 1057 1016 sic
1100 970 1337 1030 paratus,
1398 969 1452 1013 ut
1504 959 1705 1013 dictum

132 1077 233 1130 est,
261 1064 463 1118 scilicet
509 1073 680 1126 usque
707 1057 770 1110 ad
803 1053 1143 1109 dalmaticam
1192 1050 1468 1114 inclusive,
1505 1049 1709 1103 habens

131 1164 365 1208 montum
400 1150 625 1205 rubentn
652 1147 814 1217 360
841 1145 907 1199 ad.
936 1143 1210 1212 scapulas,
1244 1140 1491 1194 iunonem
1521 1139 1575 1193 itt
1616 1152 1708 1193 ca-

131 1246 262 1313 pite,
293 1252 345 1298 et
371 1242 583 1296 mitram
623 1237 1007 1306 aurii'rigiatam
1039 1249 1199 1302 super
1230 1232 1502 1296 fanonem,
1529 1240 1580 1285 et
1611 1245 1706 1282 an-

126 1336 308 1389 nulum
341 1332 637 1401 pretiosum
663 1344 765 1382 non
801 1328 1158 1390 pontificalem
1206 1322 1258 1377 in
1288 1322 1474 1391 digito,
1504 1330 1558 1375 et
1587 1336 1711 1375 san-

126 1425 270 1481 dalia
321 1425 372 1479 in
408 1422 651 1491 pedibus.
693 1419 1003 1473 Cardiualcs
1052 1432 1180 1470 vero
1228 1429 1436 1479 omnes,
1471 1423 1577 1467 tam
1612 1426 1713 1466 sa:-

123 1516 337 1573 cuiares
366 1530 529 1582 quam
581 1512 837 1580 religiosi,
896 1509 1170 1562 habebunt
1206 1516 1375 1563 cottas
1428 1520 1570 1559 cum.
1592 1544 1606 1559 .

122 1611 247 1665 sine
271 1607 506 1664 camiaiis
533 1607 671 1660 albis
698 1614 749 1659 et
783 1604 956 1658 mitris
984 1601 1323 1671 simplicibus
1370 1599 1439 1655 de
1468 1599 1713 1669 garttello

123 1700 183 1754 itt
232 1702 427 1768 capite,
461 1708 515 1752 et
565 1697 834 1751 mantellis
879 1696 945 1749 ad
997 1694 1271 1763 scapulas;
1306 1693 1398 1747 sed
1426 1694 1714 1748 saecularcs

126 1791 405 1846 habebunt
446 1790 760 1844 mantellum
796 1789 862 1844 de
900 1790 1149 1842 brunetto
1178 1801 1428 1850 rosaceo;
1476 1784 1711 1853 religiosi

1807 591 1892 645 vel
1938 592 2321 645 anticameram
2365 603 2539 658 suam,
2573 590 2751 660 ibique
2796 590 2948 645 sedet
2976 590 3027 643 in
3086 592 3386 647 faldistorio

1807 702 1928 739 cum
1970 686 2329 740 cardinalibus
2363 694 2563 739 tantum
2614 684 2863 738 fratribus
2890 684 3021 751 suis,
3071 684 3185 752 ipso
3215 696 3268 742 et
3309 687 3389 743 eis

1809 779 2009 848 paratis
2058 786 2115 832 ιιι
2169 779 2379 834 inerant
2438 778 2489 833 in
2551 792 2755 834 mensa.
2786 776 3186 847 Conseqncnter
3224 779 3393 834 sacris

1809 883 2004 926 exutus
2044 872 2303 938 vestibus,
2355 871 2680 926 discalciatis
2730 869 3021 939 sandaliis,
3077 872 3385 941 requiescit.

1810 962 2124 1016 Cardinales
2157 978 2285 1017 vero
2334 970 2388 1015 et
2431 962 2523 1015 alii
2557 961 2762 1031 pra-lati
2813 964 3037 1019 redeunt
3068 963 3131 1015 ad
3166 961 3393 1031 hospitia

1811 1069 1906 1107 sua
1933 1058 2101 1122 putati
2124 1068 2243 1107 cunt
2269 1054 2442 1106 mitris
2473 1062 2521 1106 ⁸.
2544 1095 2558 1108 .
2582 1094 2593 1107 .
2616 1092 2628 1105 .
2649 1094 2663 1109 .
2696 1058 2835 1111 sicut
2859 1058 2911 1109 in
2933 1054 3260 1109 comestione
3291 1063 3398 1106 ste-

1816 1155 2021 1199 terunt.
2061 1146 2469 1199 Metnorandum
2502 1146 2641 1213 quod
2674 1161 2862 1201 omnes
2891 1146 3152 1213 capellatti
3194 1144 3395 1199 domini

1812 1251 1964 1306 papa:
2007 1236 2398 1290 commensales
2430 1246 2484 1289 et
2528 1252 2631 1289 non
2672 1239 3063 1291 commensales
3094 1238 3288 1290 debent
3334 1250 3399 1289 eo

1814 1329 1901 1384 die
1930 1328 2211 1383 comedere
2236 1343 2357 1381 cum
2388 1328 2605 1382 dotnino
2633 1330 2931 1383 camerario
2960 1327 3254 1393 splendide.

1888 1421 2017 1474 Item
2060 1417 2355 1472 notandum
2400 1418 2541 1487 quod
2572 1417 2839 1487 nunq'nam
2881 1418 3059 1488 aliqua
3092 1417 3283 1472 mulier
3312 1431 3402 1471 co-

1818 1513 1981 1568 medit
2013 1514 2063 1566 in
2097 1512 2378 1581 prtesentia
2410 1512 2633 1565 Romani
2665 1512 2957 1580 pontiﬁcis,
2992 1510 3201 1564 etiamsi
3254 1517 3399 1563 esset

1816 1605 2152 1677 intperatrix,
2186 1605 2267 1658 vel
2301 1606 2510 1673 regina.
2544 1606 2615 1658 Ita
2642 1604 2844 1659 exstitit
2880 1604 3221 1658 observatum
3263 1613 3405 1661 tem—

1820 1716 1946 1770 pore
1978 1699 2182 1753 domini
2207 1696 2501 1751 Clementis
2535 1697 2595 1762 V,
2629 1695 2831 1751 domini
2854 1695 3073 1750 Joannis
3106 1695 3274 1759 XXII,
3310 1694 3406 1749 do-

1818 1793 1946 1846 mini
1978 1791 2246 1845 Benedicti
2280 1789 2400 1855 xu,
2437 1776 2970 1843 dontiui’CIementis
2996 1788 3084 1853 VI,
3109 1796 3165 1843 et
3201 1786 3406 1841 domini

120 1891 305 1938 autem
358 1882 628 1936 habebunt
677 1881 993 1935 mantellum
1026 1878 1222 1933 coloris
1252 1892 1364 1931 suae
1405 1876 1708 1946 religionis;
1744 1862 1789 1925 Β
1817 1883 2119 1939 Innocentis
2147 1882 2210 1937 Vl
2233 1925 2248 1949 ,
2276 1897 2374 1937 nec
2400 1882 2498 1936 fuit
2524 1882 2759 1936 auditum
2785 1881 2923 1951 quod
2947 1882 3126 1952 aliqua
3160 1889 3405 1948 tempore

121 1985 182 2032 et
212 1975 283 2029 ita
309 1977 479 2043 parati
508 1972 814 2038 comedent,
845 1984 900 2026 et
942 1972 1031 2024 alii
1063 1984 1253 2024 omnes
1283 1968 1488 2038 praelati
1520 1966 1711 2020 simili—

121 2076 233 2133 ter,
262 2067 399 2121 facta
441 2075 616 2118 tamen
650 2066 789 2119 inter
819 2079 913 2118 eos
943 2062 1290 2117 distinctione
1338 2060 1405 2115 de
1433 2058 1709 2113 saeculari-

118 2166 227 2220 bus
252 2172 307 2220 et
337 2162 599 2232 religiosis
629 2161 800 2229 quoad
830 2160 1111 2215 mantellos
1140 2159 1194 2213 in
1218 2156 1431 2223 colore,
1474 2156 1611 2210 sicut
1637 2154 1717 2208 di-

119 2267 271 2314 ctum
300 2263 383 2313 est
415 2258 465 2310 in
492 2255 876 2310 cardinalibus.

274 2367 605 2423 LXXXVIII.
656 2367 729 2420 De
780 2365 1105 2419 sere‘itorious
1156 2377 1344 2417 meum
1386 2374 1555 2431 papte.

200 2482 392 2537 Coram
428 2495 561 2548 papa
612 2480 853 2534 serviunt
886 2478 1006 2532 IiIICI
1052 2474 1286 2545 majores
1319 2483 1444 2528 natu
1476 2481 1530 2527 et
1559 2471 1715 2527 nobio

120 2572 318 2634 liores,
352 2570 439 2639 qui
487 2578 783 2640 praesentes
814 2579 995 2633 erunt,
1047 2567 1342 2622 secundum
1389 2565 1562 2619 ofﬁcia
1613 2563 1719 2619 illis

124 2662 413 2717 distributa
472 2678 564 2730 per
616 2661 931 2731 magisttum
1004 2657 1241 2726 hospitii.
1302 2655 1606 2710 Notandum
1649 2663 1724 2707 ta-

124 2770 257 2810 men
286 2754 425 2823 quod
472 2756 522 2808 in
557 2769 737 2807 mcnSa
768 2753 1001 2821 primum
1059 2752 1321 2807 ferculum
1351 2752 1501 2821 ponit
1534 2763 1717 2805 coram

127 2861 271 2913 papa
301 2846 490 2912 aliquis
521 2845 588 2897 de.
631 2842 1016 2912 principalibus
1064 2842 1367 2907 nobilibus,
1399 2841 1608 2897 etiamsi
1634 2856 1723 2896 es-

126 2948 217 2991 set
262 2952 385 3003 rex;
413 2952 514 3005 quo
540 2937 735 3004 posito,
759 2936 803 2989 si
834 2952 927 2991 rex
971 2936 1127 3001 foret,
1166 2936 1307 2990 vadit
1332 2936 1396 2990 ad
1428 2934 1721 2991 sedendum

128 3030 189 3082 in
217 3042 397 3082 mensa
430 3044 457 3080 a
486 3028 716 3082 sinistris
742 3028 884 3083 inter
916 3028 1120 3098 primos
1147 3028 1279 3082 duos
1320 3027 1576 3081 diaconos
1602 3042 1723 3081 car-

125 3120 373 3187 dinales;
407 3130 459 3175 et
481 3123 558 3176 sic
584 3120 813 3176 faciebat
850 3121 1102 3176 dominus
1130 3121 1355 3176 Carolus
1388 3120 1587 3189 primus
1628 3135 1719 3174 rex

1819 1978 1985 2031 fuerit
2038 1976 2232 2029 factum
2284 1976 2634 2033 con'rarium.
2672 1983 2728 2029 et
2770 1984 3016 2044 tempore
3056 1974 3257 2030 domini
3307 1972 3407 2029 Uro

1819 2066 1940 2121 batti
1974 2065 2261 2131 V,domini
2294 2066 2532 2136 Gregorii
2560 2064 2675 2132 XII,
2710 2074 2799 2118 aut
2833 2062 3029 2118 Urbani
3056 2063 3149 2118 Vl.

1893 2158 2194 2214 Notandum
2227 2159 2369 2228 quod
2417 2160 2463 2213 si
2508 2173 2641 2228 papa
2696 2173 2800 2212 non
2862 2158 3117 2212 conﬁciat
3162 2167 3406 2213 sanctum

1819 2250 2217 2333 Chl‘lSlnn,.ll0n
2240 2250 2440 2305 habent
2472 2250 2645 2304 locum
2668 2249 2939 2319 praedicta:
2974 2250 3333 2305 caeremoniaz.

1893 2365 2023 2419 Item
2055 2364 2100 2419 si
2147 2363 2450 2418 cardinales
2482 2378 2588 2417 non
2615 2363 2898 2418 comedant
2934 2377 3056 2417 cum
3099 2363 3215 2430 ipso
3247 2377 3405 2434 papa,

1822 2472 1926 2511 non
1957 2456 2157 2512 habent
2185 2457 2360 2512 locum
2381 2456 2674 2526 ,praedictaa
2702 2456 3091 2511 solemnitatcs.

1994 2569 2101 2624 XC.
2148 2569 2444 2624 Benedictio
2481 2584 2667 2623 mensa:
2698 2568 2749 2621 in
2791 2567 2945 2623 Carna
2984 2566 3214 2621 Domini.

1897 2687 1952 2741 ιιι
2004 2688 2170 2741 Cinna
2205 2686 2412 2740 Domini
2458 2686 2523 2740 ad
2571 2683 2995 2741 benedicendum
3047 2695 3289 2736 mensam
3328 2681 3412 2734 di-

1822 2779 1961 2833 citur
2014 2776 2261 2832 absolute
2308 2778 2425 2831 sine
2478 2786 2603 2831 nota
2663 2790 2806 2830 vers.
2857 2774 3087 2828 Christus
3126 2774 3295 2842 factus
3341 2780 3413 2825 est

1824 2885 1917 2937 pro
1940 2869 2083 2923 nobis
2113 2869 2350 2923 obedietts
2379 2884 2538 2939 usque
2578 2867 2645 2921 ad
2695 2875 2929 2921 mortem.
2964 2864 3166 2933 Deinde
3213 2863 3408 2917 iutme-

1823 2958 1967 3015 diate
2013 2959 2209 3014 dicitur
2264 2958 2421 3012 Pater
2467 2970 2638 3012 noster
2683 2965 2928 3013 secreto:
2977 2971 3084 3025 quo
3121 2954 3411 3023 completo,

1823 3049 1940 3105 sine
1971 3048 2403 3119 pronuntiatione
2422 3049 2599 3117 aliqua
2628 3047 2878 3101 dominus
2902 3059 3037 3113 papa
3067 3044 3241 3112 signat
3265 3057 3413 3096 tuen-

1824 3158 1939 3199 sam
1970 3153 2074 3197 tam
2099 3159 2249 3197 suam
2280 3158 2437 3211 quam
2469 3142 2622 3195 alias.
2653 3140 2760 3195 Nec
2787 3139 2940 3202 lube,
2961 3138 3167 3202 domne,
3196 3135 3415 3201 dicitur,

127 3210 356 3280 Sicinm’
398 3222 451 3265 ⁸³
497 3212 883 3268 descendemes
917 3213 982 3268 ab
1012 3228 1078 3267 ⁸ο
1118 3227 1302 3303 rcges,
1336 3213 1567 3266 ma‘ime
1596 3211 1718 3303 quia
1748 3234 1795 3296 C
1830 3250 1929 3290 nec
1955 3232 2035 3289 Tu
2062 3248 2252 3302 autem,
2284 3210 2524 3290 Domine.
2544 3235 2600 3290 In
2628 3234 2731 3289 ﬁne
2760 3232 2967 3303 prandii
2998 3230 3255 3301 repetitur
3285 3229 3417 3285 Ver-

127 3303 429 3369 intperator
474 3303 1125 3371 Constantinopolitanus,
1159 3302 1246 3372 qui
1293 3312 1418 3357 tunc
1467 3298 1723 3369 temporis

125 3403 250 3446 erat
298 3393 348 3446 in
376 3396 546 3458 curia,
573 3410 627 3448 et
664 3394 884 3449 sedebat
907 3410 936 3447 a
968 3393 1171 3447 dextris
1203 3394 1340 3447 inter
1360 3392 1494 3446 duos
1523 3391 1724 3460 primos

127 3485 357 3552 cpiscop
382 3499 422 3537 ~s
451 3483 773 3549 cardinales,
802 3484 889 3552 qui
924 3484 1151 3555 primum
1182 3484 1427 3539 fortassis
1468 3483 1722 3538 ferculum

124 3584 388 3644 posuerat
417 3589 584 3642 papae,
616 3576 902 3628 secundum
926 3590 1054 3629 vero
1081 3590 1172 3629 rex
1194 3574 1409 3629 Siciliae.
1442 3574 1539 3628 Alii
1563 3574 1723 3629 etiam

123 3667 349 3721 nobiles
390 3665 643 3734 majores,
666 3666 875 3720 etiamsi
908 3675 1089 3721 essent
1116 3665 1207 3719 (illi
1238 3667 1617 3733 imperatorum
1641 3665 1725 3720 vel

119 3773 351 3828 regum,
397 3757 636 3811 serviunt
678 3772 827 3827 papae
859 3758 912 3810 in
954 3772 1173 3820 mensa,
1217 3772 1355 3811 unus
1380 3755 1629 3809 videlicet
1657 3754 1728 3810 de

122 3867 301 3921 cupa,
329 3850 466 3904 alius
508 3851 574 3904 de
602 3849 823 3905 cultello
866 3850 931 3904 ad
981 3848 1343 3905 incidendum.
1397 3847 1499 3901 Alii
1549 3853 1726 3900 astant

119 3942 476 4007 comedenti;
530 3941 617 3996 alii
678 3950 976 4012 sequuntur
1032 3940 1272 4005 fercula,
1338 3946 1618 4010 portantes
1674 3947 1730 3993 et

124 4036 241 4103 ipsi
278 4033 525 4090 incisoria
583 4048 755 4104 papa,
789 4042 844 4090 et
888 4032 1211 4095 cardinales,
1233 4040 1392 4105 prout
1423 4030 1726 4084 ordinatum

119 4126 260 4180 erit.

206 4212 501 4269 LXXXIX.
536 4214 613 4267 De
638 4213 869 4336 secantis
895 4214 1085 4296 lotione
1123 4228 1364 4267 manuum
1412 4211 1463 4265 in
1506 4210 1659 4266 Coena

875 4300 1053 4336 onum.

875 4300 1053 4337 omtm.

207 4375 563 4430 Comestione
584 4383 817 4443 sumpta,
837 4389 967 4444 papa
990 4374 1132 4429 lavat
1154 4388 1363 4437 manus,
1383 4373 1734 4428 ministranti-

124 4471 247 4524 hus
270 4469 369 4524 sibi
389 4470 641 4538 episcOpo
660 4480 712 4524 et
729 4470 935 4525 duobus
962 4469 1276 4525 diaconibus
1298 4470 1655 4526 cardinalibus
1674 4482 1732 4527 ut

119 4563 295 4633 prius
326 4580 339 4616 :
371 4562 460 4631 qtti
490 4573 598 4617 tres
617 4562 1240 4631 cardinales,resumptis
1265 4562 1530 4615 mantellis
1553 4572 1607 4616 et
1627 4562 1731 4616 mi-

124 4654 241 4707 tris
262 4653 375 4705 suis
403 4652 625 4707 redeunt
650 4653 841 4708 sedere
870 4668 989 4706 cum
1014 4652 1129 4706 aliis
1152 4651 1512 4707 cardittalibus
1535 4652 1587 4706 in
1620 4655 1731 4708 suis

121 4745 371 4799 mensis.
404 4743 553 4798 Tunc
582 4752 685 4797 tam
716 4743 908 4811 singuli
935 4744 1194 4812 ipsorum,
1226 4743 1521 4812 etquilibet
1552 4744 1729 4797 cardi-

118 4836 301 4900 nalis,
323 4846 373 4889 et
396 4836 759 4904 unusquisque
784 4835 1035 4889 similiter
1063 4836 1302 4890 sedendo
1324 4835 1521 4890 Iuvabit
1545 4851 1731 4888 manus

120 4940 295 4988 suas,
344 4926 615 4979 serviente
658 4925 913 4980 fundente
952 4942 1145 4993 aquam
1194 4927 1452 4981 cardinali
1509 4927 1727 4980 lavanti.

116 5018 462 5071 Cardinales
494 5028 672 5073 autem
704 5020 790 5088 qtti
834 5017 1091 5072 assistunt
1115 5058 1129 5081 ,
1183 5028 1394 5073 teneant
1427 5019 1689 5072 toltaleam
1712 5057 1726 5081 ,

118 5108 303 5177 361
341 5125 476 5163 unus
508 5124 570 5163 ex
615 5125 715 5162 una
763 5119 910 5171 parte
956 5109 1204 5173 lavanlis,
1254 5110 1386 5163 alius
1418 5126 1483 5165 ex
1518 5110 1729 5173 altera;

126 5210 193 5253 et
230 5199 314 5253 sic
346 5200 445 5253 sibi
479 5201 707 5253 invicem
755 5211 937 5253 mutuo
976 5202 1231 5253 serviant.
1263 5200 1463 5267 Quibus
1486 5199 1735 5253 omnibus

117 5291 288 5354 lotis,
314 5292 508 5345 dantur
538 5292 746 5359 species
774 5302 824 5344 et
861 5293 1063 5344 vinum.
1099 5292 1151 5345 lu
1186 5292 1289 5344 line
1330 5292 1546 5345 remotis
1575 5304 1735 5343 men-

118 5399 239 5449 srs,
274 5385 446 5453 surgit
499 5386 745 5439 dominus
781 5401 936 5453 papa,
970 5394 1023 5437 et
1072 5399 1287 5445 omnes;
1333 5394 1385 5437 et
1418 5383 1532 5451 ipso
1560 5391 1735 5435 stante

116 5493 308 5543 super
337 5478 629 5531 scabellum
672 5492 860 5542 suum,
912 5477 1341 5531 ministrantibus
1386 5476 1484 5528 sibi
1525 5473 1731 5526 duobus

117 5568 466 5623 diaconibus
532 5577 586 5621 ct
652 5569 942 5636 episcopo,
1007 5567 1369 5621 cardinalibus
1439 5564 1733 5619 redduntur

123 5659 335 5724 gratia:
383 5668 436 5711 ut
467 5658 599 5712 infra
631 5662 891 5728 sequitur.
935 5659 1041 5711 Illis
1084 5671 1259 5711 autem
1297 5656 1551 5718 redditis,
1599 5666 1731 5721 papa

212 5810 240 5836 ³
274 5801 431 5866 Αιιιιςι
494 5801 705 5857 I‘etrutn
757 5801 946 5858 Amclii
1008 5801 1263 5855 additur:

1827 3350 1919 3392 sus
1949 3334 2184 3391 Christus
2214 3332 2378 3402 [actus
2407 3340 2501 3395 est,
2535 3338 2665 3393 ctc.,
2701 3336 2759 3383 ut
2783 3340 2964 3394 supra.
2994 3325 3186 3380 Postea
3212 3323 3403 3379 imme-

1827 3426 1972 3481 diate
2002 3423 2198 3479 dicitur
2229 3419 2354 3474 hinc
2396 3418 2523 3475 inde
2554 3419 2798 3474 Psalmus
2827 3417 3071 3472 Miserae
3098 3433 3226 3485 met,
3261 3416 3417 3483 Deus,

1827 3519 1942 3572 sine
1961 3516 2140 3572 Gloria
2166 3512 2345 3576 Patri;
2372 3512 2557 3581 postea
2586 3521 2796 3566 secreto
2814 3509 3010 3564 dicitur
3043 3507 3204 3563 Pater
3223 3516 3418 3573 noster;

1829 3625 1935 3681 quo
1963 3610 2130 3675 ﬁnito,
2164 3608 2297 3663 dicit
2338 3620 2475 3675 papa
2524 3604 2771 3660 absolute
2818 3603 3129 3658 Orationem
3163 3600 3413 3669 Respice,

1828 3717 2147 3773 quaesumus,
2177 3698 2415 3760 Domine,
2431 3714 2585 3765 super
2612 3698 2744 3750 hunc
2767 3695 3042 3764 familiam,
3076 3702 3207 3758 etc.,
3232 3700 3286 3747 et
3314 3704 3419 3745 non

1832 3793 2223 3862 pronuntiatur.
2254 3789 2414 3860 362
2440 3788 2542 3853 Qui
2566 3798 2753 3852 tecum,
2780 3802 2880 3843 nec
2913 3785 3177 3841 Fideiium
3206 3784 3417 3850 animat,

1830 3882 1926 3938 sed
1963 3882 2165 3935 solum
2193 3880 2309 3934 sine
2354 3881 2528 3949 aliqua
2575 3880 2967 3948 permutatione
3006 3879 3253 3933 dominus
3285 3890 3420 3946 papa

1833 3972 2009 4042 signat
2041 3986 2101 4027 se
2126 3980 2180 4027 et
2206 3983 2392 4025 omnes
2419 3970 2637 4025 devote.
2672 3970 2820 4024 Tunc
2850 3979 3122 4035 resumpto
3154 3969 3345 4022 Ianone
3366 3975 3422 4022 et

1832 4064 1992 4120 tnitra
2023 4076 2186 4131 super
2234 4072 2395 4130 caput
2421 4075 2541 4116 cum
2574 4068 2753 4114 manto
2798 4058 2865 4112 ad
2915 4058 3185 4126 scapulas.
3210 4055 3421 4111 reduci-

1835 4162 1943 4222 tur,
1977 4162 2032 4209 ut
2057 4154 2262 4208 dictum
2292 4160 2398 4216 est,
2429 4166 2459 4205 a
2488 4151 2700 4206 duobus
2725 4149 3037 4205 diaconibus
3058 4148 3421 4205 cardinalibus

1831 4250 1901 4305 ad
1929 4262 2197 4305 cameram
2223 4247 2307 4302 vel
2339 4245 2723 4301 anticanteram
2756 4259 2931 4301 suam.

1835 4360 1970 4418 XCI.
2000 4360 2130 4414 Item
2160 4360 2223 4413 de
2264 4358 2505 4413 mandato
2533 4367 2581 4411 et
2621 4358 2738 4411 aliis
2754 4355 3079 4427 supradictis
3099 4400 3113 4424 ,
3138 4370 3280 4427 papa
3326 4369 3425 4407 non

2360 4430 2609 4484 existente
2644 4428 2701 4483 in
2748 4425 2905 4482 Urbe.

1909 4545 2057 4600 Dicta
2087 4545 2272 4600 ultima
2294 4544 2548 4600 Oratione
2571 4560 2664 4614 per
2695 4540 2971 4598 dominum
2998 4552 3212 4610 papam,
3244 4545 3299 4592 et
3346 4535 3427 4588 Ite

1840 4637 2005 4693 Missa
2029 4648 2103 4693 est
2136 4652 2231 4707 per
2259 4638 2566 4703 diaconum,
2598 4646 2652 4692 et
2682 4635 2763 4693 Sit
2807 4648 2993 4688 nomen
3038 4630 3243 4685 Domini
3274 4629 3427 4681 bene—

1840 4732 2058 4797 dictum,
2083 4737 2141 4784 ut
2163 4729 2327 4784 moris
2351 4740 2456 4792 est,
2479 4729 2730 4783 dominus
2749 4741 2907 4797 papa,
2936 4724 3151 4779 indutus
3175 4719 3425 4776 omnibus

1841 4820 2188 4893 paramentis,
2233 4821 2373 4875 sicut
2427 4820 2736 4883 celebravit,
2795 4819 2943 4872 vadit
2997 4832 3119 4870 cunt
3172 4811 3422 4869 omnibus

1841 4915 2227 4977 cardinalibus,
2255 4914 2543 4983 episcopis,
2578 4911 2906 4983 presbyteris
2926 4904 3309 4964 etdiaconibus
3338 4916 3426 4955 se-

1839 5009 2071 5063 cundum
2117 5006 2359 5060 ordinent
2394 5021 2549 5059 suum
2586 5004 2650 5058 ad
2694 5004 2922 5071 aliquem
2955 5000 3126 5053 locum
3161 5007 3429 5065 praepara-

1844 5111 1977 5164 tum,
2012 5108 2069 5153 ut
2094 5099 2252 5153 faciat
2288 5098 2359 5153 ibi
2400 5097 2725 5151 Mandatum.
2763 5095 3024 5149 ltesidens
3046 5094 3222 5162 itaque
3248 5092 3299 5145 in
3326 5088 3428 5141 fal-

1838 5192 2105 5258 disturio,
2159 5188 2401 5258 deposita
2451 5188 2658 5257 planeta
2713 5202 2767 5241 et
2811 5187 3009 5256 pallio,
3042 5193 3096 5239 et
3150 5188 3429 5247 assumpto

1841 5292 2021 5336 tnanto
2054 5282 2105 5334 in
2135 5281 2388 5350 scapulis,
2420 5288 2613 5335 tenens
2642 5280 2891 5332 fanonem
2924 5278 2974 5330 itt
2998 5274 3171 5344 capite
3190 5283 3242 5326 et
3268 5282 3429 5338 super

1840 5375 2011 5445 ipsum
2046 5373 2280 5438 mitram,
2305 5373 2621 5439 praecinctus
2648 5370 2833 5433 linteo,
2851 5383 2956 5440 quo
2983 5381 3121 5420 unus
3146 5365 3428 5425 diaconus,

1841 5466 1929 5532 qui
1959 5464 2005 5518 ei
2031 5463 2217 5527 servit,
2255 5478 2444 5531 papam
2479 5462 2773 5532 praecingit,
2800 5459 3047 5516 braceola
3074 5457 3139 5512 ad
3188 5458 3288 5511 hoc
3321 5467 3417 5522 pa-

1843 5566 1959 5610 rata
2016 5556 2217 5610 habens
2249 5558 2297 5610 in
2334 5555 2585 5618 brachiis,
2637 5554 2807 5623 posita
2841 5552 3044 5608 concha
3080 5564 3173 5620 per
3204 5545 3426 5603 cubicu-

1842 5646 2004 5701 larios
2034 5654 2156 5698 ante
2185 5661 2326 5711 eum,
2358 5647 2497 5700 lavat
2539 5646 2699 5715 pedes
2740 5644 3020 5701 duodecim
3072 5634 3385 5696 diaconibus
3407 5675 3419 5698 ν

1312 5815 1490 5867 eques,
1526 5806 1688 5850 (auten
1728 5796 1871 5865 cquis
1898 5811 1997 5848 non
2025 5796 2244 5863 paratis,
2282 5794 2368 5846 scd
2398 5790 2669 5859 coopertis.
