4006 6354
563 425 692 478 1211
1230 416 1569 472 ΑΡΡΕΜᾺΧ
1611 416 1699 469 AD
1739 416 1796 470 S.
1839 411 2142 470 CRECORI

2296 412 2423 470 .GNI
2465 410 2831 467 LITURGICA
2874 413 3126 469 OI'EltA.
3736 417 3878 470 iii!

559 536 956 606 velcapellanis
988 535 1036 585 in
1068 528 1926 596 defcctumipsoruminsuis...et
1954 526 2134 588 cultis,
2163 526 2214 583 Λ
2240 534 2417 589 caute,
2471 539 2657 577 omnes
2705 535 2831 577 sunt
2889 526 3078 593 parati,
3131 533 3236 578 tam
3287 523 3626 591 cardinales,
3701 546 3872 596 quam

563 630 652 700 qui
699 625 868 696 parati
910 621 1178 676 tunicellis
1217 629 1269 674 t-t
1318 619 1613 672 discalciati
1645 618 1840 672 debent
1872 617 1925 670 itt
1959 618 2137 684 aliquo
2247 616 2471 680 pra-lati,
2506 618 2556 668 in
2587 616 2744 681 albis,
2776 617 2968 685 singuli
3016 617 3065 670 in
3114 633 3213 672 suo
3255 618 3473 683 habitu;
3527 619 3774 673 diaconi
3823 623 3873 674 in

560 721 682 775 loco
722 725 969 785 separato
1015 723 1345 781 cx5pectare.
1370 711 1520 764 Tunc
1543 710 1647 764 duo
1677 708 1881 764 ostiarii
1915 710 1990 762 vel
2025 722 2140 760 ser-
2242 705 2540 759 dalmaticis
2569 716 2623 759 et
2655 708 2942 771 tunicellis,
2989 711 3283 777 presbyteri
3329 713 3380 764 itt
3424 712 3699 778 plant-tis,
3756 715 3872 779 epi-

563 813 772 864 vientes
820 806 1090 873 accipiunt
1132 804 1362 872 priorem
1409 801 1620 855 illorum
1653 800 2134 866 subdiaconorum,
2242 796 2386 864 seopi
2423 801 2472 850 in
2507 798 2843 866 pluvialibus,
2886 801 3145 868 capi-[lani
3177 802 3225 852 in
3257 803 3423 856 scutis
3467 812 3523 856 et
3555 813 3720 856 eotta
3771 819 3869 859 seu

555 909 610 956 et
634 909 844 969 portant
876 908 1000 952 ante
1043 896 1370 965 pontiﬁcem,
1403 907 1456 948 et
1499 895 1578 949 sic
1606 893 1671 947 de
1701 892 1948 961 singulis.
1982 891 2138 945 Sum-
2240 889 2648 957 superpelliceo.
2694 889 3016 944 Subdiaconi
3049 892 3246 945 domini
3281 907 3432 961 papa:
3469 904 3713 962 possunt
3739 911 3864 952 esse

557 1006 669 1046 mus
703 991 942 1060 pontifex
993 1002 1112 1042 cum
1158 1001 1292 1054 aqua
1348 985 1518 1040 calida
1555 986 1694 1038 lavat
1740 984 1904 1054 pedes
1951 998 2138 1036 eorum
2240 979 2292 1035 in
2325 980 2610 1046 tunicellis,
2643 983 2734 1052 qui
2761 999 2823 1038 ea
2853 985 2936 1037 die
2965 985 3224 1039 deberent
3247 1001 3369 1040 es-e
3395 986 3724 1042 duodecim.

555 1086 897 1155 singulariter
932 1090 1290 1152 portatorum,
1323 1091 1373 1135 et
1401 1079 1558 1148 tergit
1589 1079 1772 1143 linteo,
1805 1084 1859 1131 et
1909 1077 2137 1131 deoscu-
2310 1073 2364 1127 Si
2410 1088 2538 1127 vero
2565 1074 2755 1142 aliquis
2783 1077 3086 1144 cpiscopus,
3119 1077 3202 1130 vel
3237 1077 3527 1145 presbyter
3553 1079 3858 1132 eardinalis

557 1178 698 1231 latur
726 1176 890 1244 pedes
939 1190 1150 1237 eormn,
1183 1185 1234 1226 et
1268 1173 1358 1226 dat
1390 1171 1612 1241 singulis
1643 1170 1776 1223 duos
1807 1168 2008 1224 solidos
2046 1169 2140 1224 de-
2239 1166 2708 1233 sertnoeiuaretur,
2757 1170 2867 1237 ipse
2898 1171 3193 1238 prtcdieans
3235 1172 3401 1224 debet
3427 1185 3552 1223 esse
3582 1180 3853 1238 paratus;

557 1266 855 1321 uariorum.
895 1265 1106 1319 Interim
1159 1276 1407 1318 ean'ores
1459 1270 1676 1316 cantant
1725 1259 2029 1342 Vpsperas,
2085 1268 2135 1316 et
2239 1257 2332 1311 scd
2358 1257 2446 1311 alii
2473 1259 2772 1313 cardinales
2793 1269 2842 1314 et
2868 1261 3072 1327 prtelati
3099 1271 3320 1329 possunt
3343 1261 3569 1314 dill'erre
3604 1261 3857 1330 recipere

556 1359 761 1427 capella
797 1371 980 1412 coram
1021 1371 1156 1425 papa
1203 1371 1323 1408 cum
1358 1364 1505 1410 uota.
1557 1352 1797 1407 Pontifex
1833 1368 1961 1408 vero
2012 1353 2139 1408 dicit
2241 1358 2576 1416 parameuta.
2634 1365 2914 1419 quousque
2973 1352 3298 1417 incipiantur
3364 1352 3672 1405 Procesms
3702 1394 3717 1416 ,
3773 1355 3853 1407 vel

556 1448 866 1503 Orationem
903 1447 1135 1515 Ιῖεερὶεε,
1168 1462 1494 1514 quaesumus,
1546 1445 1793 1510 Domine,
1825 1446 1941 1499 sine
1987 1455 2134 1498 nota.
2237 1442 3854 1514 quousquediaconuscardinalisipsosincipiatvulgarizare.

557 1540 651 1594 llis
674 1539 920 1608 peractis,
950 1553 1191 1591 summus
1215 1537 1446 1605 pontifex
1480 1535 1866 1604 prrshyterium
1890 1536 2132 1604 largitur,
2309 1534 2472 1604 364,
2499 1536 2600 1589 Sed
2627 1537 2676 1588 in
2702 1550 2914 1589 omnem
2944 1545 3194 1589 eventum
3219 1537 3326 1590 duo
3350 1535 3591 1600 diaconi,
3629 1537 3721 1604 qui
3752 1537 3850 1589 mi-

555 1641 612 1687 et
641 1631 783 1683 vadit
809 1631 878 1684 ad
911 1644 1171 1693 mensam,
1219 1638 1274 1682 ιιι
1305 1643 1460 1695 supra
1494 1629 1752 1683 seriosius
1798 1628 1998 1681 dictum
2032 1638 2134 1682 est.
2238 1624 2469 1680 nistrant
2493 1627 2710 1681 domino
2735 1641 2907 1696 papae,
2932 1637 2986 1682 et
3013 1627 3102 1682 ille
3133 1628 3394 1682 diaconus
3422 1629 3514 1694 qui
3545 1628 3709 1681 debet
3733 1627 3848 1680 vul-

629 1723 705 1776 De
734 1721 1114 1775 Benedictione
1162 1721 1265 1774 olei
1297 1722 1652 1787 infirmorum,
1684 1728 1737 1773 ct
1775 1720 1883 1774 olei
1927 1721 2139 1774 cxorci-
2237 1721 2475 1789 garizare
2505 1719 2814 1783 l‘rocessus,
2837 1727 2893 1773 et
2921 1734 3056 1773 unus
3083 1721 3490 1787 episcoporum,
3527 1720 3723 1773 saltem
3754 1721 3846 1788 qui

555 1813 682 1876 zati,
714 1824 768 1867 et
813 1811 1218 1866 consem-atione
1263 1812 1568 1864 chrismatis
1618 1810 1816 1864 dictum
1863 1819 1945 1865 est
1974 1825 2134 1878 supra
2241 1808 2516 1878 praedicat,
2559 1816 2780 1878 possunt
2819 1809 3061 1877 recipere
3103 1819 3442 1878 paratnenta,
3475 1810 3664 1862 statim
3710 1810 3846 1864 facta

559 1906 612 1960 iu
637 1904 815 1959 officio
847 1902 1079 1972 prmium
1116 1902 1260 1957 ferite
1284 1905 1481 1971 quinta:
1507 1902 1688 1958 Ctena:
1719 1903 1950 1957 Domini.
2169 1888 2215 1947 Β
2242 1901 2562 1966 reverentia,
2594 1909 2652 1953 ut
2682 1902 2788 1953 sint
2811 1900 2976 1968 magis
3008 1901 3175 1969 parati
3207 1901 3271 1953 ad
3295 1915 3454 1953 suum
3482 1903 3843 1955 ministerium

559 2017 718 2073 XCII.
771 2018 1001 2084 Qualiter
1046 2027 1091 2071 et
1129 2017 1311 2085 quibus
1351 2015 1529 2087 diebus
1574 2017 1700 2084 ﬁant
1737 2015 2013 2070 Processu:
2052 2031 2137 2087 ge-

1083 2027 1091 2068 t
1129 2017 1311 2085 quibus
1351 2015 1529 2087 diebus
1574 2017 1700 2084 ﬁant
1737 2015 2013 2070 Processu:
2052 2031 2137 2087 ge-
2241 1993 2665 2087 θπξεῖίιυξξιξιιυιης

1238 2086 1457 2140 neralt's.
1574 2081 1583 2084 ⁷
2052 2081 2071 2087 ⁷
2310 2081 2400 2134 Sic
2446 2081 2602 2149 igitur
2647 2081 2746 2135 istc
2792 2082 3071 2136 consuevit
3117 2097 3236 2136 etse
3281 2083 3438 2147 ordo,
3492 2094 3551 2134 ut
3598 2081 3842 2136 dominus

626 2199 916 2252 Processus
944 2212 1171 2265 namque
1193 2197 1493 2265 generales,
1519 2197 1812 2252 secundum
1847 2209 2137 2253 consuetu-

2252 2189 2375 2242 papa
2401 2173 2616 2226 veniens
2647 2177 2713 2226 ad
2746 2175 2920 2226 locum
2945 2173 3320 2240 l—‘roccssuum,
3344 2176 3395 2226 in
3416 2176 3721 2227 taldistorio
3749 2191 3834 2227 se-

557 2289 734 2344 ditioni
766 2289 1115 2357 approbatam
1141 2289 1272 2343 fiunt
1297 2289 1466 2343 tribus
1491 2288 1680 2344 diebus
1707 2289 1760 2344 in
1793 2304 1956 2368 anno,
1987 2291 2137 2346 vide-
2241 2267 2385 2368 de?"
2413 2276 2561 2319 "au"
2593 2266 2658 2319 ad
2689 2266 3074 2368 Γθνθτθηιίίξωῖ
3117 2266 3416 2368 ῧδίιρίθνίδ
3441 2281 3625 2368 Sen"?
3654 2269 3722 2368 ²ξ¹
3752 2283 3840 2337 po’

554 2378 677 2432 licet
706 2377 835 2432 feria
859 2377 1038 2447 quinta
1064 2378 1114 2432 in
1142 2378 1306 2433 (Stena
1335 2378 1779 2445 Domini,itemin
1809 2360 2137 2436 Ksccnsione
2243 2361 2423 2428 νυ¹υ¹¹¹
2473 2375 2566 2429 Per
2622 2374 2846 2429 Papam,
2900 2360 2982 2414 vel
3040 2375 3134 2428 per
3177 2361 3412 2430 aliquem
3468 2361 3835 2428 cardinalem;

557 2470 811 2534 Domini,
857 2470 984 2524 item
1044 2471 1095 2522 in
1167 2469 1512 2526 Dcdicatione
1577 2470 1916 2525 basilicarum
1975 2473 2135 2543 363

2254 2461 2542 2505 revertatur
2563 2451 2812 2504 dominus
2835 2466 2968 2520 papa
2998 2452 3062 2505 ad
3083 2453 3398 2506 strdcndum.
3447 2453 3504 2507 Si
3533 2455 3836 2521 praedicarit

555 2561 918 2628 apostolorum
937 2559 1079 2615 pem
1096 2569 1149 2612 ει
1177 2560 1354 2627 pan“;
1381 2569 1433 2616 et
1459 2561 1726 2631 pradicas
1749 2562 1918 2617 uibus
1949 2541 2136 2618 diebus
2239 2541 2429 2610 aliquis
2449 2542 2777 2610 capellanus,
2805 2542 2886 2596 vel
2911 2544 3108 2611 plures,
3127 2543 3173 2597 si
3193 2544 3297 2597 sint
3319 2545 3498 2612 plures
3522 2545 3834 2611 Processns,

559 2654 693 2707 [ium
723 2654 883 2708 etiam
901 2651 1064 2722 aliqui
1087 2653 1380 2708 processus
1403 2655 1682 2723 specgales’
1715 2665 1872 2725 pro,"
1895 2656 2135 2724 expedit,
2240 2631 2292 2686 in
2321 2641 2466 2725 rcotta
2495 2643 2548 2687 et
2574 2644 2722 2688 scuta
2756 2642 2906 2688 stans
2937 2649 3122 2689 versus
3151 2635 3429 2704 populum,
3463 2637 3572 2691 cito
3598 2649 3653 2693 et
3681 2638 3836 2693 intel-

554 2745 667 2800 sive
688 2753 874 2799 contra
904 2743 1108 2813 aliquas
1137 2745 1546 2800 communitates
1567 2785 1582 2810 ,
1632 2724 1726 2801 vel
1751 2761 2008 2815 personas
2036 2763 2136 2801 ηο-
2243 2724 2514 2794 ligibiliter
2543 2727 2717 2794 legant
2748 2726 3034 2781 l’rocessus
3065 2734 3087 2760 δ
3122 2726 3176 2781 in
3205 2743 3354 2791 vero,
3387 2728 3454 2781 ad
3483 2728 3703 2782 modum
3733 2745 3834 2799 quo

554 2844 769 2908 "biles,
794 2842 1010 2897 etiamsi
1036 2856 1209 2914 reges,
1254 2843 1334 2897 vel
1367 2842 1722 2912 imperamrcs
1760 2851 1972 2906 essent,
2007 2858 2139 2898 εοη,
2241 2817 2492 2886 leguntur
2520 2816 2780 2914 lectiones
2809 2817 2862 2871 in
2891 2818 3142 2872 ecclesia.
3205 2818 3352 2874 Unus
3399 2819 3754 2875 diaconorum
3784 2820 3834 2876 in

554 2945 636 2992 tra
687 2950 822 3006 quos
867 2950 1077 2991 eorum.
1167 2975 1180 2989 .
1198 2974 1212 2989 .
1259 2934 1324 2988 ad
1385 2911 1752 2998 munitionem,
1804 2937 2134 3002 citatiouem,
2241 2912 2563 3006 Para'llénlis
2583 2911 2716 3006 albis
2744 2921 2930 2967 ίθηθηδ
2953 2914 3164 2966 mium“
3190 2913 3242 2966 i“
3265 2915 3442 2981 capue
3464 2929 3653 2969 Versus
3675 2931 3832 2984 P"i'“‘

554 3027 982 3096 suspensionem,
1022 3027 1658 3094 excommunicationem,
1690 3026 2053 3094 interdictum,
2085 3036 2138 3083 et
2240 3003 2371 3070 lu'",
2423 3004 2618 3058 leam“
2672 3004 2985 3058 Ρτθεθδδωη
3032 3021 3124 3073 pe"
3163 3007 3499 3074 capena'm‘"
3547 3007 3740 3060 suum“
3784 3010 3832 3063 ί¹¹

555 3120 931 3189 privationem,
963 3119 1045 3174 vel
1075 3119 1140 3172 ad
1184 3119 1318 3173 alias
1369 3119 1672 3187 spirituales
1721 3130 1775 3175 et
1814 3120 2136 3188 temporales

2249 3096 2535 3152 subtantia
2568 3097 2881 3168 vulgarizet.
2915 3098 2981 3152 Et
3013 3097 3268 3167 deinceps
3307 3101 3550 3153 Secundo
3579 3101 3831 3156 Processu

558 3223 744 3277 poenas
768 3219 821 3262 ει
847 3210 1146 3262 ερηιηηίηε
1175 3208 1585 3276 procederetur;
1620 3219 1673 3262 ρι
1710 3209 1760 3262 ει,
1784 3209 2132 3263 processibus
2165 3261 2209 3277 Α
2243 3191 2400 3257 lecto,
2435 3190 2576 3245 idem
2600 3190 2859 3244 diaconus
2882 3191 3192 3259 vnlgarizet.
3214 3192 3356 3247 Idem
3383 3193 3546 3248 faciat
3573 3205 3627 3251 et
3651 3195 3833 3250 eodem

555 3309 681 3354 sunt
728 3315 914 3353 omnes
961 3300 1264 3354 cardinales
1312 3309 1363 3353 et
1416 3299 1616 3366 praefati
1673 3301 1834 3354 cutim
1877 3301 2044 3369 parati
2079 3300 2132 3354 in
2161 3261 2209 3323 Ο
2238 3285 2446 3347 onum?»
2479 3285 2524 3339 Si
2558 3285 2753 3338 Γυθτίηῑ
2784 3285 2962 3354 ΡῘυΓυε
2996 3283 3307 3340 Ρτοοθδδυεο

556 3392 715 3447 albis.
749 3393 1006 3446 Dominus
1036 3399 1212 3445 tan-.en
1247 3405 1378 3460 papa
1411 3389 1570 3444 habet
1611 3390 1838 3459 pluviale
1868 3391 2090 3445 rubeum
2117 3431 2133 3457 ,

2310 3378 2376 3430 Et
2404 3377 2678 3430 sciendum
2720 3375 2860 3446 quod
2898 3377 3190 3431 l‘rocessus
3215 3392 3553 3447 communes,
3588 3381 3677 3448 qui
3710 3381 3832 3434 ﬁunt

556 3494 610 3539 et
633 3483 734 3538 alia
768 3485 1120 3538 observantur
1151 3491 1207 3536 ut
1252 3483 1383 3535 intra
1434 3483 1676 3550 proxime
1707 3490 2022 3552 sequuntur.

2247 3477 2424 3523 contra
2458 3467 2758 3532 hzcreticos,
2791 3476 2844 3522 et
2872 3477 3062 3521 contra
3093 3469 3292 3536 piratas
3321 3471 3510 3535 maris,
3557 3481 3614 3524 ct
3652 3483 3829 3526 contra

627 3577 777 3630 Feria
815 3577 1001 3645 quinta
1034 3577 1082 3628 itt
1131 3575 1294 3628 (fama
1345 3573 1547 3627 Domini
1581 3574 1714 3626 ordo
1759 3575 1847 3642 qui
1895 3575 2136 3642 sequitur

2249 3560 2573 3629 intp'mentes
2603 3574 2740 3612 nova
2771 3558 3012 3628 pt-dagia,
3044 3570 3097 3612 et
3124 3569 3310 3612 contra
3358 3560 3609 3614 falsarios
3653 3562 3831 3628 bulla,

554 3669 890 3724 observatur.
915 3666 1042 3719 Nam
1065 3667 1204 3719 dicta
1227 3681 1320 3733 per
1343 3666 1612 3719 dominmn
1640 3680 1824 3734 pltat!)
1849 3664 1900 3718 in
1921 3680 2135 3720 camera
2235 3661 2290 3706 (εί
2345 3661 2615 3721 Ρονῑίιηῑθε
2670 3649 2934 3718 Ρτοιιίυίῑῖι
2984 3650 3314 3715 8·¹ΓΓ³θθ³¹ίδι
3376 3660 3432 3706 ει
3479 3653 3834 3720 impedient“

554 3760 732 3816 Tertia
761 3769 813 3814 et
843 3758 1000 3812 Sexta
1031 3759 1147 3811 sine
1170 3767 1312 3822 nota,
1347 3756 1545 3810 habens
1587 3758 1698 3826 ipsc
1727 3758 1972 3812 dominus
1999 3772 2134 3827 papa

2251 3753 2428 3800 :untes
2475 3753 2529 3797 ct
2568 3743 2855 3798 redeuntes
2899 3742 2964 3796 ad
3011 3743 3236 3809 curiam,
3286 3760 3395 3798 non
3443 3757 3833 3800 consueverunt

555 3853 744 3907 stolam
777 3850 842 3903 ad
871 3851 1062 3904 collum
1096 3864 1243 3903 more
1273 3858 1552 3913 consueto,
1598 3859 1650 3902 et
1677 3849 1890 3903 indutus
1923 3849 2156 3918 pluviali'
2236 3838 2429 3894 οηιῖιίί·
2993 3855 3000 3858 ”

556 3943 744 4008 rnbso,
791 3943 1019 3997 habente
1069 3941 1394 4010 aurifrigiunt
1428 3940 1668 3994 solemne
1697 3957 1815 3994 eum
1853 3943 2032 4010 perlis,
2081 3950 2138 3996 et

2313 3928 2516 3994 Quibus
2550 3927 2800 3994 peractis,
2828 3926 3080 3980 dominus
3115 3939 3245 3994 papa
3281 3926 3530 3980 ascendit
3581 3928 3833 3998 pulpita

556 4044 772 4104 gestans
803 4032 1012 4087 mitram
1041 4049 1158 4087 cum
1187 4035 1368 4101 perlis,
1402 4033 1824 4086 ministrantibus
1869 4033 1968 4087 sibi
2000 4033 2135 4088 duo-

2248 4035 2425 4073 versus
2452 4019 2515 4072 ad
2548 4019 2823 4087 populum,
2855 4018 3062 4072 duobus
3088 4017 3405 4072 diaconibus
3433 4021 3830 4086 assistentbus,

554 4127 652 4178 bus
683 4123 994 4178 diueonihm
1018 4123 1215 4176 indutis
1235 4123 1417 4192 cappis
1440 4123 1549 4176 suis
1574 4125 1640 4176 de
1662 4125 1801 4190 lana,
1839 4133 1893 4176 ut
1923 4125 2134 4178 solitum

2249 4126 2345 4164 uno
2376 4127 2404 4163 a
2449 4110 2679 4173 dextris,
2729 4110 2898 4163 altero
2930 4127 2958 4162 a
2989 4111 3242 4176 sinistris,
3290 4122 3343 4165 et
3387 4129 3492 4166 uno
3524 4115 3776 4182 episeopo
3807 4131 3831 4167 a

554 4227 670 4284 est;
708 4219 832 4271 hora
859 4217 1032 4282 tertia,
1059 4218 1139 4271 vel
1163 4224 1332 4283 sexta,
1368 4217 1785 4284 przccedentihus
1814 4216 1981 4280 ἰ,ιευιιι
2015 4231 2135 4270 cum

2245 4203 2480 4267 dextris;
2508 4203 2689 4256 ett-teri
2715 4218 2839 4255 vero
2861 4203 3094 4270 episcoiii
3122 4213 3172 4258 et
3197 4205 3493 4272 presbyteri
3520 4206 3827 4271 cardinales,

555 4323 716 4362 cruce
759 4308 1069 4362 diaconibus
1099 4308 1457 4361 cardinaiibus
1497 4318 1551 4362 et
1601 4307 1887 4375 capellanis
1917 4317 1970 4361 et
1996 4308 2133 4374 aliis,

2249 4307 2396 4361 prout
2432 4296 2577 4348 locus
2607 4295 2822 4362 patitur,
2857 4303 3000 4347 stent
3025 4308 3052 4346 a
3085 4295 3311 4362 dextris,
3339 4306 3393 4347 ct
3417 4296 3632 4350 diaconi
3665 4315 3692 4348 a
3713 4300 3831 4351 sini-

556 4400 892 4469 progreditur
926 4399 990 4453 ad
1020 4401 1190 4454 locum
1218 4401 1508 4454 solemnem
1542 4408 1593 4454 et
1622 4400 1944 4454 eminentem
1989 4416 2138 4470 para-

2246 4386 2390 4449 suis,
2433 4393 2490 4439 et
2530 4381 2621 4438 alii
2655 4383 2881 4452 praelati,
2925 4384 3038 4438 sive
3069 4397 3100 4437 a
3129 4384 3354 4452 dextris,
3383 4385 3501 4441 sive
3532 4402 3562 4439 a
3591 4389 3828 4456 sinistris,

557 4504 667 4548 tum
690 4495 753 4549 ad
780 4496 1193 4564 praedicandum,
1218 4505 1273 4550 et
1297 4505 1352 4549 ut
1373 4494 1500 4548 liaut
1523 4494 1810 4549 Processus
1833 4494 1920 4564 qui
1945 4495 2139 4549 fuerint

2245 4485 2296 4531 ut
2337 4484 2616 4545 poterunt;
2659 4490 2850 4530 omnes
2893 4487 3071 4532 tamen
3117 4476 3408 4546 inspiciant
3439 4482 3698 4548 pupulum
3724 4497 3827 4537 (unt

556 4583 804 4640 faciendi.

2175 4635 2209 4640 _
2244 4567 2417 4622 tttitris
2442 4569 2490 4621 itt
2522 4567 2714 4634 capite.

627 4679 708 4732 Ad
739 4678 910 4732 locum
943 4677 1276 4745 perveniens,
1306 4677 1500 4733 sedens
1526 4677 1578 4733 in
1609 4678 1904 4733 faldistorio
1951 4679 2142 4748 recipit
2171 4635 2223 4694 Β
2319 4683 2470 4736 Tunc
2507 4684 2752 4737 dominus
2788 4698 2918 4752 papa
2939 4691 3089 4738 stans
3116 4698 3306 4739 versus
3337 4685 3618 4755 poputum,
3651 4686 3829 4756 aliquid

557 4769 622 4824 ad
655 4771 1008 4825 reverentiam
1039 4770 1338 4823 cardinales
1368 4781 1420 4823 et
1451 4771 1698 4839 prtelatos
1720 4771 1955 4825 nondum
1987 4785 2140 4840 para-
2248 4784 2422 4845 potest
2447 4775 2625 4828 dicere
2651 4775 2717 4828 de
2739 4775 3084 4829 Processibus
3110 4775 3263 4830 lectis
3287 4765 3656 4847 ctcxpositis,
3693 4787 3830 4848 prout

557 4873 661 4930 tos,
693 4863 815 4917 licet
856 4862 1173 4931 quandoque
1217 4863 1382 4929 parati
1423 4863 1488 4918 ad
1528 4864 1876 4919 reverentiam
1901 4866 2135 4931 veniant,
2245 4869 2344 4921 sibi
2380 4869 2570 4936 placet,
2606 4866 2808 4920 scilicet
2833 4867 2972 4934 quod
3009 4867 3154 4935 ipsos
3184 4868 3470 4935 approbat,
3498 4871 3748 4934 ratiiicat,
3789 4879 3830 4922 et

557 4957 623 5012 de
652 4957 969 5012 Processura
997 4955 1264 5010 timentes.
1305 4956 1416 5023 Qua
1450 4958 1744 5012 reverentia
1771 4956 1931 5020 facta,
1963 4957 2139 5013 domi-
2245 4961 2388 5026 facit,
2410 4959 3329 5029 proutlcctisunt,etsicutdiaconus
3346 4962 3831 5031 cxposoi't;etcira

556 5066 657 5104 nus
704 5065 832 5118 papa
879 5049 1266 5103 sermocinatur
1295 5050 1360 5103 ad
1394 5050 1642 5118 populum
1695 5051 1743 5102 in
1773 5051 1999 5120 Vulgari,
2049 5066 2136 5105 as-
2247 5058 2488 5112 ultitnum
2509 5059 2787 5112 verborum
2813 5057 3014 5111 habens
3035 5056 3832 5125 aliquostmticiosaccensosin

556 5153 765 5210 sumpta
797 5152 971 5196 tamen
1003 5142 1319 5196 auctoritate
1344 5144 1392 5194 itt
1420 5142 1626 5209 Latino,
1652 5151 1706 5196 et
1732 5143 1986 5208 breviter,
2018 5145 2137 5212 quia
2247 5166 2422 5213 manu,
2452 5149 2652 5218 projicil
2679 5148 2826 5217 ipsos
2848 5151 3096 5203 dominus
3124 5165 3258 5218 papa
3282 5165 3470 5206 versus
3501 5159 3754 5220 populum
3775 5152 3829 5204 ad

557 5237 722 5290 tnulta
763 5251 824 5289 ea
863 5235 948 5290 die
989 5243 1115 5289 sunt
1146 5237 1481 5304 peragenda;
1513 5236 1597 5289 vel
1629 5239 1912 5292 committit
1936 5253 2144 5294 sermo-
2248 5251 2464 5296 terram.
2524 5241 2633 5294 lloc
2659 5242 2799 5294 idem
2831 5240 3030 5295 faciunt
3057 5241 3251 5310 singuli
3283 5242 3594 5296 cardinales
3617 5252 3672 5295 et
3703 5258 3824 5311 pra:-

559 5341 680 5380 nem
724 5326 898 5389 alteri,
947 5328 1149 5381 scilicet
1187 5327 1345 5381 alicui
1387 5327 1660 5396 episcopo,
1708 5328 1792 5383 vel
1835 5331 2144 5401 presbytero
2247 5331 2361 5396 lati,
2395 5339 2635 5386 tenentes
2662 5332 3028 5386 tantummodo
3055 5332 3247 5402 singuli
3287 5349 3450 5387 tinum
3486 5332 3755 5387 torticiutu
3780 5333 3824 5387 in

557 5423 839 5504 cardinali.
872 5423 925 5477 ln
956 5437 1204 5478 sermone
1247 5432 1422 5492 potest
1469 5423 1582 5480 fieri
1621 5425 1838 5490 mentio,
1871 5427 1913 5479 si
1948 5427 2140 5495 placet,
2249 5441 2430 5492 manu,
2465 5425 2594 5480 nihil
2621 5425 2876 5492 dicendo;
2936 5435 2991 5479 et
3038 5441 3158 5480 cum
3191 5426 3432 5480 candelae
3469 5427 3828 5497 proﬁciuntur,

560 5510 628 5565 de
655 5513 990 5568 solemnitate
1019 5514 1122 5570 diei
1151 5524 1204 5568 et
1232 5515 1428 5585 aliquid
1460 5514 1620 5569 etiam
1653 5517 1792 5586 tangi
1825 5518 1891 5572 de
1921 5517 2144 5574 Proces-
2251 5518 2441 5574 debent
2471 5533 2743 5585 campanze
2772 5518 3012 5572 ecclesiae
3039 5518 3338 5573 inordinate
3370 5518 3594 5586 pulsari.

558 5601 705 5658 sibus
728 5605 1000 5660 faciendis.
2319 5611 2610 5680 Complet’s
2631 5609 2994 5676 Processibus,
3013 5610 3269 5666 diaconus
3291 5610 3607 5665 tuinistraus
3632 5623 3827 5664 sununo

629 5694 686 5752 Si
726 5695 840 5762 ipse
880 5697 1125 5751 dominus
1172 5713 1302 5768 papa
1349 5703 1757 5769 sermocinetur,
1803 5703 1919 5773 ipso
1947 5706 2139 5774 praedi-
2249 5703 2482 5775 pontifici
2513 5704 2672 5775 365
2703 5719 2733 5758 a
2762 5703 3010 5771 sinistris,
3059 5703 3296 5774 deposita
3327 5703 3540 5788 sibimet
3577 5702 3752 5763 mitra.
3779 5708 3826 5751 et

636 5834 662 5864 ⁸
693 5824 854 5880 Forte
904 5827 954 5880 in
1011 5827 1226 5896 Latino,
1277 5841 1331 5888 ut
1382 5835 1519 5902 apud
1571 5835 1783 5892 Petrum
1843 5838 2035 5895 Atat-lii
2091 5840 2141 5893 in
2182 5853 2304 5908 cap.
2331 5836 2419 5892 65.
