4006 6296
185 342 298 402 lii?)

1348 334 1599 397 llO.‘:lANl
1643 339 1962 398 ORDINES.
1998 372 2067 384 —
2105 343 2243 401 ΧΠ.

3296 356 3428 415 l9.“

181 461 327 531 digitis
357 457 630 525 utriusque
665 469 848 510 nanus
871 463 991 511 ante
1020 464 1203 524 peetus
1227 455 1454 511 invicem
1485 459 1533 509 in
1564 471 1730 525 oppo.
1767 457 1813 513 A
1842 464 1894 511 et
1922 459 2159 527 qualibet
2187 461 2302 516 vice
2355 470 2530 531 portat
2560 464 2788 534 pluviale
2835 464 3056 523 rubeam
3104 476 3159 525 et
3209 471 3424 526 mitram

178 556 309 610 situm
340 552 668 615 cancellatis,
700 550 830 605 dicit
859 550 961 604 alta
989 565 1121 605 voce
1158 550 1415 620 Confiteor
1456 550 1584 612 Deo.
1618 565 1738 604 cum

178 657 282 701 nuta
310 660 450 699 niore
496 645 691 708 solito;
744 658 849 713 quo
880 643 1047 710 linito,
1080 643 1325 698 dominus
1358 660 1489 715 papa
1522 645 1743 700 resumit

174 736 305 791 valde
325 734 555 789 breviter
576 734 637 786 ad
667 733 940 802 populum,
964 735 1193 788 maxime
1214 735 1255 787 si
1282 735 1390 801 ipse
1415 737 1739 804 prmdicavit,

172 828 293 889 quod
314 829 446 879 sicut
476 824 845 879 inobedientes
875 834 927 879 et
958 826 1080 878 mali
1109 824 1303 879 debent
1332 841 1515 895 ptenas
1540 836 1595 882 et
1621 843 1744 895 gra-

178 933 261 972 ves
298 917 576 969 Processu~
609 913 676 968 de
704 928 798 968 sua
830 914 1027 968 malitia
1067 923 1362 982 reportare,
1408 916 1486 972 sic
1535 916 1658 971 boni
1688 928 1741 973 et

170 1005 460 1060 ubedientes
486 1003 681 1057 debent
710 1002 904 1072 gratias
928 1014 983 1059 et
1010 1005 1225 1072 prtemia
1257 1006 1498 1059 obtinere
1523 1024 1536 1071 ;
1571 1015 1624 1061 et
1650 1006 1743 1061 dat

170 1095 528 1165 indulgentiam
562 1095 805 1149 omnibus
834 1096 920 1164 qui
946 1094 1278 1151 interfuerint
1305 1096 1663 1164 prccdicationi
1687 1106 1741 1152 et

168 1184 515 1249 I’rocessibus,
550 1186 803 1239 velalteri
845 1185 1105 1253 ipsorum,
1159 1186 1246 1254 qui
1305 1186 1423 1239 talis
1463 1188 1741 1242 consuevit

162 1291 303 1342 esse;
353 1276 615 1347 indigenis
671 1277 826 1332 datur
874 1292 1044 1331 annus
1088 1286 1139 1332 et
1184 1278 1529 1347 quadraginta
1584 1279 1736 1347 dies;

160 1370 418 1423 extraneis
441 1370 546 1422 duo
574 1370 694 1423 anni
714 1368 900 1424 etdua:
931 1372 1305 1440 quadragenae;
1332 1371 1739 1427 ultramontanis

165 1470 268 1514 tres
294 1461 411 1515 anni
442 1469 493 1515 et
524 1468 751 1530 quatuor
781 1460 1163 1531 quadragenae;
1212 1460 1274 1515 iis
1296 1462 1383 1530 qui
1418 1464 1741 1518 transierunt

165 1572 305 1611 mare
324 1566 550 1626 quatuor
579 1557 700 1610 anni
733 1565 784 1612 et
814 1566 1040 1626 quatuor
1070 1557 1441 1627 quadragenae.

229 1648 370 1702 Tunc
397 1648 651 1703 diaconus
682 1651 990 1703 ministrans
1034 1664 1060 1701 a
1104 1650 1309 1704 dextris
1360 1652 1592 1720 deponat
1639 1652 1738 1706 mi-

161 1747 292 1792 tram
318 1738 532 1793 domino
560 1754 748 1807 papm;
780 1743 903 1809 qui,
930 1741 1174 1794 manibus
1190 1741 1429 1809 elevatis,
1452 1743 1589 1796 sicut
1615 1758 1738 1797 cum

1846 548 2055 615 planam
2086 550 2152 605 de
2180 553 2418 621 garnello
2455 553 2570 610 sine
2614 555 2896 623 auriﬂciis;
2945 572 3047 627 qua
3098 560 3424 630 indulgentia

1842 641 2078 695 secundo
2107 643 2249 713 data,
2286 646 2428 700 vadit
2457 648 2521 701 ad
2555 662 2843 708 cameram.
2875 659 2925 704 et
2953 650 3022 706 ibi
3052 651 3273 722 deponit
3307 656 3426 723 plu-

1844 732 2001 796 viale,-
2032 743 2085 785 et
2114 735 2301 802 recipit
2333 752 2554 806 cappam
2587 739 2654 793 de
2687 741 2918 795 seat-leto
2964 743 3149 810 rubeo,
3184 756 3422 814 apertam

1842 839 1870 877 a
1899 826 2073 881 medio
2097 829 2325 895 pectoris
2353 844 2519 898 usque
2547 831 2611 885 ad
2645 832 2827 901 pedes,
2858 842 2909 887 et
2938 835 3179 890 eamdem
3212 837 3423 891 mitram

1841 918 2015 972 albam
2066 927 2119 974 et
2149 922 2360 989 planam
2408 923 2474 977 de
2520 926 2761 992 garnello
2816 927 3017 997 absque
3067 931 3325 985 auriiiciis
3375 940 3429 984 et

1842 1012 2005 1080 periis
2039 1014 2087 1066 in
2139 1017 2310 1081 capite
2360 1025 2600 1085 portans,
2632 1032 2753 1072 cum
2804 1020 3167 1077 cardinalibus
3218 1023 3423 1077 intratis

1842 1104 2099 1169 capellam
2132 1120 2225 1171 pro
2250 1106 2431 1161 cilicio
2464 1107 2729 1163 faciendo.
2772 1131 2791 1163 ν

1913 1193 2061 1246 Tunc
2087 1194 2270 1263 iunior
2299 1206 2322 1231 υ
2353 1199 2783 1268 presbyterorum
2807 1204 3155 1258 cardiualium
3180 1204 3313 1257 ferat
3335 1203 3429 1256 ad—

1843 1294 2085 1337 ornatam
2117 1288 2387 1354 capsidem
2420 1303 2540 1341 cum
2588 1291 2857 1346 dominico
2900 1308 3125 1360 corpore
3176 1295 3431 1347 hesterno

1843 1373 1929 1429 die
1956 1385 2255 1439 reservato;
2283 1387 2336 1430 et
2375 1378 2452 1430 sic
2484 1379 2849 1436 subdiaconus
2876 1397 2995 1436 cum
3050 1383 3231 1450 populi
3272 1396 3433 1438 cruce

1843 1467 2241 1537 processionem
2295 1469 2663 1536 prmeedcnte,
2718 1487 2906 1527 omnes
2947 1472 3265 1528 discalceati
3314 1473 3435 1528 sine

1846 1567 1999 1613 cantu
2034 1558 2303 1626 psallendo
2336 1561 2397 1613 ad
2429 1561 2710 1616 ecclesiam
2740 1573 2938 1618 sanctae
2969 1564 3176 1633 Crucis,
3200 1579 3319 1632 qua:
3350 1573 3437 1619 eat

1844 1650 1894 1706 in
1925 1650 2253 1717 Jerusalem,
2286 1652 2373 1706 ubi
2403 1654 2559 1708 statio
2597 1653 2709 1709 fieri
2741 1655 2935 1721 debet,
2970 1657 3215 1712 ordinate
3246 1673 3436 1728 proce-

1844 1742 1992 1809 dant,
2022 1743 2234 1811 quando
2273 1744 2520 1798 dominus
2567 1759 2699 1813 papa
2758 1754 2839 1800 est
2892 1747 3174 1811 Laterani;
3223 1751 3437 1817 quando

157 1832 285 1886 dicit
312 1832 614 1888 Orationem
649 1833 698 1885 in
729 1832 907 1898 Missa,
930 1832 1053 1887 facit
1075 1833 1487 1899 absolutionem,
1517 1834 1739 1887 dicendo
1773 1821 1816 1882 Β
1847 1846 2024 1891 autem
2060 1835 2180 1891 illuc
2214 1839 2570 1906 pervenerint,
2607 1837 2973 1908 ingrediantur
3004 1839 3288 1895 ecclesiam
3313 1843 3431 1899 sine

152 1925 295 1977 clara
325 1937 477 1991 voce,
511 1924 650 1977 sicut
681 1932 996 1978 consuetum
1044 1934 1146 1988 est,
1183 1924 1264 1980 Sit
1307 1940 1487 1977 nomen
1534 1923 1746 1979 Domini

151 2019 466 2072 benedictum
493 2056 508 2079 ,
536 2015 807 2081 videlicet,
843 2015 1089 2070 Precibus
1135 2028 1183 2071 et
1224 2018 1436 2083 meritis,
1470 2027 1607 2083 etc.;
1657 2027 1742 2084 ct,

151 2123 418 2180 responso
448 2109 628 2175 Amen,
657 2108 782 2163 dicit
809 2108 1074 2172 similiter,
1107 2107 1485 2161 Absolutiormn
1505 2154 1519 2177 ,
1554 2107 1743 2163 Indul-

149 2203 394 2270 gentiam,
421 2207 560 2266 etc.;
592 2210 967 2271 et,'re5ponso
999 2201 1191 2265 Αηιεη,
1225 2202 1409 2257 ultimo
1439 2204 1529 2256 dat
1576 2203 1745 2258 Bene-

151 2293 442 2348 dictionem
474 2293 722 2359 dicendo,
756 2303 809 2347 et
846 2291 1105 2361 signando
1140 2295 1392 2362 p0pulum
1429 2312 1439 2345 :
1477 2293 1541 2346 Et
1590 2294 1743 2349 bene-

148 2386 309 2439 dictio
336 2385 430 2439 Dei
458 2387 835 2455 omnipotentis,
863 2384 1060 2454 Patris,
1077 2396 1121 2439 et
1148 2384 1295 2455 Filii,
1317 2387 1607 2454 etSpiritus
1627 2405 1743 2442 sau-

76 2494 79 2497 ·
150 2478 244 2543 rti,
281 2478 551 2531 descendat
578 2493 731 2547 super
762 2486 928 2546 vos,et
959 2486 1160 2531 maneat
1188 2494 1405 2547 semper.
1445 2478 1569 2534 Post
1606 2479 1741 2546 lucc,

146 2570 389 2636 reposita
420 2569 521 2625 sibi
550 2570 704 2624 mitra
735 2586 827 2639 per
855 2572 1161 2635 diaconum,
1181 2572 1323 2626 vadit
1345 2572 1409 2626 ad
1435 2572 1740 2641 ecclesiam,

146 2676 335 2728 cruce,
367 2662 576 2718 cmteris
597 2663 957 2719 cardinalibus
980 2673 1032 2719 et
1051 2665 1302 2733 praelatis.
1326 2664 1745 2720 subdiacouibus

146 2762 209 2809 et
241 2753 527 2822 capellanis
552 2755 773 2825 paratis,
806 2765 864 2810 ut
896 2765 1015 2825 post
1046 2757 1217 2825 ipsum
1237 2795 1251 2820 ,
1283 2756 1741 2824 prmcedentibus;

148 2850 209 2896 ct
243 2841 315 2896 ibi
341 2842 498 2908 iacto,
531 2844 613 2900 vel
645 2846 875 2910 omisso,
921 2844 1000 2900 Sit
1031 2862 1214 2900 nomen
1264 2844 1496 2913 Domini,
1543 2854 1600 2900 ut
1643 2846 1745 2901 sibi

146 2933 353 3003 placet,
384 2935 562 2991 omnia
594 2945 829 3007 peragat,
864 2946 922 2991 ut
950 2937 1001 2991 in
1032 2935 1313 2993 Ordinario
1359 2940 1663 2993 continetur
1691 2948 1745 2994 et

144 3026 361 3089 dictum
388 3039 470 3085 est
498 3046 676 3098 supra.

303 3121 483 3179 XCIII.
527 3121 606 3177 De
645 3122 821 3191 ofﬁcio
851 3121 994 3191 ferite
1024 3132 1181 3178 sextte
1209 3124 1262 3176 in
1295 3122 1599 3177 Parasceve.

1846 1938 2025 1992 cantu,
2057 1937 2109 1983 et
2140 1929 2389 1996 prostrati
2421 1928 2470 1982 in
2504 1927 2682 1983 medio
2732 1929 2973 1984 ecclesia:
3004 1929 3208 1985 diutius
3259 1943 3435 1987 orent.

1846 2020 2158 2092 Presbyter,
2184 2020 2275 2089 qui
2312 2030 2479 2088 portat
2511 2036 2707 2089 corptts
2742 2023 2973 2088 Domini,
3009 2033 3171 2093 ponat
3200 2024 3333 2079 illud
3385 2026 3435 2079 in

1847 2115 2157 2178 secretario,
2186 2115 2309 2169 dum
2342 2115 2591 2169 dominus
2620 2130 2751 2184 papa
2781 2127 3045 2185 prteparat
3073 2133 3152 2172 se.
3185 2118 3279 2172 Illo
3304 2133 3440 2188 prte-

1849 2218 2054 2279 parato,
2086 2217 2324 2277 reportet
2356 2210 2484 2263 illud
2519 2222 2642 2266 ante
2685 2226 2875 2281 papam
2909 2211 2960 2265 in
3001 2211 3341 2279 processione
3374 2211 3439 2263 ad

1848 2300 2034 2354 altare.
2060 2298 2351 2369 Surgentes
2400 2302 2467 2354 ab
2519 2303 2774 2357 Oratione
2832 2302 3079 2357 dominus
3128 2316 3261 2371 papa
3316 2317 3437 2357 cum

1847 2391 1994 2446 clero
2036 2392 2198 2447 intret
2247 2394 2618 2460 secretarium,
2644 2405 2698 2449 et
2736 2394 3003 2448 abstracta
3048 2395 3263 2463 planeta
3315 2409 3438 2448 cum

1850 2486 2015 2553 pallio
2046 2485 2194 2540 sedet
2224 2488 2275 2540 in
2330 2488 2457 2541 scde
2503 2502 2618 2551 sua,
2656 2498 2707 2543 et
2766 2488 2889 2541 lotis
2932 2486 3156 2560 pedibus
3212 2488 3439 2541 ministri

1846 2576 2077 2632 calcient
2123 2592 2267 2643 eum,
2301 2593 2407 2632 non
2437 2577 2706 2642 sandalia,
2737 2577 2830 2632 sed
2888 2577 3198 2647 quotidiana
3246 2578 3438 2633 calcia-

1847 2678 2047 2723 menta.
2082 2667 2319 2725 Veniens
2352 2669 2416 2723 ad
2442 2668 2792 2724 faldistorium
2821 2668 2949 2723 dicit
2975 2668 3206 2734 Nonam,
3234 2677 3290 2724 et
3319 2677 3439 2735 post

1848 2759 2123 2827 paululum
2155 2759 2436 2814 reindutus
2475 2760 2686 2828 planeta
2718 2768 2769 2814 et
2794 2758 2955 2827 pallio
2996 2756 3267 2827 przeeume
3299 2758 3435 2830 [AI.,

1849 2851 2207 2923 praecedente]
2222 2868 2341 2907 eum
2358 2867 2478 2906 eum
2510 2867 2667 2908 cruce
2685 2860 2737 2907 et
2762 2851 3055 2922 Evangelio
3073 2852 3189 2906 sine
3213 2851 3437 2905 lumina-

1848 2946 2019 3009 ribus,
2034 2962 2152 3001 cum
2174 2946 2415 3010 incenso,
2432 2945 2673 3000 ordinate
2689 2958 2807 2999 cum
2823 2944 3036 2999 silentio
3049 2944 3113 2997 ad
3129 2944 3296 2997 altare
3312 2958 3438 3012 pro-

1846 3038 2067 3094 cedunt.
2094 3039 2158 3091 Et
2171 3045 2295 3091 tunc
2307 3051 2495 3091 omnes
2512 3036 2758 3104 prostrati
2772 3050 2931 3103 super
2946 3038 3141 3103 tapetia
3155 3044 3319 3088 strata
3334 3034 3437 3089 diu-

1848 3128 1956 3183 tius
1987 3136 2161 3183 crant.
2201 3128 2419 3182 interim
2449 3142 2568 3181 cum
2600 3126 2944 3181 ministri.....
2992 3126 3249 3194 capellam
3287 3140 3442 3180 unam

223 3212 387 3270 Feria
418 3224 569 3268 sexta
601 3214 778 3269 omnia
808 3215 1055 3270 dicantur
1106 3231 1201 3286 per
1249 3216 1512 3271 ordinem.
1562 3215 1743 3269 Prima
1777 3205 1823 3269 C
1857 3228 2059 3274 tantum
2090 3219 2355 3273 tobaleam
2387 3218 2693 3284 sindonem,
2718 3232 2821 3271 non
2847 3216 3220 3285 auriiigiatam,
3259 3222 3444 3269 exten«

142 3303 289 3359 hora
321 3303 480 3375 hujus
507 3306 611 3361 diei
651 3307 911 3376 capellani
944 3323 1132 3363 omnes
1164 3316 1418 3363 vocantur
1451 3307 1517 3362 ad
1558 3308 1745 3362 dicen-

140 3398 278 3449 dum
307 3397 647 3462 Psalterium,
672 3399 890 3452 domino
923 3414 1055 3468 papa
1103 3400 1327 3455 sedente
1376 3410 1501 3455 ante
1552 3400 1745 3455 lectum

139 3502 330 3544 suum.
353 3488 551 3544 Omnes
575 3490 835 3557 eapellani
859 3490 1050 3545 sedent
1072 3494 1231 3546 etiam
1247 3494 1398 3560 juxta
1421 3492 1583 3561 pedes
1604 3491 1743 3559 ejus,

139 3588 203 3634 ct
232 3578 474 3633 vicissim
512 3587 677 3633 totum
710 3579 1031 3635 Psalterium
1063 3583 1334 3651 complent
1378 3600 1391 3637 :
1443 3599 1549 3654 quo
1573 3585 1746 3649 linito,

135 3670 410 3727 sacerdos
438 3685 558 3725 cum
580 3670 698 3726 aliis
720 3671 851 3726 dicit
879 3672 1238 3751 Antiphouam
1269 3673 1352 3727 Ne
1373 3675 1742 3738 reminiscaris,

135 3773 342 3834 postea
398 3764 635 3818 litaniam
692 3763 849 3818 Pater
892 3774 1059 3818 noster
1088 3766 1307 3833 private,
1346 3764 1587 3819 Miserere
1618 3767 1736 3830 mei,

138 3856 299 3909 Deus
320 3856 439 3910 sine
457 3855 708 3924 capitulo,
729 3865 783 3911 et
808 3855 1052 3910 Dominus
1072 3855 1357 3921 vobiscum;
1380 3859 1565 3911 Oratio
1591 3856 1747 3920 Deus,

133 3950 232 4003 cui
265 3950 537 4019 praprium
559 3958 629 4002 est
660 3948 908 4014 misereri,
942 3959 995 4001 et
1022 3956 1231 4003 canem:
1258 3962 1445 4003 omnes
1472 3964 1590 4018 qus-
1621 3963 1752 4001 con-

134 4048 451 4095 sueverunt
482 4038 585 4093 dici
614 4038 863 4093 omnibus
891 4038 1080 4092 diebus
1110 4038 1550 4108 Quadragesimze
1602 4048 1655 4092 et
1695 4038 1756 4092 in

140 4130 266 4185 line
300 4129 486 4185 Oratio
514 4132 650 4185 sicut
680 4131 729 4184 in
756 4131 877 4185 aliis
905 4130 1118 4184 ofﬁciis.
1152 4130 1243 4185 Die
1276 4132 1391 4201 ipso
1436 4140 1621 4185 sancto
1651 4130 1753 4184 Pa-

131 4235 407 4285 rascevc,
454 4221 589 4275 dicta
645 4221 820 4276 Prima
872 4236 990 4275 cum
1048 4221 1301 4277 Oratione
1340 4236 1459 4287 sua,
1514 4221 1752 4291 Respice,

130 4325 468 4380 quwsumus,
507 4310 739 4375 Domine,
769 4320 823 4366 et
853 4310 1062 4365 Psalmo
1085 4311 1242 4374 lecto,
1266 4310 1319 4365 in
1346 4311 1473 4365 hora
1492 4326 1594 4381 qua
1625 4326 1756 4365 con-

130 4399 331 4464 venit,
359 4399 553 4454 dicitur
602 4400 804 4455 Tertia.
863 4400 999 4454 llora
1056 4416 1182 4453 vero
1231 4409 1380 4455 sexta
1435 4401 1757 4456 conveniant

130 4503 349 4543 mnncs
366 4489 432 4542 ad
458 4488 870 4545 Laterancnscm
898 4489 1192 4555 basilicam,
1216 4490 1377 4561 366
1403 4491 1489 4547 vel
1510 4490 1573 4544 ad
1599 4492 1754 4545 aliam

1850 3309 1980 3364 dunt
1999 3324 2160 3378 super
2187 3310 2354 3363 altare
2384 3308 2665 3362 nudatum.
2690 3306 2964 3375 Completa
2991 3322 3118 3360 vero
3145 3305 3444 3375 3670m-

1850 3403 1993 3457 tione
2020 3400 2150 3455 nihil
2170 3401 2311 3454 aliud
2333 3400 2495 3461 dicat,
2520 3414 2615 3453 nec
2648 3399 2808 3453 etiam
2840 3397 3234 3452 confessionem
3266 3396 3444 3460 iaciat;

1848 3495 1942 3549 sed
1957 3493 2218 3563 pontifex,
2238 3490 2546 3546 deosculato
2566 3490 2738 3551 altari,
2754 3487 2994 3543 ascendit
3013 3488 3195 3542 sedum
3214 3487 3443 3542 medium

1850 3599 1999 3640 more
2029 3585 2221 3649 solito;
2255 3593 2307 3637 et
2331 3582 2690 3635 subdiaconus
2736 3580 2913 3634 statim
2978 3578 3219 3647 procedit
3258 3578 3325 3632 ad
3371 3578 3447 3633 le-

1850 3677 2099 3747 gendum,
2135 3686 2186 3728 ct
2216 3678 2329 3727 sine
2362 3676 2512 3728 titulo
2544 3684 2596 3728 et
2636 3674 2752 3727 sine
2807 3672 3110 3726 reverentia
3158 3680 3214 3726 et
3261 3669 3447 3724 osculu

1853 3768 2047 3837 pedum
2078 3768 2130 3820 iu
2155 3765 2369 3820 modum
2396 3766 2639 3821 lectionis
2666 3766 2743 3819 sic
2778 3765 2962 3835 incipit
2995 3782 3008 3817 :
3038 3764 3167 3819 Haec
3193 3764 3313 3817 dicit
3343 3762 3449 3815 Do-

1854 3860 2021 3911 minus
2076 3873 2095 3910 :
2147 3854 2211 3910 In
2257 3857 2606 3922 tribulatione,
2639 3865 2744 3911 etc.
2779 3857 2979 3909 Omnes
3022 3856 3307 3920 lectiones,
3343 3863 3449 3909 tam

1858 3946 2019 4003 hodie
2048 3962 2206 4016 quam
2238 3946 2289 3999 in
2322 3946 2406 4001 die
2432 3946 2681 4012 Sabbati,
2719 3946 2967 4015 leguntur
3004 3946 3056 4000 in
3112 3947 3325 4001 modum
3377 3947 3451 4000 le-

1855 4039 2071 4095 ctionis.
2102 4038 2218 4105 Qua
2257 4037 2423 4102 ﬁnita,
2449 4046 2697 4090 cantatur
2720 4037 2946 4091 Tractus
2972 4036 3211 4103 Domine,
3238 4038 3451 4098 audiri;

1855 4140 1909 4186 et
1941 4129 2089 4184 linito
2120 4138 2313 4195 tractu,
2346 4128 2477 4182 dicit
2528 4127 2768 4197 pontifex
2804 4126 3041 4191 Oremus,
3075 4136 3128 4181 et
3166 4128 3448 4191 diaconus,

1857 4222 2065 4277 scilicet
2113 4221 2259 4290 prior
2305 4219 2671 4281 diaconorum,
2710 4215 3005 4271 Flectamus
3050 4233 3234 4287 genua,
3268 4226 3451 4285 postea

1858 4315 1994 4369 alter
2033 4312 2292 4367 diaconus
2350 4312 2438 4380 qui
2496 4309 2694 4363 assistit
2747 4323 2918 4378 paptc,
2971 4307 3179 4372 Levate,
3211 4314 3266 4361 et
3310 4305 3454 4361 dicat

1858 4407 2166 4462 Orationem
2204 4404 2339 4458 Deus
2368 4422 2397 4456 α
2421 4420 2538 4471 quo,
2574 4410 2716 4468 etc.;
2750 4416 2852 4470 qua
2878 4400 3046 4463 linita,
3077 4400 3339 4455 diaconus
3382 4399 3454 4453 si-

1862 4498 2059 4552 militer
2089 4497 2204 4551 sine
2235 4495 2388 4551 titulo
2416 4495 2557 4563 legat
2584 4493 2744 4547 aliam
2793 4491 3085 4560 Epistulam
3116 4506 3131 4546 :
3162 4489 3228 4543 In
3276 4488 3454 4543 diebus

132 4582 477 4647 ecclesiam,
510 4591 561 4635 et
592 4582 768 4633 dicant
792 4580 1031 4634 Sextam.
1066 4579 1217 4632 Tunc
1246 4580 1490 4634 dominus
1514 4580 1751 4649 pontifex
1784 4575 1832 4635 D
1856 4589 1984 4655 illis,
2018 4589 2147 4643 dixit
2182 4586 2432 4639 Dominus
2458 4586 2525 4637 ad
2580 4582 2811 4653 Moysen,
2842 4590 2946 4637 etc.
3007 4581 3260 4636 Lectione
3308 4595 3456 4634 com-

130 4678 346 4733 iriduat
378 4692 437 4732 se
467 4677 609 4731 omni
639 4683 829 4729 ornatu
880 4674 1327 4746 quadragesimali
1380 4682 1610 4740 tantum,
1636 4676 1752 4744 epi-

125 4770 308 4837 scopi
346 4785 475 4824 vero
507 4768 825 4838 pluvialibus
846 4808 861 4834 ,
910 4768 1243 4839 presbyteri,
1276 4767 1522 4834 diaconi,
1549 4779 1601 4823 et
1628 4769 1753 4825 sub-

124 4859 376 4916 diaconi
408 4861 657 4930 planetis.

226 4975 245 5007 s
304 4956 412 5010 Ista
442 4955 530 5011 die
556 4954 857 5010 cardinales
886 4970 992 5009 non
1036 4953 1255 5009 veniunt
1292 4955 1356 5009 ad
1400 4953 1756 5009 reverentiam

133 5064 343 5118 papae,
379 5051 474 5105 sed
507 5048 815 5105 immediate
846 5049 896 5102 in
922 5062 1033 5118 ipsa
1062 5048 1314 5103 cathedra
1335 5049 1608 5120 deponunt
1628 5063 1755 5118 cap—

126 5158 279 5212 pam
316 5141 389 5197 de
416 5143 666 5199 scarleto.

227 5250 249 5285 ι
305 5235 380 5289 Ει
418 5244 500 5289 est
529 5234 805 5289 sciendum
834 5234 973 5303 quod
1017 5234 1114 5289 ista
1163 5234 1251 5288 die
1299 5233 1546 5288 dominus
1596 5249 1751 5303 papa,

118 5333 455 5395 antequam
486 5326 627 5380 vadit
656 5326 722 5381 ad
762 5327 1042 5382 ecclesiam
1076 5342 1167 5381 seu
1200 5327 1456 5393 capellam
1492 5342 1587 5395 pro
1632 5328 1752 5382 om-

120 5419 236 5475 cio
264 5418 546 5484 faciendo,
580 5417 658 5473 bis
691 5419 833 5473 venit
861 5418 927 5472 ad
972 5417 1255 5473 fencSIratn
1290 5433 1386 5485 pro
1427 5419 1751 5490 indulgentia

128 5526 321 5567 tutore
350 5511 509 5565 solito
542 5511 736 5580 populo
758 5510 959 5575 danda,
985 5511 1233 5566 videlicet
1258 5510 1326 5566 de
1352 5527 1507 5566 mane
1547 5513 1753 5580 semel,

116 5603 540 5662 sccundocum
558 5603 622 5658 ad
647 5605 901 5674 capellam
932 5604 1044 5658 vult
1064 5605 1137 5658 ire
1164 5618 1259 5673 pro
1281 5604 1456 5659 cilicio
1478 5604 1753 5672 iaciendo;

213 5747 249 5775 ⁸
285 5737 409 5793 Huc
461 5748 705 5807 spectant
751 5738 907 5794 verba
956 5738 1098 5792 Petri
1148 5736 1336 5791 Amelii
1382 5734 1435 5790 in
1478 5750 1593 5806 cap.
1636 5737 1748 5791 76:

113 5808 470 5869 Secundum
515 5810 775 5866 dominum
817 5810 1062 5865 Iacobum
1092 5807 1325 5864 Caietani
1344 5808 1526 5877 junior
1552 5810 1757 5879 presby-

1861 4680 2025 4750 pleta,
2052 4687 2294 4733 cantatur
2321 4686 2541 4739 tractus,
2577 4674 2733 4741 Eripe
2759 4690 2857 4739 me,
2886 4680 2993 4728 etc.
3041 4677 3341 4741 Antequam
3396 4670 3453 4722 li-

1861 4774 2037 4827 niatur
2060 4771 2308 4833 Tractus,
2339 4768 2595 4823 diaconus
2643 4766 2954 4821 Passionem
3002 4765 3243 4819 dicturus
3292 4762 3453 4816 debet

1862 4878 2059 4920 exuere
2085 4863 2379 4931 planetam,
2412 4869 2464 4914 et
2487 4874 2605 4914 eam
2640 4857 2903 4927 planetam
2937 4857 3001 4909 ad
3034 4857 3247 4910 modum
3297 4857 3449 4909 stula:

1862 4960 2103 5027 recipere
2128 4956 2288 5010 debet
2311 4970 2471 5022 super
2505 4959 2787 5007 humerum
2829 4953 3125 5017 sinistrum,
3170 4962 3243 5006 ita
3297 4952 3437 5019 quod

1864 5050 2035 5119 capita
2066 5050 2181 5107 eius
2202 5050 2479 5102 ﬁrmentur
2510 5047 2574 5099 ad
2608 5048 2741 5099 latus
2766 5047 3010 5101 dextrum
3037 5061 3183 5116 quam
3214 5058 3377 5101 retro.

1935 5142 2235 5197 Notandum
2263 5139 2405 5210 quod
2452 5140 2502 5192 in
2533 5138 2793 5206 principio
2818 5137 3087 5192 Passioius
3121 5153 3250 5207 papa
3285 5138 3454 5205 surgit

1862 5235 1929 5291 de
1957 5234 2231 5297 cathedra,
2266 5239 2319 5286 et
2365 5228 2604 5299 deposita
2636 5229 2736 5284 sibi
2769 5229 2946 5291 mitra,
2984 5236 3089 5282 stat
3129 5229 3289 5297 pedes
3326 5243 3456 5282 con-

1864 5336 1944 5383 tra
1997 5326 2166 5380 altare
2213 5324 2359 5378 circa
2392 5324 2669 5388 medium;
2716 5323 2827 5391 qui,
2877 5332 3179 5377 sustentans
3205 5335 3265 5375 se
3294 5335 3455 5388 super

1863 5418 1991 5475 illud
2024 5427 2167 5474 retro
2199 5417 2248 5469 in
2281 5416 2531 5484 scapulis,
2567 5414 2860 5486 respiciens
2908 5415 2972 5467 ad
3019 5415 3165 5468 illum
3211 5413 3299 5482 qui
3328 5413 3455 5483 legit

1865 5511 2196 5576 Passionem,
2226 5508 2426 5580 junctis
2456 5515 2580 5562 ante
2608 5518 2795 5577 pectus
2824 5506 3101 5562 manibus:
3130 5514 3184 5560 et
3212 5506 3290 5561 sic
3311 5520 3457 5561 seni-

1868 5618 1963 5675 pcr
1990 5611 2096 5658 stat
2123 5614 2401 5671 quousque
2440 5599 2721 5668 perveniat
2750 5599 2814 5651 ad
2845 5599 3021 5653 locum
3055 5597 3330 5652 Passionis
3361 5594 3455 5651 ubi

1861 5746 1935 5791 ter
1955 5732 2236 5815 cardinalis
2256 5748 2445 5804 corpus
2466 5729 2652 5787 Christi
2670 5732 2948 5802 antiquitus
2974 5734 3041 5788 ad
3068 5735 3233 5788 altare
3249 5739 3456 5804 portare

1866 5814 2140 5862 τοηδιιεισιι.
