4006 6354
541 406 678 461 1215

1210 394 1555 454 ΑΡΡΕΝΒΙΧ
1599 394 1688 449 AD
1728 391 1788 448 S.
1830 385 2160 475 GREGOBII
2202 382 2414 442 MAG-Nl
2456 383 2829 442 LITURGICA
2870 385 3122 442 OPERA.

3692 389 3847 444 ΙΞΙΒ

541 519 735 574 dicitur
762 515 829 569 Et
870 512 1110 567 inclinato
1140 512 1325 576 capite,
1356 517 1460 562 ctc.
1494 501 1557 561 Et
1603 514 1730 559 tunc
1758 516 1891 573 papa
1942 514 2109 572 genua

2239 495 2453 561 :linent;
2487 505 2538 552 et
2567 497 2829 567 repetitur
2857 497 3183 566 Antipliona,
3221 496 3347 551 Ecce
3362 498 3593 566 lignum,
3630 508 3797 567 etc.,
3819 516 3847 552 ι

541 609 705 663 flectit
731 606 924 660 ibidem
975 614 1124 655 versa
1166 599 1300 653 facie
1327 598 1393 653 ad
1421 599 1609 664 altare,
1646 607 1857 667 statque
1884 596 2119 667 genuﬂe—

540 710 637 753 ttus
668 710 761 764 per
790 702 992 746 tantum
1023 691 1272 760 spatium,
1300 689 1438 759 quod
1469 689 1635 744 semel
1680 689 1848 758 possit
1873 687 1976 741 dici
2009 686 2117 741 Pa-

540 798 615 841 ter
642 793 829 839 noster.
864 784 1049 837 Postea
1077 784 1264 853 surgit,
1297 792 1345 836 et
1379 791 1484 837 stat
1507 782 1643 835 sicut
1666 781 1831 848 prius.
1860 781 2120 838 Similiter

539 886 812 949 et_0tunes
841 874 929 927 alii
979 872 1196 927 faciunt.
1255 873 1373 941 Quo
1425 871 1594 938 finito,
1650 872 1926 937 diaconus,
1983 870 2120 925 facta

540 963 840 1020 reverentia
873 977 1053 1017 coram
1093 963 1268 1027 altari,
1317 963 1433 1017 sine
1466 961 1843 1017 Benedictione
1872 970 1926 1016 et
1974 962 2121 1031 pedis

540 1054 719 1107 osculo
748 1052 1001 1121 procedat
1026 1067 1147 1105 cum
1183 1052 1469 1119 Evangelio
1516 1053 1631 1105 sine
1679 1051 1867 1105 faculis
1904 1062 1958 1105 et
2006 1052 2121 1105 sine

540 1144 791 1205 incenso;
824 1151 876 1196 et
921 1144 1215 1196 ascendens
1250 1140 1449 1194 nudum
1484 1142 1768 1208 pulpitum,
1830 1156 1934 1194 non
1980 1140 2123 1195 dicat

542 1232 791 1287 Dominus
822 1234 1093 1296 robiscum,
1147 1232 1239 1287 sed
1296 1232 1607 1301 sinipl'citer
1634 1231 1966 1287 dicitl’assio
2009 1230 2120 1284 Do-

543 1324 665 1375 mini
695 1324 854 1377 nostri
884 1323 1007 1377 Jesu
1038 1323 1245 1391 Christi,
1278 1334 1424 1389 etc.;
1457 1333 1530 1388 et,
1569 1324 1710 1377 nullo
1743 1324 2121 1393 respondente,

544 1412 680 1480 legat
712 1412 777 1466 In
809 1413 897 1467 illo
923 1421 1143 1481 tempore
1171 1430 1393 1485 egrrssus
1437 1423 1527 1479 est,
1588 1425 1695 1469 etc.
1744 1414 1878 1468 Cum
1944 1425 2121 1469 autem

546 1512 760 1556 ventum
808 1501 1058 1556 fueritad
1088 1518 1209 1557 eum
1264 1504 1436 1557 locum
1495 1506 1581 1557 ubi
1639 1505 1832 1559 dicitur
1889 1505 2124 1559 Tradidit

546 1594 803 1659 spiritum,
856 1595 1035 1648 statim
1068 1595 1323 1649 diaconus
1371 1595 1592 1665 genuflet
1616 1597 1677 1649 tit
1730 1599 1795 1649 ad
1838 1596 2023 1662 Deum,
2073 1607 2125 1652 et

546 1697 733 1738 omnes
764 1684 1034 1751 similiter,
1066 1694 1120 1739 et
1172 1693 1319 1739 stant
1369 1685 1590 1755 genibus
1654 1685 1809 1740 ﬂexis
1862 1697 2121 1756 quantum

546 1771 648 1827 dici
679 1785 858 1842 posset
891 1776 1045 1830 Pater
1091 1786 1280 1830 noster.
1335 1779 1483 1831 'l'uuc
1534 1792 1759 1847 surgens
1789 1778 2041 1834 diaconus
2071 1790 2125 1835 et

2220 588 2530 642 cantoribus
2575 588 2629 642 in
2658 588 2847 645 choro.
2881 588 3075 644 Iterum
3102 589 3336 658 pontifex
3371 590 3665 657 paululum
3706 605 3847 656 pro-

2219 676 2434 743 cedens,
2463 688 2515 732 et
2535 692 2748 733 crucem
2779 678 2843 732 ad
2869 679 3209 733 medietatem
3236 679 3681 748 discooperiens,
3721 694 3848 734 atu-

2224 766 2360 836 plius
2399 768 2620 822 elevatis
2656 768 2933 833 manibus,
2990 769 3275 822 exaltando
3306 784 3523 839 vocem,
3570 770 3845 824 eamdem

2222 857 2587 926 Autipltonam
2634 858 2782 912 Solus
2832 857 3039 929 incipit,
3090 859 3141 913 in
3194 861 3460 913 cantando
3508 860 3843 929 iuvantibus

2222 963 2341 1002 eum
2365 949 2453 1017 qui
2490 948 2631 1002 circa
2664 949 2835 1017 ipsum
2876 958 3033 1014 sunt,
3061 955 3116 1003 et
3155 949 3393 1003 secundo
3423 965 3453 1003 a
3497 950 3839 1005 cantoribus

2224 1038 2522 1104 Antipltona
2556 1038 2833 1109 repetitur.
2863 1038 2929 1092 Et
2962 1038 3119 1093 tertio
3148 1039 3382 1107 procedit
3414 1038 3669 1109 pontifex
3701 1048 3840 1095 ante

2225 1127 2416 1189 altare,
2450 1127 2846 1198 discooperieus
2889 1143 3103 1184 crucem
3145 1139 3332 1196 t0tam,
3362 1132 3562 1185 erectis
3603 1145 3835 1185 sursum

2225 1218 2490 1283 manibus,
2524 1220 2680 1273 altius
2712 1219 2898 1288 incipit
2942 1219 3074 1274 Ecce
3111 1220 3308 1291 lignum
3339 1223 3545 1285 erucis;
3583 1234 3639 1275 et
3672 1224 3837 1276 tertio

2225 1325 2252 1363 a
2277 1313 2583 1365 cantoribus
2606 1312 2863 1380 repetitur
2885 1312 3187 1377 Antipltona
3214 1323 3308 1380 ;et
3339 1314 3501 1366 tertio
3539 1314 3673 1366 dum
3703 1328 3835 1366 cau-

2228 1413 2366 1456 tatur
2405 1402 2581 1457 Venite
2635 1403 2927 1467 adoremus,
2969 1405 3221 1458 adoratur
3250 1405 3317 1457 ab
3363 1406 3645 1459 omnibus.
3683 1407 3835 1460 Tunc

2228 1493 2468 1561 pontifex
2504 1508 2623 1547 cum
2667 1493 2990 1548 cbirotliecis
3022 1494 3250 1547 nondum
3283 1498 3552 1549 extractis
3606 1498 3833 1559 de,:onit

2230 1585 2474 1639 manibus
2503 1584 2612 1638 suis
2641 1599 2853 1638 crucem
2882 1599 3045 1653 super
3070 1594 3292 1639 stratum
3330 1586 3554 1653 pallium
3587 1596 3641 1639 et
3678 1602 3837 1639 mun-

2228 1673 2446 1727 disSima
2488 1673 2794 1729 linteamina
2825 1675 2987 1745 369
3016 1674 3079 1728 ad
3119 1675 3352 1729 radicem
3379 1676 3597 1738 altaris,
3626 1686 3685 1731 et
3714 1677 3827 1731 dis-

2229 1764 2495 1820 calceatns
2527 1764 2685 1819 tertio
2713 1774 3009 1834 prostratus
3041 1765 3187 1819 solus
3218 1781 3436 1821 crucem
3470 1767 3688 1821 adurat.
3716 1770 3831 1833 Quo

547 1863 658 1929 alii,
689 1874 741 1919 et
769 1868 1106 1934 prosequitur
1135 1877 1191 1920 ut
1236 1867 1583 1922 inchoaverat
1631 1869 1961 1923 I’assionem.
1996 1870 2127 1924 Cum
2161 1855 2209 1915 Β
2236 1856 2399 1925 ΐτιεῐο,
2423 1860 2707 1912 Γενθτῑὶιυτ
2746 1858 2810 1911 ad
2837 1856 3017 1912 sedem
3045 1872 3218 1925 suam,
3250 1869 3304 1914 et
3335 1860 3407 1914 ibi
3434 1860 3633 1928 recipit
3660 1861 3828 1930 depo‘

556 1962 733 2010 autem
776 1964 992 2011 ventum
1028 1957 1184 2011 fuerit
1214 1957 1279 2011 ad
1317 1974 1434 2012 eum
1466 1960 1639 2012 locum
1673 1959 1760 2014 ubi
1791 1960 1980 2014 dicitur
2005 1944 2131 2015 Post

556 2044 662 2097 haec
694 2056 862 2099 autem
884 2048 1078 2118 rogavit
1108 2045 1364 2113 Pilatum,
1396 2049 1626 2118 acolythi
1653 2060 2038 2119 reprmsentent
2065 2068 2131 2108 ex

557 2135 1082 2203 tttore.tlturibulum,
1134 2149 1188 2192 et
1245 2140 1479 2207 pontifex
1535 2150 1773 2208 imponat
1832 2141 2128 2209 incensum,

552 2227 692 2293 quod
728 2228 956 2298 acolytlti
1011 2240 1225 2300 portant
1278 2232 1342 2285 ad
1393 2232 1761 2301 Evangelium,
1808 2242 1862 2288 et
1918 2244 2131 2303 portant

551 2315 714 2371 etiam
765 2318 967 2374 faculas
1033 2336 1307 2377 accensas.
1372 2322 1547 2376 Finito
1600 2338 1728 2377 vero
1802 2325 2130 2395 Evangelia,

553 2420 857 2479 reportatur
903 2411 1038 2467 liber
1088 2427 1206 2466 cum
1254 2413 1475 2468 incenso
1524 2413 1918 2470 deosculandus
1962 2417 2135 2485 ponti-

553 2504 659 2557 fici.

623 2594 792 2666 368
834 2593 961 2648 Post
1006 2594 1119 2648 haec
1169 2596 1459 2649 secundum
1510 2597 1799 2654 modernos
1857 2600 2135 2656 consuevit

555 2682 668 2738 fieri
690 2699 869 2737 sermo
922 2699 1014 2753 per
1067 2685 1294 2753 aliquem
1336 2688 1649 2757 magistrum
1705 2689 1758 2742 in
1829 2690 2131 2759 theologia,

557 2772 640 2825 vel
670 2774 969 2840 praelatum;
1017 2788 1069 2829 et
1115 2776 1203 2830 ille
1252 2776 1341 2846 qui
1385 2778 1510 2832 facit
1552 2792 1878 2848 sermonem,
1912 2782 2136 2849 genibus

557 2861 712 2918 ﬂexis
762 2874 885 2919 ante
936 2882 1123 2936 papam
1192 2870 1321 2932 petit
1376 2869 1833 2940 Benedictionem,
1893 2873 1986 2927 sed
2029 2889 2134 2929 non

556 2953 896 3010 deosculatur
948 2958 1175 3027 pedem;
1228 2960 1322 3014 sed
1394 2960 1571 3015 habita
1628 2961 2025 3030 Benedictione,
2083 2974 2138 3019 et

562 3054 775 3115 recepta
831 3048 1158 3117 indulgentia
1210 3052 1596 3119 pronuntianda
1648 3065 1743 3120 per
1785 3066 2086 3108 sermonem
2116 3098 2130 3122 ,

557 3136 703 3191 vadit
733 3138 799 3191 ad
832 3140 1004 3193 locum
1032 3141 1243 3194 solitum
1290 3157 1384 3210 pro
1429 3158 1676 3197 sermone
1706 3144 1973 3198 faciendo.
2005 3148 2134 3200 Cum

2235 1948 2336 2004 sita
2365 1949 2733 2004 calciamenta.

2313 2057 2331 2092 ε
2371 2039 2668 2095 Notandum
2703 2039 3120 2110 quodidominus
3158 2040 3451 2111 Gregorius
3482 2042 3577 2109 XI,
3622 2057 3830 2098 necnon

2235 2131 2483 2186 dominus
2525 2129 2769 2187 Urbanus
2812 2129 2905 2199 Vl,
2952 2132 3175 2186 Romani
3218 2133 3524 2200 pontifices,
3559 2150 3829 2203 nunquam

2235 2224 2518 2281 voluerunt
2559 2238 2620 2279 se
2664 2224 2991 2279 discalcearc
3030 2225 3081 2279 in
3130 2223 3379 2279 cathedra
3429 2239 3603 2292 prepe
3638 2225 3828 2292 altare,

2236 2318 2473 2372 creditur
2502 2317 2639 2385 quod
2671 2325 2889 2386 propter
2909 2322 3267 2371 reverentiam
3286 2317 3496 2383 altaris,
3530 2316 3654 2384 quia
3672 2316 3825 2371 ambo

2237 2406 2415 2462 devoti
2442 2415 2630 2472 erant;
2654 2407 2745 2461 sed
2778 2407 2829 2460 in
2862 2407 2959 2461 alia
2990 2422 3179 2475 magna
3215 2406 3469 2460 cathedra
3495 2407 3659 2461 etiam
3690 2408 3823 2462 nuda

2240 2498 2396 2567 longe
2413 2497 2479 2551 ab
2503 2497 2692 2564 altare,
2716 2497 2803 2551 ubi
2820 2505 3206 2551 consueverunt
3230 2512 3286 2551 se
3304 2498 3527 2552 induere
3554 2498 3607 2552 in
3629 2500 3823 2553 solem-

2241 2587 2512 2642 nitatibus.
2536 2588 2722 2642 Postea
2740 2602 2924 2641 omnes
2951 2586 3246 2641 cardinales
3272 2588 3583 2642 discalceati
3612 2606 3664 2642 Ill
3697 2589 3827 2645 locis

2240 2678 2351 2731 suis
2379 2692 2474 2745 per
2504 2692 2687 2732 eorum
2713 2675 3026 2742 familiares,
3053 2676 3209 2730 nudis
3243 2676 3465 2745 prdtbus
3493 2678 3691 2730 vadunt
3715 2678 3817 2731 bini

2241 2770 2306 2823 ad
2338 2769 2664 2823 adorandum
2709 2782 2921 2822 crucem
2958 2767 3247 2822 secundum
3280 2766 3521 2821 ordinem
3565 2783 3741 2831 suum,
3771 2776 3821 2822 et

2244 2877 2346 2915 non
2379 2860 2595 2914 ﬂectunt
2634 2874 2826 2928 genua.
2876 2858 3134 2912 Simili'er
3178 2868 3230 2910 (ι
3268 2873 3457 2912 ortiues
3497 2859 3589 2911 alii
3636 2858 3819 2913 ibidem

2246 2962 2534 3023 prasentes
2558 2966 2622 3006 eo
2649 2951 2807 3005 modo
2828 2951 3069 3004 eamdem
3095 2966 3306 3006 crucem
3339 2950 3587 3003 adorant.
3625 2969 3643 3001 ι

2315 3043 2655 3099 Postmodum
2680 3044 2854 3097 omnis
2872 3041 3063 3096 chorus
3080 3042 3321 3096 ordinate
3344 3042 3590 3095 adorent.
3616 3042 3817 3096 Interim

2244 3144 2418 3189 autem
2434 3142 2676 3189 cantores
2689 3142 2900 3188 cantent
2913 3133 3142 3187 vicissim
3163 3132 3337 3202 Agias,
3363 3142 3667 3200 repetentes
3685 3133 3818 3187 Satio

560 3236 738 3283 autem
785 3229 841 3282 fit
886 3244 1081 3297 sermo,
1129 3246 1264 3299 papa
1293 3232 1443 3286 sedet
1472 3232 1522 3286 in
1554 3234 1804 3288 cathedra
1839 3235 1979 3289 nuda
2010 3246 2133 3291 ante
2161 3230 2207 3293 α
2242 3237 2349 3280 ctus
2370 3218 2922 3293 Deus,sanctusfortis,
2946 3234 3077 3290 etc.,
3098 3225 3421 3293 AntiphOna,
3441 3222 3644 3295 Popule
3666 3241 3813 3289 meus,

559 3319 745 3384 altare,
774 3328 962 3374 tenens
990 3322 1201 3375 mitram
1228 3325 1276 3375 in
1301 3324 1499 3391 capite.
1534 3326 1649 3391 Quo
1671 3340 1923 3381 sermone
1962 3328 2128 3393 finito,

559 3424 664 3466 non
709 3411 903 3465 dicitur
929 3410 1206 3481 Conﬁteor,
1252 3413 1343 3467 sed
1378 3415 1554 3469 statim
1610 3416 1693 3470 ille
1723 3417 1809 3485 qui
1860 3417 1982 3472 fecit
2012 3434 2135 3487 pro-

561 3501 771 3555 nuntiat
832 3502 1209 3571 indulgentiam
1268 3504 1335 3560 de
1407 3507 1655 3558 mandato
1714 3518 1767 3561 et
1823 3510 2137 3566 auctoritate

562 3605 733 3660 papae,
759 3592 904 3647 verbi
930 3596 1099 3662 gratia
1123 3594 1190 3649 de
1232 3604 1435 3665 septem
1485 3598 1640 3652 annis
1675 3608 1726 3653 et
1765 3608 1970 3666 septem
2004 3616 2137 3670 qua-

559 3684 826 3753 dragenis.

632 3775 931 3830 Notandum
964 3778 1100 3845 quod
1136 3780 1279 3849 prior
1307 3779 1565 3837 diaconus
1593 3784 1903 3851 cardinalis,
1941 3787 2030 3854 qui
2059 3801 2141 3842 as-

560 3866 695 3919 sistit
729 3882 878 3936 papm
907 3885 933 3921 a
959 3869 1182 3935 dextris,
1213 3871 1264 3925 in
1319 3872 1436 3926 istis
1488 3872 1833 3929 Orationibus
1865 3875 1991 3929 dicit
2014 3874 2141 3931 Fle-

561 3966 758 4010 ctamus
786 3975 973 4029 genua,
1007 3971 1057 4015 et
1081 3963 1349 4017 secundus
1379 3965 1506 4019 dicit
1538 3964 1716 4020 Levate
1734 3983 1754 4032 ;
1779 3968 1919 4035 quod
1954 3978 2138 4038 postea

562 4045 687 4099 dicit
715 4050 977 4103 secundus
1028 4047 1324 4106 Flectamus
1351 4069 1536 4123 genua,
1582 4064 1631 4109 et
1666 4056 1851 4110 tertius
1883 4057 2140 4114 diaconus

562 4134 690 4189 dicit
718 4134 935 4203 Levate;
964 4138 1106 4207 quod
1144 4144 1330 4196 tertius
1369 4143 1623 4197 diaconus
1653 4152 1836 4213 postea
1866 4145 1992 4200 dicit
2021 4146 2141 4203 Fle-

561 4232 752 4278 ctamus
776 4242 963 4296 genua,
1009 4238 1059 4281 et
1090 4238 1309 4296 quartus
1363 4231 1652 4300 rcSpOndet
1700 4231 1898 4299 Levate,
1956 4247 2009 4289 et
2062 4236 2142 4291 sic

563 4334 727 4389 usque
753 4320 817 4374 ad
852 4321 1128 4386 ultimum;
1162 4331 1234 4389 et,
1266 4320 1310 4374 si
1355 4331 1566 4391 oportet
1609 4333 1869 4392 repetere,
1919 4324 1986 4379 ad
2033 4326 2135 4395 pri-

561 4424 703 4462 mum
730 4409 1033 4466 diaconum.

629 4501 781 4556 Tunc
814 4504 1050 4571 pontifex
1093 4519 1320 4575 surgens
1347 4503 1475 4559 dicit
1508 4503 1602 4560 ltas
1632 4504 1899 4561 solemnes
1928 4505 2136 4561 Oratio-

2240 3319 2359 3387 quia
2380 3317 2534 3371 eduxi
2556 3326 2601 3369 te
2626 3316 2687 3369 de
2712 3325 2862 3368 terra.
2894 3316 3030 3381 Quid
3049 3314 3182 3368 ultra
3200 3315 3351 3367 debui
3366 3315 3555 3381 facere,
3571 3331 3689 3368 cum
3715 3325 3816 3368 toto

2241 3407 2566 3478 itnproperio
2587 3424 2601 3474 ;
2626 3416 2677 3462 et
2700 3407 2829 3460 alias
2848 3406 3198 3475 Antipltonas,
3217 3407 3503 3458 Adoramus
3526 3416 3593 3469 te,
3610 3406 3816 3471 Christe,

2240 3497 2450 3555 Crucem
2477 3508 2638 3565 tuam,
2663 3508 2715 3552 et
2739 3496 2894 3553 Salva
2918 3512 3028 3561 nos,
3046 3494 3261 3562 Christe,
3285 3498 3454 3560 salva;
3478 3505 3534 3550 et
3567 3497 3817 3567 Psalmus,

2244 3591 2381 3648 Deus
2403 3593 2719 3657 misereatur,
2747 3600 2801 3644 et
2818 3591 3075 3661 llymnus,
3108 3589 3299 3659 Pange,
3324 3598 3376 3644 et
3403 3590 3548 3644 Crux
3568 3590 3755 3658 ﬁdelis.

2320 3703 2340 3737 ι
2390 3685 2557 3739 Finita
2583 3686 2892 3738 adorat'one
2908 3680 3103 3747 crucis,
3128 3682 3349 3735 sacrista
3370 3682 3451 3735 vel
3468 3680 3612 3734 alius
3633 3681 3698 3734 ad
3732 3681 3820 3733 hoc

2242 3778 2525 3847 deputatus
2552 3776 2776 3845 deponit
2796 3790 3008 3829 crucem
3041 3776 3090 3827 in
3116 3788 3213 3827 suo
3234 3772 3351 3828 loco
3378 3788 3542 3842 super
3566 3774 3753 3835 altare,
3777 3780 3820 3828 et

2243 3868 2485 3923 accendit
2507 3864 2785 3921 luminaria
2814 3865 2865 3919 iu
2894 3865 3081 3930 altare,
3113 3872 3167 3919 et
3205 3865 3481 3934 pecuniam
3514 3864 3747 3918 oblatam
3776 3865 3821 3917 in

2243 3960 2416 4014 crucis
2440 3958 2751 4013 adoratione
2766 3957 2982 4011 sacristu
2999 3959 3182 4027 recipit
3204 3957 3316 4011 sola
3337 3958 3436 4012 hac
3454 3958 3565 4023 die,
3581 3958 3822 4027 quoniam

2242 4066 2336 4105 sua
2373 4060 2490 4117 est;
2533 4052 2583 4105 in
2620 4051 2739 4104 aliis
2772 4065 2900 4105 vero
2929 4059 3014 4105 est
3057 4051 3336 4120 capellani.
3369 4052 3489 4119 Ipsa
3518 4067 3652 4121 ergo
3678 4068 3821 4107 cruce

2244 4139 2331 4205 ita
2363 4140 2646 4205 collocata,
2697 4140 2942 4194 dominus
3000 4141 3353 4209 camerarius,
3400 4142 3481 4195 rel
3528 4142 3667 4194 alius
3718 4140 3822 4211 ejus

2242 4244 2433 4297 gerens
2458 4229 2619 4297 vices,
2643 4230 2800 4283 aliam
2828 4244 3039 4285 crucem
3067 4238 3241 4298 portat
3269 4239 3421 4284 extra
3449 4231 3646 4300 regias,
3676 4231 3820 4284 eruni-

2246 4322 2477 4375 tantibus
2504 4337 2622 4376 eum
2648 4320 2857 4378 clericis
2886 4337 3115 4377 camera:
3143 4333 3198 4377 et
3227 4323 3469 4390 capellae,
3503 4323 3573 4376 ad
3603 4323 3817 4376 adoran-

2242 4412 2372 4467 dum
2404 4414 2541 4467 aliis.

2318 4524 2338 4557 ι
2386 4506 2681 4559 Notandum
2715 4514 2739 4542 ⁸
2764 4505 2907 4575 quod
2945 4505 3271 4575 temporibus
3307 4504 3674 4559 Romanorum
3706 4522 3817 4572 pou-

559 4607 673 4657 nes,
702 4593 939 4663 Oremus,
981 4593 1299 4649 dilectissimi
1352 4595 1516 4661 nobis,
1572 4607 1678 4651 etc.
1723 4597 1781 4651 In
1832 4597 1932 4652 hac
1978 4598 2140 4666 igitur
2168 4600 2216 4660 υ
2244 4598 2441 4653 tilicum
2472 4599 2693 4654 Joannis
2726 4599 2890 4665 XXII,
2934 4600 3203 4654 Benedicti
3247 4598 3362 4663 XII,
3406 4599 3702 4653 Clementis
3742 4597 3816 4658 Vl,

556 4680 810 4739 Oratione
848 4700 943 4755 pro
970 4685 1166 4741 Iudaeis
1196 4687 1389 4742 dicitur
1421 4687 1657 4755 Oremus,
1682 4690 1774 4745 sed
1805 4705 1909 4745 non
1939 4690 2136 4746 dicitur

558 4770 853 4831 Flectamus
878 4794 1058 4849 genua,
1084 4782 1202 4848 quia
1231 4780 1328 4848 ipsi
1359 4780 1459 4835 bac
1487 4781 1574 4837 die
1606 4781 1828 4838 Domino
1861 4783 2135 4839 irridendo

554 4880 726 4934 genua
757 4869 1061 4924 flectebant.
1087 4869 1209 4924 Ideo
1243 4871 1477 4926 Ecclesia
1502 4872 1712 4926 illorum
1740 4872 2134 4930 exltorrescens

558 4955 786 5025 facinus,
816 4975 906 5026 pro
940 4960 1069 5028 ipsis
1096 4977 1199 5016 nou
1230 4963 1391 5017 flectit
1414 4979 1581 5033 genua
1613 4964 1666 5018 in
1707 4964 1965 5019 Oratione
2009 4964 2135 5020 0m-

555 5048 809 5117 nipotens,
836 5058 944 5105 etc.
975 5051 1161 5107 Finitis
1208 5053 1569 5118 Orationibus,
1618 5054 1857 5122 procedit
1897 5057 2132 5125 pontifex

557 5139 623 5193 ad
653 5141 858 5209 altare;
884 5154 938 5198 et
966 5154 1113 5198 stans
1143 5143 1208 5197 ad
1239 5143 1480 5199 dextrum
1527 5159 1693 5198 cornu
1726 5145 1910 5199 altaris
1939 5146 2135 5215 accipit

558 5242 770 5284 crucem
799 5247 828 5285 a
859 5232 1119 5287 ministris
1153 5234 1254 5288 sibi
1284 5243 1630 5303 prmparatam
1669 5234 1895 5290 sindone
1938 5236 2135 5290 munda
2176 5223 2181 5229 ’

561 5328 902 5387 conpertam;
938 5331 993 5376 ct
1018 5323 1415 5392 discooperiens
1442 5339 1559 5379 eam
1602 5340 1631 5379 a
1662 5325 1986 5391 summitate,
2019 5327 2134 5381 ele-

563 5412 703 5464 vatis
725 5415 986 5481 manibus,
1009 5418 1154 5471 solus
1178 5417 1758 5486 iucipitAntiphonam,
1784 5416 1913 5471 Ecce
1934 5417 2134 5489 lignum

560 5507 743 5571 crucis,
770 5508 1141 5577 adjuvantibus
1171 5528 1289 5566 euzu
1338 5512 1392 5567 in
1440 5522 1597 5568 cantu
1626 5515 1711 5583 qui
1743 5514 2001 5568 assistunt
2059 5514 2132 5574 ei.

564 5594 693 5650 Cum
717 5606 892 5653 autem
932 5600 1109 5655 Venite
1131 5602 1400 5658 adoremus
1417 5604 1766 5670 cantaverint,
1795 5619 1983 5661 omnes
2012 5618 2135 5674 prec

560 5686 713 5741 strati
746 5699 1046 5742 reverenter
1070 5692 1313 5760 adorent,
1348 5702 1399 5747 ct
1432 5708 1599 5762 usque
1627 5694 1693 5748 ad
1725 5702 1922 5749 terram
1959 5709 2017 5751 se
2049 5694 2130 5750 itt-

634 5809 658 5837 ⁸
694 5801 817 5853 Ilmc
846 5803 980 5868 apud
1010 5803 1219 5859 Petrum
1255 5812 1330 5862 Au
1355 5809 1444 5862 cili
1475 5810 1522 5863 itt
1548 5820 1662 5878 cap.
1694 5809 1779 5864 76.

2242 4688 2537 4745 Innocentii
2564 4689 2651 4757 Vl,
2692 4689 2889 4745 Urbani
2924 4691 2985 4753 V,
3019 4689 3260 4760 Gregorii
3292 4688 3385 4753 XI,
3423 4698 3479 4743 et
3511 4689 3709 4743 erbani
3744 4688 3815 4751 \‘l,

2240 4781 2339 4836 fuit
2363 4781 2704 4837 observatum
2728 4783 2867 4851 quod
2899 4797 3028 4850 papa
3056 4796 3301 4837 reversus
3323 4781 3389 4834 ad
3411 4782 3746 4847 cathedram,
3771 4790 3817 4836 ut

2242 4871 2328 4927 hic
2359 4872 2579 4938 dicitur,
2610 4872 2662 4927 in
2695 4887 2756 4927 ea
2787 4874 2975 4927 stando
3008 4871 3296 4941 resumpsit
3328 4871 3597 4939 planctum
3625 4873 3813 4943 nigram

2241 4973 2290 5018 et
2325 4962 2537 5030 pallium
2568 4978 2688 5017 cum
2728 4963 2954 5031 spinulis
2984 4964 3050 5017 de
3089 4980 3245 5017 manu
3280 4964 3492 5017 diaconi
3534 4964 3809 5018 cardinalis

2241 5055 2330 5122 qui
2360 5054 2495 5107 dixit
2527 5054 2865 5121 Passionem;
2894 5064 2947 5109 et
2975 5056 3052 5109 sic
3083 5069 3395 5124 progressus
3423 5057 3490 5107 ad
3523 5057 3695 5109 altare
3715 5056 3815 5109 sine

2244 5145 2402 5200 mitra
2433 5156 2485 5201 ct
2511 5148 2625 5201 s':ne
2652 5148 2987 5203 confessione
3012 5158 3289 5213 consueta,
3317 5149 3699 5203 ass'stentibus
3727 5151 3815 5203 sibi

2240 5236 2447 5294 duobus
2460 5239 2767 5294 diaeonibus
2783 5240 3166 5306 cardinaliltus,
3193 5241 3385 5296 deinde
3400 5240 3502 5297 ivit
3527 5258 3647 5296 Cum
3673 5257 3815 5296 cruce

2241 5341 2292 5382 et
2320 5329 2685 5397 luminaribus,
2712 5341 2765 5387 et
2797 5332 3014 5388 incenso
3034 5334 3099 5388 ad
3122 5333 3494 5401 armariolutn,
3522 5349 3619 5388 seu
3645 5335 3808 5404 coplti~

2241 5437 2387 5490 num,
2422 5425 2474 5478 in
2504 5440 2607 5493 quo
2639 5424 2884 5481 hesterna
2941 5426 3027 5481 die
3058 5426 3227 5481 fuerat
3257 5442 3448 5495 corpus
3483 5424 3679 5480 Cltri~ti
3708 5442 3811 5480 cum

2243 5514 2407 5569 calice
2436 5506 2785 5572 reservatum.
2825 5518 2891 5573 Et
2930 5518 3001 5573 ita
3032 5519 3129 5573 fuit
3167 5519 3424 5574 hactenus
3454 5522 3808 5583 observatum.

2241 5609 2379 5676 quod
2403 5608 2671 5666 Romanus
2693 5610 3071 5682 pontifexetnet
3093 5613 3253 5683 370
3279 5612 3342 5668 ad
3360 5613 3702 5667 armariolum
3725 5628 3815 5667 seu

2240 5699 2526 5768 cupitinutu
2553 5700 2716 5770 vadit,
2734 5711 2786 5758 et
2806 5716 2997 5773 corpus
3019 5700 3215 5758 Christi
3243 5710 3415 5772 portat
3437 5703 3500 5757 ad
3524 5704 3688 5759 altare
3702 5720 3804 5756 ctua
