4006 6288
168 322 294 377 121⁸1

1324 312 1587 371 ROMANI
1626 310 1945 366 OliDINES.
1988 339 2054 350 -
2100 308 2236 366 XIV.

3277 315 3414 373 1218

156 443 241 498 Illa
274 440 477 496 tobalea
504 439 573 494 de
602 440 775 495 serico
806 447 1115 508 coopertum
1151 449 1271 493 cum
1316 448 1422 489 uno
1451 433 1645 501 capite,
1676 438 1729 483 ct
1758 441 1800 492 Α
1838 430 1996 495 Deus,
2028 438 2082 483 et
2107 428 2290 483 Oratio
2331 426 2557 495 Respice,
2600 433 2703 481 ctc.
2744 425 2838 480 His
2875 424 3122 481 omnibus
3160 428 3412 499 expletis,

152 528 533 597 cunialioquod
563 529 663 582 sibi
686 528 879 597 pendet
901 543 982 593 su,
1004 525 1666 581 erhumerumsimstrum.
1701 537 1721 572 ι

228 642 244 674 ι
289 622 378 675 llis
425 621 607 684 finitis,
657 620 891 689 pontifex
920 621 1240 674 cliirotliccis
1289 617 1564 687 depositis,
1598 628 1730 685 quas

151 715 369 781 amplius
402 728 504 765 non
538 713 783 778 resumit,
816 721 869 764 et
908 711 1029 765 lotis
1063 711 1326 775 munibus,
1357 724 1417 761 ac
1456 721 1615 761 cruce
1651 706 1732 759 lo-

151 814 265 855 cata
295 804 430 855 inter
473 800 671 854 faculas
704 800 754 853 iu
781 800 970 867 altare,
1010 800 1092 853 vel
1123 808 1147 836 ι
1179 800 1345 853 altare
1378 797 1727 866 ingrediatur.

155 895 431 962 Presbyter
463 890 749 945 cardiualis
792 899 965 959 porttt
1003 903 1199 957 corpus
1228 887 1450 953 Christi,
1485 895 1538 939 et
1580 886 1732 954 ponit

149 1000 307 1053 super
336 985 523 1046 altare,
574 993 629 1038 et
668 983 915 1036 dominus
959 996 1088 1050 papa
1123 982 1293 1047 aperit
1333 979 1624 1046 capsulam,
1672 986 1728 1031 et

150 1093 267 1132 cum
301 1091 455 1129 manu
494 1076 708 1143 accipit,
737 1083 791 1129 et
822 1073 971 1141 poliit
996 1086 1190 1140 corpus
1220 1071 1272 1123 in
1307 1080 1523 1137 patena:
1568 1082 1726 1137 quam

150 1166 338 1236 accipit
364 1166 621 1220 diaconus
651 1182 678 1218 a
720 1165 1068 1231 subdiacono,
1100 1170 1156 1216 et
1189 1171 1330 1216 tenet
1362 1161 1412 1213 in
1452 1175 1643 1224 manu;
1684 1168 1739 1213 ct

148 1257 401 1309 diaconus
435 1255 591 1309 offert
625 1255 672 1309 ei
720 1255 773 1309 in
824 1264 1014 1324 patena
1062 1253 1267 1321 Corpus
1315 1249 1548 1314 Dunini,
1595 1248 1735 1318 quod

148 1334 320 1413 pridie
369 1344 530 1399 fuerit
579 1352 932 1399 reserwtum.
986 1342 1137 1409 Quod
1195 1342 1461 1410 accipiens
1510 1340 1738 1394 collucet

148 1450 311 1504 super
339 1438 617 1504 corporale
644 1436 711 1489 ab
733 1434 921 1490 eodem
944 1435 1171 1488 diacono
1201 1432 1342 1500 prius
1369 1446 1529 1499 super
1555 1430 1739 1482 sindo-

152 1542 275 1580 nem
298 1541 611 1595 expansum.
635 1526 831 1582 Olferat
859 1527 906 1581 ei
932 1526 1154 1580 calicem
1182 1523 1429 1578 similiter
1456 1538 1576 1577 cum
1608 1537 1740 1592 puro

147 1617 299 1683 vino,
347 1628 401 1673 et
422 1619 781 1673 subdiaconus
829 1617 1019 1672 offerat
1067 1616 1354 1685 ampullam
1408 1628 1530 1669 cum
1579 1628 1739 1682 aqua,

145 1726 307 1779 quam
341 1710 579 1779 pontifex
603 1712 727 1764 vino
745 1710 1112 1773 commisceat,
1138 1716 1193 1761 ut
1218 1713 1573 1775 repraesentet
1600 1704 1738 1770 quod

1834 524 2054 590 quisque
2071 536 2191 575 cum
2210 533 2335 587 pare
2355 529 2407 572 et
2431 517 3067 587 absqueconfabulatione
3089 517 3152 572 ad
3178 518 3410 574 invicem

1830 613 2117 667 revertitur
2137 615 2201 666 ad
2233 610 2461 679 propria.
2515 611 2769 663 Dominus
2783 625 2913 679 papa
2929 623 2994 664 eo
3019 611 3104 665 die
3118 626 3222 665 non
3248 620 3429 668 ctenat

1831 717 1948 755 cum
1980 702 2290 768 capellanis,
2324 715 2421 754 nec
2464 700 2725 769 capellani
2764 715 2882 753 cum
2913 715 3013 766 eo;
3046 703 3140 755 sed
3176 705 3263 771 qui
3295 702 3425 757 velit

1834 807 2067 849 coenare.
2101 803 2276 846 CtBuat
2296 791 2486 859 aliquis
2509 807 2629 844 cum
2661 807 2762 860 quo
2790 792 2919 857 volt,
2953 800 3005 844 et
3035 793 3247 861 quando
3276 793 3409 848 vult.

1906 884 2034 937 Item
2064 882 2130 937 de
2158 898 2279 939 sero
2307 883 2373 935 ad
2402 879 2637 937 officium
2670 882 3054 937 Matutinarum
3097 898 3231 952 papa
3283 883 3427 938 venit
3516 931 3524 937 .

1836 976 1900 1027 ad
1943 973 2202 1044 capellam
2250 990 2370 1027 cum
2416 988 2581 1041 cappa
2623 973 2801 1040 cJausa
2844 974 2911 1026 de
2950 975 3181 1028 scarlcto
3224 974 3423 1040 ruben,

1841 1064 2081 1117 foderata
2114 1064 2179 1117 de
2213 1064 2501 1127 liermiuis,
2534 1064 2710 1116 clausa
2743 1077 2770 1115 a
2815 1063 2991 1127 medio
3032 1065 3265 1132 pectoris
3308 1080 3427 1119 sur-

1837 1170 1985 1221 sum,
2018 1166 2070 1208 et
2101 1166 2283 1223 aperta
2316 1155 2590 1208 deorsum.
2621 1155 2891 1208 Cocullam
2921 1170 3132 1223 semper
3163 1167 3310 1212 tenet
3338 1172 3429 1212 su-

1840 1262 1935 1316 per
1973 1256 2165 1314 caput,
2207 1254 2259 1299 et
2299 1246 2413 1297 sine
2455 1245 2610 1296 mitra
2652 1244 2703 1296 in
2744 1244 3001 1297 cathedra
3051 1247 3191 1298 nuda
3238 1247 3423 1312 sedet;

1841 1350 1940 1390 nec
1981 1334 2187 1388 diaconi
2230 1333 2531 1387 cardinales
2561 1333 2753 1389 sedent
2783 1346 2906 1385 ante
2939 1335 3099 1400 pedes
3129 1334 3245 1402 ejus
3276 1335 3327 1388 in
3362 1336 3429 1390 iis

1843 1428 2011 1481 tribus
2043 1424 2351 1487 lliatutiuis,
2400 1438 2575 1492 neque
2617 1423 2670 1477 in
2718 1424 2822 1477 fine
2864 1423 2953 1478 dat
2995 1425 3428 1481 Benedictiouem

1846 1518 1898 1570 in
1931 1517 2082 1585 ipsis.

2060 1605 2240 1661 XCIV.
2295 1604 2436 1660 Ordo
2468 1605 2617 1675 ofﬁcii
2656 1606 2717 1660 tle
2758 1605 2984 1661 Sabbato
3022 1616 3220 1661 sancto.

1920 1700 2156 1756 Sabbato
2187 1708 2409 1765 sancto,
2442 1699 2573 1752 hora
2604 1709 2785 1764 sexta,
2820 1714 2847 1750 a
2882 1699 3146 1754 ministris
3185 1700 3430 1755 ecclesia:

146 1819 216 1856 eo
242 1802 329 1857 die
378 1812 759 1857 emanaverunt
799 1811 1134 1856 sacramenta
1175 1798 1438 1862 ecclesize,
1490 1797 1735 1853 videlicet
1769 1795 1815 1854 B
1842 1790 1977 1859 ignis
2005 1789 2272 1842 Θηυιέιυτ
2307 1788 2373 1840 de
2400 1785 2426 1824 ἀ
2455 1787 2709 1856 crystallo
2738 1787 2852 1841 sive
2882 1787 3056 1855 lapide
3078 1829 3092 1853 ,
3138 1797 3189 1842 et
3230 1803 3427 1844 accen-

146 1895 366 1966 sanguis
393 1904 450 1949 et
471 1909 603 1964 aqua
631 1895 699 1948 de
720 1908 968 1962 corpore.

230 2003 247 2034 ι
296 1984 594 2039 Notandum
620 1984 762 2054 quod
792 1983 847 2037 in
878 1982 1031 2037 Missa
1060 1981 1160 2037 ista
1191 1982 1243 2035 in
1272 1980 1448 2035 officio
1476 1979 1738 2049 capellani

146 2072 316 2127 servit
365 2072 519 2142 Papae
558 2086 693 2127 unus
734 2072 1013 2143 presbyter
1059 2071 1369 2134 cardinalis,
1417 2070 1503 2125 vel
1537 2071 1623 2124 ille
1652 2071 1738 2124 cui

151 2166 299 2238 Papa
328 2169 619 2236 mandavit,
643 2168 726 2224 vel
745 2168 825 2223 cui
850 2168 994 2238 prior
1012 2168 1356 2222 diaconorum
1381 2182 1443 2222 ex
1472 2177 1740 2236 praecepto

151 2257 312 2330 Papte
339 2262 439 2314 hoc
469 2258 644 2315 facere
669 2260 1017 2315 commiserit.
1058 2278 1077 2311 ι

228 2351 283 2405 In
312 2352 625 2420 quibusdam
656 2367 784 2406 vero
813 2350 1055 2407 ecclesiis
1077 2347 1105 2386 ι’
1142 2364 1329 2419 purum
1373 2349 1550 2402 vinum
1585 2346 1741 2402 hodie

150 2443 275 2498 sine
298 2459 434 2512 aqua
463 2444 705 2511 offertur,
742 2454 799 2498 ut
827 2444 881 2497 in
912 2458 1041 2511 puro
1067 2452 1120 2498 et
1153 2443 1271 2495 forti
1304 2442 1426 2495 vino
1456 2440 1742 2495 crudelitas

151 2534 458 2589 Judworum
508 2543 945 2603 reprtrsentetur,
1012 2542 1066 2587 et
1141 2532 1404 2601 asperitas
1482 2530 1739 2599 passionis

147 2624 371 2681 Christi.
408 2627 682 2680 Collocato
722 2633 900 2680 autem
946 2626 1111 2679 calice
1138 2624 1206 2679 de
1252 2620 1647 2677 consuetudine
1675 2621 1741 2674 ad

153 2722 295 2773 latus
322 2720 573 2774 dominici
614 2720 858 2786 Corporis
895 2733 924 2771 a
967 2719 1214 2782 diacono,
1253 2714 1441 2770 offerat
1471 2714 1520 2768 ei
1562 2715 1743 2767 incen-

149 2824 313 2874 sum;
358 2819 412 2864 ct
450 2809 709 2879 pontifex,
753 2822 807 2865 ut
847 2823 966 2864 mos
1012 2817 1116 2873 est,
1158 2816 1442 2875 utrumque
1492 2806 1741 2859 adoleat:

150 2900 351 2955 deinde
381 2901 597 2955 inclinat
619 2915 677 2955 se
700 2910 824 2955 ante
839 2900 1007 2955 altare
1027 2913 1207 2960 orans,
1231 2906 1286 2953 et
1313 2897 1519 2962 dicens,
1554 2894 1617 2948 In
1642 2897 1746 2967 spi-

152 2994 262 3046 ritu
308 2992 640 3059 humilitatis;
689 3007 744 3048 et
786 3003 999 3048 erectus
1055 2991 1291 3061 pontifex
1353 2989 1511 3045 vertit
1565 3003 1626 3043 se
1678 2988 1745 3042 ad

152 3083 433 3152 pupulum,
464 3084 648 3138 dicens
697 3083 873 3148 Orate,
918 3084 1122 3153 fratres.
1167 3080 1368 3135 Deinde
1406 3080 1548 3134 dicat
1592 3080 1742 3148 plana

1841 1882 2006 1936 ditur.
2036 1880 2225 1935 .lunior
2257 1880 2689 1950 presbyterorum
2725 1877 3074 1932 cardiua'ium
3095 1920 3111 1944 ,
3159 1879 3325 1941 sacris
3351 1880 3432 1934 in-

1839 1979 2029 2031 d.:ctus
2060 1975 2328 2038 vestibus,
2356 1989 2478 2027 cum
2508 1987 2670 2026 cruce
2693 2013 2706 2035 ,
2737 1986 2873 2039 aqua
2905 1972 3181 2025 benedicta
3202 2014 3218 2038 ,
3251 1983 3306 2027 et
3340 1974 3419 2027 in-

1840 2086 2004 2126 censo
2026 2112 2040 2135 ,
2086 2068 2354 2124 benedicit
2404 2081 2595 2119 novum
2640 2066 2835 2134 ignem.
2877 2064 3056 2119 Oratio
3086 2083 3099 2119 :
3134 2064 3270 2118 Deus
3292 2104 3308 2131 ,
3336 2069 3424 2135 qui

1844 2182 1931 2233 per
1965 2162 2161 2217 Filium
2187 2172 2329 2214 tuum
2351 2201 2365 2225 ,
2393 2158 2693 2228 angularem
2713 2198 2726 2219 ,
2755 2168 2858 2210 etc.
2893 2156 3110 2209 Domine
3140 2157 3296 2221 Deus,
3323 2157 3429 2210 Pa-

1842 2266 1918 2310 ter
1948 2255 2265 2323 omnipotens
2285 2292 2299 2317 ,
2334 2250 2503 2303 lumen
2532 2248 2749 2316 iudeﬁci
2770 2264 2827 2300 ns
2846 2287 2862 2312 ,
2892 2257 2996 2301 etc.
3045 2246 3258 2299 Domine
3301 2264 3428 2301 san-

1843 2359 1919 2402 cte
1941 2389 1957 2414 ,
1997 2347 2154 2399 Pater
2185 2345 2501 2414 omnipotens
2521 2383 2535 2405 ,
2566 2350 2754 2395 (sterne
2787 2338 2923 2392 Deus
2942 2380 2955 2403 ,
2987 2337 3435 2393 Benedictiouibus

1845 2441 1988 2495 nobis
2008 2481 2022 2505 ,
2054 2449 2162 2492 etc.
2202 2435 2413 2497 Veniat,
2445 2448 2764 2503 quwsumus,
2797 2432 3150 2499 omnipotens,
3185 2447 3214 2485 e
3239 2446 3289 2485 c.

1919 2531 2209 2585 Benedicto
2260 2527 2412 2594 igne,
2461 2533 2777 2593 aspergatur
2827 2536 2966 2589 aqua
3017 2519 3328 2586 benedicta,
3380 2529 3434 2575 et

1854 2622 2135 2675 adolentur
2168 2615 2483 2671 incenso'de
2515 2614 2630 2683 ipso
2664 2614 2785 2680 igne
2826 2613 2877 2665 in
2920 2610 3192 2664 thuribnlo
3236 2613 3432 2679 posito.

1850 2698 2055 2768 Deinde
2087 2713 2346 2765 diaconus
2378 2708 2562 2777 junior
2600 2707 2760 2776 372
2801 2705 3148 2758 diaconorum
3192 2703 3434 2755 cardina-

1851 2805 1978 2858 lium
2002 2843 2017 2867 ,
2053 2801 2336 2855 dalmatica
2368 2798 2620 2861 indutus,
2650 2795 2825 2861 venit,
2870 2803 2922 2848 et
2967 2793 3035 2847 de
3075 2805 3235 2846 manu
3279 2791 3434 2846 mini-

1848 2908 2080 2950 strorum
2112 2892 2305 2957 accipit
2332 2888 2647 2943 arundinem
2680 2885 2838 2939 trium
2870 2884 3169 2938 cubitorum
3200 2891 3256 2937 et
3281 2883 3435 2936 dimi-

1849 2989 1921 3043 dii
1955 2985 2156 3049 cubiti,
2190 2982 2452 3049 triplicem
2483 2977 2765 3031 candelam
2792 3015 2806 3039 ,
2836 2990 2995 3044 quam
3039 2974 3107 3027 de
3149 2987 3289 3026 novo
3317 2972 3437 3041 igne

1852 3078 2210 3133 illuminatam
2267 3071 2493 3141 imponit
2546 3067 2829 3129 arundini,
2883 3065 3265 3120 comitantibus
3315 3078 3436 3117 eum

152 3189 311 3239 voce,
346 3183 402 3228 ut
428 3189 544 3229 mos
573 3183 676 3240 est,
710 3174 811 3227 Per
843 3175 1015 3227 omnia
1040 3172 1230 3227 sterula
1256 3174 1581 3227 swculorum.
1619 3170 1745 3224 Dre-
1772 3162 1818 3223 C
1852 3165 2304 3227 subdiaconibus,
2338 3159 2651 3216 cantoribus
2681 3168 2736 3213 et
2762 3157 2982 3225 reliquis
3022 3155 3088 3210 de
3130 3156 3273 3210 clero
3314 3170 3433 3209 cum

150 3278 290 3316 mus.
321 3262 596 3335 Prwceptis
617 3264 950 3318 salutaribus.
970 3262 1326 3327 Patcruoster,
1358 3272 1460 3316 etc.
1492 3262 1745 3316 Oratione

155 3353 438 3410 Dominfca
470 3356 763 3423 completa,
795 3356 938 3409 dicat
970 3355 1105 3409 hanc
1132 3355 1441 3408 Orationem
1475 3352 1525 3405 iu
1557 3352 1743 3406 eadem

151 3457 307 3513 nota,
364 3446 547 3501 Libera
584 3464 696 3513 nos,
751 3465 1059 3517 quresumus,
1119 3446 1356 3512 Domine,
1417 3450 1480 3501 ab
1517 3448 1747 3501 omnibus

152 3539 336 3604 matis,
368 3549 473 3591 etc.
516 3536 660 3605 Resp
698 3552 793 3591 nso
823 3548 1000 3592 autem
1041 3540 1221 3605 Amen,
1269 3537 1460 3607 frangit
1507 3538 1745 3592 Hostiam

149 3629 452 3684 secundum
492 3628 952 3694 consuetudini-in,
996 3644 1197 3698 ponens
1241 3631 1307 3684 de
1354 3646 1416 3683 ea
1454 3630 1505 3684 iu
1554 3632 1743 3694 calice,

154 3720 301 3775 nihil
329 3720 536 3776 dicens.
561 3719 1085 3775 Sanctificatureuim
1116 3723 1291 3774 viuum
1323 3736 1426 3775 non
1460 3720 1746 3776 consecra-

156 3821 279 3866 tum
333 3827 426 3882 per
478 3826 672 3881 corpus
728 3813 936 3867 Domini
981 3814 1298 3868 immissum.
1363 3811 1480 3865 Pax
1546 3812 1751 3865 Domini

151 3920 267 3958 non
302 3904 476 3958 datur.
511 3904 684 3974 Agnus
724 3904 820 3958 Dei
849 3921 951 3959 non
983 3914 1244 3970 cantatur,
1278 3919 1376 3959 nec
1415 3906 1557 3973 pacis
1587 3918 1749 3958 osou-

151 3996 271 4050 lum
303 3997 476 4060 datur,
502 4011 599 4050 nec
628 3996 1059 4051 Postcommunio
1086 4005 1353 4050 cantatur.
1377 3994 1753 4049 Communicat

148 4097 339 4142 autem
390 4087 547 4158 371
596 4088 741 4142 solus
784 4086 1015 4157 pointifex
1052 4087 1168 4142 sine
1213 4086 1490 4152 ministris,
1538 4100 1640 4139 nou
1687 4084 1751 4137 ad

149 4180 349 4236 sedem
371 4179 701 4246 solemniter,
729 4182 824 4235 sed
850 4180 944 4245 ibi,
969 4187 1173 4234 tantum
1203 4194 1269 4233 eo
1296 4178 1384 4233 die
1412 4187 1537 4232 ante
1560 4178 1749 4243 altare,

152 4273 233 4327 ob
268 4270 622 4326 humilitatem
664 4272 980 4327 reverentia:
1006 4271 1109 4326 diei
1143 4279 1197 4325 et
1226 4268 1489 4339 passionis
1518 4267 1749 4331 Christi;

156 4376 181 4403 ε
223 4364 493 4433 perfundit
533 4367 581 4420 in
613 4366 798 4431 calice,
828 4375 879 4419 et
924 4365 1037 4434 ipse
1072 4364 1255 4428 sumit,
1306 4374 1359 4417 et
1405 4373 1584 4432 posrea
1633 4373 1752 4414 cum

149 4473 305 4525 aqua
333 4458 381 4511 in
403 4458 680 4513 bacilibus.
706 4458 908 4513 Deinde
928 4459 1139 4513 rediens
1157 4457 1220 4510 ad
1250 4455 1457 4521 sedero,
1480 4462 1640 4507 exuat
1665 4466 1747 4519 se,

1854 3259 2055 3331 populo
2092 3254 2517 3329 pratcedentibus
2548 3250 2804 3305 ministris
2832 3264 2953 3304 cum
2982 3262 3141 3302 cruce
3170 3260 3220 3303 et
3250 3248 3436 3302 incen-

1850 3368 1913 3408 so
1936 3394 1950 3418 ,
1984 3361 2133 3406 stans
2165 3350 2219 3402 in
2251 3354 2405 3417 porta
2431 3344 2704 3408 ecclesiae,
2753 3341 2972 3397 elevatis
3018 3339 3285 3408 paululum
3328 3353 3439 3392 ma-

1853 3445 2009 3500 nibus
2032 3484 2046 3508 ,
2080 3440 2208 3495 dicit
2237 3454 2425 3508 magna
2456 3451 2589 3491 voce
2618 3434 2811 3487 Lumen
2846 3433 3033 3486 Christi
3057 3448 3075 3496 ;
3117 3432 3440 3499 τθδιιοηᾱρηι

1850 3536 1937 3592 alii
1968 3534 2080 3589 Deo
2110 3532 2325 3605 gratias.
2362 3527 2605 3584 Procedit
2635 3541 2801 3595 usque
2830 3524 2893 3576 ad
2926 3523 3115 3577 ostium
3146 3522 3294 3576 chori
3316 3566 3332 3588 ,
3362 3531 3439 3587 et,

1851 3630 2071 3684 elevatis
2130 3627 2374 3681 manibus
2430 3623 2694 3690 amplius,
2746 3618 3012 3675 excelsius
3063 3614 3195 3670 dicit
3248 3616 3443 3670 Lumen

1854 3719 2078 3782 Christi;
2107 3715 2554 3786 respondentibus
2584 3712 2776 3767 iterum
2810 3708 2915 3763 Deo
2947 3708 3159 3780 gratias.
3193 3705 3443 3763 Procedit

1855 3825 2024 3879 usque
2051 3808 2115 3863 ad
2148 3808 2381 3862 medium
2424 3805 2572 3860 chori
2602 3822 2616 3870 ;
2649 3814 2730 3867 et,
2766 3802 2883 3871 plus
2915 3801 3135 3856 elevatis
3167 3799 3442 3862 manibus,

1857 3901 2016 3954 tertio
2071 3897 2232 3950 altius
2288 3895 2417 3950 dicit
2469 3894 2663 3947 Lumen
2722 3890 2945 3955 Christi,
2998 3889 3445 3958 reSpondcntibus

1857 3989 2108 4044 erunibus
2156 3985 2268 4039 Deo
2312 3985 2531 4055 gratias.
2574 3980 2831 4036 Ascendit
2873 3980 2937 4033 ad
2983 3990 3228 4035 ornatum
3274 3982 3445 4050 pulpi.

1859 4090 1967 4135 tum
1993 4120 2010 4146 ,
2037 4086 2091 4134 et
2120 4075 2419 4132 illuminato
2452 4087 2642 4143 magno
2673 4086 2863 4137 ceree,
2899 4080 2951 4123 et
2981 4070 3252 4124 incensato
3283 4070 3444 4135 libro,

1859 4170 2042 4239 incipit
2083 4168 2327 4224 absolute
2370 4163 2802 4219 Benedictionem
2843 4160 3025 4217 cerei:
3075 4158 3309 4213 Easultet
3329 4162 3444 4231 jam

1858 4265 2091 4335 angelica
2123 4262 2245 4315 tuba
2275 4261 2517 4315 oculorum
2537 4300 2552 4323 ,
2586 4266 2691 4311 etc.
2712 4296 2727 4320 ,
2761 4254 2899 4308 sicut
2930 4253 2979 4306 iu
3014 4252 3166 4307 libris
3196 4251 3443 4307 habetur.

1859 4358 2046 4413 Omnia
2092 4350 2377 4408 luminaria
2418 4349 2617 4403 debent
2646 4360 2767 4400 esse
2797 4344 3060 4398 cxsrincta
3082 4386 3095 4409 ,
3132 4352 3185 4396 ut
3215 4342 3280 4395 de
3310 4357 3446 4395 novo

1862 4451 1985 4518 igne
2015 4447 2401 4501 accendantur.
2446 4441 2665 4496 Interim
2698 4448 2877 4492 autem
2907 4436 3031 4491 dum
3064 4448 3253 4490 cereus
3280 4435 3447 4487 bene-

150 4562 363 4605 etcum
395 4554 605 4608 c'ericis
630 4554 739 4607 suis
766 4553 908 4606 dicat
929 4548 1459 4620 Vesperosprateriti
1492 4547 1619 4611 diei,
1646 4559 1750 4599 non
1787 4538 1837 4598 D
1862 4542 2078 4606 dicitur,
2113 4538 2353 4607 pontifex
2388 4536 2533 4590 dicat
2564 4534 2796 4588 Tertiam
2828 4540 2880 4585 et
2906 4530 3123 4585 Sextam
3156 4529 3206 4582 in
3237 4541 3448 4581 camera

154 4645 458 4706 Cantaudo,
484 4647 574 4698 sed
599 4644 891 4699 recitando.
909 4644 1233 4712 Autiphona,
1256 4640 1476 4696 Calicem
1493 4641 1754 4707 salutaris,

154 4755 339 4808 usque
382 4741 431 4792 in
478 4738 635 4793 finem
676 4740 789 4793 sine
822 4739 1072 4810 I«;ctio:ie,
1113 4738 1229 4791 sine
1264 4736 1495 4805 IIymno,
1543 4744 1598 4787 et
1636 4732 1755 4787 sine

158 4831 480 4896 Versiculo;
511 4832 574 4886 ad
614 4831 934 4901 Maguiﬁrat,
968 4829 1296 4896 Antiphonti,
1328 4829 1453 4883 Cum
1481 4828 1754 4899 accepisset

150 4931 403 4985 acetum;
454 4924 553 4975 alia
590 4923 889 4992 Antipltona
929 4920 993 4974 ad
1038 4920 1363 4990 Magni/icui,
1403 4920 1486 4971 Ait
1515 4921 1649 4972 latro
1689 4919 1758 4971 ad

151 5014 438 5075 latronem,
468 5022 521 5066 et
553 5014 601 5067 in
626 5015 744 5067 aliis
767 5014 1014 5067 omnibus
1043 5028 1145 5065 non
1173 5010 1367 5065 dicitur
1388 5010 1567 5063 Gloria
1592 5009 1756 5062 Patri.

149 5101 374 5165 Quibus
430 5102 675 5171 expletis,
746 5102 955 5155 dicatur
1004 5100 1229 5154 Christus
1296 5100 1464 5169 {actus
1529 5108 1602 5151 est
1669 5113 1760 5165 pro

148 5191 337 5258 nobis,
374 5204 503 5255 etc.,
546 5204 743 5257 totum;
784 5204 964 5262 postea
1013 5194 1128 5245 sine
1168 5190 1350 5261 Hyrie,
1394 5191 1604 5254 eleison,
1661 5189 1762 5241 Sul)

148 5288 386 5340 silentio
416 5286 622 5341 dicatur
656 5286 811 5341 Pater
842 5295 1047 5349 noster;
1090 5284 1326 5355 psalmus
1368 5282 1611 5335 Miserere
1640 5282 1759 5346 mei,

237 5411 268 5439 ι
302 5399 464 5456 Forte
504 5403 571 5455 ad
603 5403 765 5454 altare
800 5399 1183 5470 progrediatur,
1231 5397 1318 5450 ubi
1367 5395 1571 5449 scilicet
1610 5408 1767 5462 repo-

152 5476 336 5531 situm
373 5476 539 5526 fuerat
567 5474 762 5527 Christi
800 5486 1015 5537 corpus,
1042 5486 1102 5522 ex
1140 5470 1445 5537 praemissis.

241 5545 269 5581 δ
310 5545 499 5597 Petrus
530 5544 719 5596 Atnclii
761 5534 967 5605 scribit,
1012 5542 1063 5591 in
1096 5534 1192 5604 cup
1222 5539 1318 5590 “illi:
1358 5536 1419 5589 In
1458 5534 1765 5599 qttil‘usdam

149 5630 288 5672 vero
334 5610 596 5677 Ecclesiis,
631 5613 904 5665 secundum
947 5611 1207 5663 donrinum
1242 5608 1492 5660 Iacobum
1532 5606 1766 5659 Caietaui

150 5702 364 5760 purum
392 5685 561 5760 ein-unt
584 5684 694 5760 sine
722 5699 854 5749 aqua
870 5679 1173 5760 οίῙιυνιᾳγηιι
1206 5682 1258 5730 in
1274 5686 1460 5760 puro-et
1492 5677 1632 5760 forti,
1657 5686 1762 5728 etc.

246 5767 273 5796 ε
319 5755 574 5824 Quaedam
626 5753 711 5809 hic
760 5746 974 5823 Supplct
1028 5752 1216 5806 Petrus
1264 5746 1494 5804 Aurelii:
1546 5746 1610 5799 Et
1667 5762 1765 5798 nou

1863 4651 1957 4690 sua
1993 4651 2007 4699 ;
2043 4633 2248 4687 Nonam
2283 4643 2409 4683 vero
2437 4626 2581 4680 dicat
2612 4626 2662 4679 in
2695 4622 2944 4676 ecclesia.
2981 4619 3139 4673 Dictis
3167 4618 3316 4687 ipsis,
3344 4616 3447 4670 cal-

1861 4736 2049 4780 ceatus
2102 4722 2341 4777 induitur
2388 4716 2535 4773 omni
2582 4723 2770 4768 ornatu
2820 4727 2916 4767 suo
2966 4707 3449 4780 quadragesimali,

1862 4817 2097 4888 episcopi
2153 4812 2503 4884 pluvialibus,
2535 4808 2830 4878 presbyteri
2862 4813 2915 4859 et
2944 4803 3151 4857 diaconi
3184 4800 3446 4868 planetis;

1864 4906 2177 4965 sulidiacoui
2212 4918 2338 4957 vero
2369 4916 2476 4956 non
2508 4898 2756 4969 planetis,
2787 4894 2882 4949 sed
2913 4894 3105 4948 tunicis
3137 4892 3450 4957 induuntur,

1865 5012 1921 5055 ut
1951 4996 2232 5066 compositi
2278 4992 2447 5048 induti
2493 4991 2641 5055 sint,
2686 4998 2744 5041 ut
2783 4987 2953 5055 magis
2984 4984 3217 5052 expediti
3265 4982 3329 5036 ad
3375 4982 3452 5037 lea

1864 5093 2069 5147 ctiones
2097 5085 2367 5156 legendas.
2397 5083 2549 5136 Tunc
2576 5076 2810 5148 pontifex
2840 5090 2960 5131 cum
2993 5074 3245 5127 omnibus
3275 5084 3452 5140 egres-

1863 5201 1956 5240 sus
1987 5200 2015 5237 a
2047 5178 2305 5245 sacrario,
2324 5190 2479 5243 przrct
2501 5172 2660 5226 dente
2686 5183 2806 5223 eum
2836 5166 3163 5220 subdiacono
3186 5178 3304 5217 cum
3332 5178 3453 5216 cru.

1864 5291 1955 5340 ce,
1997 5281 2054 5328 et
2096 5272 2201 5324 alio
2245 5264 2575 5321 subdiacono
2615 5273 2734 5313 cum
2785 5254 3104 5323 Evangelio,
3147 5252 3453 5321 processio.

1871 5405 1989 5444 cum
2019 5386 2217 5440 calamo
2238 5424 2253 5447 ,
2282 5379 2369 5432 sed
2398 5390 2512 5428 cum
2541 5374 2698 5426 calice
2712 5369 2879 5447 sumit
2920 5367 3259 5447 sanguinem,
3292 5373 3338 5417 et
3376 5362 3454 5416 vi-

2023 5437 2134 5521 post
2168 5437 2503 5519 sumptionem
2533 5442 2803 5513 sanguinis
2832 5441 2884 5491 in
2915 5439 3075 5491 calice
3105 5437 3341 5506 funditur
3368 5445 3453 5502 per

1869 5538 2349 5664 8acdni‘ifi't’rhprobat
2379 5591 2482 5664 hoc
2514 5583 2969 5664 Zacharias‘papa
2996 5578 3050 5633 in
3082 5576 3332 5664 epistola
3354 5573 3418 5626 I9.
3438 5612 3454 5637 .

1870 5674 1935 5724 ad
1989 5645 2340 5721 lion—itarcium.
2392 5661 2536 5716 Idem
2583 5667 2759 5712 tamen
2811 5645 3003 5724 legitur
3052 5645 3191 5719 ap’ad
3244 5645 3454 5701 Petrum

1872 5738 2098 5806 Aurelii,
2132 5750 2248 5806 cap.
2297 5735 2386 5788 77.
