4006 6354
503 5443 513 5467 1

518 353 647 408 liii)

1192 345 1532 403 Ai’PENDlX
1579 344 1666 398 an
1706 342 1762 398 s.
1807 338 2138 394 cnsconn
2183 335 2393 391 MASS!
2437 335 2805 392 Ltwnctca
2845 338 3098 393 orsus.

3657 336 3679 384 1
3696 335 3804 388 ἔτί-θ

512 472 726 536 naliter,
758 483 878 520 cum
911 465 1122 519 silentio
1154 469 1365 525 tamen,
1395 459 1637 529 procedit
1679 457 1744 510 ad
1785 455 1954 510 altare
1983 471 1996 519 ;
2039 461 2093 506 et
2125 461 2164 514 Α
2194 452 2259 506 ad
2290 464 2524 506 sanctam
2553 452 2770 506 Mariam
2803 454 3078 521 Majorem.
3108 455 3236 506 Cum
3269 463 3450 506 autem
3489 450 3704 503 Venerit
3731 449 3800 500 ad

515 563 653 616 facta
685 555 983 615 reverentia
1016 555 1080 605 ad
1120 562 1400 615 ornatum,
1442 547 1677 603 ascendit
1723 547 1944 612 sedem,
1993 545 2071 597 cii-

515 649 952 708 cnmsedentibus
983 645 1105 699 binc
1135 644 1260 697 inde
1286 643 1434 710 juxta
1464 640 1706 694 ordinem
1738 653 1891 693 suum
1920 637 2094 691 omni-

517 745 632 797 bus.
668 741 837 794 Finita
870 734 1252 792 benedictione
1279 734 1456 797 cerei,
1498 730 1858 785 subdiaconus
1905 741 2095 780 ascen-

518 833 652 887 dens
681 829 962 884 ambonem
1007 825 1193 895 incipit
1223 823 1399 892 legere
1430 821 1712 877 lectionem
1751 821 1869 874 sine
1909 817 2097 881 titulo;

520 920 585 977 In
613 920 1085 992 principio‘creavit
1129 916 1262 970 Deus
1300 915 1481 970 caelum
1524 922 1569 968 et
1614 922 1825 966 terram.
1869 911 1946 964 Eo
1976 923 2101 965 vero

524 1013 862 1081 complente,
894 1009 938 1061 si
969 1008 1216 1062 dominus
1249 1021 1382 1076 papa
1426 1005 1584 1069 velit,
1631 1003 1848 1057 Gnaeus
1888 999 2102 1056 subdia-

523 1118 690 1158 conus
726 1099 967 1154 eamdem
1014 1097 1198 1151 Grmce
1229 1095 1436 1162 relegit.
1486 1094 1599 1159 Qua
1640 1092 1904 1161 completa
1927 1131 1942 1156 ,
1975 1087 2106 1142 dicit

527 1190 765 1261 pontifex
811 1191 1071 1252 Oremus;
1113 1187 1370 1240 diaconus
1409 1187 1500 1253 qui
1544 1195 1626 1238 est
1664 1198 1692 1236 a
1739 1181 1940 1235 dextris
1983 1177 2107 1232 Fle-

525 1291 723 1336 ctamus
754 1295 954 1350 genua;
986 1286 1039 1331 ct
1072 1285 1193 1345 post
1225 1275 1494 1344 paululum
1528 1273 1660 1326 alter
1694 1271 1950 1324 diaconus
1971 1312 1984 1335 ,
2017 1271 2107 1335 qui

524 1383 609 1429 est
651 1389 680 1424 a
726 1372 985 1434 sinistris,
1025 1368 1230 1422 Levate.
1277 1366 1476 1420 Deinde
1518 1364 1760 1433 sequitur
1798 1361 2020 1426 Oratio,
2054 1368 2111 1415 et

529 1464 746 1531 reliqua:
768 1502 783 1526 ,
816 1469 972 1528 prout
1003 1460 1054 1512 in
1085 1457 1367 1512 Ordinatio
1394 1456 1752 1510 continentur.

603 1555 666 1607 Et
692 1551 1090 1620 intelligendum
1115 1559 1195 1605 est
1216 1548 1354 1618 quod
1384 1549 1435 1602 in
1458 1546 1689 1602 Sabbato
1716 1555 1899 1600 sancto
1925 1545 1976 1599 in
2001 1553 2113 1599 toto

532 1641 741 1705 ofﬁcio,
775 1639 915 1709 quod
944 1638 1117 1707 agitur
1144 1647 1268 1692 ante
1299 1638 1510 1690 Missam
1531 1679 1544 1703 ,
1580 1634 1833 1688 utendum
1877 1642 1959 1688 est
1999 1633 2112 1686 vio-

530 1735 678 1788 iaceo
707 1732 924 1796 colore,
961 1729 1061 1783 hoc
1089 1735 1348 1795 excepto,
1382 1723 1522 1794 quod
1562 1725 1816 1779 diaconus
1853 1724 1941 1792 qui
1985 1737 2115 1778 can-

2200 544 2549 608 Merolanam,
2577 544 2789 612 quidam
2829 544 3158 606 scriniarius,
3192 544 3390 597 electus
3430 543 3501 594 ab
3541 540 3804 594 omnibus

2197 637 2486 690 Scriniariis
2517 635 2708 697 Urbis,
2725 636 2856 688 dicit
2896 635 3000 688 alta
3049 649 3177 689 voce
3206 633 3359 695 lube,
3401 633 3616 694 domne,
3648 631 3803 683 bene-

2201 729 2388 781 dicere.
2435 727 2674 782 Pnntifex
2722 726 2989 781 benedicit
3030 728 3098 780 ei.
3156 727 3286 780 Item
3329 725 3654 780 scriniarins
3685 742 3700 774 :
3736 720 3802 777 In

2203 819 2412 874 ecclesia
2436 830 2627 872 sancta:
2667 817 2854 871 Mariw
2883 817 3106 871 domina:
3133 829 3338 880 nostra’,
3371 817 3503 870 dicit
3530 815 3802 869 emtando

2204 913 2304 966 hac
2331 925 2464 966 voce
2507 910 2767 982 Baptizati
2817 919 2938 964 sunt
2987 920 3057 964 tot
3101 911 3317 962 masculi
3361 917 3408 962 et
3455 918 3527 960 tot
3569 907 3799 977 femina.

2206 1005 2448 1060 Pontifex
2479 1004 2772 1072 respondet
2802 1003 2964 1073 37A.
2994 1003 3101 1057 Deo
3128 1003 3338 1074 gratias.
3385 1002 3591 1054 Eodem
3639 1000 3802 1053 modo

2209 1094 2268 1149 fit
2295 1088 2527 1147 secunda
2556 1093 2682 1147 feria
2717 1093 2778 1145 ad
2820 1103 3061 1147 sanctum
3095 1094 3343 1156 Petrum;
3379 1093 3535 1146 tertia
3569 1092 3637 1147 ad
3672 1106 3801 1143 san—

2209 1194 2351 1237 ctum
2388 1184 2626 1238 Paulum.
2652 1182 2783 1238 Cum
2823 1193 2999 1238 autem
3035 1184 3243 1238 venerit
3282 1184 3535 1236 dominus
3569 1197 3702 1249 papa
3735 1181 3800 1233 arl

2210 1285 2444 1328 sanctam
2496 1274 2732 1336 Mariam,
2782 1274 2852 1327 ibi
2903 1275 3164 1328 fitstatio.
3197 1273 3386 1328 Statim
3415 1273 3700 1327 descendit
3739 1271 3802 1326 de

2214 1378 2373 1430 equo,
2403 1363 2621 1433 deponit
2651 1379 2904 1418 coronam
2937 1364 3003 1418 de
3042 1363 3232 1432 capite,
3267 1379 3426 1433 quam
3469 1363 3562 1416 dat
3585 1363 3804 1415 dextra-

2217 1457 2440 1520 toribus,
2467 1463 2524 1508 ut
2553 1455 2840 1524 diligenter
2864 1465 3078 1511 servent
3105 1471 3242 1511 eam.
3271 1455 3531 1510 Canonici
3563 1454 3805 1509 ecclesia:

2216 1561 2335 1600 cum
2379 1546 2649 1602 tlturibulo
2687 1554 2742 1602 et
2772 1547 3013 1614 incenso,
3040 1559 3092 1602 et
3121 1563 3255 1616 aqua
3289 1547 3600 1611 benedicta,
3635 1546 3804 1600 susci-

2220 1638 2373 1706 piunt
2400 1651 2521 1692 eum
2562 1653 2682 1692 cum
2719 1637 3070 1694 Processione
3105 1639 3403 1701 cantando;
3436 1641 3536 1693 sed
3573 1637 3805 1707 pontifex

2221 1728 2370 1796 ponit
2401 1729 2673 1784 incensum
2700 1729 2751 1783 in
2779 1729 3070 1795 thuribulo,
3094 1739 3148 1784 et
3168 1729 3406 1799 aSpergit
3427 1743 3628 1797 aquam
3653 1744 3809 1796 super

533 1831 610 1878 tat
640 1823 1074 1878 Benedictionem
1103 1821 1244 1874 cerei
1277 1819 1489 1872 indutus
1518 1825 1599 1870 est
1638 1816 1953 1880 dalmatica;
1993 1814 2116 1868 Silb'
2149 1840 2193 1900 Β
2223 1819 2502 1886 populum;
2545 1818 2740 1874 deinde
2772 1820 2937 1874 intra:
2987 1821 3289 1885 ecclesiam,
3321 1832 3375 1876 et
3407 1831 3550 1885 ora];
3580 1831 3630 1875 et
3674 1823 3808 1873 vadit

533 1916 820 1976 diaconus,
854 1912 937 1964 vel
965 1907 1310 1972 subdiaconi,
1364 1905 1453 1976 qui
1485 1906 1573 1958 illa
1604 1905 1690 1958 die
1718 1913 1877 1958 erunt
1905 1901 2112 1966 induti,

539 2006 807 2062 tuniccllis
839 2013 1056 2056 utuntur
1076 2001 1242 2064 albis;
1265 1998 1358 2053 sed
1383 1997 1759 2052 Bcnedictione
1786 1995 1927 2049 cerei
1958 1993 2118 2064 373

535 2107 741 2150 cantata
765 2139 778 2160 ,
809 2095 1097 2156 diaconus,
1132 2097 1308 2144 amota
1339 2089 1654 2154 dalmatica,
1689 2087 1910 2141 assumit
1941 2087 2120 2154 plane-

535 2200 644 2243 tam
688 2183 906 2239 violacei
954 2181 1181 2246 coloris,
1229 2189 1283 2235 et
1325 2188 1468 2234 tenet
1504 2193 1620 2233 eam
1663 2193 1831 2244 usque
1871 2177 1995 2230 dum
2040 2175 2120 2228 in-

535 2279 758 2334 clinatur
811 2273 1043 2328 ofﬁcium
1091 2271 1297 2337 Missae;
1339 2267 1650 2325 subdiacOni
1689 2281 1816 2322 vero
1858 2280 1965 2320 non
2005 2281 2120 2320 mu-

539 2379 655 2423 tant
683 2376 876 2422 γεδιθε.

541 2479 698 2535 XCV.
735 2478 986 2549 Ofﬁcium
1034 2477 1088 2530 in
1133 2475 1446 2597 dichancta:
1473 2471 1692 2528 Pascha
1737 2473 2123 2528 resurrectionis

1265 2561 1444 2597 ouum.

1265 2561 1444 2599 ommt.

615 2638 888 2696 Dominica
939 2649 1122 2692 sancta
1153 2636 1368 2690 Pascha:
1394 2633 1647 2689 stati0'ad
1680 2643 1926 2689 sanctum
1960 2640 2122 2688 Joan-

540 2748 662 2786 nem
711 2731 1152 2785 Lateranensem.
1205 2727 1428 2782 Summo
1468 2741 1627 2780 mane
1675 2725 1921 2779 dominus
1959 2739 2118 2796 papa,

541 2823 680 2876 dicta
707 2821 905 2886 Prima,
937 2819 1080 2873 vadit
1107 2818 1158 2872 in
1183 2817 1455 2872 basilicam
1480 2816 1649 2870 sancti
1681 2814 1974 2882 Laurentii,
2003 2828 2125 2884 quas

541 2914 736 2976 dicitur
768 2912 962 2966 Sancta
996 2910 1339 2966 Sanctorum.
1380 2909 1556 2963 Posita
1587 2907 1657 2962 ibi
1699 2906 1905 2977 capella
1945 2907 1996 2962 in
2029 2907 2126 2963 fal-

541 3005 770 3060 dismrio
827 3003 974 3073 prius
1019 3011 1168 3066 orat;
1216 3011 1401 3073 postea
1450 3000 1690 3055 induitur
1733 3015 1763 3053 a
1806 3001 2033 3056 diacono
2071 3007 2126 3055 et

543 3093 874 3148 subdiacono
923 3107 1088 3160 usque
1133 3091 1199 3146 ad
1247 3091 1610 3145 dalmaticam.
1658 3089 1809 3144 Tunc
1851 3090 2018 3159 surgit
2070 3098 2127 3145 et

2221 1907 2288 1961 ad
2331 1908 2503 1961 locum
2546 1924 2634 1976 pri
2659 1921 2918 1976 paratum,
2950 1911 3190 1965 ascendit
3219 1910 3285 1964 ad
3331 1912 3523 1964 scdcttt
3557 1927 3732 1972 suam,
3761 1921 3813 1964 et

2220 2001 2349 2055 dicit
2377 2002 2634 2056 Tertiam.

2294 2096 2466 2149 Finita
2495 2095 2696 2161 Tertia,
2727 2095 2997 2151 residente
3022 2096 3238 2150 domino
3269 2109 3406 2165 papa
3428 2093 3624 2148 induto
3651 2109 3813 2162 usque

2222 2186 2288 2240 ad
2321 2186 2680 2252 dalmaticam,
2714 2187 2861 2256 prior
2898 2188 3268 2256 episcoporum
3299 2185 3574 2241 accedens
3602 2183 3668 2237 ad
3698 2199 3815 2237 eum

2224 2280 2414 2347 recipit
2442 2294 2626 2350 pacem
2660 2281 2727 2335 ab
2757 2295 2842 2346 eo,
2875 2289 2930 2335 et
2953 2280 3089 2335 redit
3113 2280 3177 2334 ad
3202 2281 3376 2334 locum
3404 2293 3591 2333 suum.
3623 2276 3818 2332 Deinde

2223 2372 2487 2426 secundus
2509 2371 2814 2441 episcopus,
2837 2371 2926 2441 qui
2949 2371 3163 2428 rediens
3185 2371 3276 2425 dat
3303 2385 3489 2437 pacem
3517 2368 3687 2438 priori
3706 2383 3815 2434 suo,

2223 2471 2276 2518 et
2304 2471 2409 2516 stat
2435 2461 2585 2532 juxta
2616 2477 2736 2517 eum
2765 2461 2817 2516 in
2855 2461 2964 2516 filo.
3005 2462 3092 2517 Sic
3129 2462 3326 2516 faciunt
3353 2475 3551 2515 omnes
3580 2459 3814 2528 episcopi

2223 2552 2521 2608 cardinales
2551 2551 2868 2623 presbyteri.
2896 2552 3087 2607 Postea
3110 2550 3414 2621 praefectus,
3446 2560 3750 2610 senatores.
3771 2559 3817 2602 et

2224 2657 2414 2698 omnes
2445 2642 2682 2698 ordines.
2709 2642 2802 2698 Uis
2835 2643 3086 2712 peractis,
3108 2649 3332 2711 surgunt
3361 2641 3472 2694 duo
3500 2637 3816 2695 subdiaconi

2226 2736 2542 2803 basilicarii,
2572 2745 2627 2791 et
2655 2734 2923 2804 accipiunt
2951 2735 3185 2804 priorem
3213 2733 3667 2788 subdiaconorum
3702 2729 3819 2783 reii-

2227 2831 2502 2902 giosorum
2525 2838 2914 2899 sustentantes,
2939 2843 3001 2884 ac
3026 2827 3340 2883 dextrantes
3363 2841 3486 2881 eum
3511 2824 3585 2878 ab
3605 2823 3817 2878 introitu

2226 2921 2504 2977 secretarii
2530 2934 2700 2991 usque
2722 2920 2786 2974 ad
2811 2918 3043 2977 medium
3063 2917 3337 2973 secretarii
3351 2924 3474 2970 ante
3489 2913 3815 2984 pontiﬁcem,

2227 3013 2318 3083 qui
2360 3012 2466 3066 alta
2504 3025 2636 3066 voce
2664 3011 2796 3066 dicit
2825 3009 2978 3078 Jube,
3001 3009 3206 3074 domne,
3231 3008 3550 3062 benedicere.
3580 3001 3818 3060 Pontifex

2227 3101 2492 3158 benedicit
2519 3103 2590 3158 ei.
2616 3100 2817 3158 Deinde
2846 3115 3032 3171 parum
3061 3100 3358 3170 producunt
3378 3112 3523 3161 eum,
3553 3105 3606 3151 et
3626 3098 3819 3151 iterum

543 3185 838 3255 ingreditur
866 3184 929 3238 ad
968 3183 1321 3248 Salvatorem,
1354 3183 1635 3253 aperitque
1681 3183 1964 3253 imaginem
2006 3183 2119 3238 Sal-

2229 3193 2359 3248 dicit
2373 3192 2524 3261 Jube,
2539 3193 2746 3262 domne,
2763 3193 3086 3257 benedicere;
3103 3201 3156 3246 et
3175 3191 3364 3246 iterum
3379 3189 3668 3244 benedicit.
3686 3186 3820 3241 Pro-

545 3277 764 3343 vatoris,
790 3285 844 3331 et
884 3275 1231 3330 dcosculatur
1263 3275 1423 3344 pedes
1467 3273 1634 3344 ipsius
1667 3275 1932 3344 imaginis.
1975 3275 2125 3331 Tunc

546 3369 685 3423 venit
715 3368 777 3423 ad
805 3368 971 3422 altare
1000 3381 1218 3421 sumens
1250 3380 1577 3420 crucem.....
1602 3380 1718 3436 qur
1748 3367 1915 3436 posita
1944 3378 2024 3421 est
2053 3365 2126 3421 ibi

545 3477 572 3513 a
605 3461 928 3530 capellanis;
963 3471 1016 3515 et
1057 3461 1284 3514 tenendo
1314 3475 1430 3514 eam
1462 3459 1515 3514 in
1567 3475 1727 3514 manu
1769 3470 1947 3515 cantat
1994 3475 2126 3516 voce

545 3552 881 3607 convenicnti
915 3553 1271 3621 Autipltonam
1305 3550 1541 3606 Surrexit
1573 3551 1824 3606 Dominus
1851 3554 1915 3606 de
1954 3554 2126 3622 sepul-

546 3657 653 3705 cro,
676 3642 764 3710 qui
786 3657 878 3711 pro
900 3641 1043 3693 nobis
1064 3640 1301 3710 pependit
1323 3642 1374 3693 in
1399 3639 1556 3709 ligno,
1581 3640 1808 3695 alleluia.
1832 3640 2123 3710 Capelluni,

546 3731 635 3790 qui
668 3720 919 3784 :iSsisiunt
948 3741 997 3784 et
1023 3731 1208 3798 juvant
1237 3746 1360 3785 eum
1387 3732 1437 3784 in
1469 3731 1756 3795 cantando,
1775 3731 1980 3786 duabus
2007 3732 2127 3788 aliis

548 3823 749 3878 vicibus
780 3823 948 3892 ipsam
980 3825 1341 3892 Antipnouam
1375 3823 1701 3888 reiterando,
1732 3833 1785 3879 et
1809 3839 2023 3892 semper
2051 3826 2127 3880 al-

549 3916 654 3969 tius
681 3914 1026 3984 imponendo,
1059 3915 1196 3970 sicut
1241 3915 1414 3984 primo
1453 3915 1688 3984 incipiat.
1723 3915 1924 3970 Deinde
1950 3929 2128 3971 rever-

548 4009 675 4062 titur
705 4007 768 4060 ad
809 4006 1181 4061 faldistnrium.
1223 4008 1421 4062 Omnes
1467 4006 1678 4061 diaconi
1710 4005 2006 4061 cardinales
2055 4005 2129 4060 ibi

546 4114 666 4154 esse
696 4098 914 4164 debent,
946 4106 1002 4152 et
1051 4099 1195 4167 prior
1223 4098 1677 4154 subdiaconorum
1709 4112 1830 4154 cum
1881 4099 2128 4154 omnibus

548 4187 890 4244 subdiaconis
920 4189 986 4243 de
1006 4188 1232 4258 capella,
1258 4196 1312 4244 et
1333 4203 1523 4244 omnes
1552 4188 1643 4244 alii
1665 4187 1964 4258 capellani;
1993 4203 2128 4257 pite-

549 4281 674 4336 dicti
723 4295 850 4336 vero
879 4281 1088 4335 diaconi
1130 4280 1425 4335 induttntur
1464 4279 1781 4345 dalmaticis,
1814 4279 2128 4335 subdiaconi
2157 4268 2164 4271 ’

545 4390 674 4430 vero
720 4375 932 4441 tunicis,
980 4373 1068 4428 alii
1113 4387 1242 4428 vero
1287 4371 1548 4440 capellani
1599 4372 1734 4427 albis
1779 4371 1940 4441 togis.
1981 4371 2129 4426 Tunc

546 4467 794 4520 dominus
838 4480 970 4534 papa
1011 4465 1204 4519 sedens
1236 4465 1286 4518 in
1333 4462 1650 4529 faldistorio,
1687 4464 1832 4531 prior
1875 4463 2127 4519 diacono-

2227 3282 2470 3353 greditur
2489 3291 2630 3349 ante,
2655 3290 2711 3338 et
2736 3281 2862 3337 dicit
2885 3280 3038 3348 lube,
3064 3283 3266 3348 domne,
3297 3279 3612 3343 benedicere,
3642 3288 3697 3333 et
3726 3277 3820 3332 ite-

2226 3387 2346 3427 rum
2362 3372 2652 3429 benedicit.
2675 3371 2826 3426 Tunc
2852 3370 2940 3426 ille
2957 3371 3313 3427 subdiaconus
3334 3370 3467 3424 dicit
3494 3368 3659 3424 tribus
3685 3365 3818 3421 vici-

2227 3463 2348 3530 bus,
2380 3463 2529 3519 Servi
2575 3463 2782 3517 Domini
2830 3462 2993 3516 nostri
3042 3461 3167 3516 Iesu
3197 3459 3410 3528 Christi,
3445 3460 3680 3529 qualibet
3704 3458 3819 3513 vice

2229 3571 2413 3611 vocem
2438 3555 2741 3611 exaltando.
2762 3554 2964 3611 Deinde
2986 3557 3164 3611 statim
3176 3555 3449 3625 subjungit
3466 3553 3712 3608 Dominus
3741 3551 3815 3607 Ν.

2229 3648 2388 3700 sancti
2419 3647 2636 3700 Adriani
2677 3647 2925 3701 diaconus
2963 3647 3239 3700 cardinalis
3285 3646 3419 3715 ιεοιαι
3460 3643 3819 3713 Evangelium.

2232 3734 2486 3790 Dominus
2499 3735 2726 3790 Joannes
2740 3736 2931 3789 domini
2946 3752 3098 3805 papa:
3108 3736 3450 3789 subdiaconus
3465 3742 3513 3788 et
3525 3732 3820 3802 capellanus

2240 3827 2373 3899 legat
2404 3826 2713 3898 Epistolum,
2743 3825 2798 3881 J.
2823 3827 3140 3898 primicerius
3167 3835 3216 3879 et
3245 3826 3414 3880 caeteri
3443 3831 3676 3876 cantores
3703 3837 3820 3874 can-

2232 3927 2357 3971 teut.
2437 3917 2587 3972 Tunc
2657 3931 2882 3988 surgens
2933 3917 3182 3972 dominus
3243 3912 3477 3985 pontifex
3525 3927 3555 3966 a
3615 3913 3821 3966 duobus

2232 4007 2544 4065 diac0nibus
2601 4018 2930 4063 sustentatus
2971 4008 3024 4062 in
3071 4007 3420 4063 Processione
3460 4005 3818 4076 progreditur,

2233 4102 2370 4158 sicut
2393 4117 2512 4156 mos
2533 4109 2631 4156 est.
2667 4100 2983 4170 Mappuiarii
3011 4100 3065 4154 in
3099 4099 3315 4153 introitu
3347 4099 3600 4152 ecclesia:
3630 4095 3822 4149 habent

2231 4192 2535 4262 mappulam
2561 4200 2860 4257 extensatn,
2894 4205 3054 4260 quam
3086 4200 3300 4260 portant
3327 4205 3488 4258 super
3520 4196 3680 4257 caput
3708 4187 3822 4254 ejus

2233 4298 2400 4354 usque
2427 4296 2552 4338 ante
2581 4283 2770 4338 altare.
2797 4282 2930 4336 Cum
2955 4282 3116 4336 intrat
3142 4282 3530 4352 presbyterium
3559 4281 3817 4343 ecclesia,

2235 4374 2633 4432 mansionarius
2667 4383 2933 4445 praeparat
2959 4375 3131 4430 cidem
3167 4372 3485 4429 arundinem
3511 4386 3635 4426 cum
3665 4384 3819 4425 cerea

2233 4483 2482 4532 accenso,
2517 4482 2676 4536 quem
2703 4467 2898 4535 accipit
2927 4477 2980 4521 et
3021 4467 3168 4534 ponit
3197 4465 3251 4519 in
3283 4473 3434 4533 stupa
3459 4479 3626 4532 super
3649 4462 3818 4530 capita

545 4573 663 4613 rum
710 4559 929 4612 ﬂectens
976 4570 1149 4625 genua
1198 4568 1294 4609 sua
1340 4569 1523 4608 coram
1574 4553 1709 4624 ipso,
1741 4554 1831 4608 dat
1882 4555 2124 4608 osculum
2158 4580 2204 4638 ο
2234 4561 2620 4624 columnarum,
2650 4572 2768 4627 qua:
2802 4557 2874 4612 ibi
2908 4566 3067 4612 :tant.
3101 4555 3233 4611 Cum
3272 4556 3413 4610 venit
3459 4554 3527 4608 ad
3570 4553 3819 4622 primice-

545 4653 722 4720 pacis;
774 4651 867 4704 sed
921 4651 1064 4718 prius
1113 4647 1386 4702 osculatur
1434 4648 1646 4715 pedem.
1694 4648 1841 4702 Tunc
1881 4649 2128 4703 dominus

541 4756 678 4810 papa
739 4740 914 4794 dando
963 4755 1148 4809 pacem
1207 4738 1334 4794 dicit
1385 4738 1624 4794 Surrexit
1679 4739 1929 4793 Dominus
1983 4755 2127 4806 vere;

538 4833 833 4902 respondet
861 4833 947 4886 ille
993 4832 1080 4901 qui
1110 4831 1301 4900 accipit
1335 4830 1397 4882 Et
1426 4831 1671 4899 apparuit
1715 4829 1906 4894 Petro;
1930 4840 1982 4884 et
2015 4832 2128 4898 ipse

542 4925 800 4979 diacozius
842 4923 1128 4977 revertitur
1169 4921 1234 4976 ad
1266 4921 1412 4976 [ilum
1438 4921 1590 4990 juxta
1632 4936 1819 4989 papam
1864 4923 1915 4975 in
1947 4921 2122 4975 locmn

536 5031 719 5069 suum.
751 5014 879 5068 Post
908 5013 1023 5067 haec
1053 5026 1240 5067 omnes
1265 5011 1475 5066 diaconi
1509 5019 1562 5064 et
1589 5009 1921 5078 subdiaconi,
1954 5020 2007 5063 et
2035 5010 2123 5064 alii

541 5104 803 5172 capellani
835 5114 887 5157 et
925 5103 1104 5158 cmteri
1135 5101 1351 5156 ordines
1388 5102 1550 5155 curia:
1583 5101 1844 5168 recipiunt
1877 5115 2063 5170 pacem
2091 5117 2122 5157 ι

543 5209 754 5251 suian
795 5195 1064 5264 pontiﬁce,
1109 5203 1163 5246 et
1207 5191 1438 5247 vicissim
1488 5190 1617 5245 dant
1642 5200 1696 5246 et
1742 5191 2002 5260 recipiunt
2030 5205 2123 5258 pa-

540 5301 702 5352 cem,
747 5301 777 5341 a
829 5287 1002 5355 primo
1061 5286 1378 5356 incipientes
1435 5282 1656 5337 veniunt
1704 5297 1869 5351 usque
1916 5282 1980 5336 ad
2037 5283 2123 5335 ul-

541 5375 752 5431 timum.

615 5466 819 5522 Deinde
845 5466 1096 5522 dominus
1143 5481 1277 5534 papa
1329 5463 1513 5518 induet
1553 5478 1613 5518 se
1643 5464 1851 5531 planeta
1891 5461 2040 5527 alba;
2072 5472 2126 5515 et

542 5557 822 5614 redimitus
849 5559 1005 5612 mitra
1028 5573 1149 5612 cum
1181 5557 1430 5612 omnibus
1461 5555 1581 5610 aliis
1603 5556 1878 5611 ordinibus
1900 5555 2124 5610 descen-

541 5651 618 5704 dit
647 5652 713 5705 de
745 5649 962 5717 palatio,
997 5652 1308 5718 prmparatis
1350 5650 1503 5718 equis
1542 5666 1660 5704 cum
1693 5648 1957 5718 mztppulis
1989 5647 2123 5702 albis

544 5757 703 5810 super
730 5741 940 5810 sellam,
961 5754 1266 5812 coronatus,
1297 5744 1607 5814 equitatq'te
1631 5759 1749 5801 cum
1775 5744 2124 5802 Processione

2233 4652 2390 4715 rium,
2427 4651 2765 4718 primicerius
2789 4648 3007 4719 deponit
3044 4648 3276 4712 mitram,
3317 4659 3370 4701 et
3398 4647 3675 4701 osculatur
3700 4659 3816 4700 sca-

2233 4744 2410 4812 pulam
2458 4743 2723 4809 dextram,
2756 4743 2843 4811 qui
2893 4741 3163 4816 benedicit
3189 4742 3263 4804 ei,
3296 4755 3418 4794 cum
3451 4741 3661 4792 venerit
3697 4748 3819 4794 ante

2228 4832 2416 4885 altare.
2465 4830 2777 4900 Mappnlarii
2831 4829 3082 4885 auferunt
3128 4829 3432 4898 mappulam
3473 4843 3640 4895 super
3666 4838 3819 4896 caput

2229 4923 2380 4994 ejus;
2413 4923 2606 4978 deinde
2631 4922 2869 4978 celebrat
2901 4921 3160 4988 ofﬁcium,
3191 4921 3328 4976 sicut
3354 4931 3676 4975 consuetum
3704 4927 3816 4984 est;

2230 5027 2285 5071 et
2318 5016 2506 5071 laudes
2528 5017 2891 5087 proferuntur,
2920 5016 3059 5071 sicut
3089 5018 3142 5071 in
3171 5014 3507 5084 Polyptycbo
3537 5013 3815 5067 habentur.

2229 5105 2288 5159 In
2323 5117 2530 5161 secreta
2556 5121 2684 5163 vero
2709 5106 3037 5163 descendent
3081 5107 3189 5162 duo
3220 5106 3430 5162 diaconi
3461 5117 3589 5162 ante
3631 5107 3818 5172 altare,

2231 5195 2390 5265 375
2423 5205 2477 5249 et
2503 5195 2612 5251 duo
2642 5196 2954 5252 subdiaconi
2991 5196 3237 5252 ordinate
3266 5205 3474 5253 stantes
3503 5211 3630 5252 cum
3664 5197 3822 5250 silen-

2233 5286 2324 5340 tio.
2350 5286 2482 5339 Cum
2514 5287 2744 5355 pontifex
2775 5285 3036 5341 dicit‘Per
3065 5287 3240 5340 omnia
3277 5287 3470 5341 sazcula
3493 5290 3816 5349 seculorum,

2231 5378 2406 5432 nullus
2430 5377 2477 5430 ei
2503 5378 2790 5446 rcSpOtidet
2817 5379 2998 5442 Amen,
3029 5378 3122 5434 sed
3153 5379 3339 5448 incipit
3366 5377 3526 5434 Pater
3551 5390 3744 5444 noster,
3773 5390 3820 5431 et

2229 5482 2422 5525 caetera
2454 5487 2570 5539 quae
2615 5479 2932 5540 sequuntur.
2979 5472 3153 5526 Finita
3193 5471 3374 5536 Missa,
3415 5481 3730 5534 coronatur.
3771 5480 3820 5523 et

2233 5561 2518 5617 revertitur
2547 5560 2612 5614 ad
2641 5561 2914 5626 palatium.

2303 5651 2590 5706 Sciendum
2617 5652 2758 5722 quod
2781 5652 2994 5720 quando
3022 5651 3272 5708 dominus
3299 5664 3437 5723 papa
3469 5651 3562 5706 tali
3591 5649 3684 5704 die
3714 5665 3817 5702 non

2231 5743 2375 5799 vadit
2395 5743 2460 5798 ad
2481 5752 2718 5799 sanctam
2747 5742 2967 5800 Mariam
2995 5741 3272 5810 Maiorem,
3307 5741 3490 5800 oscula
3511 5739 3664 5808 pacis
3686 5736 3817 5794 reci-
