4006 6298
145 263 263 317 1221

1303 265 1564 334 ROMANI
1605 270 1922 329 OilDlNES.
1969 306 2036 315 —
2078 276 2216 333 XIV.

3265 297 3283 349 Ι
3302 297 3397 352 22']

138 377 276 445 piunt
298 375 526 446 episcopi
551 384 603 430 et
635 377 927 448 presbyteri
960 378 1257 436 cardinuies
1281 398 1330 435 in
1359 385 1563 451 porticu
1586 399 1708 440 ante
1742 398 1780 446 Α
1818 387 2122 456 vigiliarum
2139 390 2359 446 Pasdiae
2381 391 2627 462 facimus,
2643 396 2830 452 eodem
2852 399 3010 454 modo
3037 403 3211 458 lacere
3237 405 3401 465 debe-

139 466 395 520 basilicam
419 466 592 520 sancti
619 467 890 522 Laurentii
914 468 979 524 dc
1002 471 1218 539 palatio,
1242 472 1329 528 ubi
1357 474 1486 529 fiunt
1507 478 1708 531 exami-

135 558 367 610 nationes
405 556 776 626 episcoporum
809 559 1100 615 electorum
1132 561 1196 615 ad
1231 564 1475 620 Missam.

343 646 519 700 XCVI.
555 646 629 701 De
660 649 885 704 Sabbato
917 653 1081 720 primo
1105 654 1244 724 infra
1272 655 1491 711 Pascha.

203 739 302 793 Isto
347 739 586 795 Sabba'o
617 741 777 795 statio
807 745 871 796 ad
920 755 1161 799 sanctum
1190 747 1340 803 Joan~
1366 765 1450 804 em
1489 751 1705 807 Latera-

138 847 376 889 neusetn.
419 832 530 886 llac
573 831 662 886 die
711 831 955 888 dominus
1005 851 1140 905 papa
1187 839 1344 892 debet
1384 840 1453 893 ibi
1496 841 1706 895 Missam

133 934 362 991 cantare,
399 923 575 993 ibique
603 932 840 979 mutatur
872 925 1140 982 Graduale
1171 930 1220 980 in
1246 931 1489 998 Alleluia,
1517 933 1566 986 in
1597 936 1708 988 suis

133 1015 396 1071 Versibus.
434 1017 564 1070 Dum
597 1019 772 1087 Agnus
819 1017 914 1071 Dei
943 1033 970 1072 a
1003 1020 1186 1074 schola
1217 1032 1483 1088 cantatur,
1532 1025 1688 1079 domi-

129 1120 226 1159 nus
259 1122 388 1174 papa
433 1109 684 1176 expendit
728 1123 914 1178 agnos.
959 1109 1136 1163 Primo
1167 1112 1258 1164 dat
1299 1114 1583 1182 rpismipis,
1625 1133 1706 1173 se-

130 1199 301 1250 eundo
356 1199 700 1266 presbyteris,
751 1199 910 1254 tertio
957 1200 1273 1257 diaconibus
1319 1204 1515 1260 indutis
1554 1222 1706 1274 para-

126 1288 315 1340 meutis
345 1288 595 1357 propriis,
624 1297 681 1342 et
721 1290 869 1357 ponit
915 1305 1079 1360 agnos
1112 1292 1160 1346 in
1212 1294 1366 1348 mitra
1399 1310 1616 1362 eorum;
1652 1310 1707 1355 et

121 1375 428 1430 osculantur
452 1394 620 1446 genu;
647 1390 697 1433 et
740 1379 880 1433 idem
911 1380 1001 1434 alii
1033 1382 1260 1450 prulati,
1295 1385 1338 1437 si
1369 1388 1533 1452 parati
1575 1389 1701 1442 sint.

125 1467 181 1522 Si
213 1484 338 1522 vero
367 1485 473 1523 non
501 1470 608 1524 sint
648 1472 840 1539 parati,
883 1479 938 1526 et
966 1473 1056 1526 alii
1092 1474 1180 1542 qui
1222 1476 1440 1530 veniunt
1469 1477 1534 1530 ad
1564 1479 1704 1533 reci-

120 1561 370 1627 piendum
404 1577 566 1630 agnos
597 1563 910 1618 osculantur
941 1564 1157 1633 pedem,
1183 1566 1391 1621 etiamsi
1418 1578 1556 1622 esset
1586 1585 1700 1637 rex,

119 1652 208 1720 qui
236 1654 541 1708 immediate
579 1666 698 1724 post
732 1655 1031 1711 cardinales
1061 1659 1205 1711 venit
1245 1659 1308 1712 ad
1339 1660 1464 1726 reci,
1487 1661 1698 1715 iendum

1815 489 1952 538 inus,
1981 488 2210 546 excepto
2240 481 2380 548 quod
2412 496 2507 535 nec
2531 496 2738 547 cereus,
2761 502 2858 541 nec
2887 487 3020 556 ignis
3042 488 3398 554 benedicitur.

1812 563 2069 620 Omnibus
2105 569 2264 638 igitur
2295 575 2628 640 prteparatis,
2663 576 3021 636 subdiacuius
3053 585 3290 649 procedit
3328 586 3397 642 ad

1814 653 2113 724 legentium,
2163 669 2217 713 et
2263 663 2377 716 sine
2423 664 2573 720 titulo
2613 667 2796 736 incipit
2846 671 3150 728 lectionem.
3200 675 3394 746 Prima,

1815 743 2039 800 Tentarit
2087 747 2247 819 Deus,
2293 763 2400 808 etc.
2448 758 2556 824 Qua
2611 759 2776 828 ﬁnita,
2827 765 2951 818 dicit
3006 770 3264 836 pontifex,
3314 776 3398 828 vel

1811 838 2084 907 sacerdos,
2116 842 2420 913 Orationes,
2455 849 2570 903 sine
2601 848 3116 926 Flectamus‘genua.
3151 859 3286 915 Deus
3308 865 3400 933 qui

1811 928 2044 982 Abra/uc.

1884 1019 2068 1076 Finitis
2111 1025 2451 1095 lectionibus,
2498 1031 2799 1101 'fractibus,
2843 1046 2898 1092 et
2938 1040 3118 1096 Oratio
3145 1044 3296 1110 tibus,
3342 1057 3396 1102 ct

1810 1112 2054 1166 omnibu~
2077 1115 2412 1184 lampadibus
2435 1123 2676 1178 ecclesia:
2702 1141 2825 1181 tunc
2844 1135 3104 1196 accensis,
3131 1135 3387 1202 pontifex,

1809 1201 1892 1250 vel
1917 1206 2190 1271 sacerdos,
2214 1207 2489 1264 descendit
2511 1213 2573 1266 ad
2597 1213 2789 1282 fontes,
2822 1223 3245 1286 praecedentibus
3267 1201 3388 1282 eum

1809 1290 2016 1344 clericis
2050 1294 2287 1350 litaniam
2331 1300 2689 1370 decantando,
2723 1319 2772 1360 et
2818 1309 3065 1365 Tractutn
3109 1315 3258 1368 Sicut
3285 1334 3393 1370 cer-

1810 1396 1920 1434 vus.
1955 1384 2160 1450 Quibus
2192 1393 2440 1456 i-xp'ctis,
2469 1403 2750 1465 antequam
2779 1401 2939 1455 intret
2967 1404 3030 1456 ad
3058 1406 3393 1463 Benedictio-

1807 1489 1952 1542 nem,
1981 1478 2106 1530 dicit
2136 1480 2272 1534 lianc
2300 1482 2630 1555 Orationi-tn,
2667 1489 2917 1557 Concede,
2949 1510 3262 1564 quaesumus,
3282 1515 3392 1553 om-

1807 1566 2042 1630 nipotens
2108 1569 2432 1640 Deus,.etc.
2490 1576 2742 1632 Oratione
2792 1585 3089 1652 completa,
3150 1593 3391 1655 sequitur

1809 1655 2120 1715 Benedictio
2151 1662 2334 1727 fontis,
2368 1675 2523 1733 prout
2564 1668 2615 1721 in
2659 1669 2895 1725 Sabbato
2925 1687 3110 1728 sancto
3141 1675 3388 1736 habetur.

117 1743 391 1811 candelas,
423 1753 611 1800 tenens
635 1756 688 1798 et
717 1746 941 1813 palmam
974 1757 1027 1802 et
1053 1763 1237 1817 agnos.
1273 1751 1336 1804 Et
1377 1751 1570 1805 dantur
1597 1754 1703 1808 duo
1740 1759 1780 1817 Β
1812 1750 1872 1803 Ει
1903 1761 2019 1818 post
2071 1754 2489 1810 celebrationem
2537 1759 2806 1828 baptismi,
2853 1764 3088 1831 pontifex
3129 1775 3183 1820 et
3211 1770 3388 1825 clerus

116 1837 334 1892 cuilibet
381 1853 474 1906 pra
496 1839 622 1903 lato,
673 1847 726 1892 et
771 1838 887 1892 aliis
942 1855 1128 1893 unum.
1173 1841 1473 1898 Notandum
1523 1855 1697 1900 tamen

115 1926 257 1994 quod
311 1936 595 1994 antequam
658 1928 801 1994 prior
857 1929 1294 2000 presbyterorum
1350 1933 1698 1989 cardinalium

115 2017 305 2086 recipit
352 2027 682 2085 paramenta,
727 2018 918 2086 recipit
965 2035 1148 2089 pacem
1195 2036 1222 2074 a
1273 2026 1512 2091 prcelato,
1553 2028 1697 2082 ce'e-

115 2109 308 2162 brante
335 2108 429 2163 illo
454 2125 630 2164 coram
665 2125 834 2178 papa;
866 2121 916 2165 et
941 2111 1053 2180 ipsa
1076 2113 1217 2178 data,
1250 2115 1392 2168 vadit
1415 2116 1479 2170 ad
1505 2131 1698 2185 paran-

111 2198 240 2251 dum
288 2213 375 2260 se.
421 2208 577 2266 prout
625 2201 712 2254 alii
769 2201 1071 2257 cardinales
1126 2205 1442 2274 presbyteri.
1496 2206 1602 2263 Nec
1642 2210 1698 2264 fit

109 2303 292 2343 sermo
314 2290 398 2344 illa
423 2293 536 2356 ilic;
567 2291 659 2346 sed
690 2293 733 2346 si
761 2293 874 2361 ipse
904 2308 1038 2363 papa
1079 2293 1393 2364 celebraret,
1420 2298 1478 2352 ﬁt
1506 2300 1695 2355 eodem

109 2379 296 2435 modo.

187 2470 356 2526 Finita
406 2472 592 2538 Missa,
643 2473 891 2530 dominus
930 2491 1062 2547 papa
1110 2479 1251 2534 redit
1295 2479 1361 2534 ad
1392 2483 1644 2550 palatium
1680 2501 1694 2538 :

109 2565 334 2619 veniens
362 2564 428 2618 ad
456 2565 671 2619 domum
704 2566 754 2620 in
784 2582 888 2637 qua
921 2570 1204 2626 comedere
1235 2572 1424 2638 debet,
1454 2577 1699 2631 ascendit

107 2655 177 2708 ad
207 2656 387 2709 sedum
419 2670 588 2721 suam,
615 2658 861 2713 manibus
888 2659 1102 2727 ablutis,
1139 2662 1258 2717 data
1297 2666 1693 2736 Benedictione,

106 2763 294 2805 mensa
323 2761 446 2807 ante
477 2768 599 2807 eum
633 2753 825 2822 posita.
861 2756 1176 2826 Acolytlius,
1207 2757 1357 2828 cujus
1383 2771 1465 2815 est
1495 2760 1696 2816 hebdo-

106 2839 265 2892 mada
321 2842 624 2908 serviendi,
681 2844 878 2914 accipit
937 2846 1238 2914 tobaleam;
1288 2853 1530 2905 manibus
1569 2869 1695 2910 vero

104 2933 399 3002 suppositis
431 2936 624 3006 act-ipit
653 2935 821 2992 bacile
852 2938 1069 3008 plenum
1096 2940 1164 2994 de
1193 2941 1294 2996 illis
1322 2944 1491 3011 agnis,
1523 2955 1575 2998 et
1605 2961 1698 3000 ve-

104 3021 264 3073 niens
293 3022 356 3074 ad
386 3025 576 3078 ostium
610 3025 800 3081 dooms
830 3026 956 3081 dicit
993 3029 1098 3082 alta
1133 3043 1284 3094 voce,
1316 3031 1551 3098 Domine,
1587 3033 1696 3087 Do-

103 3111 267 3176 mine,
290 3111 372 3164 isti
394 3125 512 3167 sunt
533 3115 654 3185 agni
671 3118 873 3182 novelli,
899 3119 989 3188 qui
1009 3120 1435 3176 annuntiaverunt
1457 3123 1686 3187 alleluia,
1723 3137 1767 3199 ο

102 3203 262 3256 modo
296 3206 496 3260 veniunt
527 3208 596 3260 ad
623 3209 807 3278 fontes,
841 3211 1022 3280 repleti
1041 3221 1160 3267 stmt
1181 3213 1435 3280 claritate,
1460 3215 1690 3282 alleluia,

100 3302 155 3346 et
207 3295 425 3350 inclinat
453 3314 533 3354 se.
566 3301 716 3357 'l‘unc
755 3302 1025 3370 paululum
1060 3306 1407 3375 progrediens
1439 3309 1555 3375 plus
1585 3309 1691 3364 alte

98 3385 234 3440 dicit
268 3389 444 3456 idem;
477 3394 636 3445 tertio
685 3395 1034 3463 progrediens
1080 3406 1228 3451 stans
1270 3411 1449 3452 coram
1480 3414 1690 3454 summo

98 3480 359 3544 pontifice
387 3483 546 3536 altius
567 3483 751 3548 refert,
779 3485 1015 3551 Domine,
1044 3487 1278 3556 Domine,
1296 3490 1380 3543 isti
1405 3501 1524 3545 sunt
1547 3494 1684 3562 agni,

94 3586 203 3625 erc.
241 3573 372 3626 Post
413 3573 528 3629 lucc
557 3578 698 3642 po..it
727 3577 898 3632 bacile
939 3579 990 3632 in
1032 3595 1235 3634 mensa.
1271 3583 1524 3638 Dominus
1555 3599 1688 3654 papa

93 3663 356 3729 expendit
398 3663 519 3718 illos
561 3681 724 3734 agnos
757 3682 850 3735 per
887 3668 1143 3722 familiam
1175 3675 1478 3737 soam;sed
1523 3676 1690 3740 primo

91 3751 266 3821 376
311 3752 402 3804 dat
447 3769 596 3808 sacer
637 3756 836 3824 otibus,
882 3759 1172 3826 capellanis
1217 3769 1270 3814 et
1311 3763 1591 3832 acolythis,
1641 3772 1688 3818 et

89 3845 353 3896 omnibus
385 3845 523 3898 aliis.

249 3953 451 4007 XCV”.
489 3955 758 4022 Quomodo
790 3959 920 4026 ﬁunt
947 3975 1105 4028 agnus
1137 3959 1232 4014 Dei
1261 3964 1410 4026 cerei,
1442 3972 1545 4018 etc.

169 4041 457 4098 Di~camus
486 4047 755 4114 quomodo
795 4049 896 4116 ipsi
937 4050 1060 4120 agni
1089 4051 1236 4106 fiant.
1271 4053 1515 4123 Acolytlii
1555 4055 1690 4110 reci-

85 4128 254 4197 piunt
288 4146 464 4185 ieram
492 4135 744 4188 mundam
775 4135 840 4191 ab
867 4135 1022 4189 altari
1055 4138 1344 4193 beatissimi
1374 4139 1514 4196 Petri
1539 4141 1687 4210 prin-

81 4221 236 4286 cipis
288 4223 674 4291 apost~lorum,
724 4237 778 4280 et
827 4227 1120 4283 conficiunt
1173 4230 1317 4284 illam
1349 4246 1528 4286 ceram
1568 4219 1730 4288 cum-

80 4312 394 4366 chrismate
412 4313 549 4381 quod
581 4315 989 4371 remansitanno
1015 4320 1304 4387 praeterito,
1335 4332 1388 4376 et
1411 4323 1689 4394 imponunt

77 4404 183 4458 illa
217 4402 394 4471 sigilla
429 4409 478 4458 in
508 4405 751 4460 formulis
781 4417 1000 4476 propter
1030 4410 1129 4465 lioe
1167 4411 1488 4468 adiuventis.

1809 1839 2099 1909 ingreditur
2141 1845 2205 1896 ad
2256 1846 2569 1900 sacrarium.
2625 1849 2844 1906 indutus
2894 1868 3024 1908 vero
3077 1857 3388 1914 solemniter

1803 1933 1983 1988 rubeis
2007 1937 2340 1991 vt'stimeutis
2365 1954 2484 1993 cum
2509 1942 2653 1995 omni
2683 1954 2946 2012 apparatu
2977 1961 3023 2000 et
3053 1948 3232 2004 litania
3264 1966 3389 2019 pro-

1802 2026 2170 2084 cessionaliter
2211 2033 2450 2099 procedit
2489 2033 2554 2086 ad
2603 2036 2790 2089 altare.
2846 2036 3015 2091 Finita
3048 2038 3295 2106 lectione,
3332 2053 3387 2098 et

1805 2116 1984 2186 Ii'yrie,
2033 2121 2244 2187 eleison,
2290 2134 2405 2190 post
2456 2127 2851 2181 confessionem
2911 2132 3088 2184 statim
3148 2132 3385 2200 pontifex

1801 2209 2036 2263 ascendit
2079 2211 2143 2266 ad
2187 2213 2369 2268 sedem
2410 2231 2583 2281 suum,
2617 2227 2671 2270 et
2699 2218 2828 2272 dicit
2863 2220 3174 2276 solemniter
3206 2221 3385 2278 Gloria

1800 2301 1852 2354 in
1884 2305 2094 2358 excelsis
2136 2305 2265 2360 Dco.
2297 2309 2409 2373 Qua
2452 2310 2620 2376 finita,
2660 2313 2787 2368 dicit
2827 2313 2946 2370 Pax
2983 2319 3151 2382 vobis;
3191 2321 3385 2377 deinde

1799 2391 1957 2462 377
1981 2398 2221 2464 sequitur
2242 2400 2456 2453 Missam
2485 2403 2674 2457 ordine
2703 2418 2820 2458 suo.
2850 2405 3014 2462 Credo
3040 2424 3142 2462 non
3164 2411 3381 2476 dicitur,

1799 2483 2140 2541 Olfertorium
2187 2489 2402 2558 dicitur,
2444 2505 2497 2547 et
2526 2494 2702 2566 Agnus
2743 2496 2835 2550 Dei
2860 2499 3131 2567 similiter,
3159 2511 3210 2556 et
3241 2505 3384 2571 pacis

1798 2580 2036 2634 oswlum
2086 2581 2263 2651 datur,
2313 2595 2367 2640 ct
2408 2586 2860 2644 Postcommunio.
2912 2592 3115 2663 Oratio,
3169 2608 3378 2665 precata,

1797 2686 2110 2740 qua’sumus,
2143 2684 2248 2730 etc.
2299 2720 2306 2726 .

1875 2763 2116 2819 Urbanus
2145 2767 2360 2836 quintus
2401 2784 2496 2839 pro
2528 2787 2720 2843 magno
2750 2789 2969 2831 munere
3009 2777 3154 2833 misit
3200 2778 3373 2850 impe-

1797 2856 1961 2908 ratori
1996 2872 2155 2910 unum
2187 2873 2380 2926 agnum
2410 2877 2530 2917 cum
2563 2865 2644 2919 liis
2676 2867 2940 2923 versibus.

1895 2969 2147 3032 Balsamus
2171 2982 2222 3022 et
2243 2976 2422 3024 munda
2447 2988 2565 3026 cera
2589 2990 2698 3026 eum
2724 2981 2998 3032 chrismatis
3023 2983 3148 3032 unda

1890 3031 2159 3108 genticiun‘t
2181 3048 2379 3097 agnum,
2411 3052 2557 3097 quem
2583 3041 2644 3086 do
2672 3042 2755 3088 tibi
2781 3031 2988 3108 munere
3011 3031 3260 3108 magnum,

1893 3091 2048 3159 [ante
2076 3094 2159 3159 vel,
2175 3091 2410 3158 ititalum,
2429 3091 2522 3159 'per
2541 3107 2738 3159 mystica
2761 3091 2987 3153 sattt‘tilie:
3010 3091 3129 3154 tnui.

1894 3152 2108 3220 fulgura
2134 3157 2206 3204 de:
2225 3152 2643 3220 ursum'depellit,
2674 3171 2722 3209 et
2744 3152 2892 3212 omne
2915 3152 3193 3220 manarum.

1895 3215 2158 3283 Eraegnans
2180 3228 2424 3283 servatur,
2452 3215 2640 3272 sinevze
2661 3236 2719 3283 pa
2749 3233 2826 3272 tus
2850 3215 3109 3276 libetatur.

1888 3275 2117 3350 Rortatus
2140 3275 2447 3350 m_unde_ser\
2461 3284 2606 3350 atde
2630 3275 2865 3350 fructibus
2884 3292 3054 3350 undae;

1892 3338 2381 3413 Recentutnﬂfrairgit,
2407 3353 2454 3390 ut
2480 3344 2656 3413 Christi
2685 3349 2903 3413 sanguis,
2933 3357 2983 3413 et
3009 3338 3144 3411 angit
3169 3364 3184 3413 ;

1890 3397 2026 3448 Dona
2054 3403 2242 3453 confert
2265 3397 2450 3466 dignis,
2479 3407 2688 3457 virtutes
2707 3397 2917 3458 destruit
2937 3397 3082 3473 ignis:

1795 3502 2026 3558 XCVIII.
2073 3506 2268 3571 Quibus
2301 3508 2479 3562 diebus
2509 3519 2554 3562 et
2583 3511 2986 3566 solemnitatibus
3009 3529 3376 3573 consueverunt

1869 3597 2089 3651 Romani
2129 3600 2396 3668 pontiﬁces
2448 3600 2732 3655 Missarum
2781 3604 3027 3658 solemnia
3065 3605 3118 3660 in
3161 3624 3378 3676 persona

1869 3687 2138 3741 celebrare.

1867 3775 1922 3829 lu
1953 3777 2144 3833 diebus
2173 3789 2226 3832 et
2254 3781 2682 3838 solemnitatibus
2710 3784 2843 3838 infra
2869 3787 3057 3854 positis
3085 3801 3374 3844 consueve-

1795 3877 1919 3922 runt
1952 3869 2173 3923 Romani
2199 3873 2478 3939 pont‘dices
2509 3872 2785 3928 ltlissarum
2819 3879 3078 3933 solemnia
3101 3879 3378 3936 celebrare

1797 3959 1849 4012 in
1884 3961 2095 4028 propria
2126 3975 2382 4028 persona;
2424 3962 2516 4016 sed
2563 3964 2852 4031 praedicare
2898 3983 3292 4025 consueverunt
3324 3973 3376 4026 in

1797 4051 2001 4106 eisdem
2031 4052 2220 4105 diebus
2246 4061 2299 4106 et
2326 4053 2756 4109 solemnitatibus
2786 4055 2836 4107 in
2871 4059 3078 4123 propria
3120 4074 3377 4127 persona,

1796 4141 2008 4209 quando
2038 4142 2294 4210 placeret,
2320 4153 2376 4196 et
2405 4141 2584 4196 facere
2618 4143 2896 4210 praedicari
2941 4161 3120 4200 coram
3171 4163 3228 4202 se
3274 4163 3369 4217 per

1795 4232 2027 4300 aliquem
2053 4232 2400 4298 cardinalem,
2437 4243 2594 4302 prout
2623 4235 2902 4302 sequitur;
2938 4253 3042 4291 non
3080 4249 3254 4293 tamen
3284 4255 3376 4308 per

1793 4321 1954 4374 alium
1984 4324 2305 4390 prmdicatur
2335 4338 2514 4377 coram
2547 4324 2788 4390 domino,
2821 4342 2978 4395 quam
3012 4342 3104 4396 per
3134 4331 3376 4387 cardina-

1793 4416 1891 4476 les,
1923 4414 2135 4484 quando
2166 4414 2416 4469 dominus
2443 4430 2574 4484 papa
2617 4415 2876 4471 celebrat.

1865 4503 1922 4558 In
1956 4504 2121 4572 prima
2155 4505 2428 4559 Dominica
2457 4505 2522 4560 de
2551 4506 2797 4560 Adventu
2833 4507 3066 4578 Domini,
3098 4519 3152 4565 et
3188 4512 3375 4580 prandi.

1793 4607 1962 4652 CMUI’.

1865 4691 1917 4744 lu
1949 4688 2186 4745 secunda
2216 4689 2487 4744 Dominica
2519 4689 2814 4756 Adventus,
2849 4699 2902 4744 et
2929 4690 3265 4759 praedicatur.

1864 4781 1920 4835 In
1946 4781 2098 4834 tertia
2132 4779 2408 4834 Dominica
2440 4779 2740 4846 Adventus,
2773 4796 2891 4851 qnze
2931 4793 3150 4835 vocatur
3196 4783 3375 4837 Domio

1794 4872 1909 4927 nica
1941 4873 2010 4927 de
2041 4871 2293 4938 Gaudete,
2345 4882 2400 4927 et
2452 4874 2787 4942 praedicatur,
2837 4885 2890 4929 et
2921 4874 3079 4930 liabet
3107 4875 3375 4945 Vesperos

1794 4965 2157 5034 praecedentes
2181 4965 2396 5034 papales
2422 4966 2694 5021 solemnes
2715 4968 3008 5022 cantandos
3030 4969 3081 5021 in
3105 4969 3367 5037 ecclesia;

1795 5067 1846 5110 et
1863 5056 2022 5110 datur
2045 5067 2202 5125 potus
2223 5064 2346 5124 post
2375 5057 2638 5125 Vesneros
2664 5057 2714 5111 in
2745 5059 2882 5112 aula.
2921 5058 3174 5114 Dii-untur
3195 5069 3374 5118 autent

1798 5149 2017 5217 Vesperi
2046 5149 2284 5218 papales,
2320 5151 2533 5219 quando
2564 5151 2812 5206 dominus
2861 5167 3015 5221 papa,
3070 5153 3372 5210 cardinales

1795 5251 1846 5295 et
1877 5242 2078 5309 pi-telati
2109 5257 2297 5297 omnes
2327 5243 2523 5300 debent
2550 5259 2670 5298 esse
2702 5245 2890 5311 parati.
2937 5245 2990 5300 In
3023 5245 3248 5301 ecclesia
3279 5261 3374 5302 au-

1794 5342 1898 5387 tem
1920 5333 2086 5401 parati
2114 5349 2219 5388 non
2241 5342 2364 5390 sunt
2383 5335 2682 5390 cardinales
2703 5347 2756 5391 et
2785 5338 2987 5404 przelati
3020 5339 3073 5394 in
3098 5339 3372 5409 Vesperis,

1793 5423 1893 5478 nisi
1919 5423 2164 5479 dicantur
2194 5424 2418 5492 Vesperi
2451 5425 2503 5479 in
2530 5426 2776 5481 ecclesia.

1864 5517 1916 5570 In
1970 5516 2254 5572 Nativitate
2294 5517 2504 5572 Domini
2551 5518 2604 5573 in
2659 5519 2826 5573 tribus
2874 5519 3087 5586 Missis;
3129 5529 3182 5576 et
3214 5521 3376 5578 liabet

1795 5607 2056 5670 Vesteros
2088 5609 2454 5677 prmeedentes
2493 5611 2707 5679 papales
2737 5611 3003 5665 solemnes
3050 5621 3271 5680 tantum,
3320 5625 3376 5670 et

1797 5703 1953 5754 habet
1985 5699 2294 5756 lllatutiunm
2348 5703 2570 5772 paprile;
2599 5712 2650 5760 et
2703 5717 2808 5759 non
2843 5702 3161 5770 praedicatur
3188 5705 3366 5771 hodie,

162 4494 451 4548 Dominica
483 4495 681 4552 Octava
721 4499 961 4555 Paschze.
1004 4502 1206 4570 Oratio,
1242 4503 1461 4572 Prresta,
1489 4524 1685 4578 quazsu-
1717 4508 1766 4568 D

73 4602 232 4652 mus,
271 4588 588 4658 omnipotens
615 4589 777 4657 Deus,
809 4603 913 4648 etc.
951 4593 1004 4647 In
1044 4595 1148 4649 illis
1191 4611 1319 4651 vero
1348 4597 1552 4665 diebus,
1594 4603 1682 4671 qui

73 4681 374 4746 supersint
416 4690 535 4748 post
571 4679 822 4737 Octavam
854 4686 1221 4752 Ascensionis,
1259 4690 1503 4746 videlicet
1534 4705 1680 4747 sexta

75 4768 229 4824 feria
283 4780 334 4822 et
376 4769 631 4837 Sabbato,
679 4775 722 4826 si
769 4775 1025 4828 festivitas
1073 4777 1294 4847 alicujus
1342 4783 1565 4846 venerit,
1619 4785 1686 4838 de

71 4859 234 4914 festo
270 4860 492 4915 facimus
524 4870 691 4916 totum
722 4863 960 4918 officium
1003 4867 1172 4921 Missa:
1203 4884 1323 4924 cum
1354 4887 1683 4928 commemo-

69 4951 309 5004 ratione
340 4952 406 5005 de
437 4953 730 5008 Dominica.
763 4958 816 5010 Si
850 4973 974 5012 vero
1013 4978 1115 5014 non
1149 4974 1228 5015 est
1261 4964 1452 5018 festum
1485 4967 1552 5022 de
1582 4968 1684 5022 Do-

65 5042 320 5108 minica,
371 5044 595 5099 facimus
651 5057 817 5101 totum
869 5049 1105 5106 oflicium
1159 5053 1351 5121 MlSSJ',
1397 5068 1454 5126 et
1495 5058 1688 5111 dicitur

66 5132 343 5204 prxfatio
374 5135 475 5202 Qui
496 5141 774 5194 ascendens
801 5157 956 5211 super
986 5160 1159 5199 omnes
1186 5149 1358 5213 caelos,
1386 5159 1439 5204 et
1469 5165 1575 5204 non
1607 5154 1686 5205 di-

62 5227 234 5282 citur
278 5223 479 5293 Credo;
522 5231 613 5282 sed
656 5231 698 5284 si
731 5232 920 5287 festum
951 5233 1166 5304 aliquod
1211 5238 1260 5290 in
1309 5239 1412 5294 isto
1457 5240 1689 5295 Sabbato

62 5319 331 5386 venerit,
372 5330 536 5374 totum
573 5323 806 5377 ofﬁcium
840 5325 1058 5380 facimus
1099 5329 1164 5381 de
1192 5329 1344 5394 lesto,
1371 5331 1532 5386 Missa
1561 5349 1686 5386 vero

60 5411 308 5467 dicitur
336 5410 404 5466 de
434 5413 644 5483 vigilia,
675 5429 800 5468 cum
834 5421 1364 5475 commemoratione
1389 5421 1534 5479 festi.
1569 5425 1676 5480 Eoo

58 5504 214 5557 dem
253 5501 348 5555 die
374 5501 594 5558 Sabbati
624 5519 812 5558 omnes
832 5505 1084 5575 jejuuare
1112 5507 1310 5564 debent
1355 5510 1568 5568 devote.

150 5595 318 5647 Hora
341 5610 470 5649 vero
499 5611 640 5652 nona
663 5601 993 5652 conveniunt
1013 5616 1202 5657 omnes
1224 5603 1276 5656 in
1294 5605 1601 5674 ecclesiam,
1623 5616 1692 5674 et

54 5701 258 5741 Omne
278 5684 518 5741 ofﬁcium
555 5687 1088 5753 velortliucm,sicut
1133 5692 1183 5744 in
1219 5690 1454 5747 Sabbato
1485 5707 1675 5750 sancto
