4006 6288
608 258 742 313 1223

1286 254 1625 308 ΑΡΡΕΝΟΖΧ
1670 252 1757 305 AD
1799 252 1855 305 S.
1901 249 2229 306 GREGORII
2276 252 2488 307 MAGNI
2532 250 2895 307 LlT‘JllGICA
2938 252 3194 308 OPEllA.

3790 254 3891 308 ‘29.}

603 370 725 428 licet
748 368 1038 438 antiquitus
1066 363 1445 433 praedicaretur
1474 364 1525 417 in
1559 363 1749 428 Missa;
1792 364 1885 417 sed
1934 379 2180 420 commu-
2212 365 2447 425 AMi~sa
2499 367 2700 435 papali,
2759 368 2853 421 sed
2896 368 3132 421 celebrat
3174 383 3308 422 unus
3356 369 3683 433 cardinalis,
3754 389 3888 438 ιιτψ]

603 466 784 519 nicant
814 476 1002 516 omnes
1029 459 1236 513 diaconi
1287 457 1588 512 eardiuales
1633 466 1688 512 et
1730 456 1988 514 ol'ﬁciales
2017 458 2181 513 curiae

603 558 671 616 de
702 572 857 611 manu
889 551 1085 607 summi
1116 551 1400 618 pontiﬁcis.

678 648 731 702 In
758 648 891 700 festo
918 643 1087 697 sancti
1133 641 1388 711 Stephani
1415 640 1845 712 protomartyris,
1888 650 1944 696 et
1985 640 2181 708 prtedi—

603 750 770 795 1381111⁸.

669 830 726 884 In
757 830 892 883 festo
920 826 1086 881 sancti
1118 825 1339 880 Joannis
1368 823 1734 893 evangelistae,
1758 832 1813 877 et
1842 822 2181 891 prtedicatur.

671 922 834 992 378
860 920 914 973 In
949 920 1084 975 festo
1112 916 1497 981 lnnocenlium,
1524 925 1580 972 et
1608 914 1947 984 praedicatur.

675 1013 727 1066 In
758 1011 1177 1064 (lircumcisione
1211 1007 1439 1075 Domini,
1474 1016 1528 1062 et
1558 1005 1898 1076 praedicatur.

673 1105 728 1159 In
762 1103 1078 1173 Epiphania,
1117 1110 1173 1156 et
1210 1101 1554 1169 praedicatur,
1602 1106 1658 1153 et
1702 1096 1865 1151 habet
1914 1093 2177 1165 Vespere!

606 1200 973 1270 prtecedentes
1005 1196 1221 1268 papales
1245 1195 1538 1258 solemnes,
1569 1202 1674 1247 etc.

674 1294 729 1346 In
758 1294 924 1361 prima
952 1288 1223 1343 Dominica
1257 1296 1375 1355 post
1403 1285 1659 1339 Octavam
1691 1278 2026 1350 Epiphaniae,
2062 1291 2181 1347 quae

604 1385 791 1439 dicitur
815 1381 1092 1437 Dominica
1117 1379 1185 1435 de
1211 1377 1262 1432 Ν
1269 1379 1447 1447 αριὶιε,
1480 1391 1602 1432 cum
1624 1384 1707 1431 est
1726 1372 1943 1438 Romae;
1966 1379 2021 1426 et
2050 1383 2183 1440 pra:-

604 1478 807 1529 dicatur
834 1482 958 1528 ante
985 1472 1219 1528 Missam.

674 1565 728 1618 In
755 1562 1119 1618 Conversione
1149 1560 1318 1616 sancti
1350 1558 1518 1626 Pauli,
1547 1566 1604 1614 et
1633 1555 1970 1627 praedicatur.

677 1653 731 1705 In
766 1654 898 1705 festo
930 1651 1340 1716 Pmiﬁcationis,
1373 1658 1427 1703 et
1453 1647 1773 1716 prmdicatur
1799 1653 1922 1700 ante
1942 1643 2177 1699 Missam.

675 1742 728 1795 In
761 1742 1023 1795 Cathedra
1055 1741 1222 1796 sancti
1254 1739 1418 1804 Petri,
1443 1746 1497 1793 et
1527 1738 1866 1807 praedicatur.

673 1835 725 1885 ln
757 1832 1161 1901 Septuagesima
1183 1872 1199 1898 ,
1228 1840 1281 1885 et
1311 1831 1650 1899 praedicatur.

672 1924 726 1976 ln
751 1923 1220 1991 Quinquagesima,
1253 1930 1306 1974 ct
1340 1921 1682 1989 praedicatur.

675 2018 726 2070 In
759 2016 843 2068 die
872 2015 1143 2077 Cinerum,
1169 2025 1222 2069 et
1250 2012 1588 2080 prredicatur.

672 2107 726 2160 In
756 2107 920 2175 prima
955 2106 1225 2160 Detninit'a
1255 2106 1712 2175 Quadragesimze,
1758 2112 1810 2159 et
1844 2116 2029 2158 omnes
2082 2102 2184 2155 Do-

602 2198 807 2250 minica
837 2197 1265 2263 Quadragesima:
1305 2206 1428 2249 sunt
1458 2198 1700 2264 papales,
1738 2195 2040 2264 specialiter
2079 2194 2185 2247 Do-

602 2288 796 2341 minica
822 2302 921 2356 qua
947 2295 1191 2341 cantatur
1214 2284 1435 2351 Lazare,
1459 2284 1779 2351 Jerusalem;
1811 2292 1894 2341 est
1927 2286 2039 2355 ipsa
2074 2284 2164 2337 Do-

600 2380 815 2444 minica,
841 2380 1016 2449 inqua
1048 2380 1106 2432 lit
1136 2380 1445 2433 solemnitas
1477 2393 1615 2432 rosa:
1641 2393 1851 2442 aureae;
1883 2388 1937 2430 et
1984 2376 2181 2445 prmdi-

601 2482 751 2526 catur
782 2472 833 2525 in
862 2470 963 2535 eis,
1003 2480 1354 2540 praeterquam
1388 2469 1440 2522 in
1474 2468 1753 2522 Dominica
1782 2466 1848 2521 de
1874 2466 2094 2532 Palmis,
2128 2466 2181 2520 in

601 2579 725 2633 qua,
755 2573 1016 2634 quatenus
1038 2564 1105 2618 sit
1135 2564 1359 2633 papalis,
1391 2578 1496 2616 non
1528 2561 1873 2631 praedicatur.

672 2653 728 2709 In
762 2653 1030 2708 Dominica
1057 2653 1124 2708 de
1153 2652 1427 2718 l’assione,
1459 2661 1514 2707 et
1543 2650 1885 2720 praedicatur.

672 2745 728 2799 In
761 2745 1033 2799 Dominica
1062 2744 1115 2798 in
1145 2744 1303 2798 ramis
1349 2744 1649 2797 Palmarum
1691 2756 1795 2796 non
1843 2741 2182 2810 praedicatur,

601 2838 695 2892 sed
722 2846 845 2892 ante
873 2838 1086 2891 Missam
1116 2837 1311 2891 dantur
1356 2836 1546 2906 palma:
1586 2834 1884 2891 benedicta:
1928 2834 2182 2888 cardina-

601 2929 738 2983 lihus
767 2938 820 2984 et
848 2930 1081 2997 praelatis
1110 2928 1336 2996 paratis,
1368 2936 1420 2982 et
1448 2928 1572 2982 aliis
1604 2936 1712 2982 tam
1744 2926 1977 2992 clericis,
2024 2940 2181 2995 quam

603 3021 782 3085 Iaicis;
813 3030 863 3074 et
890 3019 947 3073 ﬁt
977 3020 1273 3074 Processio.

2290 471 2555 527 praesen'e
2590 468 2643 512 et
2671 460 3055 514 cardinalibus.

2359 550 2413 603 In
2467 553 2797 604 Asceusionc
2842 553 3076 619 Domini,
3124 564 3177 608 et
3211 555 3533 622 prtedicatur
3577 567 3710 608 ante
3760 557 3886 609 Mis-

2286 654 2423 707 sam,
2450 651 2503 695 et
2531 642 2689 695 habet
2727 643 2986 711 Vesperos
3031 646 3245 713 papales
3274 648 3646 715 praecedentes
3676 650 3885 703 soletn-

2287 744 2403 796 nes,
2436 740 2541 784 etc.
2588 732 2653 784 Et
2685 732 2976 786 l’rocessus
3000 737 3280 802 generales
3311 738 3463 803 ﬁunt,
3507 746 3561 791 et
3589 741 3757 793 etiam
3788 741 3885 793 ali-

2286 821 2377 888 qui
2409 821 2690 889 speciales,
2725 833 2881 890 prout
2904 825 3149 893 expedit;
3184 836 3235 879 et
3274 826 3323 879 in
3373 824 3731 883 Processibus
3761 840 3884 883 sunt

2286 925 2474 965 omnes
2524 911 2825 966 cardinales
2865 922 2920 967 et
2962 914 3166 980 prxlali
3213 918 3379 970 curia:
3410 918 3580 984 parati
3635 919 3687 972 in
3716 918 3877 972 albis.

2289 998 2576 1053 Processus
2600 1016 2726 1055 vero
2758 1000 2895 1054 ﬁunt
2924 1010 3048 1058 ante
3077 1003 3314 1061 Missam.

2359 1091 2414 1144 ln
2457 1092 2592 1146 festo
2629 1092 2994 1159 Pentecostes,
3033 1105 3086 1149 et
3116 1098 3453 1164 praedicatur,
3480 1111 3538 1153 et
3568 1098 3735 1154 habet
3772 1100 3874 1155 Ve-

2286 1194 2474 1250 speros
2518 1183 2732 1251 papales
2770 1186 3130 1253 prmeedentes
3178 1188 3445 1242 solemnes
3489 1190 3795 1243 cantandos
3822 1193 3871 1246 in

2286 1272 2533 1337 ecclesia,
2566 1283 2617 1326 et
2648 1272 2804 1327 datur
2834 1284 2987 1342 potus
3016 1286 3133 1344 post
3164 1276 3428 1345 Vesperos
3457 1279 3512 1332 in
3543 1280 3691 1334 aula.

2360 1364 2416 1417 In
2449 1364 2535 1418 die
2567 1364 2729 1419 Luna:
2768 1366 3003 1420 craStino
3036 1368 3403 1435 Pentecos'es,
3437 1380 3492 1426 et
3531 1373 3871 1439 praedicatur.

2364 1454 2417 1507 In
2446 1454 2531 1509 die
2562 1455 2745 1511 Martis
2770 1458 3037 1525 sequenti,
3069 1468 3121 1511 et
3144 1459 3484 1529 praedicatur.

2359 1543 2727 1600 lnNativitate
2776 1547 2916 1602 beati
2958 1549 3178 1603 Joannis
3213 1550 3483 1619 Baptistae,
3520 1561 3577 1606 et
3623 1556 3872 1621 prrrdica-

2289 1644 2395 1701 tur,
2430 1646 2483 1691 et
2514 1636 2674 1691 habet
2708 1636 2972 1707 Vesperos
3017 1640 3232 1699 papales
3258 1642 3531 1699 solemnes
3566 1647 3870 1712 prteceden-

2218 1730 2260 1790 Β
2288 1738 2387 1794 tes,
2427 1740 2530 1784 etc.

2361 1819 2413 1872 In
2439 1822 2572 1873 festo
2600 1820 2961 1889 apostolorum
2992 1822 3136 1879 Petri
3166 1834 3218 1880 et
3248 1825 3417 1889 Pauli,
3452 1836 3509 1880 et
3534 1829 3867 1895 praedicatur,

2290 1920 2343 1965 et
2366 1910 2525 1965 habet
2554 1911 2822 1981 VeSperos
2851 1915 3072 1984 papales
3106 1919 3474 1986 pucedentes
3505 1922 3805 1975 solemnes.

2366 2008 2419 2060 ln
2459 2008 2985 2067 Commemoratione
3011 2014 3178 2068 sancti
3228 2015 3399 2081 Pauli,
3438 2029 3489 2071 et
3525 2020 3867 2088 praedicatur,

2287 2106 2341 2151 et
2389 2097 2550 2154 habet
2602 2100 2864 2169 \‘esperos
2917 2106 3134 2170 papales
3188 2108 3560 2174 prazccdentes
3610 2112 3869 2167 solemnes

2290 2188 2494 2255 Romee,
2526 2199 2633 2245 etc.

2358 2281 2414 2335 In
2472 2282 2606 2337 festo
2650 2283 2815 2352 Nivis,
2848 2288 2990 2356 quod
3041 2297 3124 2343 est
3160 2288 3248 2345 die
3293 2292 3481 2361 quinta
3524 2293 3779 2361 Augusti,
3822 2302 3869 2349 et

2287 2374 2630 2443 prazdicatur.

2358 2468 2413 2521 ln
2449 2467 2586 2523 festo
2617 2471 2784 2524 sancti
2819 2471 3113 2538 Laurentii,
3162 2481 3215 2529 et
3246 2473 3595 2543 praedicatur,
3629 2487 3685 2530 et
3720 2475 3866 2534 habet

2289 2559 2560 2630 Vesperos
2617 2564 2835 2633 papales
2888 2566 3259 2634 przecedentes
3322 2567 3553 2634 Romae,
3614 2577 3669 2623 et
3723 2570 3869 2623 etiam

2288 2650 2457 2718 alibi;
2501 2653 2544 2707 si
2594 2665 2893 2709 morare'ur
2935 2655 3185 2711 dominus
3226 2671 3357 2726 papa
3394 2657 3551 2726 juxta
3595 2660 3867 2714 ecclesiam

2289 2744 2462 2799 sancti
2498 2743 2802 2813 Laurentii,
2835 2746 3103 2815 Vesperos
3144 2749 3403 2817 siquidem
3447 2752 3726 2805 solemnes
3756 2768 3869 2806 cau-

2285 2836 2479 2890 tandos
2509 2837 2559 2890 in
2591 2838 2855 2902 ceclesia;
2889 2848 2943 2892 et
2973 2839 3130 2892 datur
3161 2850 3318 2909 potus
3369 2842 3609 2909 praelatis
3649 2844 3700 2899 in
3732 2845 3865 2899 aula.

2358 2926 2412 2981 In
2445 2928 2581 2983 l'esto
2611 2931 3010 2999 Assumptionis
3046 2932 3213 2988 beatae
3249 2934 3502 3004 Virginis,
3528 2945 3587 2992 et
3616 2939 3869 3007 pudica-

2289 3026 2394 3084 tur,
2424 3029 2477 3073 et
2532 3018 2694 3075 habet
2724 3021 2987 3092 VeSperos
3015 3024 3231 3093 papales
3264 3026 3632 3095 praecedentes
3676 3029 3872 3083 solem-

672 3111 730 3164 ln
770 3111 856 3165 die
899 3109 1045 3166 Jovis
1088 3121 1295 3178 sancto,
1337 3120 1392 3166 et
1434 3110 1754 3182 prtedicatur
1787 3120 1912 3166 ante
1941 3110 2178 3165 Missam.
2210 3101 2255 3164 C
2288 3127 2404 3179 nes,
2430 3122 2536 3168 etc.

602 3205 897 3258 Proeessus
925 3204 1200 3273 generales
1236 3205 1400 3271 ﬁunt;
1429 3213 1485 3260 et
1510 3204 1669 3260 etiam
1699 3206 1861 3275 aliqui
1899 3205 2177 3274 Speciales,

602 3302 758 3363 prout
788 3294 1045 3363 expedit;
1076 3303 1131 3349 et
1153 3294 1204 3349 in
1236 3293 1586 3349 Processibus
1613 3304 1737 3351 sunt
1775 3309 1962 3350 omnes
2002 3295 2182 3349 cardi-

601 3386 750 3441 nales
779 3394 834 3441 et
862 3385 1068 3455 praelati
1098 3386 1260 3441 curiae
1289 3387 1462 3455 parati
1488 3388 1541 3441 in
1573 3387 1727 3443 albis.

671 3475 727 3529 In
757 3474 1052 3531 Parasceve
1080 3491 1183 3531 non
1215 3474 1554 3545 praedicatur.

670 3566 727 3619 in
759 3566 995 3622 Sabbato
1016 3576 1200 3620 sancto
1231 3582 1336 3621 non
1377 3567 1715 3636 praedicatur.

674 3658 731 3711 In
761 3656 1022 3712 Paschatc
1050 3674 1155 3712 non
1186 3659 1503 3727 prmdicatur
1534 3658 1714 3725 hodie,
1742 3659 1864 3713 licet
1887 3666 2182 3728 antiquitus

602 3749 979 3819 praedicaretur
1005 3766 1020 3816 ;
1055 3749 1150 3804 sed
1181 3765 1372 3806 omnes
1398 3752 1606 3807 diaconi
1643 3752 1945 3807 cardinales
1974 3763 2029 3807 et
2060 3752 2183 3806 olﬁ-

600 3840 763 3893 ciales
783 3842 946 3895 curite
974 3844 1370 3898 communicant
1398 3844 1464 3899 de
1486 3860 1643 3899 manu
1666 3845 1859 3899 summi
1884 3845 2177 3915 pontiﬁcis,

600 3940 656 3986 et
682 3942 805 3986 ante
849 3933 1059 3987 Missam
1109 3933 1241 3988 ﬁunt
1270 3936 1515 4004 quaedam
1555 3937 1920 3993 solemnitates
1964 3946 2072 3992 tam
2111 3938 2182 3992 de

604 4023 916 4078 adoratione
942 4027 1136 4091 crucis,
1162 4041 1320 4096 quam
1346 4027 1413 4082 de
1443 4029 1651 4083 osculo.

671 4114 727 4168 lu
752 4114 839 4168 die
868 4114 1030 4169 Luna:
1062 4116 1114 4170 in
1146 4118 1380 4173 crastino
1412 4117 1654 4186 Paschte,
1685 4129 1741 4175 et
1768 4121 2108 4189 praedicatur.

669 4208 723 4261 In
747 4207 833 4262 die
860 4209 1042 4263 Martis
1067 4218 1188 4279 post
1213 4210 1439 4287 Pascha,
1474 4220 1527 4266 et
1555 4212 1893 4281 praedicatur.

670 4298 726 4353 ln
754 4298 992 4355 Sabbato
1021 4301 1072 4354 in
1098 4301 1248 4355 Albis
1270 4304 1548 4357 consuevit
1575 4304 1851 4358 celebrare
1900 4304 2046 4372 prior
2074 4306 2184 4374 epi-

599 4407 883 4462 scoporum
905 4395 1277 4463 cardinalium,
1299 4397 1380 4451 vel
1408 4396 1541 4450 alius
1564 4396 1850 4451 cardinalis
1874 4409 2055 4451 coram
2084 4399 2182 4451 do-

2357 3205 2415 3260 In
2442 3206 2814 3261 anniversario
2842 3220 3172 3263 summorum
3201 3210 3511 3278 pontiﬁcum
3543 3222 3600 3267 et
3623 3214 3864 3268 cardius.

2286 3295 2436 3361 lium,
2472 3295 2611 3366 quod
2653 3305 2736 3352 est
2769 3299 2951 3366 quinta
2984 3299 3071 3354 die
3118 3300 3474 3371 Septembris,
3527 3318 3633 3356 non
3683 3306 3872 3373 ρτεειιί-

2286 3398 2456 3442 catur.

2360 3477 2413 3530 ln
2444 3476 2585 3531 festo
2616 3478 2919 3534 Nativitatis
2947 3480 3117 3535 beata:
3149 3481 3397 3553 Virginis,
3434 3495 3489 3539 et
3522 3485 3862 3554 praedicatur.

2363 3570 2419 3624 In
2451 3569 2802 3625 Dedicatione
2843 3573 3009 3626 sancti
3045 3572 3315 3628 Michaelis
3362 3575 3417 3628 in
3451 3577 3797 3645 Septembre,
3821 3588 3869 3630 et

2287 3661 2631 3729 praedicatur.

2356 3753 2412 3807 1.:
2438 3754 2574 3808 l'esto
2605 3755 2843 3808 omnium
2875 3756 3210 3819 Sanctorum,
3242 3767 3293 3810 et
3324 3757 3668 3827 prmdicatur,
3695 3768 3753 3814 et
3785 3757 3870 3815 ha-

2285 3845 2377 3903 bet
2408 3845 2671 3913 Vesperos
2698 3847 2914 3915 papales
2942 3849 3306 3917 praecedentes
3330 3852 3622 3905 solemnes.

2357 3937 2521 4006 380
2573 3936 2626 3989 In
2673 3937 3041 3992 anniversario
3087 3942 3321 3993 omnium
3362 3942 3685 4009 animarum,
3730 3942 3865 4011 quod

2286 4040 2369 4083 est
2398 4030 2449 4081 in
2478 4028 2714 4081 crastino
2744 4030 2981 4082 omnium
3014 4029 3354 4096 Sanctorum,
3387 4048 3487 4084 non
3519 4033 3860 4100 prmdicatur.

2362 4120 2417 4174 In
2452 4120 2796 4174 Dedicatione
2825 4122 3059 4176 basilica:
3090 4124 3405 4190 Salvatoris,
3439 4140 3560 4191 qua:
3586 4137 3667 4179 est
3703 4144 3731 4177 ν
3759 4126 3866 4178 Ιπιυς

2273 4194 2621 4279 Novembris,
2655 4223 2707 4269 et
2731 4216 3063 4282 praedicatur,
3090 4227 3143 4268 et
3169 4214 3325 4270 habet
3360 4215 3628 4286 Vesperos
3658 4218 3866 4287 papales

2288 4307 2654 4375 praecedentes
2685 4308 2869 4361 Romae
2904 4309 3192 4363 solemnes.

2363 4402 2416 4455 In
2462 4400 2803 4456 Dedicatione
2829 4401 3166 4455 basilicarum
3212 4403 3575 4471 apostolorum
3632 4402 3775 4455 Petri
3819 4412 3865 4455 et

599 4485 745 4537 mino
774 4500 927 4554 papa,
956 4486 1081 4541 licet
1101 4485 1390 4555 antiquitus
1420 4502 1552 4557 papa
1584 4488 1904 4545 celebraret.
1936 4489 2002 4543 Et
2036 4492 2181 4546 dicto
2212 4471 2259 4525 θ
2289 4493 2460 4559 Pauli,
2501 4508 2618 4561 qua:
2646 4501 2731 4548 est
2768 4492 2819 4546 in
2860 4494 3053 4547 Octava
3085 4494 3223 4547 beati
3257 4495 3490 4559 Martini,
3528 4504 3583 4548 et
3615 4496 3866 4562 prendim-

599 4573 774 4643 Agnus
802 4574 916 4638 Dei,
952 4585 1207 4644 parantur
1230 4579 1531 4633 cardinales
1562 4579 1852 4633 secundum
1886 4596 2087 4636 morem
2125 4584 2177 4636 in

598 4680 699 4720 suo
744 4667 950 4733 ordine,
997 4678 1052 4723 et
1099 4668 1291 4723 dantur
1331 4684 1497 4740 agnus
1527 4671 1621 4726 Dei
1666 4687 1759 4740 per
1786 4673 1957 4741 ipsum
1990 4690 2176 4744 papam

602 4764 707 4808 tam
753 4756 1132 4823 cardinalibus,
1178 4762 1491 4831 ueterisque
1539 4764 1790 4830 prmlatis,
1823 4780 1982 4833 quam
2016 4767 2179 4837 379

597 4847 749 4913 aliis;
772 4858 823 4902 et
843 4858 1021 4917 postea
1041 4849 1194 4904 Missa
1216 4851 1415 4905 linitur.
1440 4852 1781 4908 Postmodum
1803 4870 1933 4925 papa
1946 4859 2180 4914 comedit

599 4956 720 4995 cuiu
752 4941 1060 5011 capellanis,
1091 4951 1144 4997 et
1172 4944 1300 4999 ﬁunt
1329 4945 1520 5014 aliquae
1550 4947 1942 5014 solernnitates,
1969 4960 2020 5003 et
2044 4951 2177 5004 dan-

602 5039 688 5087 tur
716 5033 796 5088 eis
822 5046 989 5103 agnus
1022 5036 1112 5091 Dei
1145 5052 1240 5106 per
1266 5038 1540 5092 dominum
1573 5053 1783 5108 papam.

674 5125 731 5180 In
756 5129 1173 5185 Annuntiatione
1198 5119 1369 5184 beate
1401 5130 1657 5199 Virginis,
1690 5143 1742 5187 et
1767 5134 2104 5201 prredicatur.

674 5218 732 5274 ln
758 5217 1032 5274 Dominica
1080 5235 1180 5288 qua
1212 5229 1454 5275 cantatur
1484 5221 1593 5290 Ego
1636 5238 1749 5276 sum
1780 5221 1966 5277 Pastor
1996 5224 2178 5291 bonus,

600 5320 652 5363 et
682 5308 1020 5379 praedicatur,

675 5420 733 5475 ln
766 5421 903 5477 festo
932 5424 1098 5478 Sancti
1129 5422 1312 5491 Marci,
1348 5423 1397 5477 id
1424 5432 1507 5478 est
1537 5423 1589 5479 in
1635 5426 1831 5480 litaniis
1856 5426 2172 5496 majoribus,

603 5510 788 5568 Roma:
828 5529 932 5567 non
978 5514 1319 5581 praedicatur.
1354 5514 1459 5570 Sed
1491 5515 1650 5571 hodie
1680 5532 1785 5571 non
1835 5527 2080 5572 servatur
2111 5520 2176 5573 de

2287 4594 2373 4639 tur
2400 4593 2525 4639 ante
2556 4585 2791 4650 Missam,
2835 4594 2889 4640 et
2920 4585 3077 4638 habet
3115 4585 3380 4654 Vesperos
3411 4588 3628 4655 papales
3673 4600 3864 4655 pra-ce—

2286 4676 2474 4729 dentes
2504 4676 2795 4741 solemnes,
2824 4686 2929 4729 etc.
2966 4675 3031 4728 Et
3070 4675 3361 4730 Processus
3407 4677 3687 4744 generales
3719 4678 3861 4740 ﬁunt,

2286 4778 2336 4823 et
2364 4771 2522 4823 etiam
2553 4767 2717 4837 aliqui
2746 4766 3027 4837 speciales,
3056 4778 3213 4837 prout
3255 4768 3505 4837 expedit;
3557 4778 3613 4822 ct
3644 4770 3691 4821 in
3750 4768 3865 4821 Pro-

2286 4860 2529 4914 cessibus
2556 4868 2683 4913 sunt
2728 4873 2915 4913 omnes
2954 4859 3251 4914 cardinales
3292 4867 3343 4913 el
3376 4859 3575 4928 praelati
3608 4860 3780 4928 parati
3819 4860 3864 4912 in

2286 4952 2442 5006 albis.
2479 4952 2765 5005 Processus
2793 4964 2895 5004 non
2928 4950 3059 5004 ﬁunt
3085 4961 3211 5005 ante
3241 4949 3472 5005 Missam.

2359 5045 2414 5098 ln
2456 5042 2826 5098 anniversario
2856 5042 3091 5096 Romani
3142 5042 3407 5112 pontiﬁcis
3455 5041 3866 5113 praedecessore

2287 5134 2479 5196 semel,
2525 5133 2576 5187 id
2611 5142 2695 5188 est
2721 5134 2889 5203 primo
2936 5146 3078 5188 anno
3117 5143 3343 5200 tantum,
3379 5152 3485 5189 non
3541 5136 3861 5204 proceditur.

2290 5247 2473 5302 XCIX.
2514 5246 2762 5300 Additio1
2785 5248 2920 5318 facta
2962 5255 3185 5319 tempore
3229 5246 3449 5303 Joannis
3485 5266 3641 5321 papa:
3680 5246 3865 5305 XXII.

2360 5363 2415 5417 ln
2469 5363 2837 5417 anniversario
2884 5363 3303 5418 consecratiOais
3360 5378 3457 5417 seu
3507 5363 3861 5418 comisationis

2286 5453 2511 5507 Romani
2543 5452 2825 5518 pontiﬁcis,
2856 5453 2995 5507 idem
3026 5454 3299 5506 Romanus
3323 5453 3563 5520 pontifex
3599 5464 3713 5506 tuto
3744 5464 3865 5504 tem-

2286 5556 2414 5609 pore
2462 5556 2558 5595 suo
2599 5541 2836 5598 celebrat
2884 5541 3095 5598 Missam
3152 5540 3396 5613 papalcm
3449 5542 3519 5598 de
3574 5543 3670 5598 illo
3716 5541 3862 5603 festo.

674 5676 702 5704 ι
731 5668 868 5736 Ergo
895 5667 996 5723 hoc
1033 5671 1370 5730 Ordinarium
1400 5675 1654 5746 scriptum
1679 5673 1777 5730 fuit
1800 5682 1923 5729 ante
1950 5674 2317 5743 pontiﬁcatum
2359 5673 2581 5732 Joannis
2613 5673 2779 5729 XXII.
