4006 6306
179 328 327 385 19.25

1363 326 1626 386 ROMAM
1664 327 1987 387 ORDINES.
2029 360 2097 372 ——
2134 326 2271 385 XIV.

3318 329 3449 385 129.6

180 441 328 512 quod
360 455 423 495 ea
455 439 663 495 scilicet
691 440 779 495 die
822 440 1195 508 anniversarii,
1230 444 1486 510 occurrit,
1519 442 1770 497 cardina—
1801 446 1851 504 Α
1879 440 2125 511 singulis,
2161 440 2410 510 Vesperis
2443 451 2499 496 et
2531 441 2722 512 vigiliis
2751 456 2846 512 pro
2886 438 3171 506 defunctis,
3201 457 3326 496 cum
3357 462 3437 499 no-

181 531 324 585 libus
353 540 406 584 et
430 530 643 585 caeteris
669 530 903 598 prarlatis
932 532 1134 601 paratis
1155 548 1304 588 more
1326 535 1519 597 Solito;
1549 544 1602 588 et
1633 548 1771 603 pne-

181 623 397 678 dicatur
428 621 479 675 in
508 623 789 689 pra'sentia
836 622 1040 677 domini
1080 639 1229 693 papa:
1259 641 1364 678 non
1409 640 1506 693 per
1528 633 1552 661 α
1577 625 1772 693 ipsum,

182 716 280 769 sed
314 730 408 784 per
449 716 682 783 aliquem
713 714 1078 783 cardinalem;
1111 726 1160 771 et
1213 727 1333 786 post
1363 718 1670 772 Orationem
1698 714 1778 770 fe-

185 808 255 862 sti
286 807 416 859 dii-it
445 806 693 860 dominus
738 820 869 874 papa
912 807 1197 875 quamdam
1226 807 1534 862 Orationem
1566 822 1661 876 pro
1693 820 1773 871 se,

186 914 307 968 qine
337 898 495 950 debet
539 910 658 949 esse
695 897 894 964 scripta
946 895 999 949 in
1043 896 1178 950 libro
1211 898 1407 967 papali.
1457 898 1521 950 Et
1548 897 1669 951 licet
1697 896 1775 951 di-

189 1000 335 1044 ctum
384 987 808 1041 anniversarium
854 1001 958 1040 non
1011 986 1173 1042 habet
1226 988 1490 1057 Vesperos
1538 990 1772 1057 papales,

191 1081 316 1134 dico
344 1080 485 1149 quod
517 1093 621 1132 non
653 1086 911 1132 vocantur
938 1078 1261 1145 cardinales,
1294 1089 1354 1134 ut
1393 1079 1560 1148 parati
1591 1078 1779 1133 sericis

192 1173 248 1226 in
297 1170 582 1239 Vesperis;
631 1177 807 1223 tamen
843 1168 895 1223 in
946 1169 1151 1238 capella
1203 1184 1300 1224 sua
1350 1169 1597 1224 dominus
1647 1182 1777 1237 papa

192 1272 375 1321 cantat
404 1261 674 1329 Vesper-os
706 1260 851 1324 festi,
880 1270 934 1316 et
976 1263 1107 1316 fiunt
1136 1263 1378 1331 qumdam
1410 1262 1781 1317 solemnitates

194 1366 405 1428 postea.
462 1353 594 1408 Nam
634 1352 776 1407 dicta
811 1353 1067 1409 Oratione
1110 1352 1255 1422 festi,
1296 1354 1555 1424 repetitur
1598 1352 1779 1408 Gloria

200 1447 372 1511 I’atri,
406 1444 550 1501 Sicut
578 1453 710 1509 erat,
750 1442 1083 1510 solemniter,
1115 1452 1169 1498 et
1207 1443 1402 1498 dicitur
1433 1458 1574 1498 vers.
1614 1443 1781 1513 Elegit

198 1548 250 1592 te
285 1536 535 1591 Dominus
568 1534 877 1589 sacerdotem
905 1534 1022 1599 sibi,
1047 1543 1180 1600 etc.,
1220 1542 1274 1589 et
1315 1550 1449 1605 papa
1479 1534 1607 1588 dicit
1637 1543 1782 1603 post-

200 1629 427 1684 modum
453 1628 764 1684 Orationem
796 1641 895 1698 pro
920 1640 1000 1693 se,
1030 1642 1148 1699 quae
1174 1628 1334 1683 debet
1360 1642 1478 1684 esse
1504 1628 1701 1698 scripta
1728 1628 1781 1683 in

199 1726 359 1780 libro.

1878 547 1998 587 vem
2033 534 2377 600 lectionibus,
2407 544 2609 590 etcum
2643 548 2764 592 uota
2799 537 3113 592 solemniler
3138 538 3455 605 decantatis,

1878 624 2065 676 statuit
2095 625 2377 680 celebrari.
2411 627 2529 692 Ipse
2576 627 2850 682 Romanus
2877 627 3116 697 pontifex
3147 629 3451 684 assistenti-

1878 711 1979 765 bus
2010 711 2110 766 sibi
2141 715 2523 782 cardinalibus,
2566 727 2619 770 nt
2654 718 2820 773 moris
2850 726 2954 781 est,
2987 718 3198 774 Missam
3236 735 3333 788 pro
3362 720 3455 774 de-

1880 801 2077 856 functis
2112 804 2347 860 celebret
2393 807 2727 876 solcniniter,
2761 809 2873 877 ipsa
2920 810 3010 864 die
3036 811 3296 866 ducentos
3338 827 3467 878 pau—

1886 909 2042 962 peres
2080 894 2396 963 refccturus,
2431 906 2484 953 et
2514 898 2695 969 viginti
2727 900 2961 970 quinque
2990 903 3196 957 reficiat
3218 903 3461 957 cardina-

1886 984 1951 1035 lis
2005 988 2387 1056 unusquisque,
2440 1002 2541 1042 nec
2590 1004 2696 1045 non
2749 990 3000 1045 dominus
3033 1007 3165 1062 papa
3196 992 3456 1048 ducentas

1890 1073 2082 1129 Missas
2112 1073 2271 1131 faciet
2296 1076 2590 1132 decantari.

1954 1164 2234 1220 Ordinavit
2262 1166 2447 1232 etiam,
2481 1169 2549 1224 de
2580 1169 2843 1226 dictorum
2889 1172 3116 1228 fratrum
3146 1173 3372 1229 consilio
3404 1183 3456 1229 ct

1885 1267 2131 1320 assensu,
2164 1264 2366 1310 utcum
2413 1256 2711 1312 Romanum
2760 1262 3075 1315 Antistitem
3124 1278 3154 1318 e
3206 1264 3311 1318 vita
3360 1265 3459 1317 mi-

1883 1358 2041 1412 grare
2070 1344 2373 1412 contigerit,
2406 1346 2550 1401 diem
2577 1348 2934 1404 det‘unctimiis
2973 1350 3140 1419 ipsius
3158 1352 3320 1422 332
3345 1367 3466 1406 car-

1883 1431 2092 1486 dinales
2119 1432 2430 1489 solemnitcr
2456 1444 2511 1491 et
2540 1449 2661 1490 cum
2691 1446 2815 1492 nota
2844 1437 3119 1495 celebrent
3147 1456 3242 1509 pro
3271 1440 3464 1495 defun-

1885 1524 2010 1588 ctis,
2053 1530 2111 1578 et
2153 1538 2306 1580 esum
2347 1525 2731 1597 quinquaginta
2784 1530 3109 1598 pauperibus
3152 1545 3249 1598 pro
3287 1532 3466 1587 anima

1889 1616 2129 1672 defuncti
2175 1616 2464 1673 eardiualis
2512 1619 2738 1689 quilibet
2782 1620 3142 1689 adntinistret,
3183 1631 3239 1679 ct
3279 1623 3469 1681 Missas

1886 1709 2113 1764 totidem
2149 1724 2244 1778 pro
2274 1709 2543 1767 defunctis
2573 1712 2773 1768 facient
2800 1714 3141 1782 postmodum
3171 1715 3466 1774 decantari.

274 1816 476 1871 Tamen
512 1813 901 1881 advertendum
950 1813 1091 1884 quod
1135 1815 1180 1870 si
1230 1813 1653 1869 auliiv'er,arium
1684 1812 1781 1867 do.
1819 1813 1862 1875 Β
1969 1801 2255 1856 Ordinavit
2300 1803 2461 1857 etiam
2495 1811 2550 1857 ut
2588 1804 2845 1858 cardinali
2877 1805 3129 1874 abeunte,
3178 1815 3285 1863 tam
3326 1808 3466 1865 idem

203 1910 339 1966 mini
369 1910 536 1965 nostri
569 1908 660 1963 fiat
697 1908 786 1965 die
818 1910 1001 1973 Lunae,
1037 1910 1159 1980 quia
1188 1908 1374 1964 eadem
1397 1908 1483 1964 die
1513 1907 1677 1963 Lunze
1705 1916 1789 1963 est

202 2002 630 2057 anniversarium
654 2016 987 2057 summorum
1013 2002 1318 2071 pontificum
1341 2010 1395 2057 et
1417 2000 1784 2066 eardinalium,

203 2093 347 2163 quod
375 2092 533 2147 etiam
569 2093 777 2162 papale.
829 2091 963 2146 Nam
1004 2107 1138 2162 papa
1182 2091 1339 2147 debet
1387 2091 1687 2158 celebrare,
1736 2100 1790 2146 et

206 2185 512 2241 cardinales
551 2195 673 2240 sunt
703 2184 895 2255 parati,
928 2185 1051 2240 licet
1088 2200 1194 2240 non
1242 2184 1584 2254 praedicetur,
1615 2184 1789 2239 induti

207 2279 465 2333 vialaceis
491 2278 574 2333 vel
604 2278 791 2348 nigris.
822 2276 1029 2333 Poterit
1065 2276 1209 2332 enim
1241 2275 1443 2330 dictum
1478 2275 1790 2331 anniversa-

208 2370 351 2424 rium
380 2384 634 2440 poparum
674 2378 729 2425 et
756 2368 1108 2424 cardinalium
1140 2366 1343 2423 differri
1374 2368 1426 2422 in
1477 2376 1789 2436 sequentem

206 2464 378 2527 diem,
411 2462 455 2516 si
487 2458 705 2515 domino
735 2458 985 2529 placebit.

286 2554 447 2624 381
477 2551 580 2607 Ista
629 2558 1022 2607 consueverunt
1073 2551 1303 2617 servari;
1355 2548 1557 2606 domini
1610 2557 1788 2604 tamen

206 2656 298 2701 est
329 2646 501 2699 facere
532 2642 673 2714 quod
702 2643 804 2698 sibi
834 2642 1087 2712 placebit.

290 2734 345 2788 In
373 2733 510 2788 fe~to
558 2735 726 2787 sancti
772 2732 1022 2794 Andreae,
1068 2742 1121 2787 et
1154 2731 1493 2801 prmdicatur,
1524 2740 1579 2787 et
1608 2731 1794 2787 Romae

213 2824 445 2878 habebat.
477 2822 771 2891 antiquitus
818 2820 1080 2890 VeSperos
1119 2822 1339 2893 papales
1369 2830 1422 2877 et
1453 2821 1790 2888 Matutinum,

212 2915 342 2970 licet
371 2914 529 2969 hodie
553 2928 655 2967 non
683 2914 760 2968 sic
788 2921 1052 2968 servetur.
1459 2955 1467 2963 .

291 3007 418 3062 ltem
445 3014 636 3076 praeter
661 3002 1031 3060 solemnitates
1062 3002 1307 3071 superius
1328 3002 1499 3058 dictas
1524 3011 1680 3058 erant
1696 3003 1794 3059 ali-

212 3114 337 3169 qua:
366 3096 733 3153 solemnitatcs
762 3096 1020 3165 ant’qum,
1052 3092 1104 3148 in
1126 3093 1318 3163 quibus
1351 3092 1572 3148 Romani
1613 3093 1795 3163 ponti-

216 3191 351 3243 tiees
376 3189 687 3243 solemniter
707 3185 1051 3241 celebrabant
1078 3202 1091 3250 ;
1118 3184 1210 3239 sed
1240 3183 1396 3239 hodie
1418 3198 1523 3239 non
1546 3180 1626 3239 Sic
1645 3199 1795 3239 com-
1822 3177 1870 3241 C

213 3279 453 3333 niuniter
481 3279 819 3332 observatur.
860 3276 861 3279 “

291 3372 420 3426 ltem
450 3368 881 3440 quandocunqne
910 3367 1182 3422 Romanus
1230 3365 1467 3435 pontifex
1502 3366 1625 3422 facit
1653 3367 1800 3422 ordi-

214 3478 335 3525 nes,
366 3461 449 3516 vel
485 3460 920 3515 consecrationes
962 3458 1361 3528 episcoporum,
1401 3456 1658 3525 celebrat,
1699 3458 1796 3513 sed

212 3570 325 3609 non
360 3551 685 3623 praedicatur
708 3550 761 3603 in
791 3551 971 3604 Missa.

293 3645 425 3698 ltem
462 3643 513 3695 iu
548 3641 696 3695 featis
720 3636 1185 3708 principalioribus
1206 3637 1501 3700 civitatum,
1528 3638 1579 3691 in
1607 3639 1799 3708 quibus

216 3738 559 3800 moratur,et
590 3730 643 3783 in
676 3727 829 3783 festis
869 3727 1011 3793 aliis,
1045 3736 1201 3796 prout
1236 3727 1451 3781 devotio
1476 3727 1649 3796 ipsum
1680 3744 1797 3782 mo-

215 3834 328 3891 νιιι,
368 3822 627 3887 celebrat,
660 3830 712 3876 et
744 3819 1082 3889 praedicatur.

294 3918 423 3972 ltem
445 3915 693 3986 quamvis
715 3911 1094 3968 consueverint
1119 3911 1344 3967 Romani
1370 3912 1650 3981 pontifices
1673 3912 1802 3967 istas

215 4008 593 4065 solemnitates
630 4005 876 4075 superius
922 4004 1091 4059 dictas
1148 4003 1473 4069 observare,
1528 4005 1574 4058 si
1625 4013 1800 4058 tamen

217 4102 332 4155 sint
365 4096 602 4168 impediti
634 4114 696 4152 ex
729 4096 1003 4151 debilitate
1031 4095 1116 4151 vel
1151 4095 1254 4150 alia
1287 4095 1590 4150 rationabili
1617 4109 1799 4163 causa,

224 4199 454 4260 possunt
486 4188 627 4259 ipsas
657 4186 927 4254 omittere,
954 4195 1010 4242 et
1048 4196 1448 4242 consueverunt
1478 4186 1803 4261 quandoque

222 4282 568 4336 cmurnittere
592 4280 748 4334 alicui
776 4278 1051 4349 episcopo,
1080 4278 1164 4335 vel
1183 4278 1494 4348 presbytero
1520 4276 1801 4342 cardinali,

217 4373 364 4444 quod
397 4373 653 4437 celebret,
679 4380 733 4425 et
770 4385 1076 4426 sermonem
1118 4371 1273 4426 faciat
1311 4370 1363 4424 in
1391 4371 1622 4426 ecclesia
1651 4372 1804 4438 cuius

220 4465 420 4519 festum
449 4473 567 4529 est;
600 4472 653 4517 et
680 4462 864 4526 etiam,
897 4462 941 4517 si
971 4462 1166 4531 placet,
1190 4462 1476 4516 committit
1496 4463 1636 4531 quod
1661 4462 1804 4517 cele-

219 4558 343 4612 bret
382 4555 665 4625 episcopus
695 4554 778 4609 vel
819 4553 1099 4623 presbyter
1141 4553 1430 4608 eardinalis
1474 4554 1527 4607 in
1572 4553 1802 4608 ecclesia
1833 4555 1883 4617 υ

219 4645 521 4702 cathedrali
553 4643 804 4710 civitatis,
834 4644 917 4699 vel
948 4644 1096 4707 alibi,
1127 4644 1262 4699 sicut
1289 4644 1482 4714 placet,
1517 4652 1571 4699 et
1597 4659 1803 4700 sermo-

220 4755 347 4795 nem
382 4736 562 4791 faciat.

216 4832 282 4886 C.
322 4829 591 4882 Ordinatio
627 4826 835 4880 Domini
886 4827 1164 4880 Alexandri
1205 4842 1354 4897 papae
1394 4827 1566 4896 quarti
1597 4828 1660 4883 de
1688 4831 1797 4896 suis

296 4901 477 4969 [regiis
506 4900 755 4963 luctandi:
786 4914 879 4966 pro
922 4898 1133 4952 suumtis
1178 4898 1499 4967 pontiﬁcibus
1540 4908 1588 4951 et
1628 4902 1797 4952 cardi-

294 4969 495 5023 παιῶνι
524 4969 801 5037 defunctis.

296 5059 430 5112 Dum
459 5057 643 5113 fideles
670 5058 880 5113 animas
906 5057 1304 5126 defunctorum,
1336 5059 1435 5114 sibi
1466 5058 1652 5114 salutis
1673 5073 1802 5127 pro-

216 5164 417 5205 curare
464 5148 749 5202 consilium
808 5158 1173 5217 nequeuntes,
1216 5150 1493 5204 cliaritatis
1548 5149 1801 5205 instinctu

214 5241 509 5299 conveniat
551 5239 864 5295 Orationnm
911 5240 1177 5309 suffragiis
1220 5240 1481 5309 adjuvari,
1527 5240 1802 5294 sanctissi-

218 5352 346 5392 mus
374 5337 626 5391 dominus
655 5345 806 5405 pater
833 5335 1139 5391 Alexander
1170 5351 1300 5405 papa
1333 5346 1573 5405 quartus,
1606 5337 1674 5392 de
1694 5332 1804 5393 fra-

218 5440 365 5484 trum
393 5442 612 5483 suorum
655 5427 892 5481 unanimi
917 5427 1145 5481 consilio
1187 5436 1240 5482 et
1271 5443 1512 5493 assensu,
1548 5430 1802 5482 anniver-

216 5523 424 5579 sarium
452 5528 810 5576 sacrosancta:
841 5519 1092 5574 Romana:
1127 5519 1378 5576 Ecclesiae
1409 5521 1720 5591 pomiticum
1751 5531 1805 5575 et

218 5614 576 5672 cardinalium
631 5613 942 5675 obeuntiom
1015 5613 1192 5667 Nonas
1244 5613 1579 5684 Septembris
1646 5613 1802 5669 annis

1888 1909 2131 1950 summus
2174 1895 2435 1963 pontifex,
2486 1909 2646 1965 quam
2679 1894 2974 1952 cardinales
3003 1896 3057 1952 in
3109 1900 3326 1968 capellis
3355 1901 3469 1956 suis

1890 1995 2109 2040 cantent
2137 2001 2260 2040 eum
2308 1995 2432 2041 nota
2472 1986 2786 2042 solemuiter
2833 2002 2931 2057 pro
2959 1988 3250 2056 defunctis;
3299 1992 3470 2046 idem-

1890 2092 1992 2145 que
2026 2076 2297 2130 Romanus
2328 2076 2563 2145 pontifex
2612 2076 2869 2132 ducentos
2920 2091 3179 2148 pauperes
3220 2097 3315 2149 pro
3353 2083 3472 2150 ejus

1890 2168 2067 2223 anima
2094 2178 2295 2237 pascat,
2329 2179 2381 2224 et
2409 2169 2589 2238 viginti
2636 2168 2875 2238 quinque
2903 2170 3125 2239 quilibet
3153 2173 3464 2236 cardinalis.

1894 2257 2000 2311 imo
2039 2268 2092 2312 et
2120 2258 2234 2328 ipse
2265 2260 2516 2314 dominus
2546 2273 2682 2329 papa
2713 2259 2900 2314 Missas
2933 2276 3030 2329 pro
3070 2260 3338 2319 defunctis
3366 2265 3467 2319 du-

1892 2357 2097 2413 centas,
2139 2358 2194 2403 et
2232 2349 2417 2419 viginti
2461 2351 2700 2420 quinque
2740 2350 3029 2407 cardinalis
3068 2352 3290 2423 quilibet
3328 2366 3475 2424 pust-

1897 2439 2109 2494 modum
2141 2437 2300 2495 faciat
2323 2440 2610 2495 celebrari.

1895 2527 1983 2583 Cl.
2024 2526 2092 2582 In
2132 2529 2314 2598 quibus
2360 2529 2535 2582 diebus
2577 2538 2624 2583 et
2662 2528 3068 2585 soleinnitatibus
3106 2544 3478 2591 consueverunt

2063 2597 2287 2654 Romani
2315 2600 2584 2668 pontiﬁces
2621 2617 2652 2654 α
2689 2601 2999 2655 εοηδὶειοιίὶι
3029 2602 3297 2659 abstinere.

1969 2688 2271 2744 Netandum
2311 2689 2453 2759 quod
2506 2691 2557 2744 in
2600 2689 2789 2745 diebus
2819 2700 2873 2745 et
2923 2692 3294 2748 festivitatibus
3335 2694 3472 2749 infra

1904 2778 2095 2848 positis
2121 2785 2520 2834 consueverunt
2548 2774 2773 2832 Romani
2804 2780 3081 2849 pontifices
3105 2783 3421 2851 regulariter
3442 2802 3472 2837 a

1898 2868 2234 2928 consistoriis
2263 2868 2555 2932 abstinere,
2588 2880 2745 2938 prout
2775 2869 2890 2924 hinc
2919 2870 3110 2940 partim
3146 2874 3475 2943 experientia

1900 2962 2104 3030 docuit,
2152 2970 2208 3018 et
2233 2962 2428 3032 partim
2474 2958 2737 3031 majorum
2777 2972 3079 3019 nostrorum
3112 2964 3299 3021 relatio
3328 2976 3475 3037 pate-

1900 3054 2044 3110 fecit.

1972 3147 2025 3203 In
2053 3147 2239 3217 primis
2268 3147 2544 3203 sciendum
2568 3146 2713 3217 quod
2764 3148 2913 3202 nullo
2951 3147 3041 3204 die
3084 3147 3355 3213 dominico
3383 3165 3477 3221 per

1903 3246 2072 3294 totum
2091 3252 2292 3292 annum
2325 3238 2380 3291 fit
2410 3237 2811 3293 consistorium.

1972 3327 2105 3384 ltem
2130 3327 2274 3382 nullo
2299 3328 2389 3384 die
2415 3327 2562 3383 Jovis
2592 3344 2686 3398 per
2716 3338 2879 3384 totum
2906 3342 3103 3386 annum
3129 3330 3187 3385 fit
3213 3332 3476 3389 consisto—

1903 3417 2066 3484 rium,
2092 3417 2303 3473 etiamsi
2330 3417 2400 3471 sit
2429 3417 2603 3487 aliqua
2628 3417 2761 3473 festa
2793 3419 2845 3472 in
2876 3421 3194 3490 septimana.

1972 3509 2104 3564 ltem
2136 3526 2165 3562 a
2196 3509 2374 3578 vigilia
2414 3509 2716 3565 Nativitatis
2760 3508 2968 3565 Domini
3015 3511 3273 3568 inclusive
3313 3529 3479 3584 usque

1900 3600 1967 3654 ad
1998 3601 2194 3654 festum
2228 3599 2541 3669 Epiphaniae
2579 3600 2838 3656 inclusive
2861 3615 2963 3656 nec
2996 3602 3053 3657 fit
3079 3604 3476 3661 consistorium.

1901 3691 2235 3760 Quandoque
2263 3700 2440 3746 tamen
2460 3699 2579 3760 post
2598 3690 3074 3748 Circumcisionem
3101 3704 3356 3749 vocantur
3384 3696 3483 3749 ali-

1902 3798 2006 3852 qua
2033 3782 2120 3837 die
2141 3782 2440 3839 cardinales
2464 3783 2530 3837 ad
2562 3785 2963 3853 consistorium,
2987 3802 3094 3841 non
3116 3787 3180 3841 ad
3204 3788 3482 3857 negotian-

1908 3872 2064 3941 dum,
2093 3872 2188 3927 sed
2220 3874 2285 3927 ad
2316 3873 2683 3940 revidendum,
2718 3875 2764 3929 si
2797 3876 2970 3943 placet
2995 3877 3214 3932 domino
3231 3892 3403 3948 papae.

1981 3965 2112 4020 ltem
2144 3965 2314 4033 prima
2345 3965 2432 4021 die
2464 3965 2919 4034 Quadragesimae,
2952 3969 3156 4025 scilicet
3183 3970 3236 4025 in
3267 3970 3357 4026 die
3387 3968 3493 4027 Ci?

1907 4071 2120 4126 nerum,
2152 4070 2258 4109 non
2289 4065 2372 4110 est
2401 4055 2806 4123 consistorium,
2836 4071 2952 4112 nec
2996 4059 3158 4113 etiam
3188 4070 3271 4114 est
3305 4063 3486 4116 consi-

1905 4148 2131 4204 storium
2178 4146 2389 4203 duobus
2430 4146 2620 4202 diebus
2660 4148 3109 4220 princedentibus,
3157 4150 3363 4205 scilicet
3397 4152 3484 4209 die

1909 4238 2095 4305 Lunae,
2132 4248 2187 4292 et
2229 4238 2318 4293 die
2349 4236 2533 4291 Martis
2563 4237 2615 4291 in
2661 4237 3039 4307 carnisprivio,
3072 4239 3113 4293 si
3144 4240 3291 4294 curia
3332 4240 3395 4295 sit
3429 4242 3482 4295 in

1908 4330 2073 4397 Urbe,
2104 4339 2321 4401 propter
2350 4328 2666 4383 insolentias
2706 4342 2826 4397 qua:
2857 4329 2960 4384 illis
2991 4330 3180 4385 diebus
3213 4331 3326 4387 fieri
3355 4347 3486 4386 con-

1908 4428 2237 4484 sueverunt;
2269 4418 2363 4472 sed
2395 4418 2441 4473 si
2469 4416 2598 4473 alibi
2642 4418 2716 4472 sit
2744 4419 2914 4482 curia,
2962 4420 3237 4489 signanter
3274 4422 3487 4479 duobus

1911 4510 2101 4566 diebus
2126 4508 2467 4577 earnisprivii
2497 4508 2871 4577 praecedentis,
2906 4508 2960 4563 fit
2986 4512 3384 4567 consistorium.

1981 4601 2112 4655 ltem
2150 4614 2180 4652 a
2229 4599 2505 4654 Dominica
2553 4599 2850 4654 Palmarum
2901 4600 3160 4657 inclusive
3208 4619 3374 4673 usque
3417 4603 3486 4659 ad

1912 4690 2242 4747 Do-uinicam
2290 4689 2585 4759 proximam
2615 4701 2732 4760 post
2758 4689 2960 4746 Pascha
3009 4693 3267 4749 inclusive
3294 4709 3400 4750 non
3433 4697 3491 4749 fit

1912 4781 2313 4850 consistorium,
2348 4781 2449 4837 hoc
2498 4784 2673 4849 salvo,
2722 4783 2864 4853 quod
2894 4785 2938 4839 si
2985 4784 3097 4840 fieri
3127 4778 3323 4842 debent
3361 4788 3491 4842 Pro-

1906 4889 2094 4931 cessus
2125 4873 2180 4927 in
2212 4873 2301 4930 die
2330 4873 2481 4929 Jovis
2511 4885 2723 4943 sancto,
2754 4886 2880 4932 tunc
2908 4878 3179 4933 consuevit
3205 4893 3326 4935 esse
3355 4895 3489 4934 con-

1907 4971 2182 5028 sistorium
2216 4966 2384 5029 in'die
2406 4973 2653 5030 Mercurii
2688 4983 2900 5039 sancto,
2931 4975 3015 5030 vel
3046 4975 3222 5044 aliquo
3259 4975 3348 5030 die
3374 4991 3489 5043 sep

1907 5068 2123 5123 limante
2166 5079 2365 5124 sanetae
2411 5069 2480 5124 ad
2517 5070 2867 5125 revidendum
2920 5053 3209 5124 Processus
3248 5068 3338 5137 qui
3368 5068 3484 5121 fue-

1907 5158 2016 5213 rint
2041 5157 2294 5224 faciendi,
2330 5159 2456 5215 licet
2486 5161 2643 5216 aliter
2676 5162 2877 5230 pluries
2908 5160 3047 5214 forte
3075 5158 3317 5214 dominus
3349 5172 3483 5225 papa

1909 5250 2233 5305 consuluerit
2264 5250 2425 5321 383
2464 5266 2584 5306 cum
2618 5251 2869 5307 fratribus
2917 5254 3027 5306 suis
3072 5266 3232 5316 super
3263 5249 3486 5304 Proces-

1910 5341 2059 5396 sibus
2088 5340 2373 5408 faciendis,
2404 5344 2553 5398 salvo
2581 5344 2742 5398 etiam
2775 5344 2913 5413 quod
2937 5343 2983 5398 si
3006 5342 3228 5397 deberet
3257 5342 3366 5395 fieri
3394 5356 3485 5393 0r-

1912 5433 2114 5486 dinatio
2163 5433 2537 5494 cardinalium,
2570 5432 2708 5487 bene
2758 5444 2883 5487 tunc
2916 5436 3066 5488 fieret
3109 5430 3480 5485 consistorium

1913 5524 2152 5592 pluribus
2195 5523 2386 5577 diebus
2417 5525 2528 5591 ipsa
2568 5526 2865 5594 septimana
2910 5533 3115 5577 sancta.
3151 5521 3482 5588 Quandoque

1912 5624 2084 5667 tamen
2130 5613 2213 5667 die
2265 5612 2484 5668 Veneris
2531 5617 2768 5683 proxima
2807 5624 2926 5685 post
2984 5614 3185 5668 Pascha
3228 5621 3481 5669 vocantet

300 5741 325 5769 ιι
349 5731 485 5788 Olim
515 5730 566 5784 id
591 5728 750 5783 fiebat
782 5742 875 5797 per
903 5726 1076 5795 ipsum
1110 5726 1445 5795 pontificem,
1476 5732 1533 5780 ut
1559 5733 1703 5795 patet
1731 5740 1795 5780 ex
1839 5739 2086 5782 sermone
2116 5724 2285 5781 sancti
2318 5724 2520 5781 Leonis.

474 5822 741 5881 ι’Λτιιοιο.
781 5819 1117 5913 LXXVIII.

3020 5814 3090 5872 39
