4006 6292
576 294 703 349 i227

1248 286 1591 345 APPENDIX
1635 286 1726 343 AD
1762 286 1821 343 S.
1865 285 2191 344 GREGORII
2235 286 2452 343 MAGNI
2492 284 2861 344 LITURGIGA
2901 283 3155 342 OPERA.

3716 285 3861 342 I223

567 407 867 466 cardinales
917 404 983 459 ad
1024 401 1431 465 consistorium,
1476 413 1581 453 non
1629 397 1695 453 ad
1742 396 2146 466 negotiandum.
2178 400 2222 458 Α
2253 398 2558 453 civitatibus
2583 398 2833 454 tiom’uus
2873 413 3008 468 papa
3039 405 3300 465 moratur,
3354 399 3535 455 maxin
3562 415 3594 457 e
3633 402 3856 470 quando

568 507 664 561 scil
688 508 755 560 ad
787 497 1158 563 revidendum,
1193 494 1237 549 si
1268 493 1502 565 placi-bit
1530 492 1749 548 domino
1779 506 1952 562 paptc,
1986 500 2042 546 ut
2070 491 2155 545 di.

567 606 711 652 ctum
741 600 821 647 est
850 590 903 644 in
930 586 1119 643 Natali.

642 686 770 738 Item
802 681 853 734 in
884 679 972 732 die
1001 672 1347 731 Ascensionis
1376 672 1584 728 Domini
1632 680 1687 728 et
1715 671 1803 726 die
1832 669 2155 741 prmeedenti

568 778 700 845 ipsa,
730 781 781 827 et
809 771 861 825 in
886 769 1081 824 Octava
1125 764 1472 821 Ascensionis
1497 780 1603 819 non
1646 763 1704 818 Iit
1750 762 2152 827 consistorium,

566 876 620 921 et
649 874 773 919 sunt
809 860 1027 932 Vesperi
1061 858 1279 929 papales
1318 858 1587 914 solemnes
1617 856 1668 911 in
1699 856 1877 927 vigilia
1905 855 2153 911 cantandi

567 958 617 1011 in
644 953 904 1018 ecclesia;
935 960 990 1007 et
1018 951 1173 1006 datur
1203 959 1357 1020 potus
1392 948 1444 1003 in
1484 948 1628 1004 aula.
1671 947 1777 1005 Sed
1809 947 1947 1003 bene
1982 963 2154 1018 quan-

565 1049 741 1116 doque
769 1047 881 1114 ipsa
913 1045 1001 1099 die
1030 1042 1363 1115 praecedenti.
1389 1041 1771 1097 Ascensionem
1794 1050 1920 1095 ante
1948 1039 2154 1110 Vespe-

566 1154 659 1195 ros
701 1137 910 1194 confert
951 1135 1199 1190 dominus
1246 1148 1385 1203 papa
1429 1146 1548 1188 cum
1581 1131 1978 1197 cardinalibus,
2011 1130 2055 1185 si
2087 1130 2157 1185 sit

571 1243 815 1295 necesse,
844 1226 913 1283 dc
944 1225 1308 1296 processibus,
1334 1225 1423 1294 qui
1455 1224 1567 1278 ﬁeri
1598 1223 1799 1278 debent
1836 1223 1888 1278 in
1928 1223 2039 1292 ipsa
2069 1222 2157 1278 die

568 1317 954 1385 Ascensionis;
1004 1317 1131 1372 licet
1160 1325 1285 1370 ante
1317 1316 1514 1385 pluries
1552 1314 1693 1369 forte
1721 1313 1974 1369 dominus
2018 1328 2154 1385 papa

565 1409 901 1467 consuluerit
944 1422 1068 1463 cum
1128 1405 1383 1462 fratribus
1431 1405 1544 1461 suis
1597 1419 1759 1475 super
1809 1404 2161 1461 Processibus

567 1500 843 1556 faciendis.

638 1590 765 1645 Item
792 1587 846 1643 in
875 1587 1049 1659 vigilia
1081 1587 1431 1644 Pentecostes
1468 1586 1749 1655 inclusive,
1776 1586 1826 1640 in
1852 1601 1960 1656 qua
1978 1585 2154 1654 vigilia

564 1693 688 1739 sunt
722 1682 943 1752 Vesperi
975 1683 1195 1753 papales
1220 1682 1513 1747 solemnes,
1541 1682 1631 1751 qui
1665 1688 1790 1735 sunt
1816 1681 2066 1734 cantandi
2100 1680 2154 1735 in

2257 488 2519 555 celebrat,
2561 503 2665 543 non
2696 489 2753 543 Iit
2786 488 3202 555 consistorium,
3248 491 3343 547 sed
3378 490 3481 547 hoc
3502 502 3587 547 est
3613 494 3852 565 episcopi

2256 582 2524 638 ordinare.

2327 672 2455 728 Item
2472 673 2897 742 quandocunque
2912 683 3035 728 sunt
3055 673 3272 743 Vesperi
3297 675 3514 746 papales
3536 676 3847 747 solemnes,

2259 764 2311 817 in
2342 761 2701 821 reverentiam
2745 764 2975 833 alicujus
3002 764 3164 833 festi,
3182 779 3287 819 non
3330 774 3415 820 est
3443 766 3848 823 consistorium.

2262 855 2482 925 Vesperi
2527 864 2705 911 autem
2736 856 2956 926 papales
3004 856 3290 921 dicuntur,
3336 858 3556 926 quando
3600 857 3851 913 dominus

2259 958 2393 1014 papa
2427 954 2482 999 et
2511 945 2720 1015 praelati
2749 944 2951 1001 debent
2972 959 3095 1001 esse
3115 945 3284 1016 parati
3310 949 3363 1001 in
3389 948 3642 1003 ecclesia.
3679 949 3851 1004 Pani

2258 1047 2435 1091 autem
2486 1052 2593 1093 non
2624 1046 2749 1093 sunt
2777 1038 3083 1096 cardinales
3102 1046 3163 1094 et
3185 1039 3391 1108 prmlati
3459 1038 3563 1096 ni-i
3604 1042 3851 1099 dicantur

2260 1128 2478 1198 Vesperi
2504 1130 2557 1185 in
2588 1131 2845 1187 ecclesia.

2330 1219 2399 1275 Et
2428 1222 2721 1278 notandum
2743 1223 2886 1295 quod
2916 1223 3163 1294 quzed'am
3189 1223 3259 1280 de
3280 1225 3555 1294 pradictis
3582 1226 3734 1282 festis
3760 1228 3853 1282 ha-

2262 1309 2388 1364 bent
2421 1309 2687 1382 Vesperos
2718 1313 2965 1384 papales,
2994 1322 3049 1369 ut
3080 1314 3220 1370 inira
3246 1317 3463 1385 ponitur
3490 1331 3584 1387 per
3615 1318 3739 1388 sing
3761 1319 3850 1375 dos

2259 1414 2491 1457 menses.

2335 1492 2403 1549 Ut
2445 1502 2621 1549 autem
2654 1495 2920 1565 praedicta
2961 1497 3234 1568 generalia
3258 1499 3461 1554 clarius
3511 1500 3845 1571 elueescant,

2260 1585 2612 1655 subjicicntur
2658 1602 2753 1656 per
2783 1588 3023 1656 singulos
3073 1604 3290 1646 menses
3346 1592 3557 1662 singula
3609 1594 3744 1650 festa
3798 1596 3847 1649 in

2259 1679 2453 1746 quibus
2491 1691 2520 1730 a
2562 1679 2895 1734 consistoriis
2937 1680 3256 1751 regulariter
3290 1694 3697 1740 consueverunt
3745 1685 3844 1742 lio-

565 1776 793 1832 ecclesia
825 1819 841 1844 ,
886 1786 940 1829 et
987 1775 1143 1829 datur
1195 1783 1351 1843 potus
1376 1817 1391 1841 ,
1447 1787 1615 1843 usque
1653 1772 1720 1826 ad
1777 1771 1920 1828 diem
1975 1772 2158 1828 Martis
2190 1773 2235 1832 Β
2264 1768 2407 1823 mani
2436 1768 2718 1836 pontiﬁces
2745 1784 2979 1826 cessare.

575 1868 806 1936 proximi
840 1878 960 1938 post
988 1868 1177 1923 Icstum
1207 1865 1468 1921 inclusive
1511 1879 1617 1920 non
1649 1865 1707 1919 Iit
1733 1866 2111 1920 consistorium
2132 1907 2148 1932 ,

567 1959 662 2016 sed
721 1962 772 2014 in
806 1960 894 2015 die
925 1958 1174 2015 Mercurii
1220 1956 1495 2028 sequenti,
1538 1956 1622 2012 vel
1654 1956 1742 2011 die
1773 1956 1996 2012 Veneris
2019 1973 2155 2013 con-

563 2061 856 2107 sueverunt
882 2048 1181 2105 cardinales
1207 2050 1385 2104 vocari
1413 2047 1478 2102 ad
1500 2047 1903 2103 consistorium.

636 2144 765 2199 Item
801 2144 850 2198 in
877 2152 1108 2213 quatuor
1133 2142 1289 2198 festis
1317 2141 1489 2197 beatae
1514 2141 1767 2212 gloriosas
1796 2140 2012 2209 virginis
2040 2139 2155 2194 Μα-

566 2237 695 2302 riae,
744 2236 993 2290 decIicet
1022 2234 1355 2303 Nativitatis,
1387 2234 1854 2297 Annuntiationis,
1899 2234 2153 2288 Puriiica-

567 2325 727 2381 tionis
756 2334 809 2381 rt
831 2324 1250 2396 Assumptiouis,
1280 2341 1390 2381 non
1421 2327 1474 2381 Iit
1506 2326 1882 2381 consistorium
1900 2368 1914 2388 .
1973 2340 2072 2380 nec
2102 2325 2163 2379 in.

568 2418 746 2489 vigilia
798 2417 1192 2488 Assumptionis
1232 2416 1350 2489 ejus
1375 2460 1390 2483 ,
1445 2431 1545 2473 nec
1590 2416 1643 2471 in
1672 2418 1868 2472 Octava
1910 2416 2153 2487 ejusdem

568 2509 729 2575 festi;
786 2522 886 2564 nec
934 2506 1213 2565 consuevit
1259 2521 1381 2564 esse
1443 2507 1824 2563 consistorium
1880 2505 2153 2564 modernis

574 2600 900 2672 temporibus
928 2601 1015 2656 die
1038 2600 1360 2671 praecedenti
1401 2600 1742 2657 Nativitatem
1775 2602 1945 2657 beatae
1974 2600 2159 2671 Virgi-

575 2694 680 2761 nis,
730 2707 827 2747 nec
854 2694 906 2747 in
935 2691 1135 2748 Octava
1160 2692 1401 2763 ejusdem
1431 2690 1554 2749 festi
1580 2736 1595 2756 ,
1628 2693 1808 2749 nec-in
1840 2692 1929 2749 die
1953 2708 2163 2765 praece.

570 2785 713 2839 denti
747 2784 1197 2841 PuriIicationem.

639 2875 768 2930 Item
800 2876 852 2930 itt
891 2874 1029 2931 feato
1055 2876 1221 2945 Nivis,
1262 2876 1411 2947 quod
1436 2887 1519 2933 est
1549 2877 1754 2933 festum
1774 2877 1947 2932 beatze
1983 2878 2156 2949 Virgis

570 2968 651 3022 ais
670 3008 685 3033 ,
716 2977 770 3022 et
797 2977 881 3022 est
905 2968 1086 3037 quinta
1116 2966 1203 3024 die
1235 2970 1485 3038 Augusti,
1520 2983 1627 3023 non
1656 2968 1713 3023 Iit
1742 2968 2145 3024 consistorium.

641 3059 770 3114 Item
808 3061 861 3114 iu
894 3059 1070 3128 vigilia
1101 3069 1156 3114 et
1187 3060 1239 3113 in
1271 3058 1405 3115 Iesto
1432 3058 1733 3114 Nativitatis
1761 3059 1899 3114 beati
1930 3058 2167 3116 Joannis.

2868 1859 2935 1919 In
2965 1858 3239 1916 Januario.

2330 1949 2387 2005 In
2433 1949 2521 2007 die
2568 1949 3012 2008 Circumcisionis
3066 1954 3275 2009 Domim
3306 1969 3411 2010 non
3464 1957 3531 2010 Iis
3582 1957 3849 2014 consisto.

2258 2041 2421 2099 rium.

2329 2133 2388 2190 In
2425 2132 2623 2190 Octava
2652 2134 2827 2191 sancti
2856 2134 3119 2205 Stephani
3146 2150 3255 2191 non
3286 2136 3350 2192 Iit
3370 2139 3781 2195 consistorium.

2332 2227 2462 2284 Item
2495 2229 2557 2283 in.
2574 2227 2770 2283 Octava
2791 2230 2965 2284 sancti
2985 2228 3208 2285 Joannis
3232 2245 3339 2285 non
3369 2229 3427 2285 ﬁt
3447 2245 3571 2285 con»
3588 2232 3851 2289 isturium.

2329 2316 2462 2372 Item
2504 2319 2557 2372 in
2608 2317 2807 2374 Octava
2858 2329 3168 2376 sanctorum
3215 2320 3594 2376 Innocentium
3645 2338 3749 2379 non
3796 2327 3851 2380 fit

2257 2423 2324 2465 ce
2347 2408 2660 2466 tsistorium.

2331 2499 2461 2556 Item
2492 2502 2546 2556 in
2579 2500 2756 2573 vigilia
2790 2503 3105 2576 Epiphania
3150 2519 3258 2561 non
3287 2505 3347 2561 Iit
3374 2507 3785 2564 consistorium.

2333 2593 2463 2649 Item
2492 2592 2546 2649 in
2578 2593 2876 2665 Epiphania
2905 2594 3118 2657 Domini
3147 2611 3249 2652 non
3280 2596 3342 2651 Iit
3359 2597 3765 2654 consismrium.

2332 2684 2464 2740 Item
2499 2685 2550 2741 in
2575 2686 2774 2743 Octava
2806 2687 3116 2758 Epiphania:
3139 2704 3246 2744 non
3279 2688 3336 2744 Iit
3366 2689 3779 2745 consistorium.

2332 2778 2462 2834 Item
2493 2778 2545 2833 in
2571 2779 2709 2835 Iesto
2739 2789 3046 2837 sanctorum
3076 2780 3296 2838 Fabiani
3325 2791 3382 2838 et
3408 2781 3719 2839 Sebastiani
3751 2797 3855 2839 non

2262 2870 2321 2923 Iit
2348 2867 2753 2924 consistorium.

2336 2960 2464 3017 Item
2504 2960 2559 3016 in
2588 2957 2726 3017 festo
2754 2962 3199 3033 sattcthgnetis
3225 2976 3328 3016 non
3365 2962 3425 3016 Iit
3444 2962 3846 3018 consistorium.

2332 3051 2465 3109 Item
2494 3053 2546 3108 in
2579 3052 2717 3109 Iesto
2745 3063 3055 3110 sanctorum
3083 3054 3347 3113 Vincentii
3375 3064 3431 3111 et
3451 3056 3724 3111 Anastasii
3751 3072 3851 3111 non

571 3151 820 3221 Baptistre
838 3165 943 3205 non
969 3151 1027 3204 Iit
1052 3149 1450 3218 consistorium,
1478 3164 1575 3205 nec
1599 3151 1650 3205 in
1669 3149 1868 3206 Octava
1891 3150 2155 3220 ejusdem.
2183 3138 2229 3200 C
2266 3144 2321 3198 Iit
2347 3142 2748 3200 consistorium.

640 3245 697 3299 In
730 3243 881 3297 festis
918 3244 1153 3298 omnium
1185 3240 1549 3313 apostolorum
1572 3284 1589 3311 ,
1620 3253 1675 3299 et
1713 3242 1874 3301 etiam
1920 3243 1973 3300 in
2007 3243 2158 3301 festis

568 3335 1039 3405 evangelistarum,
1065 3344 1170 3390 tam
1195 3334 1606 3406 principalibus,
1636 3350 1794 3406 quam
1824 3351 1929 3390 non
1958 3335 2155 3407 princi-

568 3425 794 3494 palibus,
823 3433 877 3479 et
905 3425 1174 3494 pracipue
1203 3424 1570 3494 apostolorum
1600 3422 1744 3480 Petri
1767 3436 1820 3481 et
1848 3425 2020 3493 Pauli,
2046 3443 2152 3484 non

568 3515 625 3570 Iit
677 3515 1088 3581 consistorium;
1142 3529 1245 3570 nec
1280 3514 1439 3569 etiam
1474 3514 1527 3569 in
1572 3515 1752 3586 vigilia
1786 3515 2031 3586 apostolo
2064 3532 2153 3572 um

569 3602 715 3659 Petri
744 3613 799 3659 et
850 3604 1034 3671 Pauli,
1085 3619 1184 3659 nec
1229 3604 1284 3659 in
1312 3604 1510 3660 Octava
1551 3605 1865 3663 earumdem
1907 3605 2051 3664 Petri
2096 3615 2155 3664 et

568 3696 716 3755 Pauli
744 3697 804 3752 Iit
828 3696 1224 3754 consistorium.

642 3789 771 3844 Item
795 3789 847 3843 in
880 3789 1014 3844 Iesto
1041 3788 1180 3844 beati
1200 3788 1494 3856 Laurentii,
1516 3797 1567 3845 et
1602 3789 1654 3844 in
1676 3790 1875 3846 Octava
1904 3790 2023 3861 ejus
2046 3806 2161 3847 non

569 3880 628 3933 Iit
657 3880 1059 3948 consistorium,
1092 3894 1192 3935 nec
1234 3882 1394 3936 etiam
1423 3881 1478 3936 in
1508 3881 1689 3952 vigilia
1719 3882 1840 3937 festi
1871 3882 2054 3937 Romae
2097 3883 2157 3938 Iit

566 3970 978 4037 consistorium;
1034 3985 1133 4026 nec
1173 3969 1333 4026 etiam
1380 3971 1509 4028 alibi
1564 3972 1623 4027 Iit
1666 3971 2046 4028 consistorium
2094 3973 2152 4028 in

568 4068 816 4134 prmsenti
847 4067 1048 4139 vigilia,
1080 4068 1207 4124 dum
1259 4077 1435 4125 tamen
1464 4078 1704 4127 moretur
1733 4070 1983 4127 dominus
2012 4086 2150 4142 papa

564 4157 717 4225 juxta
739 4156 1021 4213 ecclesiam
1054 4159 1220 4213 sancti
1255 4158 1549 4216 Laurentii.

636 4246 804 4321 384
834 4247 961 4304 Item
994 4247 1047 4303 in
1074 4248 1283 4304 duobus
1312 4248 1463 4305 festis
1494 4249 1633 4305 beati
1665 4249 1960 4318 Michaelis,
1997 4250 2151 4308 vide-

565 4340 688 4396 licet
715 4338 1110 4411 Apparitionis,
1143 4349 1199 4396 et
1244 4339 1627 4408 Dedicationis,
1654 4354 1760 4396 non
1792 4342 1851 4397 Iit
1877 4343 2152 4398 consisto-

565 4445 733 4484 num.

2336 3233 2464 3291 Item
2498 3235 2552 3291 in
2572 3234 2937 3293 Conversione
2968 3236 3149 3292 sancti
3172 3236 3320 3292 Pauli
3353 3251 3462 3293 non
3492 3236 3553 3292 Iit
3573 3239 3844 3293 consisto-

2261 3327 2421 3383 rium.

2746 3419 2906 3491 385
2940 3419 3006 3475 In
3037 3418 3343 3474 Februario.

2333 3512 2392 3567 In
2424 3510 2637 3581 vigilia,
2673 3525 2768 3566 seu
2806 3511 2895 3565 die
2923 3511 3165 3581 proxima
3195 3512 3551 3582 praecedente
3588 3512 3846 3568 Puriiiu-

2261 3604 2481 3670 tionem,
2508 3617 2611 3659 non
2640 3601 2701 3657 Iit
2729 3602 3130 3658 cunsistorium.

2332 3693 2462 3748 Item
2492 3693 2545 3747 in
2577 3692 2714 3748 Iesto
2751 3691 3149 3749 PuriIicationis
3196 3707 3301 3748 non
3351 3692 3410 3747 Iit
3445 3693 3845 3749 consistorium.

2334 3783 2465 3839 Item
2495 3782 2546 3838 in
2576 3783 2714 3840 Iesto
2736 3793 2935 3840 sancta:
2965 3784 3185 3855 Agathe
3216 3799 3323 3840 non
3351 3784 3406 3839 Iit
3444 3782 3844 3839 consisn-rium.

2332 3874 2463 3931 Item
2495 3874 2548 3931 iu
2592 3874 2863 3933 Cathedra
2910 3876 3082 3932 sancti
3132 3876 3280 3933 Petri
3321 3893 3427 3933 non
3472 3876 3531 3931 Iit
3576 3878 3847 3933 consisto-

2256 3970 2418 4025 rium.

2332 4062 2457 4117 Item
2490 4062 2542 4118 in
2575 4062 2710 4119 Iesto
2741 4061 2909 4119 sancti
2943 4061 3178 4117 Matthiae
3207 4078 3315 4118 non
3344 4064 3404 4119 Iit
3434 4065 3842 4121 consisterium.

2899 4152 2925 4207 Ι
2933 4170 2966 4208 tt
2990 4152 3198 4212 Martio.

2246 4302 2251 4307 ,
2332 4246 2386 4300 In
2410 4244 2552 4301 Iesto
2577 4244 2749 4302 sancti
2769 4243 3017 4316 Gregorii
3041 4258 3190 4315 papae
3214 4258 3319 4299 non
3342 4244 3401 4298 Iit
3431 4238 3840 4301 consistorium.

2329 4338 2459 4395 Item
2507 4336 2734 4394 infesto
2775 4336 2947 4394 sancti
2993 4334 3269 4391 Benedicti
3319 4349 3427 4391 non
3473 4334 3532 4392 Iit
3570 4337 3846 4390 consisto-

2256 4448 2417 4488 I‘IIIIII.

636 4519 778 4575 Item
790 4520 843 4576 in
873 4519 1082 4576 duobus
1104 4520 1256 4576 festis
1276 4532 1476 4576 sanetae
1504 4521 1693 4577 Crucis
1714 4560 1733 4587 ,
1758 4520 2013 4579 videlicet
2055 4520 2152 4578 ln-
2180 4508 2235 4569 D
2331 4525 2461 4581 Item
2490 4525 2543 4580 in
2575 4525 2713 4579 Iesto
2742 4522 3173 4579 Annuntiationis
3201 4522 3373 4577 beata:
3397 4521 3582 4576 Maria
3624 4521 3842 4592 virginis

564 4612 853 4680 ventionis,
882 4617 936 4667 et
963 4609 1480 4676 Exaltationis,.non
1513 4612 1570 4665 Iit
1600 4611 2002 4667 consistorium.

639 4702 845 4757 Itemin
871 4702 1007 4757 Iesto
1036 4700 1281 4756 omnium
1303 4698 1622 4758 Sanctorum
1646 4717 1753 4757 non
1798 4703 1856 4758 Iit
1883 4704 2151 4759 consisto-

568 4792 725 4847 rittm.

638 4886 767 4940 Item
799 4882 853 4938 in
882 4881 1260 4938 anniversario.
1273 4884 1514 4940 omnium
1538 4884 1856 4951 animarum,
1893 4883 2033 4955 quod
2064 4893 2150 4941 est

564 4982 616 5031 in
640 4976 875 5032 crastino
891 4975 1129 5031 omnium
1156 4975 1495 5043 Sanctorum,
1530 4992 1639 5033 non
1665 4979 1721 5032 Iit
1741 4980 2144 5036 consistorium.

636 5063 772 5120 Item
800 5064 856 5121 in
883 5065 1250 5120 anniversario
1301 5061 1753 5128 consecrationis,
1786 5075 2147 5119 seu-corona-

567 5159 733 5216 tionis
760 5158 987 5215 Romani
1016 5159 1285 5229 pontiﬁcis
1313 5155 1645 5228 praesidentis
1665 5197 1682 5224 ,
1726 5170 1834 5210 non
1864 5155 1921 5211 Iit
1945 5156 2152 5213 consis-

566 5250 785 5307 torium.

637 5328 764 5383 Item
786 5331 838 5384 in
865 5330 1115 5388 omnibus
1152 5329 1303 5389 festis
1325 5332 1633 5404 duplicibus
1654 5349 1760 5392 non
1794 5335 1853 5393 Iit
1880 5339 2147 5397 consisto—

567 5432 727 5473 ηιιίη.

638 5511 769 5566 Izem
801 5512 854 5567 in
877 5513 1192 5583 quibusdam
1223 5515 1342 5571 aliis
1370 5515 1519 5572 festis
1548 5532 1655 5574 non
1684 5517 1993 5590 duplicibus
2036 5536 2142 5577 non

565 5604 617 5654 Iit
644 5605 1044 5672 consistorium,
1074 5617 1128 5659 ut
1157 5607 1293 5660 inI'ra
1323 5604 1562 5677 ponitur.

638 5693 766 5747 Item
798 5693 852 5747 in
885 5693 1031 5750 festis
1052 5695 1515 5767 principalioribus
1532 5700 1836 5766 civitatum,
1864 5701 1917 5758 iu
1946 5704 2141 5773 quibus

2256 4633 2369 4672 non
2396 4618 2455 4673 Iit
2489 4615 2895 4673 consistorium.

2894 4726 2960 4783 In
3001 4727 3193 4800 Aprili.

2332 4841 2386 4898 In
2420 4841 2557 4899 Iesto
2583 4842 2764 4898 sancti.
2784 4841 2957 4897 Marci
2979 4856 3083 4896 non
3112 4839 3169 4895 Iit
3198 4839 3605 4896 consistorium

2916 4948 2982 5005 In
3009 4950 3172 5005 Baio.

2324 5067 2383 5123 In
2418 5066 2554 5124 Iesto
2592 5065 2956 5138 apostolorum
3002 5062 3231 5133 Philippi
3282 5071 3339 5119 et
3386 5060 3566 5119 Jacobi
3624 5076 3739 5119 non
3788 5062 3845 5118 ﬁt

2251 5158 2650 5216 consistorium.

2327 5248 2456 5304 Item
2486 5247 2538 5301 in
2593 5246 2731 5302 Iesto
2770 5243 3108 5302 Inventionis
3148 5253 3351 5300 sancta
3393 5241 3585 5299 Crucis
3634 5259 3744 5300 non
3792 5244 3847 5300 Iit

2250 5338 2665 5396 consistorium.

2327 5431 2460 5485 Item
2487 5430 2540 5485 in
2575 5428 2717 5486 festo
2740 5428 3166 5486 sanctiIeannis
3195 5439 3330 5487 ante
3351 5430 3567 5487 Portam
3594 5428 3846 5485 Latinam

2249 5538 2356 5581 non
2380 5525 2439 5580 Iit
2459 5522 2857 5580 consistorium.

2321 5615 2452 5672 Item
2482 5616 2536 5671 in
2568 5615 2705 5673 Iesto
2736 5614 3105 5687 Apparitionis
3132 5616 3305 5674 sancti
3336 5614 3615 5674 Michaelis
3643 5632 3756 5673 non
3790 5621 3842 5669 tit

2249 5707 2641 5765 consistorium.
