4006 6298
183 364 314 419 ἱεὶΞο

829 487 889 538 In
919 486 1102 542 ιΙηηὶο.

250 572 301 626 In
336 571 468 627 festo
495 575 664 630 sancti
693 575 943 632 Barnabas
975 580 1199 647 apostoli
1228 597 1331 635 non
1382 583 1438 637 Iit
1485 585 1752 638 consisto-

177 668 334 720 rium.

252 755 378 810 Item
411 755 463 810 in
496 756 671 825 vigilia
703 757 842 814 beati
874 759 1092 817 Joannis
1124 762 1373 832 Baptista:
1398 781 1501 821 non
1543 769 1599 821 Iit
1625 784 1758 823 con-

178 847 477 908 Sistttrium,
503 859 555 900 et
585 856 704 901 sunt
733 849 958 916 Vesperi
982 854 1194 921 papalcs
1217 856 1483 912 solemnes
1506 860 1752 913 cantandi

178 938 226 991 in
257 938 504 1003 ecilesia,
539 948 590 992 et
618 939 772 992 datur
806 951 982 1008 potus.

249 1031 375 1085 Item
420 1033 468 1086 in
504 1032 640 1088 festo
692 1032 993 1091 Nativitatis
1038 1037 1278 1106 ejusdem
1329 1040 1500 1096 sancti
1550 1057 1652 1097 non
1695 1043 1753 1098 lit

173 1123 568 1177 consistorium.

248 1215 372 1269 Item
405 1215 455 1269 in
488 1215 664 1285 vigilia
697 1217 1062 1286 apostolorum
1097 1218 1236 1274 Petri
1282 1229 1335 1274 et
1365 1221 1515 1275 Pauli
1548 1237 1651 1277 non
1697 1225 1754 1279 Iit

171 1304 576 1369 etmsistorium;
611 1315 664 1360 et
693 1316 819 1360 sunt
859 1307 1080 1377 Vesperi
1131 1309 1348 1379 papales
1396 1312 1645 1367 cantandi
1699 1313 1750 1369 in

171 1397 420 1460 ecclesia,
449 1408 501 1452 et
529 1398 686 1453 datur
714 1408 891 1467 potus.

241 1486 372 1541 Item
437 1487 487 1541 in
540 1487 676 1542 festo
731 1500 1036 1546 sanctorum
1088 1491 1456 1562 apostolorum
1511 1496 1651 1551 Petri
1701 1508 1754 1553 et

169 1575 316 1631 Pauli
351 1594 453 1631 non
487 1579 542 1631 Iit
589 1580 1006 1648 consistorium;
1055 1591 1111 1638 et
1159 1583 1203 1638 si
1250 1583 1321 1639 sit
1370 1599 1502 1654 papa
1535 1585 1751 1650 Romm,

171 1668 363 1721 eodem
395 1667 480 1721 die
516 1667 633 1722 Iesti
666 1679 789 1724 sunt
823 1670 1044 1740 VeSperi
1075 1673 1290 1742 papalcs
1319 1675 1588 1732 solemnes
1616 1693 1754 1733 can-

165 1761 310 1814 tandi
341 1762 391 1814 in
417 1762 667 1826 ecclesia,
697 1771 750 1816 et
782 1763 939 1818 datur
971 1777 1148 1834 potus.

241 1853 370 1908 Item
420 1855 470 1909 in
512 1855 1040 1914 Commemoratione
1095 1862 1263 1916 sancti
1316 1861 1464 1916 Pauli
1527 1880 1630 1918 non
1696 1864 1752 1919 Iit
1783 1859 1828 1919 Β

162 1946 565 2010 crnsistorium,
592 1955 644 2002 et
674 1962 1069 2005 consueverunt
1097 1953 1419 2023 quandoque
1451 1955 1563 2010 lieri
1594 1971 1748 2011 vaca-

163 2039 339 2092 tiones
369 2054 433 2092 ex
465 2048 590 2094 tunc
619 2053 784 2110 usque
817 2040 882 2095 ad
931 2037 1185 2098 Octavam
1228 2044 1532 2100 Nativitatis
1573 2046 1747 2102 beatas

162 2125 422 2194 Virginis.
446 2129 530 2184 vel
552 2131 714 2195 circa,
747 2131 1042 2187 secundum
1065 2134 1305 2189 diversas
1338 2134 1558 2200 formas,
1583 2137 1747 2208 386

161 2226 323 2284 prout
352 2217 601 2274 dominus
621 2235 757 2293 papa
785 2221 1000 2278 ordinat
1036 2224 1087 2278 in
1121 2224 1443 2282 consistorio
1485 2241 1607 2282 cum
1638 2229 1746 2283 Ira-

161 2309 329 2363 tribus
359 2310 491 2365 suis.

827 2382 893 2436 In
921 2383 1086 2440 Iulio.

240 2488 295 2541 In
323 2491 519 2546 Octava
545 2493 714 2546 sancti
743 2494 967 2549 Ioannis
997 2511 1103 2551 non
1136 2497 1190 2551 Iit
1220 2499 1625 2557 consistorium.

237 2581 364 2636 Item
391 2583 440 2636 in
463 2583 660 2637 Octava
682 2587 1046 2654 apostolorum
1078 2587 1219 2644 I’etri
1252 2599 1305 2643 et
1337 2588 1484 2646 Pauli
1533 2607 1636 2647 non
1684 2591 1741 2647 Iit

159 2673 561 2727 eonsistorium.

232 2762 360 2817 Item
398 2763 451 2818 in
504 2764 640 2819 festo
686 2776 886 2822 sanctae
944 2767 1122 2822 Maria:
1164 2767 1489 2839 Magdalenm
1529 2786 1632 2826 non
1683 2773 1741 2826 Iit

155 2855 559 2911 consistorium.

232 2945 360 3001 Item
389 2948 438 3002 in
473 2948 607 3002 festo
637 2950 806 3006 sancti
834 2950 1016 3006 Jacobi
1042 2953 1267 3023 apostoli
1297 2967 1402 3009 non
1439 2955 1498 3010 Iit
1526 2956 1736 3011 consis-

156 3041 370 3095 torium.

764 3109 830 3165 In
878 3112 1126 3185 Augusto.

1351 372 1606 429 ROMANI
1647 373 1962 434 URBINES.
2002 409 2070 420 -—
2110 379 2250 436 XIV.

3309 394 3445 451 I230

1935 498 2063 553 Item
2095 500 2146 554 in
2181 500 2356 568 vigilia
2381 515 2472 553 seu
2496 502 2581 557 die
2611 505 2851 572 proxima
2876 507 3208 575 prmeedente
3236 508 3430 566 Iestum

1863 587 2166 642 Nativitatis
2199 590 2365 643 beata:
2402 591 2630 660 Vrginis
2663 610 2766 648 non
2797 599 3071 652 consuevit
3103 598 3219 654 Iieri
3260 604 3444 657 consi-

1861 680 2106 731 storium.

1932 765 2061 820 Item
2105 768 2156 821 in
2206 769 2341 824 I'csto
2389 768 2688 828 Nativitatis
2733 774 2903 832 beata:
2957 778 3185 850 Virginis
3229 797 3334 838 non
3377 783 3436 837 Iit

1859 855 2262 912 consistorium.

1933 943 2064 1000 Item
2101 946 2152 1000 in
2199 945 2339 1004 festo
2373 951 2722 1008 Exaltatiouis
2763 969 2961 1013 sancta:
2991 959 3178 1017 Crucis
3231 977 3336 1019 non
3382 963 3443 1019 Iit

1858 1037 2255 1094 consistorium.

1933 1130 2058 1185 Item
2097 1134 2149 1186 in
2180 1143 2365 1189 octava
2395 1134 2696 1194 Nativitatis
2748 1141 2918 1198 beatae
2955 1143 3186 1215 Virginis
3231 1163 3337 1203 non
3382 1147 3442 1205 ﬁt

1859 1221 2259 1276 consistorium.

1927 1309 2089 1379 387
2147 1312 2276 1368 Item
2318 1313 2371 1368 in
2420 1313 2558 1371 Iesto
2608 1323 2780 1373 sancti
2820 1320 3054 1376 Matthxi
3105 1328 3334 1393 apostoli
3383 1341 3442 1384 et

1859 1400 2209 1469 evangelista:
2233 1417 2338 1455 non
2375 1402 2430 1456 Iit
2461 1405 2862 1462 consistorium.

1931 1489 2059 1546 Item
2087 1493 2138 1546 in
2165 1492 2304 1547 festo
2336 1494 2697 1552 Dedicationis
2727 1501 2894 1555 sancti
2928 1502 3204 1560 Michaelis
3231 1521 3336 1561 non
3374 1509 3431 1563 tit

1855 1581 2260 1637 eonsistorinm.

1928 1670 2056 1726 item
2091 1673 2146 1728 in
2193 1673 2330 1731 festo
2362 1675 2532 1732 sancti
2565 1677 2874 1753 IIieronymi
2906 1698 3010 1739 non
3068 1686 3126 1741 ﬁt
3163 1691 3432 1747 consisto-

1856 1761 2016 1817 rium.

2485 1834 2552 1892 In
2586 1839 2822 1895 Octobre.

1929 1924 1982 1978 In
2018 1925 2154 1980 festo
2181 1926 2319 1980 beati
2356 1927 2658 1984 It‘ranscisci
2689 1945 2794 1985 non
2843 1936 3119 1990 consuevit
3148 1937 3261 1993 ﬁeri
3307 1955 3439 1996 con-

1852 2012 2174 2070 sistorium:
2231 2017 2372 2086 quod
2421 2017 2649 2072 Romani
2696 2022 2973 2088 pontiﬁces
3021 2029 3321 2085 concedunt
3364 2032 3437 2089 ob

1851 2107 2205 2161 reverentiam
2238 2107 2433 2162 sancti.

1923 2198 2049 2252 Item
2102 2200 2154 2254 in
2186 2201 2326 2256 festo
2378 2205 2744 2274 apostolorum
2777 2206 3013 2264 Simonis
3058 2221 3111 2267 et
3137 2213 3288 2270 Indae
3320 2234 3425 2274 non

1850 2285 1907 2340 lit
1937 2288 2336 2345 consistorium.

1920 2376 2049 2431 Item
2075 2377 2128 2432 in
2162 2381 2339 2449 vigilia
2373 2385 2609 2439 omnium
2641 2386 2958 2444 Sanctorum
2986 2408 3090 2446 non
3124 2394 3177 2448 Iit
3227 2399 3434 2452 consis-

1850 2467 2064 2533 torium,
2087 2479 2144 2524 et
2165 2470 2521 2541 suntVesperi
2553 2477 2772 2544 papales
2801 2477 3068 2537 solemnes
3097 2486 3343 2542 cantandi
3377 2488 3427 2543 in

1846 2558 2096 2628 ecclesia,
2127 2569 2180 2616 et
2203 2560 2360 2617 datur
2390 2572 2570 2632 potus.

2435 2675 2504 2729 In
2537 2675 2840 2735 Novembre.

1918 2764 1973 2818 In
2002 2762 2140 2819 testo
2166 2766 2402 2821 omnium
2435 2767 2756 2824 Sanctorum
2789 2785 2891 2826 non
2924 2772 2986 2828 Iit
3023 2776 3420 2832 consistorium.

1919 2853 2045 2909 Item
2070 2854 2121 2908 in
2151 2857 2519 2914 anniversario
2545 2861 2781 2916 omnium
2825 2863 3143 2933 animarum,
3170 2869 3310 2937 quod
3340 2880 3422 2924 est

1843 2944 1895 2997 in
1918 2945 2151 3000 crastino
2179 2949 2415 3003 omnium
2441 2948 2781 3018 Sanctorum,
2806 2969 2910 3009 non
2935 2955 2992 3010 Iit
3018 2959 3414 3015 consistorium.

1917 3039 2044 3093 Item
2077 3039 2128 3094 in
2158 3040 2530 3096 anniversario
2563 3043 2787 3099 Romani
2837 3047 3103 3114 pontilicis
3125 3051 3423 3119 praedeces-

1843 3128 1980 3183 snris
2005 3130 2195 3195 semel,
2232 3131 2282 3184 id
2310 3140 2394 3186 est
2443 3133 2616 3201 primo
2651 3149 2793 3190 anno
2823 3145 3026 3192 tantum
3054 3183 3067 3207 ,
3125 3156 3246 3195 nam
3293 3149 3422 3199 tunc

231 3219 286 3274 In
320 3222 456 3277 resto
486 3225 654 3280 sancti
689 3223 829 3281 Petri
872 3225 936 3280 ad
971 3226 1191 3283 Vincula
1220 3243 1327 3285 non
1362 3230 1419 3285 Ilt
1465 3230 1731 3285 consisto-

1879 3221 2091 3276 ominus
2122 3237 2256 3293 papa
2283 3223 2542 3291 celebrat,
2575 3241 2681 3281 non
2709 3227 2767 3282 ﬁt
2798 3230 3198 3288 consistorium.

153 3328 322 3367 TIIIIII.

227 3403 358 3458 Item
391 3405 444 3460 in
477 3406 613 3461 festo
641 3407 811 3475 Nivis,
841 3409 981 3480 quod
1012 3420 1094 3467 est
1122 3411 1307 3482 quinta
1353 3411 1440 3468 dic
1467 3415 1688 3482 Augusti
1717 3456 1733 3480 ,

155 3511 266 3549 non
304 3497 360 3550 lit
392 3496 792 3551 consistorium.

220 3586 355 3641 Item
387 3587 437 3640 in
470 3586 644 3655 vigilia
689 3591 860 3643 sancti
904 3590 1176 3647 Laurentii
1213 3594 1419 3663 Romae,
1471 3605 1525 3653 et
1571 3599 1732 3653 etiam

145 3677 298 3736 alibi,
323 3678 366 3732 si
398 3686 638 3733 moratur
659 3678 906 3735 dominus
931 3696 1062 3750 papa
1094 3683 1246 3752 juxta
1273 3686 1559 3742 ecclesiam
1589 3690 1733 3745 beati

147 3767 460 3832 Laurentii,
519 3783 623 3823 non
675 3772 728 3825 lit
773 3771 1181 3834 consistorium;
1228 3783 1281 3828 et
1338 3786 1458 3831 sunt
1507 3778 1730 3846 Vesperi

147 3862 370 3928 papalcs
401 3862 668 3916 solemnes
691 3863 937 3918 cantandi
962 3863 1013 3917 in
1042 3864 1305 3931 ecclesia;
1332 3876 1386 3921 et
1406 3867 1561 3922 datur
1579 3877 1736 3937 potus

148 3954 359 4020 Romae,
385 3962 439 4007 et
464 3954 622 4007 etiam
651 3954 700 4008 in
733 3956 867 4019 loco,
898 3954 986 4010 ubi
1004 3955 1248 4010 dominus
1266 3973 1398 4028 papa
1415 3969 1561 4013 esset
1581 3957 1734 4029 juxta

146 4045 456 4110 ecclesiam,
485 4052 544 4098 ut
567 4044 766 4099 dictum
790 4056 892 4101 est.

228 4137 359 4190 Item
387 4137 436 4191 in
470 4136 606 4192 festo
629 4137 771 4193 beati
799 4139 1069 4194 Laurentii
1098 4155 1202 4194 non
1242 4140 1301 4196 Iit
1326 4140 1730 4200 consistorium.

227 4229 355 4284 Item
387 4231 438 4284 in
470 4230 647 4300 vigilia
701 4233 1094 4302 Assumptionis
1130 4233 1300 4289 beata:
1342 4234 1576 4304 Virginis
1625 4252 1730 4291 non

145 4303 210 4373 Iit
251 4320 647 4387 consistorium,
681 4332 732 4376 et
760 4334 886 4378 sunt
913 4325 1131 4396 VeSperi
1163 4327 1380 4396 papalcs
1404 4327 1655 4382 cantandi
1681 4329 1734 4383 in

143 4425 197 4465 et
216 4411 405 4475 clcsia,
435 4421 487 4466 et
512 4411 673 4466 datur
703 4422 881 4482 potus.

225 4500 286 4554 In
321 4501 454 4556 festo
483 4504 877 4573 Assumptionis
908 4506 1076 4560 beata:
1111 4507 1342 4579 Virginis
1367 4523 1474 4564 non
1518 4511 1577 4564 Iit
1605 4526 1736 4564 con—

141 4592 450 4647 siStoriunt.

221 4685 431 4739 Itcmin
463 4685 657 4742 Octava
708 4687 845 4743 beati
891 4688 1164 4746 Laurentii
1207 4706 1314 4757 non
1359 4693 1416 4748 Iit
1457 4697 1732 4750 consisto-

171 4790 313 4840 tum,
347 4785 403 4830 ut
435 4789 578 4844 puto.

219 4866 354 4920 Item
387 4869 438 4922 in
460 4869 654 4923 Octava
678 4867 1073 4939 Assumptionis
1107 4889 1210 4926 non
1244 4874 1302 4927 Iit
1335 4875 1733 4930 consistorium.

219 4959 356 5015 Item
388 4961 437 5014 in
470 4959 608 5016 testo
637 4961 806 5015 sancti
835 4962 1211 5017 “.II‘IIIOIOIIIIIEI
1242 4979 1346 5016 non
1373 4965 1430 5018 ﬁt
1461 4966 1731 5021 consisto-

135 5055 313 5108 rium.

219 5142 352 5194 Item
393 5141 444 5194 in
490 5140 627 5194 festo
674 5141 842 5195 sancti
889 5141 1166 5211 Augustini
1213 5159 1318 5200 non
1366 5145 1423 5200 lit
1474 5150 1737 5203 consisto-

133 5232 313 5286 rium.

215 5322 351 5376 Item
385 5320 436 5375 in
488 5319 622 5376 festo
653 5320 1028 5376 Decollationis
1070 5323 1210 5378 beati
1258 5324 1477 5381 Joannis
1528 5344 1631 5382 non
1681 5331 1736 5384 Iit

129 5415 552 5471 Consistorium.

742 5483 807 5538 In
833 5485 1144 5554 Septembre.

217 5594 278 5648 In
313 5593 699 5648 Anniversario
730 5603 1035 5648 sanctorum
1071 5597 1376 5661 pontiﬁcum
1410 5608 1460 5653 et
1493 5602 1736 5655 cardina-

131 5685 302 5751 Iiunt,
326 5685 464 5755 quod
496 5695 578 5741 est
627 5687 810 5757 quinta
843 5687 928 5742 die
957 5688 1186 5745 intrante
1237 5691 1553 5761 Septembre
1577 5737 1590 5759 ,
1627 5712 1730 5749 non

131 5776 198 5830 Iit
228 5774 634 5841 consistorium.

1916 3332 2042 3387 Item
2074 3332 2125 3387 in
2161 3333 2507 3390 Dedicatione
2538 3336 2776 3392 basilica:
2801 3338 3092 3396 Salvatoris
3118 3383 3134 3406 ,
3165 3359 3283 3413 que
3330 3356 3425 3402 est

1840 3423 2024 3491 quinta
2056 3422 2178 3480 Idus
2205 3425 2542 3494 Novembris,
2574 3446 2676 3484 non
2713 3431 2764 3486 Iit
2789 3434 3200 3502 consistorium;
3223 3447 3275 3492 et
3297 3451 3423 3494 sunt

1853 3513 2065 3582 Vesperi
2090 3517 2303 3586 papalcs
2331 3518 2418 3574 die
2437 3521 2757 3589 praecedenti
2788 3524 2972 3579 Romae
2997 3530 3263 3584 solemnes
3286 3543 3416 3585 can-

1844 3603 1988 3658 tandi
2022 3604 2073 3658 in
2103 3608 2356 3674 ecclesia,
2389 3616 2444 3663 et
2472 3609 2632 3666 datur
2665 3621 2819 3682 potus
2842 3654 2857 3680 ,
2889 3623 2943 3670 et
2971 3617 3050 3672 sic
3091 3632 3185 3686 per
3212 3633 3416 3675 conse-

1843 3709 2014 3760 quens
2043 3711 2148 3751 non
2179 3707 2262 3753 est
2292 3701 2673 3758 consistorium
2704 3705 2791 3762 die
2829 3709 3150 3775 prmcedenti
3205 3711 3428 3768 Dedica-

1847 3785 2046 3840 tionem
2077 3789 2389 3854 praedictam
2415 3792 2651 3849 basilicae
2682 3797 2998 3854 Salvatoris.

1915 3873 2045 3930 Item
2072 3875 2124 3931 in
2155 3876 2295 3933 festo
2324 3883 2494 3936 sancti
2526 3883 2738 3939 Martini
2769 3888 3008 3959 episcopi
3026 3901 3080 3946 et
3097 3895 3428 3953 confessoris

1843 3981 1947 4022 non
1979 3969 2037 4022 lit
2064 3971 2465 4027 consistorium.

1916 4061 2048 4115 Item
2082 4062 2132 4115 in
2164 4063 2534 4120 anniversario
2563 4072 2984 4128 consecrationis
3007 4088 3101 4129 seu
3130 4082 3422 4132 coronatio-

1843 4150 1925 4205 nis
1954 4151 2178 4207 Romani
2227 4157 2493 4222 pontilicis
2536 4158 2872 4226 praesidentis
2914 4178 3019 4218 non
3069 4167 3128 4219 tit
3165 4169 3427 4256 consis'to-

1843 4240 1976 4293 rium
2005 4257 2020 4306 ;
2046 4252 2100 4295 et
2126 4242 2249 4298 licet
2278 4259 2382 4299 non
2428 4246 2619 4302 babeat
2661 4248 2927 4319 Vesperos
2966 4256 3183 4323 papalcs
3226 4240 3424 4327 puce-

1841 4329 2051 4398 deutes,
2089 4342 2266 4389 tamen
2299 4336 2352 4389 in
2375 4339 2574 4405 capella
2606 4355 2699 4394 sua
2746 4355 2878 4412 papa
2929 4345 3078 4399 audit
3127 4346 3423 4419 Vesperos,

1841 4429 1895 4475 et
1925 4423 2057 4477 Iiunt
2081 4426 2322 4492 quaedam
2348 4429 2734 4485 solemnitates.

1915 4511 2044 4568 Item
2077 4515 2127 4568 in
2156 4514 2503 4572 Dedicatione
2526 4521 2868 4577 basilicarum
2892 4526 3256 4591 apostolorum
3281 4529 3419 4583 Petri

1769 4601 1815 4660 Ι)
1841 4614 1894 4658 et
1924 4605 2096 4673 Pauli,
2129 4621 2248 4675 quae
2278 4617 2364 4662 est
2396 4610 2449 4662 in
2497 4611 2693 4665 Octava
2726 4613 2866 4670 beati
2919 4617 3126 4672 Martini
3154 4659 3169 4682 ,
3215 4637 3317 4674 non
3366 4621 3423 4676 Iit

1845 4696 2248 4762 consistorium,
2282 4707 2334 4752 et
2364 4710 2487 4754 sunt
2515 4700 2730 4770 Vesperi
2759 4707 2972 4774 papalcs
3003 4709 3274 4765 solemnes
3299 4728 3421 4766 can-

1846 4786 1988 4838 tandi
2010 4786 2060 4838 in
2080 4788 2324 4853 ecclesia,
2358 4799 2412 4844 et
2438 4790 2591 4845 datur
2613 4801 2769 4862 potus
2793 4795 2844 4849 in
2869 4799 2955 4853 die
2977 4801 3296 4868 praecedenti
3318 4821 3329 4867 ;
3364 4815 3419 4857 et

1844 4875 1922 4929 sic
1955 4892 2048 4944 per
2073 4892 2416 4948 consequens
2447 4897 2553 4935 non
2581 4891 2666 4936 est
2686 4886 3062 4942 consistorium
3092 4890 3177 4945 die
3224 4907 3424 4959 prame-

1844 4968 1988 5022 denti
2038 4970 2439 5028 Dedicationem
2496 4975 2806 5042 praedictam
2860 4982 3220 5049 apostolorum
3251 5023 3266 5048 ,
3325 4985 3418 5038 sed

1841 5060 1977 5114 bene
2006 5062 2326 5132 quandoque
2377 5073 2500 5119 ante
2534 5065 2798 5135 VeSperos
2822 5108 2838 5132 ,
2870 5070 2952 5123 vel
2983 5080 3102 5140 post.
3134 5071 3416 5142 Vesperos,

1841 5149 2044 5204 confert
2073 5151 2325 5208 dominus
2349 5169 2478 5222 papa
2500 5169 2620 5210 cum
2649 5158 3028 5227 cardinalibus,
3051 5162 3095 5216 si
3125 5163 3198 5219 sit
3221 5165 3421 5219 mentio

1842 5238 1909 5292 de
1934 5239 2306 5309 I’rocessibus,
2337 5244 2423 5313 qui
2452 5245 2566 5300 fieri
2599 5247 2796 5301 debent
2823 5248 2910 5304 die
2933 5254 3204 5320 sequenti.

1918 5331 2044 5384 Item
2081 5335 2132 5386 in
2167 5334 2304 5387 festo
2326 5347 2521 5390 sant-ta).
2547 5339 2774 5394 Caeciliae
2807 5356 2912 5396 non
2940 5344 2997 5398 Iit
3019 5348 3417 5403 consistorium.

1913 5424 2078 5494 338
2109 5425 2235 5478 Item
2269 5426 2319 5479 in
2354 5426 2490 5482 festo
2520 5431 2688 5484 sancti
2733 5431 3028 5490 Clementis
3071 5453 3175 5490 non
3206 5436 3264 5491 lit
3293 5451 3423 5490 con-
3490 5432 3498 5440 “

1844 5525 2134 5569 ειδῑοτιιιιιι.

1915 5603 2044 5658 Item
2072 5604 2122 5657 in
2153 5605 2289 5658 festo
2321 5607 2490 5660 sancti
2524 5609 2748 5664 Andreae
2778 5627 2882 5665 non
2927 5611 2983 5667 ﬁt
3015 5613 3417 5668 consistorium.

2436 5696 2500 5748 In
2534 5695 2825 5754 Decembre.

1917 5781 1968 5836 In
2003 5784 2140 5837 l'esto
2171 5784 2339 5838 sanati
2370 5784 2537 5841 Nicoli
2574 5803 2678 5843 non
2712 5790 2764 5843 lit
2793 5793 3188 5851 consistorium.
