4006 6310
573 351 708 407 i231

1253 339 1604 396 APPENDIX
1645 339 1735 396 AD
1777 339 1836 397 S.
1878 338 2205 397 GREGORII
2248 338 2464 396 MAGNI
2506 339 2877 396 LITURGICA
2918 340 3172 397 OPERA.

3736 342 3880 398 123?.

645 487 778 542 ltem
828 480 884 536 in
939 480 1075 533 festo
1106 471 1278 530 sancti
1319 472 1590 528 Ambrosii
1632 487 1740 527 non
1773 472 1832 527 lit
1882 471 2148 526 consisto-

2277 467 2387 518 um,
2412 461 2466 508 et
2491 452 2609 508 aliis
2639 453 2932 523 majoribus
2977 455 3042 508 ad
3087 455 3278 523 pedem
3320 464 3374 510 ct
3418 456 3704 522 osculum,
3735 472 3878 527 quos

576 591 726 631 nunt.

654 671 778 723 Item
835 665 888 720 in
950 661 1184 719 Sabbato
1238 655 1482 728 proximo
1542 654 1886 726 praecedente
1941 655 2155 709 tertiam

581 759 912 813 Dominicam
945 754 1012 809 de
1041 753 1288 807 Adventu
1310 788 1328 817 ,
1378 764 1497 819 quae
1524 757 1745 802 vocatur
1778 746 2050 801 Dominica
2091 745 2158 800 de

576 848 841 911 Gaudete,
874 861 976 899 non
1009 843 1066 896 lit
1090 841 1490 902 consistorium,
1523 848 1574 893 et
1597 848 1721 892 sunt
1743 836 1968 905 Vesperi
1999 851 2158 906 papae

575 945 652 997 les
683 939 934 994 cantandi
963 939 1012 991 iu
1045 935 1298 1003 ecclesia,
1323 945 1377 988 et
1403 935 1561 988 datur
1589 940 1767 1002 potus.

650 1033 777 1086 Item
807 1031 860 1083 in
891 1028 1026 1082 festo
1057 1034 1256 1081 sancta:
1286 1026 1464 1078 Luciae
1505 1039 1609 1079 non
1644 1024 1701 1076 lit
1745 1021 2151 1076 consistorium.

651 1124 779 1178 Item
811 1121 865 1176 in
894 1118 1032 1175 festo
1060 1119 1230 1173 sancti
1258 1118 1480 1173 Thema:
1510 1113 1742 1187 apostoli
1775 1129 1882 1168 non
1915 1113 1974 1166 lit
2020 1125 2160 1165 con-

576 1215 880 1271 sistorium.

656 1308 786 1360 item
813 1307 864 1358 in
896 1302 1073 1372 vigilia
1101 1299 1401 1356 Nativitatis
1431 1296 1644 1351 Domini
1677 1309 1781 1349 non
1808 1294 1866 1348 lit
1895 1291 2160 1348 consisto-

580 1400 717 1454 rium
745 1437 761 1462 ,
803 1405 858 1451 et
903 1403 1029 1450 sunt
1061 1391 1285 1462 Vesperi
1331 1390 1549 1460 papalcs
1594 1386 1866 1442 solemnes
1912 1380 2162 1439 cantandi

581 1494 632 1546 in
660 1490 910 1555 ecclesia,
943 1498 996 1542 et
1023 1486 1180 1541 datur
1208 1492 1385 1555 potus.

650 1585 704 1638 ln
736 1581 821 1636 die
851 1578 1050 1634 Natalis
1083 1578 1290 1632 Domini
1320 1591 1424 1630 non
1456 1574 1506 1627 lit
1541 1570 1944 1627 consistorium.

649 1679 779 1730 ltem
813 1676 866 1729 in
915 1673 1050 1728 festo
1080 1670 1250 1727 sancti
1291 1665 1553 1737 Stephani
1602 1660 2009 1734 protomartyris
2057 1673 2161 1713 non

579 1773 636 1825 lit
661 1768 1060 1824 consistorium.

2261 547 2426 600 vellet
2454 546 2703 600 dominus
2751 562 2884 615 papa
2920 546 3208 615 honorare,
3248 549 3506 618 deinceps
3536 564 3745 604 omnes
3787 551 3873 605 alii

2258 649 2289 688 a
2320 636 2639 690 consistorio
2668 636 3042 702 excluduntur,
3075 639 3480 694 remanentibus
3527 642 3717 694 solum
3751 656 3871 695 cum

2259 745 2471 786 summo
2500 731 2752 801 pontiﬁce
2793 733 3149 790 cardinalibus
3175 747 3228 790 et
3251 737 3523 806 praedictis
3572 740 3872 808 imperato-

2261 823 2428 889 ribus,
2461 824 2696 895 regibus,
2728 834 2783 879 et
2807 841 2991 880 eorum
3025 827 3144 882 [iliis
3171 843 3265 896 per
3291 829 3556 884 modicam
3589 831 3790 886 horam
3814 833 3867 886 in

2263 916 2526 985 aliquibus
2575 915 2875 972 allabilibus
2926 928 2980 973 et
3041 920 3330 975 curialibus
3381 923 3867 979 collocutionibus.

2262 1008 2360 1076 Qui
2386 1009 2719 1079 postmodum
2749 1011 3059 1067 recedentes
3081 1028 3110 1066 a
3137 1015 3418 1082 przrsentia
3453 1015 3659 1071 domini
3715 1033 3868 1073 asso-

2263 1104 2390 1158 ciari
2422 1104 2619 1160 debent
2644 1121 2673 1159 a
2701 1105 2910 1160 duobus
2940 1107 3253 1162 diaconihus
3287 1108 3652 1166 cardinalibus
3694 1128 3869 1180 usque

2263 1200 2328 1250 ad
2359 1197 2576 1261 ostium,
2609 1197 2693 1250 vel
2722 1212 2997 1267 usquequo
3027 1197 3286 1254 familiam
3326 1215 3477 1255 suam
3507 1201 3781 1267 habeant;
3815 1215 3867 1260 et

2265 1288 2423 1344 etiam
2450 1287 2768 1359 quandoque
2798 1289 2848 1343 in
2879 1291 3053 1360 primo
3087 1291 3320 1348 adventu
3352 1309 3519 1363 USqtte
3544 1297 3612 1351 ad
3646 1297 3864 1354 domum

2262 1395 2413 1437 Suam
2463 1382 2730 1436 associant
2779 1384 3123 1450 venientem;
3157 1395 3212 1441 et
3257 1388 3577 1458 regulariter
3625 1393 3863 1459 quando-

2266 1487 2473 1542 cunque
2501 1481 2678 1528 stante
2707 1472 2926 1528 domino
2959 1491 3094 1545 papa
3124 1478 3174 1532 in
3205 1480 3532 1535 consistorio
3574 1497 3700 1536 cum
3746 1498 3862 1537 car-

2265 1565 2534 1621 dinalibus
2563 1568 2799 1633 veniunt,
2835 1569 2920 1624 vel
2950 1570 3174 1625 redi-unt
3207 1573 3441 1638 praedicti
3486 1574 3862 1644 imperatores,

2266 1657 2349 1712 vel
2395 1673 2569 1729 rcges,
2593 1660 2850 1714 associari
2894 1661 3090 1716 debent
3115 1678 3142 1716 a
3173 1663 3381 1719 duobus
3410 1666 3736 1723 diaconibus
3773 1686 3861 1724 us-

2265 1764 2370 1820 que
2399 1750 2465 1803 ad
2495 1751 2690 1805 ostium
2723 1767 2972 1818 camerae,
3003 1754 3086 1808 vel
3117 1769 3285 1825 usque
3312 1757 3379 1810 ad
3423 1772 3575 1813 suos.
3610 1759 3862 1825 Quando-

653 1864 781 1915 ἰείη
822 1859 875 1912 in
921 1857 1057 1911 festo
1085 1854 1258 1911 sane“
1310 1851 1532 1908 Joannis
1578 1849 1920 1913 ενδηαθιίειω
1964 1860 2070 1901 non
2104 1845 2160 1901 ηι
2192 1827 2238 1887 Β
2264 1857 2369 1910 que
2397 1840 2556 1896 etiam
2607 1842 2749 1898 idem
2785 1844 3120 1911 observatur,
3154 1848 3199 1901 si
3231 1863 3336 1904 tton
3385 1849 3546 1905 nimis
3594 1867 3744 1921 saepe
3775 1869 3862 1907 ve-

579 1950 974 2005 consistorium.

651 2044 782 2096 Item
813 2041 863 2094 in
894 2037 1029 2093 festo
1052 2043 1362 2091 sanctomm
1386 2031 1755 2089 Innocentium
1789 2044 1894 2084 non
1947 2029 2005 2084 lit
2026 2045 2158 2084 con-

581 2132 874 2187 sistoriom.

655 2224 785 2278 item
813 2221 865 2276 in
891 2219 1068 2290 vigilia
1093 2218 1262 2274 sancti
1282 2217 1504 2274 Thema:
1526 2214 1912 2287 archiepiscopi
1936 2214 2164 2269 Cantua-

583 2315 774 2372 rieusis
803 2329 908 2369 non
940 2313 998 2367 (it
1026 2312 1427 2367 consistorium.

656 2409 785 2462 ltem
817 2407 870 2461 in
902 2406 1038 2462 festo
1067 2406 1233 2460 sancti
1260 2404 1481 2459 Thomas
1517 2403 1758 2474 praedicti
1791 2416 1895 2456 non
1938 2401 1996 2456 lit
2035 2415 2163 2455 con-

579 2500 877 2556 sistorium.

649 2592 781 2648 Item
815 2591 868 2646 in
894 2590 1032 2646 l'esto
1054 2589 1223 2644 sancti
1254 2588 1499 2644 Silvestri
1532 2602 1637 2642 non
1667 2587 1724 2641 ﬁt
1761 2586 2160 2642 consistorium.

652 2685 804 2752 Item,
840 2691 897 2738 ut
923 2699 1080 2751 supra
1117 2683 1319 2738 dictum
1365 2690 1448 2737 est
1477 2681 1530 2735 in
1578 2681 1838 2750 principio
1862 2719 1878 2745 ,
1909 2679 1961 2735 in
2011 2679 2166 2735 festis

582 2774 1052 2846 principalioribus
1083 2772 1379 2840 civitatum,
1413 2772 1643 2827 maxime
1673 2771 1715 2826 si
1741 2786 1872 2842 papa
1904 2769 2163 2837 celebret,

582 2879 638 2922 et
667 2867 720 2922 in
749 2866 835 2922 die
864 2865 1140 2930 Cinerum,
1173 2873 1226 2918 et
1256 2863 1309 2918 in
1339 2863 1616 2927 Pascbate,
1640 2871 1694 2917 et
1715 2861 2028 2931 quibusdam
2051 2859 2167 2915 die-

589 2958 686 3012 bus
735 2955 1162 3027 prmccdentibus
1223 2953 1426 3008 Pascha
1477 2962 1530 3008 et
1570 2952 1957 3022 sequentibus,
2014 2962 2070 3007 et
2109 2952 2163 3006 in

584 3047 945 3112 Ascensione,
994 3054 1048 3100 et
1090 3044 1465 3109 Pentecostes,
1518 3053 1570 3096 et
1617 3043 1932 3112 quibusdam
1976 3042 2165 3098 diebus

586 3137 956 3206 sequentibus,
990 3145 1042 3190 et
1072 3134 1293 3204 vigiliis,
1349 3144 1404 3188 et
1432 3133 1748 3202 quibusdam
1779 3132 1898 3188 aliis
1927 3133 2118 3189 diebus
2148 3177 2162 3200 ,

585 3237 981 3285 consueverunt
1012 3227 1237 3283 Romani
1271 3228 1550 3296 pontitices
1580 3242 1608 3281 a
1638 3226 1972 3283 consistoriis
1999 3227 2160 3283 absti-

583 3339 734 3380 ἢθη.

659 3416 789 3470 ltem
821 3414 1138 3484 quandoque
1159 3421 1282 3468 sunt
1312 3412 1620 3468 vacationes
1645 3410 1698 3465 in
1736 3420 1926 3470 testate
1968 3427 1997 3465 a
2030 3415 2166 3468 t'esto

596 3506 737 3561 beati
767 3506 909 3560 l’etri
935 3519 1100 3573 usque
1122 3505 1188 3558 ad
1211 3504 1463 3559 Octavam
1506 3503 1804 3558 Nativitatis
1834 3505 2002 3559 beatae
2045 3505 2162 3560 Vir-

582 3597 738 3667 ginis,
769 3596 853 3651 vel
883 3597 1045 3660 circa,
1075 3596 1368 3649 secundum
1398 3594 1636 3649 diversas
1680 3596 1912 3659 formas;
1939 3605 1993 3649 et
2041 3603 2165 3650 tunc

587 3703 693 3741 non
720 3686 1196 3762 litconsistorium,
1225 3684 1326 3741 nisi
1350 3694 1625 3750 vocentur,
1656 3685 1737 3740 vel
1768 3686 1870 3740 nisi
1899 3686 2009 3741 sint
2033 3688 2164 3742 certi

585 3780 704 3833 dies
731 3779 795 3832 ad
825 3778 1203 3833 consistorium
1227 3777 1478 3834 ordinati.
1506 3778 1834 3848 Quandoque
1853 3779 2017 3834 etiam
2041 3787 2166 3834 sunt

585 3868 734 3924 feria:
765 3869 1078 3938 repentinae,
1115 3867 1192 3923 vel
1227 3878 1448 3938 propter
1475 3876 1678 3924 motum
1725 3870 1916 3938 curiae,
1970 3871 2051 3925 vel
2081 3884 2162 3924 se-

585 3961 818 4016 cundum
872 3961 1014 4031 quod
1068 3961 1170 4014 alia
1227 3963 1436 4031 negotia
1486 3971 1827 4029 occurrunt,
1883 3971 1940 4018 et
1991 3965 2163 4033 placet

584 4053 800 4108 domino
840 4069 1017 4123 prtia;
1050 4062 1104 4108 et
1147 4063 1272 4108 tunc
1320 4055 1646 4123 quandoque
1698 4069 1791 4124 per
1822 4055 2002 4124 plures
2049 4056 2164 4113 dies

585 4155 806 4217 vagatur
830 4163 859 4200 a
886 4147 1256 4211 consistoriis;
1288 4156 1342 4201 et
1372 4157 1499 4203 ante
1529 4162 1796 4203 recessum
1835 4158 1888 4202 et
1914 4157 2034 4217 post
2071 4150 2164 4204 ad-

585 4211 794 4291 ventum
822 4237 885 4290 ad
913 4237 1088 4292 locum
1123 4237 1242 4304 plus
1265 4245 1321 4291 et
1349 4237 1544 4302 minus,
1577 4237 1868 4292 secundum
1899 4211 2040 4308 quod
2069 4255 2165 4309 per

585 4328 856 4383 dominum
886 4327 1048 4384 fuerit
1076 4328 1413 4394 ordinatum;
1441 4336 1497 4383 et
1523 4328 1800 4383 consuevit
1825 4331 1876 4384 in
1903 4330 2166 4385 consisto.

585 4423 664 4476 rio
687 4421 920 4476 ordinari
965 4421 1035 4477 de
1063 4421 1429 4475 vacationibus
1488 4429 1546 4476 et
1593 4421 1763 4476 forma
1815 4423 2079 4492 ipsarum;
2111 4433 2166 4479 et

584 4515 863 4569 consuevit
891 4514 1051 4569 etiam
1081 4513 1371 4583 signiﬁcari
1400 4513 1714 4580 curialibus,
1743 4516 1958 4584 quando
1987 4516 2163 4570 dimit-

583 4618 745 4673 tatur,
791 4607 956 4677 389
982 4617 1034 4660 et
1079 4607 1295 4676 quando
1319 4650 1335 4674 ,
1391 4614 1444 4660 et
1495 4606 1582 4661 ubi
1612 4607 1684 4662 sit
1710 4609 1981 4662 audientia
2014 4623 2165 4663 resu-

583 4697 798 4762 menda,
843 4708 899 4750 ut
926 4698 1061 4752 bene
1091 4696 1192 4750 sibi
1227 4697 1586 4767 provideant,
1619 4708 1673 4754 et
1704 4714 1772 4754 ne
1819 4701 2024 4769 possint
2072 4715 2169 4770 per

579 4787 919 4841 adversarios
947 4788 1339 4843 circumscribi.

650 4878 785 4932 ltem
815 4893 938 4932 cum
961 4878 1261 4932 cardinales
1309 4879 1486 4948 legati,
1523 4879 1610 4934 vel
1654 4880 1954 4936 cardinales
1983 4880 2170 4936 minis-

577 4969 669 5033 tri,
687 4969 770 5024 vel
799 4969 887 5038 qui
910 4967 1109 5023 diutius
1131 4968 1432 5036 abluerunt,
1459 4971 1804 5026 receduntvel
1832 4981 2171 5026 revertuntur

579 5057 646 5112 ad
693 5057 920 5127 curiam,
948 5057 1034 5114 vel
1084 5059 1454 5128 imperatores,
1492 5074 1665 5129 rcges,
1706 5061 1790 5114 vel
1837 5076 2023 5116 eorum
2073 5063 2167 5118 lilii

583 5151 820 5216 veniunt,
855 5151 936 5205 vel
967 5150 1244 5218 recedunt,
1277 5152 1344 5205 ad
1376 5152 1580 5206 curiam
1611 5153 1912 5207 cardinales
1941 5168 2169 5209 consue-

580 5253 773 5296 verunt
795 5257 888 5297 eos
909 5241 1180 5296 associare
1195 5258 1209 5308 ;
1224 5249 1278 5296 et
1304 5241 1381 5296 sic
1403 5255 1523 5296 cum
1546 5243 1814 5300 associant
1835 5243 2166 5312 recedentes,

584 5344 690 5382 non
719 5331 994 5386 consuevit
1013 5345 1136 5386 esse
1161 5330 1558 5395 consistorium.
1585 5331 1715 5387 Cum
1747 5347 1873 5387 vero
1898 5334 2170 5389 associant

585 5421 879 5491 venientes,
915 5438 1017 5477 non
1049 5433 1132 5479 est
1150 5424 1524 5478 consistet-ium
1550 5423 1876 5479 ordinarium
1906 5424 1974 5479 ad
2003 5441 2164 5495 nego-

589 5513 974 5580 tiandunt;sed
1019 5516 1248 5584 receptis
1279 5517 1548 5584 prmdictis
1590 5517 1928 5572 venientibus
1969 5520 2021 5571 in
2066 5533 2161 5589 pu-

585 5601 744 5668 blico,
773 5606 897 5671 quia
922 5603 973 5656 in
1002 5605 1212 5671 publico
1243 5605 1409 5673 recipi
1443 5616 1841 5660 consueverunt
1870 5621 1965 5674 per
1991 5607 2161 5661 domi-

582 5707 711 5748 num
749 5709 937 5762 papam
981 5695 1046 5748 ad
1087 5695 1273 5762 pedem
1302 5705 1357 5752 et
1401 5697 1664 5763 osculum,
1693 5707 1745 5753 et
1775 5697 1891 5754 aliis
1922 5699 2159 5768 ipsorum

584 5782 934 5840 familiaribus
957 5783 1021 5839 ad
1052 5785 1257 5854 pedem,
1289 5797 1340 5845 et
1368 5788 1600 5858 prazlatis
1619 5789 1684 5846 ad
1713 5790 1900 5859 pedem
1931 5800 1983 5849 et
2004 5807 2160 5850 oscu-

2265 1933 2413 1987 niant
2443 1933 2534 1988 lilii
2572 1933 2934 2003 imperatoris,
2959 1938 3041 1992 vel
3072 1954 3274 2009 regum.
3311 1941 3375 1994 Et
3403 1943 3704 1997 notandum
3727 1946 3863 2012 quod

2264 2024 2478 2094 quando
2507 2025 2595 2080 diu
2621 2037 2887 2082 cessatum
2917 2039 2996 2083 est
3019 2045 3047 2082 a
3090 2031 3436 2099 consistorio,
3471 2037 3724 2105 quamvis
3755 2051 3862 2090 cer.

2266 2125 2377 2171 tum
2408 2118 2478 2170 sit
2505 2131 2606 2187 qua
2635 2117 2721 2172 die
2749 2119 3065 2188 regulariter
3091 2121 3282 2178 debeat
3326 2137 3471 2190 esse,
3511 2125 3865 2182 nihilominus

2266 2220 2442 2266 tamen
2477 2211 2782 2267 cardinales
2813 2223 3211 2269 consueverunt
3237 2218 3552 2285 specialiter
3579 2219 3650 2273 ad
3673 2223 3863 2275 consis-

2267 2306 2464 2358 torium
2493 2304 2731 2360 evocari.

2336 2395 2635 2450 Notandum
2684 2398 2844 2450 etiam
2891 2399 3031 2467 quod
3079 2402 3124 2454 si
3176 2400 3389 2471 quando
3434 2401 3696 2457 dominus
3741 2419 3863 2474 papa

2267 2488 2486 2544 mandet
2513 2487 2656 2558 quod
2687 2488 2989 2545 cardinales
3010 2506 3115 2546 non
3143 2493 3357 2547 veniant
3389 2493 3455 2547 ad
3487 2496 3866 2551 consistorium

2266 2576 2374 2642 die,
2402 2592 2504 2647 qua
2533 2576 2666 2629 alias
2695 2576 3014 2645 regulariter
3054 2579 3239 2632 venire
3287 2579 3486 2634 debent
3527 2581 3862 2646 cardinales;

2266 2684 2334 2724 ex
2373 2679 2498 2724 tunc
2529 2685 2633 2725 non
2667 2670 2870 2724 vadunt
2903 2672 2970 2725 ad
2997 2672 3392 2741 consistorium,
3428 2675 3537 2729 nisi
3565 2676 3863 2744 specialiter

2271 2762 2471 2817 fuerint
2509 2765 2702 2828 vocati,
2736 2764 2819 2820 vel
2851 2762 2962 2820 nisi
2983 2765 3235 2821 dominus
3265 2782 3400 2838 papa
3439 2769 3493 2824 in
3525 2770 3862 2834 consistorio,

2270 2855 2354 2909 vel
2402 2855 2526 2910 alibi
2555 2855 2636 2912 eis
2683 2857 2900 2924 dixerit,
2929 2873 3034 2928 qua
3058 2857 3143 2914 die
3169 2858 3237 2913 ad
3260 2859 3652 2916 consistorium
3688 2865 3863 2919 venire

2270 2949 2550 3004 deberent.

2342 3043 2742 3097 Attendendum
2773 3042 2932 3098 etiam
2979 3060 3049 3114 qu
3069 3045 3118 3099 )d
3168 3056 3293 3101 ante
3339 3046 3556 3115 Natale,
3605 3056 3684 3114 et,
3717 3049 3762 3102 si
3802 3048 3863 3103 sit

2270 3148 2515 3201 necesse,
2548 3136 2869 3204 quandoque
2900 3146 3027 3192 ante
3050 3139 3484 3210 carnisprivium,
3513 3152 3567 3195 et
3595 3151 3722 3194 ante
3749 3140 3863 3196 Pas-

2271 3227 2394 3294 cha,
2424 3235 2478 3281 et
2517 3238 2640 3281 ante
2669 3228 2854 3297 longas
2894 3229 3225 3298 vacationes,
3256 3231 3301 3286 si
3333 3231 3483 3296 liant,
3508 3242 3567 3286 et
3596 3244 3726 3288 ante
3757 3248 3863 3286 mo-

2273 3327 2383 3372 tutn
2429 3317 2614 3384 curim,
2645 3326 2837 3373 etcum
2868 3321 3188 3376 consistoria
3218 3334 3570 3377 resumuntur
3601 3334 3726 3392 post
3759 3326 3862 3378 Ion-

2271 3423 2365 3480 gas
2412 3422 2590 3464 moras
2632 3423 2725 3464 seu
2773 3410 3199 3468 intermissiones
3239 3416 3550 3469 consistorii
3582 3432 3648 3470 ex
3697 3418 3861 3471 causis

2273 3500 2541 3568 praedictis
2590 3500 2673 3555 vel
2725 3501 2864 3567 aliis,
2915 3505 3197 3558 consuevit
3243 3504 3493 3561 dominus
3543 3522 3682 3575 papa
3709 3508 3862 3577 390

2272 3602 2453 3648 tenere
2474 3593 2651 3666 aliqua
2679 3593 2994 3649 consistoria
3020 3595 3250 3663 publica,
3283 3606 3336 3650 et
3366 3596 3558 3651 audire
3579 3598 3862 3653 advocatus

2270 3695 2324 3741 et
2349 3688 2480 3741 alios
2511 3696 2890 3757 proponentes,
2921 3697 2978 3744 et
3001 3688 3251 3744 ordinare
3279 3689 3347 3744 de
3377 3691 3631 3759 negotiis,
3660 3700 3720 3746 et
3753 3691 3858 3760 ipsa

2271 3795 2470 3850 ponere
2497 3779 2552 3834 in
2581 3788 2742 3845 statu,
2774 3790 2929 3849 prout
2959 3793 3067 3834 suae
3101 3779 3362 3848 placuerit
3389 3780 3690 3836 sanctitati.

2553 3893 2659 3949 Cll.
2692 3893 2766 3947 De
2785 3895 3200 3964 pronuntiatione
3219 3894 3576 3967 prwla'orum.

2269 3987 2388 4053 (ista
2415 4001 2790 4053 conservantur
2815 3988 2962 4040 hodie
2981 4029 2995 4051 ,
3019 3990 3106 4040 sed
3130 3991 3247 4040 tiunt
3272 3993 3317 4039 in
3343 3993 3601 4041 creatione
3633 3991 3854 4041 cardina-

2535 4052 2670 4112 lium,
2696 4061 2747 4102 et
2772 4053 2910 4115 plura
2927 4063 3072 4115 quam
3096 4053 3175 4102 hic
3198 4054 3594 4113 contineantur.)

2343 4142 2469 4198 Item
2491 4143 2812 4212 regulariter
2824 4143 3253 4214 quandocunque
3275 4145 3583 4212 pronuntiat
3609 4145 3856 4214 praelatos

2268 4237 2565 4306 aliquarum
2587 4237 2955 4301 ecclesiarum,
2984 4237 3214 4292 maxime
3235 4239 3280 4291 si
3305 4238 3486 4305 plures
3524 4242 3853 4307 pronuntiat,

2269 4338 2323 4383 et
2352 4330 2513 4383 etiam
2544 4330 2588 4384 si
2621 4345 2784 4384 unum
2815 4338 3018 4385 tantum
3056 4330 3284 4400 alicujus
3311 4331 3573 4387 solemnis
3597 4334 3854 4395 ecclesizc,

2267 4420 2542 4473 consuevit
2571 4420 2719 4474 exire
2747 4430 2894 4474 extra
2926 4420 2975 4472 in
3008 4419 3330 4474 consistorio
3363 4420 3604 4488 publico,
3643 4432 3697 4477 et
3736 4439 3854 4492 pro-

2273 4510 2516 4564 nuntiare
2545 4511 2797 4580 prmlatos
2823 4513 2904 4565 vel
2937 4511 3213 4579 prmlatum
3262 4512 3655 4580 promovendos
3687 4514 3744 4567 in
3770 4514 3858 4568 ab-

2271 4601 2440 4654 sentia
2495 4598 2762 4669 ipsorum;
2794 4610 2847 4654 et
2887 4600 3025 4654 facta
3055 4601 3229 4670 aliqtta
3262 4603 3740 4658 commendatione
3769 4620 3856 4673 per

2271 4707 2461 4762 papam
2506 4692 2574 4747 de
2625 4693 2858 4763 prmlatis
2913 4692 2965 4747 in
3025 4696 3513 4763 promovendorum
3574 4698 3854 4766 absentia,

2272 4783 2611 4854 postmodum
2645 4785 2772 4853 ipsis
2803 4786 3180 4854 promovendis
3208 4787 3550 4842 venientibus
3601 4789 3671 4843 ad
3720 4805 3856 4859 prae-

2271 4879 2496 4933 sentiam
2526 4877 2753 4944 domini,
2787 4877 3035 4932 brevibus
3066 4886 3121 4932 et
3144 4877 3329 4946 paucis
3373 4878 3532 4933 dictis
3563 4879 3694 4948 ipsis
3738 4895 3857 4950 pro-

2272 4968 2550 5024 movendis
2582 4983 2676 5037 per
2715 4982 2905 5038 papam
2956 4969 3156 5022 vadunt
3184 4970 3538 5038 promovendi
3569 4971 3637 5024 ad
3670 4970 3855 5040 pedem

2270 5062 2493 5128 domini,
2527 5071 2581 5116 et
2625 5078 2728 5116 non
2759 5063 2824 5116 ad
2855 5065 3127 5126 osculum;
3178 5071 3234 5117 et
3280 5064 3520 5131 ittcmpto
3566 5063 3638 5118 Te
3685 5064 3849 5117 Deum

2271 5154 2542 5208 laudamus
2573 5168 2665 5222 per
2693 5154 2924 5223 aliquem
2975 5168 3039 5207 ex
3088 5153 3406 5223 capellanis,
3440 5170 3657 5209 summo
3689 5156 3853 5225 ponti-

2271 5246 2373 5300 lice
2419 5243 2764 5299 nihilominus
2800 5245 2852 5297 itt
2885 5244 3010 5298 sede
3040 5259 3134 5298 sua
3173 5243 3469 5309 residente,
3501 5248 3736 5315 promoti
3767 5245 3852 5300 de-

2269 5347 2464 5393 cuntur
2510 5335 2577 5389 ad
2629 5337 2797 5390 altare
2837 5336 2977 5404 quod
3022 5335 3094 5391 ibi
3129 5343 3373 5404 paratum
3419 5345 3523 5402 est,
3547 5345 3676 5390 ante
3721 5335 3856 5403 quod

2271 5429 2469 5484 debent
2495 5442 2650 5482 orare
2677 5425 2946 5497 genuﬂexi
2985 5435 3041 5482 ct
3069 5426 3356 5496 prostrati;
3384 5435 3438 5481 et
3461 5426 3737 5481 ducuntur
3776 5443 3856 5480 se

2271 5521 2502 5577 cundum
2536 5521 2775 5579 ordinem
2803 5535 2913 5575 sute
2953 5519 3402 5586 pronuntiationis
3441 5521 3640 5588 singuli
3667 5537 3694 5574 a
3726 5521 3855 5575 duo-

2273 5613 2369 5669 bus
2394 5612 2756 5668 cardioalibus
2781 5611 3092 5666 diaconibus
3119 5611 3413 5665 secundum
3454 5611 3703 5666 ordinem
3746 5626 3850 5665 sua:

2271 5704 2583 5772 priet-italis.
2619 5703 2684 5758 Et
2713 5703 2854 5757 dicto
2910 5701 2980 5756 Te
3008 5702 3175 5757 Deum
3204 5703 3491 5765 laudamus,
3521 5711 3573 5756 et
3615 5713 3853 5770 postmo-

2271 5796 2394 5851 dum
2419 5794 2573 5851 dictis
2601 5793 2808 5851 duabus
2838 5789 3176 5849 Orationibus
3203 5804 3323 5847 cum
3349 5800 3475 5848 nota
3505 5806 3598 5862 per
3621 5793 3853 5862 priorem
