4006 6298
174 338 193 392 1
209 336 311 390 253

1351 335 1609 392 ROMANl
1645 334 1965 394 0RDINES.
2006 368 2074 378 —-
2115 338 2249 394 XIV.

3316 349 3452 401 T23!

173 454 412 519 ipsorum
444 447 824 514 cardinalium,
858 448 948 518 qui
976 456 1057 503 est
1083 447 1175 514 ibi,
1203 457 1258 503 et
1295 448 1408 504 fusa
1441 450 1607 518 magis
1636 449 1757 502 sub-
1793 451 1838 509 Α
1868 449 2023 504 ειη-ιο.
2054 450 2201 505 Tunc
2227 467 2381 521 papa,
2414 452 2640 525 legendo
2683 461 2735 508 et
2785 453 3030 510 sedendo
3066 469 3184 508 cum
3244 457 3445 520 mitra,

172 541 334 594 missa
382 555 513 593 voce
572 536 954 594 Benedictione
996 555 1089 608 per
1129 552 1251 595 eum
1299 554 1460 610 super
1507 539 1671 609 ipsos,
1705 551 1760 595 et

131 643 134 646 '
170 631 304 698 Ipsis
349 629 537 683 electis
563 629 903 697 surgentibus
941 638 995 684 et
1024 629 1460 685 deosculantibus
1489 630 1678 699 altare,
1706 642 1762 687 et

170 731 566 792 consequenter
611 722 740 790 ipsis
788 723 1016 792 receptis
1045 723 1112 778 ab
1156 723 1404 779 omnibus
1433 731 1489 779 et
1534 725 1761 794 singulis

170 815 536 869 cardinalibus
573 814 640 868 ad
690 816 954 882 osculum,
985 818 1255 887 episc0pis
1306 817 1501 885 primo,
1535 819 1759 888 presby-

173 907 314 961 teris
343 906 599 970 secundo,
633 905 944 960 diaconibus
999 909 1176 972 tertio,
1211 908 1540 963 reducuntur
1584 924 1612 962 a
1646 909 1761 964 dia-

171 997 401 1052 conibus
431 995 789 1051 cardinaltbus
816 996 1028 1061 ordine,
1060 1004 1120 1051 ut
1164 1013 1343 1065 supra,
1374 1000 1439 1052 ad
1472 998 1633 1067 pedes
1661 999 1762 1053 do-

173 1093 329 1145 mini.
363 1091 462 1156 Qui
496 1090 692 1159 singuli
723 1089 898 1159 primo
929 1089 994 1144 ad
1024 1090 1237 1160 pedem,
1266 1092 1462 1147 deinde
1509 1093 1574 1146 ad
1607 1109 1764 1147 oscu-

170 1183 284 1236 lum
312 1199 342 1236 a
371 1182 587 1235 domino
619 1195 750 1250 papa
799 1178 1146 1249 recipiuntur.
1183 1182 1311 1236 Post
1355 1183 1469 1238 haec
1516 1183 1763 1240 dominus

171 1270 535 1341 reingreditur
561 1285 852 1336 cameram,
889 1272 932 1326 si
967 1273 1160 1339 placet.

252 1361 648 1417 Attendendum
700 1362 861 1417 etiam
915 1362 1055 1432 quod
1110 1377 1229 1417 cum
1284 1379 1471 1435 magna
1526 1365 1759 1432 negotia,

172 1455 388 1525 publica
425 1464 626 1520 tamen,
657 1455 1002 1524 proponenda
1032 1465 1175 1525 sunt,
1208 1457 1320 1512 sive
1347 1474 1440 1526 per
1467 1458 1763 1515 ambascia-

174 1558 325 1601 tores
375 1546 734 1614 imperatoris,
781 1546 865 1601 vel
915 1562 1140 1616 regum,
1191 1550 1624 1618 provinciarum,
1676 1551 1763 1605 vel

171 1638 525 1693 comitataum
575 1637 777 1710 [Forte,
809 1639 1274 1712 communitatum]
1307 1641 1648 1705 Solemnium,
1680 1644 1762 1699 vel

173 1729 343 1784 etiam
381 1731 485 1785 alia
527 1745 714 1800 magna
746 1733 980 1800 negotia,
1008 1732 1076 1787 de
1105 1732 1295 1803 quibus
1319 1748 1462 1804 saepe
1492 1737 1638 1790 curia
1669 1752 1759 1793 re-

1860 541 1989 595 dicit
2012 542 2304 595 Auxilimte
2334 541 2456 609 Deo,
2491 553 2595 599 etc.
2629 543 2743 598 Fiat
2773 544 2952 598 litania
2986 585 3001 611 ,
3045 559 3176 613 papa
3231 559 3442 598 recum-

1862 629 2018 684 bente
2068 646 2188 687 cum
2248 632 2398 685 mitra
2457 647 2616 700 super
2661 632 2956 688 faldistorio
2987 675 3002 700 ,
3054 642 3108 687 et
3145 634 3445 688 ordinando

1863 729 2128 789 prostrato
2154 730 2279 776 ante
2307 722 2476 777 altare
2503 740 2517 788 ',
2547 723 2831 780 dalmatica
2856 739 2977 778 cum
3021 724 3154 778 stola
3187 725 3408 779 interim»
3428 767 3443 789 ,

1860 815 1907 869 si
1956 815 2119 883 velit,
2170 816 2434 885 assignata
2484 817 2666 872 alicui.
2715 817 2826 884 Qua
2857 817 3118 885 completa
3146 858 3160 878 ,
3209 832 3341 886 papa
3373 833 3449 871 re-

1862 905 2090 959 vertitur
2112 905 2179 960 ad
2221 905 2427 961 sedem.
2469 908 2806 962 Ordinandus
2836 916 2939 962 stet
2968 917 3090 962 ante
3118 908 3306 963 faciem
3331 911 3446 978 ejus

1863 1006 2189 1051 reverenter.
2233 995 2374 1066 Papa
2425 1007 2570 1052 stans
2624 1013 2747 1053 cum
2795 999 2950 1052 mitra
2982 998 3105 1053 dicit
3165 999 3446 1054 Commune

1861 1097 2046 1152 votam,
2079 1099 2184 1143 etc.
2206 1106 2222 1155 ;
2246 1088 2439 1144 deinde
2470 1105 2598 1159 papa
2624 1133 2639 1157 ,
2664 1089 2960 1145 ordinando
2989 1101 3162 1145 stante
3194 1092 3448 1148 inclinato

1869 1184 1993 1229 ante
2028 1174 2199 1242 ipsum
2233 1218 2248 1243 ,
2281 1176 2421 1230 dicat
2453 1177 2503 1230 in
2537 1179 2750 1231 modum
2785 1179 3153 1234 Prmfationis:
3188 1181 3405 1234 Oremus
3429 1222 3444 1246 ,

1863 1266 2176 1318 dilectissimi
2199 1306 2216 1333 ,
2245 1274 2350 1320 etc.
2382 1267 2522 1335 Papa
2566 1268 2694 1322 dicit
2748 1268 2962 1322 Oremus
2989 1285 3009 1332 ;
3036 1268 3291 1324 diaconus
3321 1272 3450 1325 dicit

1866 1355 2164 1411 Flectamus
2192 1373 2400 1427 genua;
2427 1359 2681 1414 diaconus
2709 1375 2738 1413 a
2767 1361 3015 1425 sinistris,
3052 1362 3231 1414 Levate
3255 1379 3273 1425 ;
3305 1360 3444 1431 Papa

1865 1449 1994 1504 dicit
2020 1450 2229 1516 Adesto,
2256 1465 2564 1520 clamamus,
2599 1462 2727 1517 etc.,
2781 1467 2874 1521 per
2902 1452 3117 1505 modum
3175 1453 3450 1519 Praefatio-

1867 1543 1950 1600 nis
1975 1585 1990 1609 ,
2018 1544 2137 1599 licet
2167 1544 2330 1614 aliqui
2355 1544 2534 1600 dicant
2561 1544 2803 1613 legendo.
2841 1545 2954 1612 Qua
2977 1544 3240 1612 completa
3266 1585 3281 1608 ,
3306 1546 3452 1598 solus

1869 1651 2000 1705 papa
2055 1644 2216 1704 ponat
2244 1650 2460 1690 manum
2513 1649 2664 1690 suam
2712 1650 2872 1703 super
2923 1643 3083 1705 caput
3125 1634 3446 1699 ordinandi,

1867 1727 2052 1783 dicens
2078 1743 2200 1782 cum
2232 1727 2388 1782 mitra
2419 1769 2433 1792 ,
2468 1726 2656 1782 Emitte
2680 1767 2694 1790 ,
2725 1735 2828 1781 etc.

173 1831 430 1890 novatur,
462 1822 714 1878 dominus
745 1838 880 1894 papa
931 1826 1118 1881 audire
1145 1829 1421 1883 cunsuevit
1464 1830 1515 1884 in
1561 1831 1766 1886 consis-
1801 1819 1846 1879 Β
1945 1818 2025 1874 Ad
2042 1818 2518 1872 οοηευωηιθηιίυηι
2541 1816 2752 1874 ἀίεεοηί
2773 1817 3006 1872 οΠῖοῘυιη
3039 1817 3284 1872 dominus
3314 1832 3448 1885 Papa

173 1918 319 1970 torio
350 1917 560 1986 publico
585 1933 598 1982 ;
625 1925 680 1971 et
708 1917 939 1972 maxime
975 1918 1176 1988 primas
1203 1922 1595 1987 prepos'rtinnes
1623 1923 1767 1977 elec-

174 2008 408 2069 tionnm,
433 2020 549 2075 quae
575 2006 641 2060 ad
671 2005 853 2061 sedem
882 2007 1227 2076 apostolicam
1247 2009 1403 2081 391
1427 2010 1763 2079 deferuntur,

174 2112 248 2151 ne
277 2097 438 2166 aliqui
470 2096 834 2154 fraudulenter
863 2098 1103 2154 dicerent
1143 2114 1201 2155 se
1231 2102 1280 2154 in
1313 2102 1594 2156 concordia
1622 2103 1767 2160 elec-

175 2198 289 2251 tos,
311 2204 431 2243 cum
465 2199 639 2243 tamen
671 2189 867 2245 electio
895 2200 1039 2245 esset
1064 2189 1116 2245 in
1164 2190 1428 2246 discordia
1457 2193 1722 2248 celebrata
1749 2211 1762 2260 ;

173 2291 232 2334 et
262 2280 424 2335 etiam
456 2281 671 2350 quando
709 2296 949 2336 summus
997 2283 1235 2350 pontifex
1264 2284 1482 2338 multum
1514 2284 1626 2338 vult
1672 2286 1768 2337 Ito-

174 2387 374 2426 norare
401 2371 838 2438 ambasciatores,
875 2373 958 2426 vel
989 2373 1259 2429 solemnes
1303 2374 1518 2430 nuntios
1548 2375 1767 2428 venien-

176 2473 285 2527 tes,
316 2463 523 2518 etiamsi
557 2473 684 2518 tunc
706 2464 838 2518 nihil
892 2467 1065 2533 magni
1098 2477 1418 2535 proponant,
1452 2467 1504 2521 in
1550 2466 1766 2538 publico

175 2555 502 2610 consistorio
534 2555 774 2625 recipere
801 2555 1101 2610 consuevit.

260 2645 661 2700 Memorandum
695 2646 762 2700 de
786 2644 936 2700 festis
966 2661 1082 2714 quzc
1107 2646 1522 2701 tran~feruntur.

258 2736 386 2789 Item
417 2736 559 2806 quod
607 2737 822 2806 quando
850 2737 941 2791 diu
984 2746 1226 2804 vocatur,
1258 2737 1454 2793 debeat
1483 2738 1621 2794 mitti
1667 2753 1766 2810 pro

176 2825 572 2881 cardinatibus.

419 2916 545 2972 CIII.
580 2916 653 2972 De
681 2919 903 2972 ordinat.’
908 2936 1000 2973 one
1021 2920 1225 2973 diaconi
1246 2922 1549 2976 cardinalis.

257 3008 351 3062 Die
378 3008 595 3063 Sabbati
624 3011 676 3064 in
707 3019 935 3078 quatuor
964 3012 1299 3079 temporibus
1346 3013 1596 3068 dominus
1627 3028 1762 3083 papa

177 3100 356 3155 veniet
385 3101 448 3154 ad
472 3101 771 3155 ecclesiam.
800 3101 883 3156 Fit
911 3104 1206 3158 reverentia
1238 3119 1387 3160 more
1402 3105 1556 3159 solito
1574 3146 1588 3170 ,
1607 3120 1762 3175 quam

1869 1908 2140 1977 accipiens
2168 1909 2360 1964 stolam
2386 1950 2400 1972 ,
2430 1923 2591 1978 quam
2641 1907 2968 1962 ordinandus
3016 1922 3178 1976 super
3206 1906 3452 1961 dalmati-

1868 2014 1983 2055 cam
2014 1999 2226 2054 tenebat
2248 2040 2262 2065 ,
2293 1998 2437 2054 dicat
2483 2001 2597 2054 sine
2645 2008 2767 2052 nota
2793 2040 2808 2062 ,
2840 1999 3023 2068 Accipe
3069 1997 3256 2052 stolam
3277 2039 3290 2062 ,
3321 2006 3451 2059 etc.,

1868 2104 2026 2157 quam
2055 2103 2215 2156 super
2243 2087 2521 2143 humerum
2545 2088 2826 2143 ordinandi
2859 2088 3007 2157 ponit
3033 2129 3048 2155 ,
3077 2097 3131 2141 et
3154 2103 3183 2140 a
3213 2087 3448 2141 siniSiris

1870 2179 1968 2234 sub
1997 2178 2165 2235 latere
2193 2179 2382 2234 dextro
2409 2179 2735 2234 circumdata
2789 2179 2999 2248 ligatur.
3051 2178 3250 2232 Deinde
3271 2176 3446 2231 donti-

1872 2282 1972 2322 nus
2003 2283 2138 2339 papa
2164 2268 2253 2322 dat
2278 2269 2469 2323 librum
2506 2269 2917 2337 Evangeliorum
2946 2269 2998 2322 in
3029 2268 3274 2322 manibus
3297 2268 3446 2322 ordi—

1872 2360 2072 2425 nandi,
2135 2360 2316 2415 dicens
2371 2361 2487 2415 sine
2526 2370 2648 2415 nota
2703 2360 2887 2430 Accipe
2943 2369 3279 2430 potestatem,
3341 2370 3447 2415 etc.

1875 2453 2075 2508 Deinde
2121 2453 2208 2507 dat
2268 2454 2698 2510 Beriedietimtem
2741 2469 2836 2508 seu
2886 2455 3229 2518 Orationem,
3267 2453 3448 2510 dicens

1870 2557 1991 2597 cum
2015 2552 2135 2598 nota
2179 2542 2408 2610 Exaudi,
2443 2543 2678 2608 Domine,
2733 2554 2839 2599 etc.
2881 2544 3283 2614 Consequeuter
3313 2544 3449 2598 facta

1874 2634 2090 2704 praefata
2123 2637 2397 2703 Oratione,
2423 2638 2707 2693 cardinalis
2737 2648 2861 2694 tunc
2890 2638 3167 2693 ordinatus
3215 2639 3449 2694 induitur

1871 2739 1900 2777 a
1933 2725 2188 2779 ministris
2219 2726 2468 2782 tunicella
2498 2727 2613 2780 alba
2639 2770 2654 2794 ,
2702 2737 2756 2783 et
2795 2729 2974 2782 statim
3023 2727 3160 2783 idem
3201 2727 3454 2782 ordinau-

1871 2818 1970 2872 dus
1999 2818 2277 2874 dalmatica
2306 2817 2422 2874 alba
2447 2819 2714 2887 induatur,
2735 2835 2862 2888 papa
2882 2828 3130 2889 tangente
3153 2820 3318 2889 ipsam
3339 2820 3445 2873 dal-

1872 2909 2118 2962 maticam
2148 2922 2312 2977 super
2352 2909 2655 2976 humerum,
2684 2920 2736 2964 et
2786 2910 2998 2965 dicente
3036 2911 3134 2965 sibi
3182 2910 3297 2965 sine
3328 2919 3448 2968 nota

1873 3001 2064 3055 Induat
2094 3012 2140 3055 te
2183 2999 2431 3056 Dominus
2470 3003 2781 3070 vestimento,
2812 3014 2916 3058 etc.
2951 3002 3146 3058 Ultimo
3173 3003 3451 3058 ordinatus

1873 3091 2144 3146 osculetur
2164 3090 2350 3160 pedem
2375 3091 2570 3146 domini
2596 3105 2765 3162 papae.
2789 3093 2854 3146 Et
2877 3107 3005 3162 papa
3031 3092 3222 3163 recipit
3242 3107 3364 3148 eam
3383 3093 3448 3146 ad

178 3193 341 3247 faciet
368 3192 693 3249 ordinandus
722 3209 841 3248 cum
873 3193 990 3249 aliis
1019 3236 1036 3262 ,
1091 3197 1137 3250 si
1165 3197 1290 3251 velit
1318 3215 1332 3263 ;
1367 3207 1420 3252 et
1469 3198 1647 3252 statim
1677 3213 1761 3253 se-

1872 3183 2106 3238 osculum
2132 3198 2145 3237 :
2172 3183 2444 3237 ordinatus
2475 3200 2602 3238 vero
2630 3186 2807 3240 statim
2849 3196 2966 3254 post
2997 3185 3248 3254 recipitur
3269 3184 3336 3239 ad
3365 3201 3453 3239 os-

176 3284 323 3338 cndit
351 3284 418 3338 ad
463 3295 665 3354 partem
697 3327 712 3352 ,
743 3288 828 3340 ubi
861 3303 958 3342 suo
1001 3296 1239 3358 tempore
1271 3300 1581 3359 parumenta
1613 3291 1763 3346 reci-

178 3377 332 3446 piet;
365 3386 417 3432 et
444 3378 637 3431 dicitur
667 3379 844 3433 Tertia
871 3423 885 3446 ,
915 3378 1075 3435 Sexta
1106 3391 1159 3435 et
1187 3380 1362 3436 Nona.

253 3469 478 3522 Paratur
505 3469 751 3524 dominus
803 3486 937 3540 papa
993 3472 1579 3544 quadragesimalibus;
1635 3490 1764 3543 pro-

183 3559 433 3629 greditur
461 3574 648 3614 versus
680 3559 885 3626 altare;
921 3562 978 3615 lit
1005 3566 1302 3617 reverentia
1346 3567 1506 3619 trium
1540 3567 1766 3637 presby—

182 3663 424 3705 terorum
453 3650 519 3704 ad
566 3652 807 3705 osculum
837 3661 889 3705 et
918 3652 985 3706 ad
1013 3663 1217 3720 pectus.
1260 3654 1464 3711 Dicitur
1489 3655 1721 3712 lntroibo
1747 3699 1765 3723 ,

189 3751 303 3796 etc.
338 3741 639 3810 Ingreditur
667 3741 732 3796 ad
763 3742 933 3797 altare
960 3760 974 3807 ;
1014 3743 1069 3796 fit
1097 3747 1388 3800 reverentia
1417 3746 1766 3802 diaconorutn

185 3827 254 3889 ad
281 3835 521 3888 osculum
546 3843 600 3888 et
624 3834 691 3888 ad
748 3844 954 3904 pectus.
987 3834 1144 3890 Missa
1192 3837 1429 3905 procedit
1456 3853 1552 3892 suo
1579 3841 1769 3895 ordine

183 3940 355 3993 usque
385 3923 450 3978 ad
479 3924 720 3978 ultimtttn
751 3923 975 3978 Versum
1021 3924 1286 3990 Tractus;
1342 3926 1392 3979 in
1445 3942 1550 3994 qua
1610 3926 1770 3981 Missa

177 4026 308 4071 sunt
353 4017 584 4086 quinque
616 4017 906 4086 prophetiae
931 4058 948 4085 ,
969 4026 1026 4071 et
1048 4017 1098 4071 in
1118 4017 1354 4087 qualibet
1376 4016 1572 4072 dicitur
1618 4016 1769 4071 Flec-

180 4119 350 4162 tamus
370 4125 533 4179 gcnua
556 4151 572 4174 ,
601 4109 808 4163 Levate.

255 4201 394 4252 Ante
419 4198 661 4253 ultimum
690 4199 911 4254 Versum
939 4208 1146 4254 tractus
1171 4246 1183 4264 ,
1219 4201 1549 4256 ordinandus
1575 4202 1628 4255 in
1652 4201 1770 4255 dia-

175 4306 378 4346 conum
399 4291 721 4346 eardinalem
747 4301 962 4361 paratus
981 4308 1130 4347 more
1157 4293 1466 4348 subdiaconi
1489 4336 1504 4361 ,
1523 4293 1773 4349 videlicet

178 4397 305 4436 cum
335 4391 478 4436 scuta
509 4424 522 4447 ,
569 4392 708 4436 cotta
732 4423 748 4448 ,
801 4397 963 4452 parvo
1001 4383 1196 4437 amictu
1246 4384 1312 4438 ad
1370 4384 1614 4454 scapulas
1638 4427 1654 4452 ,
1685 4399 1773 4438 ca-

179 4473 321 4527 miso
347 4487 440 4528 seu
470 4473 585 4528 alba
608 4514 624 4539 ,
655 4474 914 4528 cinctorio
938 4517 952 4539 ,
986 4490 1080 4528 seu
1114 4475 1389 4542 manipulo
1422 4516 1438 4540 ,
1485 4475 1767 4531 dalmatica

1867 3273 1954 3328 cul
1976 3290 2045 3328 im
2071 3274 2140 3329 ab
2176 3274 2423 3328 omnibus
2456 3273 2766 3328 diaconibus
2802 3273 3183 3342 cardinalibus,
3215 3283 3268 3330 et
3293 3275 3453 3329 etiam

1868 3365 1935 3418 ab
1956 3364 2202 3419 omnibus
2222 3364 2484 3433 episcopis
2506 3373 2558 3419 et
2581 3364 2906 3433 presbyteris
2936 3363 3311 3419 cardinalibus.

1938 3455 2142 3522 Quibus
2171 3455 2326 3508 factis
2352 3496 2368 3521 ,
2400 3455 2594 3523 accipit
2623 3454 2954 3523 manipulum
2982 3455 3032 3508 in
3059 3455 3266 3508 armilla
3291 3455 3449 3508 sinis-

1870 3555 1949 3600 tra
1995 3562 2156 3617 super
2204 3546 2508 3602 tunicellam
2543 3556 2598 3600 et
2641 3546 2854 3599 mitram
2886 3547 2938 3600 in
2979 3546 3198 3613 capite:
3253 3545 3401 3599 vadit
3433 3586 3447 3604 .

1870 3637 2110 3705 deposita
2143 3639 2297 3692 mitra
2326 3679 2341 3704 ,
2369 3637 2434 3691 ad
2492 3638 2844 3693 reverentiam
2875 3637 3074 3690 domini
3109 3651 3260 3706 papae
3301 3650 3448 3690 more

1878 3737 2156 3784 Consueto.
2208 3729 2356 3783 Genu
2389 3729 2558 3783 llcctit
2605 3729 2766 3784 etiam
2819 3743 3002 3783 coram
3041 3727 3238 3794 altari,
3267 3725 3452 3782 dicens

1870 3819 2027 3872 basse
2059 3817 2258 3870 Munda
2289 3834 2377 3871 cor
2405 3835 2571 3871 meum
2595 3862 2609 3884 ,
2644 3828 2774 3882 etc.,
2808 3819 2999 3887 recipit
3054 3817 3243 3872 librum
3276 3816 3453 3870 Evan-

1871 3910 2129 3978 geliorum
2151 3909 2219 3964 de
2248 3911 2442 3973 altari;
2478 3913 2610 3978 petit
2667 3911 2920 3965 inclinato
2973 3911 3146 3979 capite
3194 3910 3450 3965 Benedic-

1876 4001 2074 4054 lienem
2095 4016 2125 4054 a
2149 3999 2369 4054 domino
2396 4016 2531 4071 papa
2555 4041 2570 4066 ,
2603 4000 2786 4055 dicens
2816 4002 2972 4055 basse
3016 4000 3148 4054 Jubc
3179 4041 3195 4065 ,
3223 4002 3408 4054 domne
3433 4039 3450 4063 .

1873 4091 2207 4156 benedicere;
2258 4099 2350 4154 et,
2407 4101 2620 4159 recepta
2679 4089 3094 4156 Benedictione,
3138 4091 3283 4144 vadit
3329 4106 3449 4144 cum

1874 4182 2012 4238 libro
2038 4182 2104 4235 ad
2133 4182 2424 4251 pulpitum,
2456 4191 2512 4235 ct
2542 4182 2803 4250 incipiens
2846 4181 2972 4235 dicit
3017 4179 3266 4232 Dominus
3299 4181 3455 4234 vobis-

1872 4289 2008 4326 cum.
2025 4271 2090 4325 Et
2107 4289 2220 4326 cum
2231 4273 2412 4340 spiritu
2433 4283 2534 4327 tuo.
2553 4273 2826 4342 Sequentia
2843 4273 3004 4326 sancti
3021 4270 3303 4340 Evangelii,
3320 4279 3424 4325 etc.
3439 4311 3453 4332 ,

1872 4365 2133 4442 signando
2161 4365 2353 4420 librum
2386 4374 2441 4420 et
2470 4380 2548 4421 se.
2580 4364 2762 4419 Gloria
2811 4365 2940 4430 tibi,
2976 4363 3208 4418 Domine.
3268 4361 3334 4416 In
3365 4364 3454 4416 illo

1873 4463 2111 4524 tempore,
2137 4465 2242 4510 etc.
2287 4457 2446 4527 393
2480 4457 2630 4511 Dicto
2661 4457 2948 4527 Evangelio
2973 4499 2987 4522 ,
3020 4456 3293 4511 osculetur
3311 4457 3455 4525 prin~

179 4579 313 4618 vero
337 4606 353 4631 ν
384 4573 436 4618 ει
483 4579 642 4633 super
667 4579 783 4619 eam
827 4565 1017 4618 stolam
1049 4574 1071 4599 ιι
1104 4579 1198 4619 sex
1230 4581 1417 4620 manus
1447 4576 1501 4619 ει
1555 4567 1768 4622 brachia
1806 4571 1852 4628 ι)
1874 4545 2071 4612 cipium
2095 4545 2222 4599 dicti
2254 4547 2561 4628 Evangelii,
2595 4545 2648 4600 in
2699 4555 2895 4601 caztero
2929 4562 3058 4601 vero
3104 4547 3368 4601 ministret
3399 4557 3456 4601 ut

180 4666 401 4726 portans
426 4672 455 4710 ι
490 4658 665 4720 priore
691 4657 1035 4711 diaconornm
1064 4701 1078 4723 ,
1112 4665 1168 4711 et
1195 4658 1328 4710 alter
1350 4657 1608 4734 dlaconus
1647 4674 1769 4712 ear-

176 4751 372 4806 dinalis
399 4749 610 4803 ducitur
632 4750 745 4802 sine
774 4750 927 4802 mitra
954 4764 1123 4817 usque
1150 4748 1214 4802 ad
1240 4748 1574 4818 praesentiam
1598 4764 1770 4818 papae,

175 4855 363 4895 coram
393 4855 498 4909 quo
521 4841 905 4910 genuﬂeetitur.
939 4840 1087 4894 Tunc
1129 4840 1271 4908 prior
1297 4839 1642 4894 diaconorum
1690 4841 1774 4895 dio

174 4935 250 4986 cit
288 4949 299 4983 :
327 4931 561 4986 Postulat
587 4944 745 4985 mater
774 4931 1004 4987 Ecclesia
1031 4932 1278 4986 catholica
1305 4939 1359 4985 ut
1390 4932 1526 4986 hunc
1550 4949 1771 5004 prwsen-

177 5031 280 5075 tem
303 5031 497 5092 patrem
524 5023 852 5077 reverendam
882 5025 1141 5077 dominum
1170 5023 1243 5078 N.
1275 5025 1670 5092 subdiaconum,
1725 5036 1772 5080 et

173 5124 370 5166 sancta:
413 5114 657 5167 Romana:
690 5113 929 5167 Ecclesia:
952 5114 1260 5168 cardinalem
1299 5115 1366 5168 ad
1412 5131 1542 5169 onus
1569 5117 1773 5170 diaconi

182 5205 452 5259 ordinctis.
487 5207 624 5275 Papa
657 5223 776 5262 cum
803 5210 954 5262 mitra
983 5227 994 5260 :
1032 5209 1185 5264 Scitis
1206 5211 1352 5263 illum
1377 5210 1591 5282 dignum
1614 5227 1721 5266 esse
1746 5214 1771 5266 .’

183 5298 494 5368 Respondet
521 5299 754 5354 offerens
787 5316 800 5351 :
831 5299 1091 5366 Quantum
1121 5302 1344 5354 humana
1375 5303 1634 5372 fragilitas
1661 5319 1769 5356 esse

175 5390 302 5443 sinit
355 5398 401 5441 et
432 5390 558 5455 scio,
589 5391 852 5457 ’tcsti/icor
899 5393 1065 5460 ipsum
1108 5393 1318 5461 dignum
1368 5410 1477 5447 esse
1513 5395 1580 5446 ad
1613 5396 1766 5462 huius

177 5495 310 5532 onus
354 5481 534 5548 officii.
577 5481 711 5549 Papa
738 5523 753 5546 ,
786 5483 1018 5537 sedendo
1047 5499 1166 5537 cum
1223 5485 1405 5550 mitra,
1439 5487 1566 5542 dicit
1589 5504 1614 5541 ι
1640 5487 1765 5541 Dia-

178 5584 368 5621 conum
408 5579 606 5637 oportet
654 5571 814 5641 392
854 5571 1066 5638 o/ferrc.
1099 5582 1228 5632 etc..
1280 5575 1574 5631 ordinando
1598 5593 1765 5648 genu-

1875 4637 2131 4694 diaconus
2153 4681 2168 4706 ,
2197 4649 2252 4694 et
2281 4640 2440 4696 faciat
2460 4657 2579 4711 qua:
2601 4642 2932 4696 incumbunt.

1949 4755 2082 4808 Dum
2121 4754 2314 4809 dicitur
2352 4756 2717 4822 Offertorium,
2761 4751 2952 4811 offerat
3005 4773 3156 4812 more
3198 4765 3458 4812 consuetu

1876 4846 2010 4898 duos
2043 4845 2283 4899 tortieios
2323 4862 2544 4916 magnos
2570 4861 2848 4913 accensos,
2879 4847 3014 4901 duos
3053 4863 3218 4917 panes
3243 4858 3296 4903 et
3327 4849 3463 4903 duas

1877 4936 2162 5005 amphoras
2194 4937 2300 4991 vini
2332 4955 2348 5003 ;
2380 4948 2433 4992 et
2471 4938 2747 4994 offerendo
2793 4940 3000 5008 singula
3044 4955 3260 4995 manum
3309 4957 3460 5011 papai

1877 5026 2167 5079 osculetur.
2198 5025 2338 5095 Papa
2370 5042 2496 5082 vero
2526 5027 2702 5082 oblata
2733 5029 2920 5084 leviter
2948 5030 3133 5098 tangit.

1951 5115 2003 5170 lu
2054 5115 2307 5173 Oratione
2352 5133 2512 5187 super
2558 5121 2806 5189 populum
2852 5137 2982 5190 papa
3027 5123 3154 5176 dicit
3211 5125 3447 5182 Oremus.

1875 5205 2138 5262 Diaconus
2167 5209 2441 5262 ordinatus
2466 5209 2596 5263 dicit
2627 5209 2908 5265 Humiliate
2937 5214 3105 5282 capita
3131 5225 3293 5267 rastra
3321 5214 3442 5268 Deo.

1873 5297 1927 5350 ln
1961 5297 2086 5363 fine,
2109 5301 2374 5367 completa
2407 5301 2664 5356 Oratione
2697 5303 2894 5368 Μίδεω,
2932 5304 3190 5361 diaconus
3228 5307 3452 5361 ordina-

1873 5395 1958 5440 tus
1981 5386 2110 5441 dicit
2136 5387 2509 5443 Benedicamus
2541 5390 2783 5453 Domino,
2814 5407 2964 5446 versa
2999 5392 3132 5448 facie
3159 5395 3225 5448 ad
3254 5395 3439 5449 altare.

1873 5478 2009 5545 Papa
2055 5479 2187 5533 dicit
2214 5480 2295 5535 Sit
2327 5497 2508 5535 nomen
2543 5481 2747 5536 Domini
2783 5484 3117 5553 benedictum,
3162 5497 3268 5543 etc.
3317 5489 3448 5542 Dia-

1869 5586 2036 5626 Conus
2079 5571 2355 5627 ordinatus
2386 5581 2533 5628 stans
2573 5574 2625 5629 in
2674 5575 2862 5632 dextro
2906 5593 3071 5634 cornu
3102 5579 3285 5636 altaris
3328 5580 3447 5635 sine

257 5759 281 5786 ⁸
312 5749 471 5806 Forte
493 5767 579 5818 per
613 5767 789 5806 "unus
817 5759 863 5805 ct
891 5752 1093 5807 (nuc/tia
1122 5762 1350 5824 portatus
1383 5771 1411 5806 a
1444 5755 1613 5823 priore
1645 5756 1975 5812 diaconatum
2004 5765 2051 5812 et
2084 5755 2246 5810 altera
2274 5755 2489 5814 diacono
2522 5759 2798 5814 cat‘dinali.
