4006 6334
565 301 704 365 12ῖῦ

1253 297 1597 356 APPENDIX
1643 297 1734 354 AD
1772 297 1829 354 S.
1873 287 2198 351 GllEGOl‘tlI
2242 288 2455 345 MAle
2498 289 2862 347 LlTl'llCICA
2904 289 3155 346 OPERA.

3731 286 3868 342 i276

564 425 722 479 ntitra
748 420 871 476 dicit
904 429 983 473 ter
1010 415 1202 469 Multos
1249 429 1433 478 annos,
1465 412 1699 482 qualibet
1729 410 1844 466 vice
1874 407 2054 471 altius,
2086 411 2136 458 et
2171 402 2220 461 A
2318 401 2398 456 Ex
2429 403 2662 458 concilio
2685 402 2945 458 Toletano
2981 402 3142 457 tertio
3180 416 3286 458 era
3319 402 3404 458 i8.
3441 402 3578 458 Item
3613 417 3684 458 ex
3723 417 3864 456 eon-

563 512 801 580 qnalibet
829 509 942 562 \it‘e
967 521 1102 575 genu
1135 505 1397 558 flectendo
1426 517 1606 556 coram
1640 517 1771 570 papa
1807 508 1982 554 stante
2019 512 2138 551 cum

569 607 744 662 mitra.
777 605 832 658 lu
865 603 971 656 line
1014 599 1287 654 ordinatus
1316 596 1587 653 osculetur
1631 595 1816 664 pedem
1868 609 2041 663 papas,
2092 601 2145 646 et

564 696 819 768 recipitur
845 694 910 747 ad
936 692 1176 747 osculum
1212 706 1242 745 a
1275 705 1430 760 papa.

739 807 876 866 CIV.
914 806 1057 861 Ordo
1081 813 1107 843 ⁸
1138 806 1228 875 qui
1257 803 1553 875 observatur
1575 801 1625 854 in
1652 800 1987 854 celebratione

1099 873 1306 930 concilii
1344 873 1616 943 gencralis.

642 973 783 1026 Ante
823 969 952 1025 solis
995 977 1170 1023 ortum
1224 965 1512 1037 cjieiantur
1560 975 1747 1017 ontnes
1786 961 1853 1014 ah
1897 958 2145 1023 ecclesia,

573 1060 942 1131 obseratisque
969 1057 1172 1114 foribus
1214 1056 1424 1112 cunctis
1450 1053 1516 1109 ad
1561 1068 1717 1109 unam
1762 1051 2001 1121 januam,
2055 1064 2150 1117 per

579 1171 737 1226 quam
783 1153 1034 1209 sacerdos
1065 1150 1268 1222 ingredi
1294 1156 1526 1219 oportet,
1574 1143 1782 1202 ostiatii
1816 1143 2052 1198 stabunt.
2087 1141 2150 1194 Et

569 1248 949 1304 eont'enientes
980 1256 1168 1297 omnes
1209 1240 1445 1312 episcopi
1492 1239 1690 1309 pariter
1733 1235 2046 1300 introibunl,
2097 1240 2152 1286 et

571 1338 858 1394 secundum
887 1333 1237 1391 ordinationis
1276 1349 1389 1388 sua:
1417 1341 1625 1400 tempus
1651 1327 1983 1385 residebunt.
2025 1324 2151 1378 Post

567 1428 864 1499 ingressum
913 1430 1151 1481 omnium
1197 1426 1570 1494 episcoporum
1603 1429 1762 1489 atque
1813 1430 2146 1481 consessum,

570 1525 825 1573 vocentur
861 1515 1056 1573 deinde
1102 1514 1418 1585 presbyteri,
1466 1527 1601 1580 quos
1631 1524 1790 1563 causa
1842 1505 2148 1576 probavtrit

573 1607 794 1662 introire
831 1623 845 1672 ;
879 1606 1164 1674 nullusque
1192 1619 1252 1658 se
1283 1604 1418 1657 inter
1445 1617 1539 1657 eos
1588 1601 1793 1667 ingerat
1840 1611 1974 1666 quos
2017 1595 2150 1650 ordo

575 1705 887 1768 peposeerat
935 1696 1212 1751 interesse.
1271 1695 1334 1748 Et
1377 1707 1574 1746 corona
1621 1690 1760 1744 facta
1809 1688 1877 1741 de
1926 1685 2142 1739 sedibus

2255 495 2382 548 cilio
2406 495 2666 548 Tolt-tano
2694 505 2887 566 quarto
2913 510 3016 550 mra
3041 495 3094 549 5.
3135 495 3262 550 llcnt
3285 511 3354 551 ex
3385 494 3644 563 capitulis
3669 495 3861 549 Orien-

2259 585 2447 640 talium
2481 584 2720 650 Patrum,
2768 602 2887 656 qua:
2924 585 3180 640 Martinus
3216 587 3503 655 episcOpus
3543 587 3616 642 de
3669 585 3861 642 Cra-co

2259 676 2310 731 in
2336 677 2580 732 Latinum
2619 679 2776 734 vertit
2805 695 2912 733 aera
2946 680 3032 736 18.
3066 681 3141 736 De
3167 681 3374 750 synodo
3406 681 3680 736 facienda.
3730 681 3856 736 item

2262 787 2328 827 ex
2381 774 2609 827 concilio
2649 772 3076 828 Chalcedonensi
3106 789 3210 828 tera
3243 775 3330 828 l8.
3365 773 3496 828 Item
3528 789 3595 828 ex
3621 776 3856 828 οοιςείιίυ

2253 863 2544 934 Agathensi
2575 881 2680 919 arra
2703 863 2798 932 25',
2832 865 2911 920 vel
2943 865 3084 919 aliud
3113 865 3182 919 de
3205 865 3521 930 canentibus,
3559 866 3711 934 quod
3749 883 3853 922 tne-

2255 953 2581 1021 tropolitano
2613 954 2789 1023 aptius
2813 954 2982 1008 visum
3011 954 3170 1010 fuerit
3199 963 3257 1009 ut
3284 954 3514 1024 legatur.
3550 955 3852 1024 Finitisque

2252 1043 2439 1110 titulis,
2462 1045 2900 1115 metropolitanus
2921 1046 3202 1115 episcopus
3223 1045 3510 1102 concilium
3536 1049 3839 1116 alloquetur

2253 1138 2631 1194 exhortatione
2660 1140 2731 1193 ita
2763 1139 2986 1195 dicens:
3030 1159 3046 1191 ι
3080 1141 3239 1203 Ecce,
3287 1140 3618 1194 sanctissimi
3665 1155 3842 1195 sacer-

2252 1227 2428 1295 dotes,
2455 1227 2744 1296 praemissis
2770 1228 2878 1284 Deo
2907 1229 3158 1298 precibus
3181 1228 3577 1285 fraternitatem
3603 1240 3836 1286 vestram

2254 1335 2374 1375 cum
2407 1321 2491 1391 pia
2521 1319 2893 1377 exhortatione
2925 1323 3210 1387 convenio,
3253 1331 3308 1377 et
3344 1338 3439 1390 per
3479 1321 3723 1376 divinum
3755 1338 3840 1376 no.

2255 1428 2382 1466 men
2432 1411 2695 1478 obtestor,
2738 1421 2797 1466 ut
2825 1427 2890 1466 ea
2921 1428 3041 1483 qua:
3068 1428 3097 1468 a
3124 1413 3278 1468 nobis
3307 1414 3374 1468 de
3405 1413 3516 1468 Deo
3545 1423 3602 1468 et
3645 1415 3840 1468 sanctis

2258 1501 2560 1571 ordinibus,
2608 1501 2694 1558 vel
2736 1503 2937 1558 sanctis
2983 1505 3222 1560 moribus
3251 1505 3405 1560 vobis
3434 1504 3639 1560 fuerint
3679 1506 3837 1570 dicta,

2254 1608 2376 1647 cum
2408 1594 2554 1650 omni
2605 1593 2802 1664 pietate
2845 1596 3170 1664 suscipiatis,
3200 1607 3249 1651 et
3281 1611 3402 1652 cum
3450 1612 3661 1651 summa
3691 1613 3838 1652 rere-

2257 1682 2426 1738 rentia
2467 1683 2730 1753 perficere
2777 1684 3087 1741 intendatis.
3121 1686 3270 1753 Quod
3307 1687 3353 1740 si
3384 1684 3615 1741 forsitan
3656 1688 3836 1755 aliquis

573 1791 971 1860 episcoporum,
1022 1784 1319 1857 presbyteri
1345 1799 1375 1837 a
1424 1791 1575 1852 tergo
1619 1793 1805 1836 eorum
1856 1776 2150 1841 resideant,
2191 1773 2238 1835 Β
2265 1782 2505 1829 vestrum
2538 1775 2696 1831 aliter
2721 1791 2880 1847 quam
2914 1776 3054 1830 dicta
3088 1776 3302 1844 fuerint,
3329 1779 3584 1841 senserit,
3616 1777 3730 1831 sine
3751 1777 3838 1830 ali-

571 1895 708 1951 quos
736 1889 914 1936 tamen
945 1892 1189 1934 sessurus
1219 1890 1400 1932 secum
1433 1870 1873 1940 mott‘Opolilantts
1907 1868 2151 1936 elegerit,

571 1973 658 2042 qui
688 1971 869 2041 utique
898 1979 951 2024 ct
979 1984 1102 2024 cum
1131 1981 1198 2023 eo
1237 1966 1475 2033 judicare
1498 1962 1525 2001 δ
1567 1960 1787 2032 aliquid,
1828 1967 1884 2014 et
1933 1957 2153 2014 delinire

573 2071 820 2131 possunt.
854 2060 1113 2114 Diacones
1143 2057 1193 2111 in
1223 2064 1511 2125 conspectu
1542 2055 1917 2122 episcOporum
1948 2057 2111 2106 stent.

643 2149 845 2204 Deinde
896 2148 1262 2218 ingrediantur
1311 2145 1430 2202 laici
1479 2145 1570 2216 qui
1625 2142 1893 2200 electione
1940 2137 2154 2197 concilii

578 2244 839 2298 interesse
867 2240 1185 2296 meruerint.

643 2336 1007 2406 lngrediantnr
1050 2348 1263 2406 quoque
1293 2333 1486 2387 notarii
1533 2343 1667 2401 quos
1717 2328 1784 2384 ad
1813 2326 2147 2384 recitandum

574 2428 657 2484 vel
690 2426 1054 2496 recipiendum
1083 2427 1215 2482 ordo
1244 2425 1486 2494 requirit.

639 2518 1026 2587 Obseratisqne
1070 2515 1277 2587 januis,
1321 2526 1374 2570 et
1405 2515 1654 2570 sedentes
1683 2514 1734 2567 in
1781 2512 2038 2567 diuturno
2075 2510 2151 2564 si-

575 2610 740 2665 lentio
785 2609 1117 2673 saecrdmes,
1171 2617 1331 2677 atque
1389 2622 1484 2661 cor
1543 2615 1710 2660 totum
1766 2604 2024 2658 habentes
2088 2601 2155 2657 ad

577 2700 763 2770 Deum,
805 2701 1044 2756 dicturus
1081 2706 1165 2755 est
1191 2698 1598 2754 archidiaconus
1632 2697 1831 2761 Orate;
1861 2696 2148 2764 statimque

575 2804 760 2845 omnes
789 2790 842 2845 in
875 2798 1072 2845 terram
1104 2797 1546 2860 prosternuntur,
1580 2798 1686 2842 tam
1729 2785 1965 2855 episcopi
1996 2800 2154 2854 quam

576 2882 873 2953 presbyteri
904 2898 920 2949 ;
952 2891 1006 2937 et
1035 2890 1255 2938 orantes
1302 2881 1500 2937 diutius
1541 2879 1698 2934 tacite
1741 2894 1862 2933 cum
1904 2877 2153 2942 fletibus;

577 2970 740 3042 39A
766 2982 927 3041 atque
972 2986 1109 3025 unus
1153 2985 1219 3026 ex
1265 2969 1532 3040 episcopis
1569 2968 1870 3024 senioribus
1909 2980 2152 3036 surgens,

579 3062 885 3117 Orationem
920 3062 1090 3127 palam
1121 3060 1308 3116 fundat
1332 3061 1398 3114 ad
1430 3061 1617 3126 Deum,
1651 3059 1860 3115 cunctis
1884 3058 2058 3113 adhuc
2099 3058 2151 3111 in

580 3163 777 3208 terram
805 3153 1128 3222 jacentibus,
1168 3155 1354 3208 dicens
1382 3153 1519 3208 hanc
1545 3152 1875 3209 Orationem.

652 3246 857 3300 Oratio.
882 3274 954 3286 —
981 3246 1262 3310 Adsumus,
1287 3244 1503 3300 Domine
1527 3253 1698 3299 sancte
1721 3243 1780 3310 Si
1800 3244 1970 3312 iritus,
2002 3245 2158 3299 adsu-

577 3354 688 3394 mus
718 3340 908 3411 peccati
937 3340 1138 3407 quidem
1179 3340 1495 3393 immanitate
1523 3339 1730 3403 detenti,
1754 3339 1843 3391 sed
1880 3338 1932 3391 in
1956 3338 2160 3390 nomine

578 3437 668 3484 tuo
687 3429 976 3498 specialiter
995 3431 1278 3500 aggregati.
1307 3428 1438 3484 Veni
1458 3429 1528 3482 ad
1547 3444 1659 3495 nos,
1684 3436 1730 3481 et
1753 3436 1858 3481 esto
1881 3427 2159 3489 nobiscum,

576 3532 624 3576 rt
649 3523 862 3594 dignare
890 3523 1034 3577 illabi
1072 3523 1308 3578 cordibus
1333 3523 1538 3576 nostris.
1572 3520 1714 3576 Doce
1742 3537 1833 3575 nos
1873 3521 1998 3591 quid
2037 3537 2161 3591 aga-

579 3629 717 3680 mus,
754 3629 854 3683 quo
893 3614 1235 3685 gradiantur;
1265 3625 1314 3669 et
1344 3613 1555 3668 ostende
1597 3613 1719 3682 quid
1745 3613 1937 3682 efﬁcere
1977 3612 2160 3666 debea-

580 3719 715 3770 mus,
745 3715 801 3757 ut
833 3713 880 3758 te
906 3704 1192 3758 auxiliante
1216 3704 1304 3758 tibi
1325 3704 1378 3758 in
1399 3704 1630 3758 omnibus
1658 3704 1859 3772 placere
1881 3704 2159 3757 valeamus.

586 3794 712 3847 [fsto
742 3796 903 3860 salus,
926 3804 971 3848 et
1003 3803 1289 3866 suggestor,
1322 3804 1370 3849 et
1398 3794 1605 3863 effector
1615 3795 1938 3866 judiciorum
1963 3804 2163 3848 nostro-

581 3901 720 3951 rum,
761 3886 846 3955 qui
891 3887 1030 3940 solus
1067 3902 1184 3939 cum
1215 3885 1322 3940 Deo
1374 3884 1535 3941 Patre
1560 3895 1608 3940 ct
1647 3888 1759 3955 eius
1801 3883 1942 3941 Filio
1981 3903 2164 3941 nomen

583 3976 811 4038 possides
865 3976 1167 4044 gloriosum.
1213 3975 1336 4031 Non
1381 3992 1473 4031 nos
1522 3976 1734 4046 patiaris
1785 3978 2159 4044 perturbatores

582 4080 691 4118 csse
729 4065 966 4134 justitiaz,
1012 4067 1098 4133 qui
1143 4082 1394 4120 summam
1436 4067 1612 4135 diligis
1652 4068 1991 4133 tequitatcm;
2034 4069 2165 4121 utin

583 4156 845 4209 sinistrum
891 4172 983 4210 nos
1012 4157 1301 4227 ignorantia
1339 4173 1439 4211 non
1482 4159 1672 4226 trahat,
1698 4174 1800 4213 non
1827 4162 2167 4229 faterin/Iec-

588 4259 682 4316 tat,
707 4266 810 4303 non
840 4251 1064 4320 acceptio
1093 4252 1337 4318 muneris,
1369 4253 1446 4305 vel
1465 4268 1693 4323 persona:
1718 4261 2008 4322 corrumpat
2032 4269 2052 4320 ;
2081 4254 2167 4307 sed

577 4342 744 4414 jnnge
787 4358 878 4395 nos
927 4343 1017 4396 tibi
1053 4343 1316 4414 eﬂicaciter
1354 4344 1514 4397 solius
1555 4353 1657 4398 tua
1701 4344 1883 4413 gratia:
1919 4344 2074 4410 dono,
2113 4352 2168 4398 ut

581 4434 745 4488 simus
769 4435 823 4488 in
848 4444 896 4490 te
921 4451 1102 4501 unum,
1136 4444 1183 4490 et
1209 4436 1262 4489 in
1295 4437 1439 4489 nullo
1465 4436 1718 4490 deviemus
1745 4451 1775 4487 a
1805 4453 1919 4490 vero
1945 4453 1965 4503 ;
2001 4437 2167 4506 quali-

583 4535 660 4579 ter
688 4527 742 4579 in
767 4527 974 4580 nomine
1002 4535 1089 4580 tuo
1110 4526 1331 4586 collecti.
1363 4527 1437 4580 sic
1460 4526 1512 4580 in
1537 4527 1731 4580 cunctis
1755 4537 2012 4584 teneamus
2049 4545 2163 4582 cum
2194 4515 2246 4575 D

582 4619 929 4673 moderamine
954 4620 1158 4688 pietatis
1174 4620 1452 4690 justitiam,
1486 4629 1541 4674 ut
1571 4621 1653 4674 hic
1677 4637 1708 4675 a
1736 4631 1785 4674 te
1807 4621 1948 4677 nullo
1977 4623 2167 4676 dissen-

585 4707 681 4761 tiat
707 4710 957 4763 sententia
986 4719 1183 4776 nostra,
1209 4719 1257 4764 et
1287 4708 1339 4762 in
1369 4714 1545 4780 futuro
1578 4727 1671 4783 pro
1710 4711 1834 4765 bene
1861 4713 2012 4783 gestis
2041 4728 2163 4768 con-

582 4813 856 4867 sequamur
884 4800 1097 4869 prtemia
1125 4800 1451 4868 sempiterna.

659 4889 716 4943 In
757 4905 860 4959 qua
891 4890 1151 4946 Oratione
1184 4887 1345 4946 Pater
1392 4901 1562 4948 noster
1587 4907 1691 4949 non
1733 4893 1957 4949 dicatur.
1993 4895 2163 4952 Finita

584 4992 762 5038 autem
804 4984 1079 5052 Oratione,
1107 4993 1162 5039 et
1187 4999 1448 5055 responso
1477 4985 1545 5039 ab
1570 4985 1815 5041 omnibus
1840 4989 2020 5050 Amen,
2047 5004 2163 5043 rur-

583 5089 677 5129 sus
702 5074 846 5130 dicat
866 5076 1275 5132 archidiaconus
1299 5075 1496 5148 Erigite
1517 5094 1622 5131 vos.
1653 5076 1943 5133 Confestim
1974 5095 2163 5148 omnes

583 5173 828 5235 surgant,
867 5175 922 5221 et
959 5182 1079 5221 curn
1108 5167 1253 5222 omni
1290 5167 1480 5222 timore
1511 5167 1604 5222 Dei
1633 5176 1690 5223 et
1721 5168 2025 5238 disciplina,
2057 5178 2162 5225 tam

585 5255 824 5324 episcopi
864 5271 1020 5326 quam
1069 5257 1371 5327 presbyteri
1412 5259 1671 5324 sedeant;
1698 5260 1882 5330 sicque
1919 5263 2166 5317 omnibus

587 5343 638 5396 in
669 5346 780 5400 suis
809 5346 942 5402 locis
971 5347 1024 5402 in
1048 5348 1265 5404 silentio
1294 5347 1724 5415 consedentibus,
1754 5350 2008 5407 diaconus
2043 5354 2165 5409 alba

588 5432 808 5490 indutus
844 5437 1096 5494 Codieem
1153 5438 1451 5510 proferens,
1498 5439 1741 5512 Capitula
1793 5442 1861 5500 de
1918 5445 2163 5500 conciliis

585 5528 806 5596 agendis
830 5534 1158 5599 pronuntiet,
1192 5532 1241 5587 id
1267 5542 1349 5589 est
1389 5550 1406 5590 :

662 5649 686 5678 α
719 5641 866 5694 Alius
894 5651 977 5718 est
1006 5643 1092 5696 hic
1117 5644 1260 5698 Ordo
1293 5644 1452 5718 abeo
1491 5647 1582 5718 qui
1622 5647 1674 5702 itt
1718 5648 1928 5718 Vulgato
1959 5648 2156 5708 Ordine

590 5703 830 5767 iiontano
861 5712 1156 5780 assignatur
1175 5730 1298 5784 pag.
1329 5716 1458 5769 150.

2257 1881 2364 1938 quo
2392 1867 2646 1935 scrupulo
2676 1868 3043 1923 contentionis
3072 1868 3233 1940 395
3259 1869 3311 1922 itt
3344 1880 3652 1923 nostrorum
3681 1883 3836 1937 copu-

2264 1958 2462 2013 latione
2487 1973 2548 2013 ea
2578 1959 2690 2026 ipsa
2719 1958 2787 2013 de
2811 1959 3004 2028 quibus
3047 1959 3378 2015 dubitaverit
3407 1958 3731 2014 conferenda
3759 1973 3837 2011 re.

2258 2048 2438 2115 ducat,
2468 2048 2713 2119 qualiter,
2748 2050 2855 2106 Deo
2877 2051 3187 2113 auxiliante,
3215 2060 3307 2105 aut
3325 2049 3512 2106 doceri
3541 2050 3724 2118 possit,
3755 2060 3836 2103 aut

2258 2144 2470 2199 doceat.
2508 2143 2713 2198 Deinde
2767 2144 2930 2199 simili
2961 2160 3058 2200 vos
3104 2142 3464 2199 obtestatione
3523 2143 3747 2197 obsecro
3787 2153 3836 2196 ut

2260 2235 2437 2290 nullus
2465 2243 2702 2290 vestrum
2735 2237 2785 2289 iu
2809 2235 3120 2305 judicando,
3162 2246 3250 2290 aut
3281 2251 3569 2306 personam
3600 2235 3834 2303 accipiat,

2257 2334 2348 2380 aut
2393 2326 2632 2396 quolibet
2659 2327 2840 2383 favore
2871 2328 2953 2382 vel
2979 2342 3205 2384 munere
3235 2328 3498 2396 pulsatus,
3535 2342 3562 2379 a
3601 2327 3835 2396 justoju-

2258 2419 2398 2474 dicio
2426 2419 2661 2474 scienter
2705 2428 2982 2475 avertatur
3019 2429 3074 2474 ut
3124 2419 3407 2483 discedat;
3438 2421 3534 2474 sed
3575 2433 3695 2472 cum
3738 2426 3833 2469 tota

2260 2511 2456 2582 pietate
2482 2511 2742 2582 quidquid
2773 2512 2932 2567 οωιυί
2959 2520 3144 2566 nostro
3171 2526 3231 2566 se
3271 2509 3625 2579 iudicandum
3651 2511 3834 2562 intule-

2258 2601 2327 2656 rit
2370 2608 2682 2668 retractate,
2717 2610 2776 2656 ut
2821 2616 2920 2656 nec
2972 2600 3288 2656 discordans
3317 2601 3598 2655 contentio
3623 2599 3687 2653 ad
3723 2600 3837 2652 sub-

2260 2693 2560 2747 versioucm
2581 2692 2803 2763 justitiua
2828 2693 2968 2747 inter
2989 2706 3084 2746 vos
3108 2691 3283 2747 locum
3313 2692 3577 2757 inveniat,
3602 2704 3700 2743 nec
3721 2691 3836 2741 item

2259 2781 2311 2836 in
2342 2782 2698 2851 perquirenda
2723 2782 2972 2852 aequitate
3004 2783 3156 2852 vigor
3177 2782 3347 2837 nostri
3372 2781 3580 2836 ordinis
3605 2781 3684 2835 vel
3705 2778 3839 2832 solli-

2259 2874 2439 2930 citudo
2486 2883 2746 2944 tepescat.
2784 2893 2803 2926 ι

2332 2967 2460 3024 Post
2487 2968 2624 3024 hanc
2653 2969 3074 3026 exhortationem
3107 2965 3401 3023 introihunt
3434 2980 3626 3021 omnes
3656 2965 3837 3034 quique

2259 3058 2454 3114 fuerint
2481 3060 2808 3132 presbyteri,
2836 3061 3072 3127 diaconi,
3105 3063 3185 3117 vel
3217 3060 3453 3131 religiosi
3484 3059 3750 3121 universi,
3777 3059 3837 3111 ad

2179 3142 2227 3205 C
2259 3151 2577 3208 audiendam
2605 3153 2924 3209 doctrinam.
2951 3152 3146 3222 Sicque
3171 3152 3589 3207 archidiaconus
3621 3151 3841 3206 lecturus

2261 3258 2521 3300 canonem
2557 3244 2800 3300 Toletani
2830 3243 3044 3300 concilii
3079 3244 3341 3299 undecimi
3385 3258 3496 3298 tera
3523 3245 3726 3313 prima,
3766 3240 3843 3296 Ne

2262 3333 2482 3387 tantultu
2509 3334 2782 3388 concilium
2809 3335 3046 3403 agitetur.
3075 3334 3193 3401 Quo
3211 3348 3421 3388 canone
3444 3333 3709 3402 perlecta,
3730 3346 3842 3386 con-

2263 3426 2444 3480 cilium
2475 3425 2797 3496 Ephesiuum
2829 3441 2892 3481 ex
2920 3426 3109 3482 ordine
3145 3427 3469 3496 perlegatur.
3503 3424 3712 3480 Deinde
3736 3426 3840 3479 enl-

2266 3521 2392 3575 latio
2419 3522 2621 3589 pariter
2649 3529 2706 3576 et
2743 3521 3027 3577 instructio
3057 3522 3124 3576 de
3163 3523 3418 3593 mysterio
3447 3530 3653 3576 sancta:
3681 3521 3844 3575 Triui-

2265 3612 2388 3668 tatis
2417 3613 2708 3680 habeatur;
2737 3613 3002 3682 simulque
3032 3623 3084 3668 et
3114 3614 3182 3668 de
3212 3613 3491 3667 ordinibus
3521 3613 3844 3678 olt‘niorum,

2264 3704 2311 3761 si
2337 3705 2391 3759 in
2422 3705 2670 3760 omnibus
2699 3706 2919 3761 sedibus
2948 3705 3187 3772 eiusdem
3231 3705 3519 3761 celebratis
3559 3705 3737 3760 unitas
3767 3715 3840 3759 te—

2265 3804 2476 3852 neatur.
2523 3795 2624 3850 Pro
2673 3796 2737 3850 iis
2776 3810 2989 3864 quoque
3028 3794 3236 3860 causis,
3270 3808 3430 3862 prout
3469 3795 3704 3863 spatium
3753 3791 3846 3847 diei

2265 3890 2599 3960 permiserit,
2645 3899 2696 3944 et
2738 3890 2977 3959 epistola:
3019 3903 3172 3959 papae
3211 3887 3406 3944 Leonis
3446 3887 3513 3942 ad
3542 3887 3847 3942 Flavianum

2266 3984 2577 4050 episcopum
2627 3981 2694 4036 de
2741 3981 3010 4036 erroribus
3057 3977 3451 4051 [Eutychetis]
3493 3989 3546 4035 et
3599 3980 3848 4050 mysterio

2268 4076 2544 4131 Trinitatis
2575 4075 2816 4145 legendae
2853 4082 3006 4138 sunt,
3039 4087 3271 4129 canones
3300 4086 3517 4143 quoque
3549 4070 3622 4126 de
3656 4070 3849 4125 unitate

2268 4168 2599 4234 officiorum,
2627 4181 2727 4222 nec
2751 4165 2892 4220 aliud
2923 4164 3122 4235 aliquid
3152 4173 3309 4220 antea
3343 4173 3669 4228 transeatur,
3699 4179 3846 4231 quam

2271 4260 2371 4314 ism
2403 4257 2580 4313 omnia
2611 4257 2976 4327 explicentur;
3009 4259 3080 4311 ita
3116 4265 3292 4311 tamen
3336 4265 3394 4310 ut
3435 4264 3581 4310 totos
3609 4265 3724 4310 tres
3746 4255 3851 4309 dies

2270 4350 2571 4406 litaniarum
2605 4347 2738 4404 nihil
2767 4348 2907 4403 aliud
2965 4358 3150 4417 agatur
3177 4360 3279 4402 nec
3310 4354 3634 4402 retractetur
3665 4345 3765 4398 nisi
3794 4347 3850 4397 de

2271 4440 2525 4512 mysterio
2552 4448 2751 4496 sancta:
2779 4438 3077 4504 Trinitatis,
3102 4447 3156 4493 et
3180 4437 3248 4494 de
3274 4437 3554 4493 ordinibus
3580 4439 3751 4493 sacris
3777 4439 3847 4489 vel

2272 4531 2567 4586 officiorum
2599 4531 2889 4597 institutis;
2919 4531 2990 4584 ita
3021 4539 3079 4584 ut
3115 4530 3230 4586 haec
3273 4539 3383 4585 tota
3428 4532 3727 4598 partiamur
3769 4546 3850 4599 per

2273 4629 2413 4675 totos
2448 4622 2567 4676 illos
2599 4630 2709 4676 tres
2740 4621 2876 4686 dies,
2909 4628 2966 4674 ut
2991 4619 3122 4674 nihil
3150 4620 3487 4684 aliutl,'sicut
3515 4621 3716 4676 dictum
3743 4632 3847 4683 est,

2273 4717 2370 4771 nisi
2398 4715 2507 4770 sola
2537 4716 2764 4784 quaestio
2794 4713 2860 4769 de
2888 4714 2952 4769 iis
2979 4729 3096 4783 quae
3129 4715 3387 4782 praedicta
3421 4723 3548 4768 sunt
3577 4714 3845 4778 habeatur,

2272 4808 2342 4862 ita
2377 4820 2431 4860 ut
2461 4807 2622 4861 lectio
2654 4821 2870 4875 semper
2897 4819 3198 4875 congruens
3224 4804 3398 4860 ordini
3430 4819 3632 4870 causae,
3663 4814 3712 4858 et
3745 4821 3847 4874 qum

2270 4899 2552 4968 qttaztenda
2583 4905 2702 4963 est,
2737 4896 3038 4951 antecedat.

2351 4992 2478 5045 Post
2505 4990 2620 5045 haec
2647 4989 2702 5044 in
2729 4999 2924 5058 quarto
2951 4988 3040 5043 die
3069 4987 3290 5058 reliqua:
3335 5001 3429 5056 per
3472 4986 3724 5041 ordinem
3768 4987 3847 5041 ad-

2274 5083 2548 5139 mittenda:
2598 5090 2756 5147 sunt;
2808 5082 2994 5150 sicque
3038 5095 3226 5136 omnes
3268 5079 3361 5150 qui
3403 5078 3471 5134 de
3512 5077 3780 5148 religiosis
3806 5077 3848 5129 in

2273 5174 2557 5230 retroaclis
2583 5173 2769 5229 diebus
2800 5187 2896 5241 pro
2921 5172 3189 5241 spiritttali
3221 5171 3580 5226 instructione
3604 5168 3848 5224 interfue-

2273 5275 2398 5322 rant
2427 5266 2479 5320 in
2512 5265 2742 5320 concilio
2764 5305 2779 5329 ,
2813 5265 2940 5319 foris
2970 5263 3333 5332 egrediantur,
3363 5261 3729 5317 residentibus
3770 5260 3848 5312 ali-

2273 5356 2467 5427 quibus
2497 5355 2825 5427 presbyteris
2865 5355 2918 5408 in
2949 5354 3208 5418 concilio,
3244 5366 3377 5422 quos
3417 5351 3848 5420 metropolitanus

2273 5448 2578 5516 probaverit
2606 5444 2970 5498 honorandos.
3004 5444 3105 5499 Per
3129 5443 3364 5513 singulos
3393 5452 3573 5498 tamen
3603 5442 3727 5496 illos
3758 5450 3847 5492 tres

2275 5539 2392 5594 dies
2424 5537 2762 5606 rogationum
2805 5535 3109 5590 litaniarum
3151 5536 3386 5604 episcopi
3431 5534 3518 5590 vel
3562 5528 3844 5603 presbyteri

2338 5647 2366 5687 ι)
2398 5647 2774 5718 Oltservatnlus
2803 5647 2888 5699 hic
2929 5647 3078 5701 locus
3124 5647 3194 5718 de
3221 5643 3485 5718 suffragiis
3517 5645 3842 5716 presbytero-

2276 5737 2394 5779 rum
2429 5722 2479 5774 in
2513 5717 2737 5774 concilio
2767 5718 2928 5772 etiam
2961 5716 3293 5788 provinciali.
