4006 6288
213 315 237 368 1
251 314 353 368 '237

1395 318 1654 375 ROMANI
1694 317 2006 374 ORDINES.
2047 349 2116 360 —
2153 320 2289 376 XIV.

3357 337 3493 391 1:238

215 444 337 480 eum
394 427 730 482 admonitore
781 427 1008 497 primum
1059 430 1398 488 Orationibus
1450 449 1510 490 se
1559 444 1790 504 proster-
1821 437 1870 495 Α
1901 443 2298 506 transgressores
2326 437 2470 492 venia
2490 478 2505 502 ,
2530 447 2580 493 et
2610 439 2904 508 confitentes
2930 442 3019 496 tibi
3045 441 3377 514 subsequatur
3412 469 3493 505 re-

223 528 354 572 ttant
380 535 393 583 ;
427 519 611 588 sicque
639 518 864 574 collecta
898 537 924 574 a
954 524 1366 593 metropolitano
1395 526 1646 582 Oratione
1675 542 1805 582 eon-

216 619 470 677 surgant,
505 619 560 664 et
588 609 654 663 de
682 609 876 666 divinis
909 618 1149 679 tantum,
1183 623 1239 669 ut
1266 615 1466 672 dictum
1497 626 1611 686 est,
1646 617 1804 673 rebus

216 703 560 757 collationem
596 701 846 757 habeant.

295 796 348 850 In
381 796 598 866 reliquis
627 806 802 851 autem
832 797 1053 867 diebus,
1082 799 1286 854 cunctis
1314 803 1644 867 astantibus,
1673 802 1805 857 Ota-

220 888 298 942 tio
329 888 623 957 colligcnda
656 897 768 952 est;
801 898 853 944 et
882 889 962 944 sic
988 892 1345 947 consulentes
1382 906 1665 947 causarum
1708 908 1802 947 ne-

219 980 365 1050 gotia
402 979 549 1050 justo.
590 989 647 1034 et
692 981 945 1050 religiose
981 981 1271 1052 colligant;
1311 984 1476 1054 396
1514 985 1689 1038 nullus
1729 994 1804 1036 ta-

218 1086 343 1126 men
363 1071 627 1126 tumultus
653 1082 741 1126 aut
767 1070 906 1128 inter
931 1067 1319 1143 consedentes,
1349 1085 1441 1129 aut
1467 1075 1608 1131 inter
1635 1085 1804 1132 astan-

221 1172 310 1218 tes
346 1162 624 1218 habeatur.

298 1254 500 1309 Eodem
533 1265 711 1312 tamen
743 1256 935 1323 modo,
964 1259 1266 1329 eodemque
1297 1258 1484 1315 ordine
1521 1259 1585 1313 ad
1615 1260 1799 1316 conci-

222 1345 355 1400 lium
386 1362 574 1403 omnes
604 1364 700 1416 per
729 1347 968 1419 singulos
997 1350 1108 1405 dies
1137 1350 1525 1421 ingrediantur,
1561 1368 1666 1421 quo
1712 1369 1802 1406 su-

217 1440 396 1509 perius
422 1439 532 1509 jam
567 1442 898 1511 praemissum
933 1453 1034 1498 cst.

292 1533 422 1587 Nam
449 1542 504 1588 et
526 1534 570 1588 si
603 1533 918 1606 presbyteri
946 1534 1171 1604 reliqui,
1199 1543 1292 1589 aut
1315 1534 1559 1600 diaconi,
1587 1535 1800 1598 clerici,

216 1625 333 1681 sive
362 1626 511 1692 laici,
554 1625 622 1682 de
661 1625 726 1680 iis
766 1640 885 1696 quae
925 1625 1055 1680 loris
1094 1626 1341 1682 steterint
1380 1625 1661 1682 concilium
1702 1641 1803 1696 pro

215 1716 459 1783 qualibet
487 1731 548 1772 re
587 1716 915 1772 crediderint
953 1718 1365 1787 appellandum,
1405 1718 1646 1774 ecclesia:
1689 1733 1801 1774 me-

215 1808 554 1876 tropolitana:
583 1808 965 1864 archidiacono
995 1824 1213 1864 causam
1245 1825 1394 1864 suam
1432 1810 1675 1866 intiment
1696 1851 1710 1877 ,
1750 1820 1800 1866 et
1835 1793 1880 1853 Β

219 1897 314 1953 ille
342 1899 569 1952 concilio
597 1899 894 1954 denuntiet.
928 1901 1076 1955 Tunc
1107 1901 1210 1956 illis
1241 1911 1294 1956 et
1334 1902 1638 1955 introeundi
1688 1902 1800 1956 sino

216 1987 447 2055 gillatitn
493 1997 547 2042 et
589 1989 921 2057 proponendi
965 1990 1178 2046 licentia
1223 1992 1572 2046 concedatur.
1619 1993 1802 2048 Nullus

213 2088 396 2133 autem
424 2079 663 2149 ipsorum
691 2096 722 2135 a
754 2093 896 2136 centu
925 2082 1195 2137 communi
1229 2082 1484 2150 recedat,
1517 2095 1801 2154 antequam

221 2169 354 2224 hora
384 2171 652 2239 generalis
682 2172 1004 2226 secessionis
1034 2173 1299 2229 adveniat.

291 2259 586 2316 Concilium
615 2279 826 2332 quoque
854 2265 1030 2319 nullus
1053 2265 1265 2320 solvere
1296 2266 1486 2322 habeat
1511 2309 1524 2333 ,
1561 2269 1657 2323 nisi
1694 2269 1805 2324 lue-

218 2355 327 2408 rint
355 2364 548 2409 cuneta
585 2355 982 2422 determinata;
1024 2357 1095 2411 ita
1138 2367 1193 2411 ut
1231 2373 1559 2428 qumcunque
1600 2360 1804 2417 delibe-

217 2447 429 2501 ratione
477 2447 746 2502 communi
808 2450 1084 2515 ﬁniuntur,
1114 2442 1514 2521 'episcoporum
1563 2453 1804 2524 singulo-

217 2554 340 2594 rum
373 2540 618 2594 manibus
645 2541 1091 2607 subscribantur;
1123 2543 1192 2596 ita
1227 2553 1402 2598 tamen
1434 2553 1491 2598 ut
1521 2555 1642 2599 ante
1671 2545 1805 2600 duos

219 2631 310 2686 vel
347 2639 454 2686 tres
483 2631 598 2686 dies
624 2647 784 2702 quam
814 2634 1050 2688 solvatur
1075 2633 1361 2689 concilium
1391 2649 1579 2691 omnes
1606 2637 1807 2690 consti-

217 2723 455 2777 tutiones
496 2738 526 2776 a
569 2737 630 2778 se
669 2723 840 2778 editas
881 2724 1123 2796 diligenti
1166 2726 1596 2783 consideratione
1638 2737 1806 2784 retra-

219 2820 412 2880 ctent,
448 2828 516 2869 ne
546 2814 597 2869 in
631 2815 810 2884 aliqua
848 2816 1212 2872 ollendissent.

296 2903 424 2958 Item
459 2905 510 2958 in
543 2903 631 2960 die
661 2921 767 2974 quo
800 2907 1085 2961 concilium
1126 2907 1511 2963 absolvendum
1551 2917 1668 2977 est,
1713 2924 1806 2964 ca-

220 3009 396 3048 nones
439 2996 526 3065 qui
575 2995 626 3050 in
667 3007 849 3050 sancta
894 2998 1103 3069 synodo
1145 2999 1418 3053 consﬁtuti
1459 3010 1582 3053 sunt
1625 3016 1804 3055 coram

219 3085 447 3140 ecclesia
483 3086 534 3140 in
567 3086 774 3156 publico
805 3087 1128 3158 releguntur.
1157 3088 1363 3156 Quibus
1387 3089 1654 3158 explicitis
1676 3130 1692 3157 ,
1723 3105 1806 3146 re-

1908 528 2193 579 muneratio
2219 528 2545 596 sempiterna.

1982 615 2117 670 lluic
2159 618 2396 672 Orationi
2441 620 2622 675 Oratio
2663 620 2819 676 Pater
2858 633 3027 679 noster
3057 626 3407 697 adiungatur;
3440 642 3494 688 et

1906 708 2114 762 cunctis
2145 707 2319 765 adhuc
2342 709 2645 778 jacentibus
2678 712 2793 769 haec
2821 715 3124 772 Benedictio
3152 721 3449 788 explicetur
3476 741 3490 777 :

1909 806 1932 833 α
1962 798 2193 855 Christus
2225 801 2318 857 Dei
2351 801 2546 868 Filius,
2575 807 2662 873 qui
2691 813 2766 858 est
2795 807 2992 861 initium
3016 819 3064 862 et
3091 810 3239 879 ﬁnis,
3269 814 3490 879 comple-

1906 902 2131 945 mentum
2173 893 2312 948 vobis
2354 895 2539 948 tribuat
2589 896 2875 952 citaritatis.
2925 901 3106 956 Amen.
3160 902 3230 957 Ut
3275 905 3360 972 qui
3406 922 3493 960 vos

1906 982 1975 1035 ad
2002 985 2340 1052 expiationem
2367 984 2524 1056 hujus
2550 988 2666 1057 fecit
2696 991 2951 1055 pervenire
2975 994 3205 1060 concilii,
3232 996 3491 1052 absolutos

1908 1090 1994 1127 vos
2021 1077 2199 1144 efficiat
2231 1080 2292 1130 ab
2323 1080 2460 1133 omni
2492 1081 2880 1150 congregatione
2906 1083 3103 1140 delicti.
3129 1087 3308 1142 Amen.
3336 1089 3402 1143 Ut
3431 1092 3494 1144 ab

1905 1169 2042 1220 omni
2069 1180 2210 1223 reatu
2241 1172 2497 1226 liberiores
2527 1172 2723 1239 effecti,
2755 1174 2972 1228 absoluti
3001 1178 3151 1230 etiam
3183 1197 3272 1248 per
3298 1183 3493 1236 donum

1905 1257 2137 1326 Spiritus
2164 1263 2355 1326 sancti,
2396 1263 2534 1332 felici
2575 1264 2741 1316 reditu
2770 1274 3050 1320 vestrarum
3077 1271 3276 1323 sedium
3306 1274 3493 1328 cubilia

1904 1351 2144 1417 repetatis
2173 1350 2342 1405 illaesi.
2376 1352 2556 1406 Amen.
2593 1353 2744 1419 Quod
2787 1354 2899 1420 ipse
2942 1367 3186 1423 praestare
3231 1363 3492 1431 dignetur,

1903 1442 2052 1510 cujus
2082 1457 2294 1511 regnum
2323 1451 2371 1496 et
2399 1443 2670 1509 imperium
2697 1455 2958 1512 permanet
3004 1448 3056 1500 in
3102 1452 3292 1503 saecula
3336 1469 3491 1505 ποετις

1902 1529 2090 1584 lorum.
2125 1530 2306 1586 Amen.

1978 1618 2041 1674 In
2091 1622 2290 1676 nomine
2343 1621 2555 1678 Domini
2596 1624 2720 1679 Iesu
2761 1625 2952 1682 Christi
2990 1643 3166 1682 eamus
3213 1645 3334 1685 cum
3371 1649 3497 1702 pace

1909 1727 2103 1766 onmes.

1982 1803 2128 1857 Illico
2157 1813 2440 1874 surgentes
2493 1805 2694 1874 pariter
2731 1808 3001 1863 residente
3048 1809 3486 1878 metropolitano,

1904 1896 1972 1950 ab
2009 1896 2124 1964 ipso
2163 1898 2392 1966 primum
2443 1896 2732 1967 incipiente
2770 1901 3040 1970 ol'liciutn,
3089 1903 3334 1957 osculum
3391 1905 3491 1957 sibi

1913 1986 2140 2042 invicem
2190 1990 2390 2056 pariter
2439 1989 2662 2044 dabunt.
2710 1990 2904 2061 Sicque
2952 1992 3075 2046 data
3117 1993 3220 2046 sibi
3262 1993 3491 2048 invicem

1915 2092 2046 2146 pace
2076 2088 2373 2133 conventus
2398 2080 2617 2134 concilii
2650 2080 2994 2134 dissolvatur.

1982 2170 2164 2224 Oratio
2204 2172 2414 2225 secundi
2449 2172 2572 2226 diei.
2607 2200 2672 2214 -—
2702 2171 3013 2226 Nostrorum
3059 2173 3187 2238 tibi,
3237 2173 3453 2226 Domine
3475 2216 3492 2238 ,

1909 2278 2171 2320 curvantes
2198 2283 2365 2336 genua
2390 2267 2625 2320 cordium
2645 2307 2661 2333 ,
2687 2283 2975 2338 quasuinus
3004 2277 3056 2320 ut
3083 2267 3271 2320 bonum
3299 2269 3434 2337 quod
3463 2285 3493 2320 α

1912 2357 2054 2412 nobis
2083 2375 2115 2411 a
2148 2368 2195 2413 te
2225 2359 2504 2429 requiritur
2541 2375 2895 2429 exsequamur,
2939 2360 3126 2414 scilicet
3155 2400 3169 2423 ,
3201 2369 3285 2423 ut,
3321 2375 3492 2427 prom-

1911 2459 1997 2519 pta
2025 2460 2186 2502 tccum
2218 2450 2562 2504 sollicitudine
2599 2451 2923 2520 gradientes,
2961 2451 3280 2504 discretionis
3315 2450 3492 2502 ardua:

1911 2539 2094 2591 subtile
2111 2538 2375 2609 judicium
2406 2539 2676 2607 faciamus,
2707 2554 2770 2592 ac
2801 2538 3201 2592 misericordiam
3232 2538 3493 2608 diligentes

1910 2631 2164 2682 valeamus
2195 2630 2378 2682 studiis
2409 2630 2500 2682 tibi
2523 2629 2746 2698 placere.

1983 2720 2164 2773 Oratio
2195 2721 2330 2774 tertii
2353 2720 2474 2774 diei.
2499 2750 2568 2760 —
2596 2721 2676 2773 Ad
2704 2731 2782 2785 te,
2817 2719 3058 2785 Domine,
3089 2721 3273 2774 interni
3302 2721 3496 2772 clame-

1911 2811 1983 2864 ris
2013 2812 2213 2866 vocibus
2257 2813 2624 2878 proclamantes
2664 2813 2971 2867 unanimiter
3010 2813 3360 2882 postulamus,
3401 2823 3455 2866 ut
3479 2855 3495 2878 ,

1910 2913 2139 2971 respectu
2164 2905 2344 2972 gratia:
2373 2913 2474 2956 tua:
2511 2903 2752 2966 solidati,
2785 2918 3042 2971 praecones
3079 2903 3275 2956 virtutis
3315 2904 3495 2972 efficie-

1913 3010 2030 3046 mur
2068 2994 2347 3064 intrepidi,
2378 3003 2620 3065 tuumque
2659 2995 2913 3046 valeamus
2957 2994 3161 3067 verbum
3199 3009 3316 3046 cum
3349 2995 3494 3048 omni

1914 3083 2106 3149 fiducia
2136 3082 2295 3151 loqui.
2329 3083 2507 3138 Amen.

217 3175 552 3269 spondentur
581 3177 635 3269 in
667 3179 834 3233 choro
867 3178 1045 3232 Amen.
1081 3178 1283 3269 Deinde
1324 3179 1388 3233 ad
1437 3180 1610 3234 locum
1655 3180 1807 3236 tede-
1835 3176 1883 3239 C
1967 3198 2074 3253 CV.
2123 3196 2311 3269 [κείρει
2347 3197 2478 3252 ordo
2515 3197 2583 3250 ad
2625 3196 3021 3250 benedicendum
3055 3197 3444 3265 ξηρενιηοτεην

220 3274 412 3331 tantes,
461 3267 550 3321 ubi
600 3267 656 3322 in
705 3269 934 3323 concilio
988 3268 1322 3337 resederiut,
1375 3283 1613 3325 canones
1662 3271 1806 3340 ipsos

218 3357 582 3412 subscribam.
640 3359 978 3415 Admonendi
1034 3376 1247 3431 quoque
1299 3376 1328 3414 a
1389 3363 1803 3431 metropolitano

215 3459 347 3501 sunt
378 3448 446 3503 de
479 3448 680 3503 Pascha
712 3462 959 3516 venturo,
989 3469 1094 3522 quo
1123 3454 1300 3508 veniat
1330 3454 1438 3510 die.
1468 3454 1805 3510 Atltnonendi

221 3540 394 3592 etiam
434 3547 559 3593 sunt
589 3556 696 3609 quo
729 3550 872 3610 temp
895 3557 965 3596 ~re
1007 3546 1405 3612 supervenieuti
1439 3561 1580 3601 anno
1613 3547 1680 3602 ad
1724 3548 1804 3600 la.

216 3627 474 3683 ciendum
509 3630 789 3684 concilium
823 3630 1054 3686 veniant.
1093 3633 1334 3701 Eligendi
1374 3635 1536 3690 etiam
1579 3636 1650 3691 de
1689 3638 1806 3705 epi-

223 3717 408 3786 smpis
438 3718 526 3785 qui
556 3733 678 3774 cum
709 3721 1118 3787 metmpolitano
1146 3721 1261 3775 dies
1292 3724 1454 3777 festos
1483 3724 1681 3780 Natalis
1709 3727 1812 3779 Do-

225 3809 359 3863 mini
407 3819 463 3864 et
511 3821 756 3865 sanctum
811 3811 1011 3866 Pascha
1061 3813 1289 3868 debeant
1336 3815 1631 3870 celebrare.
1685 3817 1811 3872 Post

225 3903 378 3965 haec,
411 3900 623 3956 dicente
650 3901 1024 3958 archidiacono
1057 3904 1245 3972 Orate,
1286 3920 1476 3960 omnes
1516 3908 1674 3962 simul
1719 3923 1812 3977 pa-

227 3990 363 4043 riter
391 3991 442 4045 in
477 4001 616 4046 terra
651 4007 709 4048 se
741 4002 1080 4062 prosternent
1101 4038 1116 4063 ,
1148 3995 1238 4048 ubi
1266 3995 1568 4050 diutissime
1597 4007 1814 4054 orantes

227 4081 368 4136 hanc
398 4098 534 4138 unus
563 4099 630 4139 ex
665 4084 956 4154 majoribus
986 4087 1293 4140 Orationem
1327 4087 1488 4140 dicat.

303 4175 505 4230 Oratio.
536 4209 604 4220 —
638 4176 803 4230 Nulla
833 4189 905 4232 (st
925 4219 939 4242 ,
983 4176 1237 4245 Domine,
1280 4181 1518 4233 humana:
1547 4181 1810 4234 conscien-

229 4271 320 4322 tite
359 4270 518 4323 virtus
556 4287 672 4338 qua:
711 4270 957 4338 inoffense
997 4271 1154 4342 possit
1181 4282 1284 4324 tua:
1312 4273 1588 4325 voluntatis
1615 4273 1814 4342 judicia

230 4363 490 4430 expedire.
539 4362 601 4415 Et
653 4363 768 4416 ideo
815 4363 952 4432 quod
996 4363 1350 4433 imperfectum
1397 4371 1626 4417 nostrum
1672 4364 1814 4418 ride-

227 4463 352 4506 runt
405 4455 536 4508 oculi
584 4455 697 4519 tui,
738 4455 1034 4524 perfectioni
1076 4456 1299 4522 deputo,
1339 4471 1661 4523 qua’sumus,
1703 4473 1818 4525 qua:

2431 3270 2636 3337 quando
2671 3277 2966 3320 coronatur.

1980 3358 2114 3413 Cum
2150 3357 2177 3396 δ
2213 3374 2306 3414 rex
2347 3359 2398 3412 in
2444 3358 2820 3427 imperatorem
2849 3357 3052 3410 electus
3085 3358 3390 3425 pervenerit
3417 3357 3483 3411 ad

1909 3462 2118 3522 portam
2153 3453 2412 3508 Collinam
2436 3493 2449 3515 ,
2485 3466 2602 3519 quae
2632 3459 2716 3504 est
2739 3450 2888 3518 juxta
2916 3449 3197 3503 castellum
3226 3448 3490 3503 Crescen-

1912 3547 1969 3600 tii
1990 3588 2005 3612 ,
2040 3546 2326 3616 recipiatur
2358 3545 2652 3600 honoriﬁce
2677 3559 2707 3597 a
2737 3542 2882 3597 clero
2913 3539 3074 3597 lli-bis
3098 3555 3218 3595 cum
3247 3540 3496 3595 crucibus

1908 3647 1967 3692 et
2014 3637 2331 3706 thuribulis,
2375 3646 2428 3692 et
2474 3634 2938 3706 processionaliter
2981 3631 3273 3687 deducatur
3325 3645 3493 3702 usque

1914 3729 1985 3782 ad
2031 3728 2227 3798 gradus
2276 3728 2509 3784 basilica:
2551 3728 2716 3783 sancti
2767 3726 2946 3792 Petri,
2993 3724 3328 3779 cantantibus
3375 3724 3495 3777 uni-

1916 3820 2122 3874 versis:
2175 3819 2306 3873 Ecce
2356 3821 2500 3872 mitto
2530 3820 2763 3887 angelum
2789 3833 2991 3882 meum,
3041 3814 3351 3870 camerariis
3382 3813 3498 3883 ejus

1919 3908 2136 3963 missilia
2178 3909 2341 3978 398
2373 3907 2741 3978 Spargentibus
2771 3916 2894 3962 ante
2925 3909 3126 3974 ipsum,
3157 3915 3210 3960 et
3244 3905 3494 3974 praelecto

1920 3998 2076 4053 Urbis
2117 3998 2352 4066 gladium
2400 3997 2734 4066 prtelerente.
2787 3996 2918 4049 Cum
2965 4005 3142 4049 autem
3191 3995 3496 4064 pervenerit

1916 4099 2045 4141 ante
2075 4086 2348 4142 basilicam
2395 4087 2445 4139 in
2488 4085 2661 4155 platea
2689 4099 2806 4153 quas
2835 4083 3054 4136 Cortina
3088 4093 3329 4144 vocatur,
3360 4082 3494 4134 dex-

1921 4180 2140 4235 traudus
2163 4189 2243 4234 est
2270 4193 2299 4230 a
2328 4176 2661 4232 senatoribus
2691 4187 2855 4242 usque
2878 4175 2944 4226 ad
2970 4171 3165 4241 gradus
3196 4171 3498 4238 praedictos,

1920 4272 2008 4325 ubi
2039 4285 2106 4325 eo
2134 4268 2492 4324 descendente
2512 4310 2526 4333 ,
2557 4262 2848 4319 tradendus
2878 4270 2961 4317 est
2990 4275 3159 4330 equus
3186 4257 3268 4313 cui
3297 4273 3386 4312 rex
3418 4259 3501 4312 in-

1921 4362 2133 4417 sederat
2171 4359 2295 4416 illis.
2328 4358 2539 4413 lnterim
2567 4368 2809 4411 summus
2834 4351 3070 4423 pontifex
3097 4364 3217 4404 cum
3253 4348 3500 4402 omnibus

1922 4451 2198 4506 ordinibus
2238 4449 2350 4502 suis
2391 4452 2652 4515 praeparet
2693 4458 2751 4496 se
2798 4442 2849 4495 in
2888 4438 3214 4502 secretario,
3247 4446 3495 4504 tauquam

230 4543 460 4611 perfecto
493 4545 746 4612 a'quilatis
787 4546 889 4613 ﬁne
927 4545 1228 4599 concludere
1265 4554 1610 4615 peroptamus.
1651 4546 1718 4599 Te
1756 4550 1808 4601 in
1846 4557 1891 4616 ο
1917 4543 2280 4601 celebraturus
2309 4538 2519 4600 divina,
2550 4544 2605 4591 et
2635 4531 3094 4604 processionaliter
3119 4528 3306 4584 exiens
3333 4539 3501 4596 usque

230 4637 421 4687 nostris
457 4636 725 4705 principiis
766 4652 1084 4689 occursorcnt
1124 4639 1493 4706 poposcimus;
1536 4645 1585 4689 te
1621 4654 1816 4706 quoque

229 4728 286 4779 in
337 4728 430 4780 hoc
479 4729 582 4795 fine
621 4731 937 4800 judicioruin
978 4740 1266 4784 nostrorum
1308 4731 1593 4784 excessibus
1642 4733 1820 4785 adesse

233 4834 524 4887 precamur,
558 4822 748 4874 scilicet
782 4830 834 4872 ut
866 4823 1174 4892 ignorantia:
1213 4837 1418 4889 parcas,
1467 4830 1520 4873 ut
1568 4832 1612 4874 et
1655 4824 1820 4876 errori

230 4909 523 4978 indulgeas,
553 4921 598 4963 ct
628 4913 863 4982 perfectis
895 4914 1020 4965 votis
1049 4912 1324 4981 perfectam
1353 4913 1519 4982 operis
1547 4915 1624 4982 effi
1643 4917 1820 4967 'aciam

231 5001 494 5071 largiaris.
531 5002 597 5056 Et
628 5006 743 5058 si...
769 5023 860 5059 nos
882 5009 1097 5060 traxerit
1125 5006 1176 5060 in
1200 5022 1423 5060 errorem
1442 5047 1458 5072 ,
1482 5018 1571 5060 aut
1595 5024 1818 5078 pra’ceps

230 5092 454 5159 forsitan
487 5096 720 5148 uoluntas
755 5099 1010 5166 impulerit
1031 5099 1292 5168 justitiam
1325 5100 1600 5163 declinare,
1635 5100 1695 5151 ob
1726 5101 1819 5154 hoc

229 5197 279 5239 tc
305 5188 561 5254 poscimus
581 5230 594 5253 ,
625 5200 671 5243 te
696 5206 968 5262 rogamus,
1001 5191 1158 5262 397
1191 5200 1247 5243 ut
1277 5193 1319 5243 si
1361 5191 1486 5259 quid
1525 5189 1816 5256 offensionis

230 5277 287 5326 in
340 5275 437 5327 {iac
484 5278 690 5330 concilii
740 5279 1027 5332 celebritate
1078 5280 1427 5332 contraximus
1455 5317 1471 5343 ,
1527 5281 1816 5330 condonare

229 5374 322 5416 aut
352 5367 648 5422 remissibtle
674 5371 840 5437 facere
869 5368 1096 5439 digneris
1116 5409 1131 5433 ,
1163 5376 1215 5420 ut
1244 5370 1294 5421 in
1338 5384 1396 5421 eo
1425 5367 1561 5432 quod
1599 5365 1816 5418 salutari

230 5475 439 5526 sumus,
472 5473 801 5530 aggrcg-ttunt
834 5463 1106 5516 concilium
1130 5502 1144 5526 ,
1173 5477 1204 5514 a
1240 5463 1432 5514 cunctis
1464 5462 1686 5528 primunt
1727 5460 1817 5512 ab-

233 5555 494 5607 solvantur
540 5565 837 5609 nostrorum
879 5556 1099 5610 noxibus
1141 5555 1474 5619 delictorum,
1523 5552 1742 5622 qualiter
1771 5562 1818 5606 ct

312 5698 336 5725 ι
376 5689 588 5742 Εςιιιιυπη
624 5693 1028 5750 licucdictioncs
1063 5691 1112 5747 in
1149 5690 1363 5761 vulgato
1391 5688 1588 5746 Ordine
1620 5687 1814 5743 lioma-

231 5777 308 5817 uo
341 5775 464 5833 pag.
499 5761 617 5817 157.

1924 4638 1990 4693 ad
2017 4641 2322 4704 suggestum
2347 4645 2516 4692 arcte,
2547 4642 2666 4697 qua:
2696 4636 2776 4679 est
2808 4625 2859 4677 in
2887 4622 3060 4691 capite
3087 4618 3374 4689 graduum,
3413 4632 3501 4670 su—

1925 4747 2018 4800 per
2049 4727 2401 4783 laldistoriutn
2432 4722 2501 4776 ibi
2532 4721 2717 4776 sedeat
2743 4714 3157 4771 consedentibus
3189 4727 3347 4780 super
3373 4725 3498 4800 gra-

1923 4821 2020 4874 dus
2050 4835 2078 4872 a
2111 4826 2258 4887 parte
2298 4814 2485 4868 dextra
2524 4809 2786 4879 episcopis
2829 4817 2882 4861 et
2921 4804 3274 4875 presbyteris;
3307 4817 3335 4854 a
3365 4799 3496 4855 sini-

1925 4926 2034 4969 SIra
2062 4907 2375 4964 diaconibus
2402 4903 2761 4960 cardinalibus
2783 4942 2796 4963 ,
2827 4908 2884 4954 et
2915 4901 2966 4951 in
2997 4894 3303 4965 proximiori
3334 4892 3499 4963 gradu

1924 5001 2300 5063 sulidiaeonis,
2330 5007 2387 5053 et
2418 4995 2712 5066 acolythis,
2761 4993 3061 5061 primicerio
3102 4999 3157 5042 et
3192 4985 3500 5041 cantmibus

1925 5093 2220 5149 astantibus
2248 5091 2388 5144 circa
2421 5089 2541 5141 illos
2570 5102 2689 5140 cum
2723 5083 3058 5153 tnagnatibus
3081 5091 3139 5134 et
3165 5078 3498 5141 ofﬁcialibu=,

1921 5197 1974 5240 et
2005 5183 2295 5245 nobilibus,
2327 5188 2383 5234 et
2413 5177 2798 5233 ministralibus
2827 5174 2962 5228 aulae
2996 5172 3218 5241 papalis.

1961 5277 2142 5330 ~Tunc
2170 5288 2258 5328 res
2291 5287 2412 5327 cum
2461 5266 2876 5337 archiepiscopis
2923 5274 2975 5318 et
3007 5261 3276 5333 episcopis
3306 5258 3502 5329 princi-

1923 5368 2128 5439 palibus
2175 5374 2226 5418 et
2272 5360 2605 5433 maguatibus
2655 5357 2766 5414 suis
2808 5355 3103 5412 ascendens
3137 5352 3207 5406 ad
3233 5365 3501 5405 summum

1927 5459 2254 5530 pontiﬁcem,
2285 5463 2594 5508 reverenter
2622 5450 2889 5504 osculetur
2919 5447 3080 5518 pedes
3111 5445 3306 5513 ipsius;
3339 5450 3394 5496 ct
3422 5442 3503 5492 of.

1928 5554 2103 5607 ferens
2146 5551 2195 5602 ei
2240 5561 2429 5602 aurum
2454 5586 2469 5612 ,
2518 5554 2771 5613 quantum
2819 5539 2918 5594 sibi
2949 5536 3208 5606 placuerit
3231 5576 3244 5597 ,
3278 5533 3506 5601 benigne

2000 5682 2025 5720 ιθ
2061 5682 2186 5734 11ϊο
2218 5679 2440 5733 multum
2472 5677 2677 5730 diversa
2711 5675 2775 5726 ab
2810 5671 2978 5726 Editis
3006 5673 3056 5724 in
3085 5668 3283 5723 Ordine
3312 5667 3502 5720 Roma-

1937 5770 2033 5819 no,
2062 5767 2186 5822 pag.
2225 5749 2325 5805 156
2345 5790 2361 5816 ,
2391 5756 2584 5818 praeter
2616 5744 2874 5816 quasdam
2905 5741 3202 5798 Orationes.
