4006 6298
571 321 705 381 εξ)ὃῦ

1245 320 1592 378 APPENDIX
1636 320 1727 378 AD
1766 325 1824 382 S.
1868 323 2191 382 GREGORII
2233 322 2448 381 MAG-Nl
2498 322 2867 384 LITURGICA
2911 330 3164 389 OPERA.

3715 338 3856 396 1240

561 441 852 511 accipiatur
884 443 949 494 ab
997 454 1062 494 eo
1109 446 1173 494 ad
1220 441 1459 495 osculum
1490 451 1543 497 et
1567 443 1632 496 ad
1661 444 1988 513 amplexuum.
2031 445 2148 511 Quo
2178 445 2225 504 Α
2257 451 2561 513 prosternat
2587 459 2646 500 se
2674 430 2874 515 pronus
2902 447 2956 504 in
2980 457 3200 517 terram,
3227 460 3282 507 et
3312 452 3455 521 prior
3489 452 3853 509 diaconatum

562 532 775 586 demum
820 541 1069 601 surgente
1093 572 1108 598 ,
1153 531 1264 601 ipse
1296 548 1387 588 rex
1431 552 1459 589 a
1491 546 1637 605 parte
1664 537 1847 593 dextra
1873 579 1888 605 ,
1919 546 1974 594 et
2005 540 2146 607 prior

560 625 905 679 diaconorum
932 638 961 676 a
993 631 1143 691 parte
1170 623 1384 679 sinistra
1405 665 1421 689 ,
1446 624 1711 681 deducant
1738 643 1860 683 eum
1892 644 2057 698 usque
2079 628 2145 684 ad

563 715 843 772 ecclesiam
879 724 1076 769 sanctae
1103 717 1286 771 Maria:
1316 718 1367 772 in
1398 718 1678 785 Turribus,
1711 721 1798 775 ubi
1830 729 1956 776 ante
1978 722 2144 777 altare

557 805 887 860 subdiacono
927 808 1292 875 evangelicum
1336 816 1536 863 textum
1566 820 1783 866 tenente
1805 853 1821 879 ,
1855 826 1952 867 rex
1984 826 2145 882 super

556 909 679 950 eum
711 896 1066 964 corporaliter
1097 907 1317 965 praistet
1348 898 1646 969 hujusmodi
1673 900 2056 970 juramentum.

630 1006 651 1040 s
690 988 798 1058 Ego
826 988 889 1044 N.
922 1005 1016 1045 rex
1049 990 1431 1059 Romanorum,
1454 1004 1720 1050 annuente
1744 993 1971 1049 Domino
2002 995 2142 1049 futu-

559 1094 648 1133 rus
675 1079 988 1148 imperator,
1022 1082 1295 1151 promitto,
1329 1084 1589 1153 spondeo,
1622 1095 1673 1140 et
1700 1086 1955 1156 polliceor
1983 1094 2141 1157 atque

551 1171 671 1241 iuro
701 1172 811 1227 Deo
855 1182 903 1228 et
937 1174 1093 1229 beato
1120 1173 1281 1230 Petro
1300 1216 1316 1242 ,
1347 1191 1432 1231 me
1460 1176 1528 1231 de
1554 1186 1749 1231 cietero
1780 1186 2138 1247 protectorem

552 1278 615 1317 ac
644 1263 982 1320 defensorem
1032 1266 1146 1322 fore
1194 1266 1388 1322 summi
1433 1269 1693 1337 pontificis
1723 1279 1776 1324 et
1804 1284 2002 1325 sancta:
2033 1269 2140 1325 Ro-

555 1368 730 1408 manae
752 1357 992 1411 ecclesia:
1031 1358 1084 1411 in
1114 1358 1362 1414 omnibus
1389 1360 1797 1415 necessitatibus
1822 1369 1876 1415 et
1902 1361 2138 1418 utilitati-

552 1451 650 1503 hus
680 1450 814 1516 suis,
845 1451 1198 1508 custodiendo
1221 1461 1275 1509 et
1295 1455 1665 1509 conservando
1691 1456 2057 1524 possessiones
2086 1465 2139 1513 et

553 1538 782 1595 honores
830 1550 885 1597 et
924 1543 1045 1610 jura
1073 1542 1223 1613 ejus,
1282 1556 1537 1615 quantum
1577 1546 1759 1602 divino
1800 1547 1961 1602 fultus
1989 1548 2138 1604 fuero

554 1629 820 1700 adjutorio
844 1672 861 1697 ,
906 1634 1195 1688 secundum
1228 1635 1367 1690 seire
1409 1644 1463 1690 et
1491 1650 1648 1704 posse
1677 1651 1874 1701 meum,
1908 1650 2051 1692 recta
2084 1648 2136 1694 et

551 1734 682 1788 pura
732 1720 867 1787 lide;
913 1722 993 1778 sie
1045 1738 1131 1778 me
1176 1720 1316 1780 Deus
1362 1724 1579 1792 adjuvet
1601 1735 1655 1780 et
1687 1723 1802 1780 haec
1823 1737 2007 1782 sancta
2037 1727 2132 1783 Dei

548 1811 856 1880 Evangelia.
887 1830 908 1863 ι

620 1905 824 1961 Deinde
867 1920 1108 1962 summus
1139 1906 1375 1976 pontifex
1418 1924 1538 1965 eum
1578 1911 1825 1966 omnibus
1859 1909 2136 1967 ordinibus

545 1995 656 2050 suis
679 1996 745 2050 ad
771 1997 938 2052 altare
964 1999 1237 2067 procedit;
1266 2010 1318 2055 et
1351 2000 1487 2056 facta
1519 2002 1589 2057 ibi
1619 2004 1907 2070 Oratione,
1951 2004 2017 2058 ad
2049 2018 2135 2059 se-

545 2089 667 2143 dem
695 2090 957 2154 ascendit,
992 2106 1114 2161 rege
1142 2107 1266 2147 cum
1302 2095 1412 2149 suis
1440 2106 1491 2150 et
1523 2097 1692 2151 tribus
1722 2095 2018 2167 episcOpis,
2053 2095 2135 2150 vi-

542 2181 737 2234 delicet
765 2181 1015 2247 Ostiensi,
1043 2193 1097 2238 et
1131 2184 1429 2252 Portuensi,
1454 2196 1507 2242 et
1533 2187 1842 2253 Albanensi,
1875 2186 1928 2243 in
1960 2188 2132 2243 eccle-

540 2272 619 2325 sia
651 2281 846 2326 sancta:
878 2273 1056 2329 Maria:
1087 2275 1138 2329 iu
1170 2276 1432 2333 Turribus
1464 2290 1802 2344 remanente,
1835 2279 1958 2345 ubi,
1986 2295 2016 2334 a
2037 2295 2128 2335 ea.

542 2361 750 2418 nonicis
772 2365 940 2420 sancti
973 2366 1114 2421 Petri
1148 2378 1394 2438 receptus
1418 2370 1469 2424 in
1496 2368 1734 2436 fratrem,
1762 2372 2131 2442 imperialibus

545 2450 797 2507 induatur
840 2454 1180 2524 insignibus,
1242 2458 1367 2512 dato
1418 2460 1585 2528 ipsius
1627 2461 1786 2530 pallio
1833 2465 2131 2520 eamerario

544 2540 746 2597 domini
798 2559 968 2614 papae.
1028 2546 1162 2617 Qui,
1208 2550 1636 2618 prtecedentibus
1685 2553 1792 2608 illis
1833 2555 2124 2622 canatticis,

540 2637 880 2693 cantantibus
909 2637 1079 2709 Petre,
1108 2658 1252 2697 amas
1282 2659 1360 2697 me
1384 2684 1399 2709 ,
1432 2658 1551 2699 cum
1582 2644 1646 2699 ad
1677 2644 1872 2701 ostium
1894 2646 2129 2703 basilica:

542 2726 801 2796 principis
833 2730 1197 2798 apostolorum
1230 2735 1565 2802 pervenerit,
1590 2751 1708 2806 qua:
1735 2747 1885 2806 porta
1924 2737 2131 2809 Argen-

539 2826 620 2872 tea
652 2829 1008 2889 nuncupatur,
1057 2823 1443 2881 deducentibus
1472 2842 1594 2882 eum
1627 2828 1750 2883 hinc
1785 2830 1909 2885 inde
1935 2831 2128 2887 comite

542 2908 919 2967 Lateranensis
948 2914 1129 2982 palatii
1157 2924 1213 2970 et
1243 2918 1547 2985 primicerio
1572 2916 1808 2991 judicqu
1838 2924 2124 2979 canenico-

535 3016 679 3067 rum,
707 3003 870 3073 399
896 3005 1216 3063 Albanensis
1246 3010 1530 3080 episc0pus
1564 3025 1687 3068 ante
1718 3014 1883 3081 ipsam
1917 3028 2123 3086 portam

537 3090 858 3159 Argenteam
891 3096 1029 3150 hanc
1059 3112 1220 3167 super
1241 3116 1361 3156 eum
1397 3103 1827 3163 Benedictiouem
1858 3109 1985 3164 infit:
2010 3110 2121 3166 dat.

2252 547 2414 602 super
2462 550 2585 589 eum
2637 535 2795 591 faciat
2846 538 3107 597 litaniam.
3163 542 3275 609 Qua
3328 544 3499 612 linita,
3555 545 3855 616 episcopus

2248 625 2511 682 Ostiensis
2557 629 2868 697 annuntiet;
2920 633 3173 704 priorque
3212 636 3658 707 presbyterorum
3703 639 3856 695 dicat

2249 717 2410 774 Pater
2448 730 2636 775 noster.
2685 721 2836 777 Vers.
2876 723 2942 777 Et
2975 742 3037 780 ne
3079 743 3190 782 nos.
3220 727 3370 784 Vers.
3415 729 3633 785 Salvum
3660 731 3752 801 {ac
3772 748 3852 787 re-

2247 827 2358 882 gem
2386 821 2548 866 tuum.
2605 812 2949 884 ltesp.‘Deus
2991 833 3131 873 meus
3165 832 3454 891 sperantem
3496 824 3550 877 in
3580 835 3648 878 te.
3686 824 3849 882 νοτε.

2248 900 2373 954 Esto
2395 903 2459 967 ei,
2493 902 2731 970 Domine,
2759 906 2911 983 turris
2939 909 3277 977 fortitudinis.
3310 910 3475 982 Resp.
3510 914 3551 968 Α
3574 915 3711 984 facie
3742 917 3851 968 ini-

2244 993 2381 1045 mici.
2424 992 2575 1048 Vers.
2610 991 2761 1048 Nihil
2788 997 3027 1065 proﬁciat
3070 1000 3310 1054 inimicus
3358 1002 3413 1056 in
3451 1019 3535 1057 eo.
3581 1002 3752 1072 Resp.
3782 1005 3850 1059 Et

2242 1082 2384 1149 ﬁlius
2431 1082 2738 1153 iniquitatis.
2784 1085 2938 1142 Vers.
2988 1086 3246 1156 Domine,
3298 1092 3486 1146 exaudi
3537 1093 3845 1148 Orationem

2244 1189 2430 1229 nteant.
2461 1174 2624 1245 Resp.
2657 1175 2724 1230 Et
2746 1177 2942 1232 clamor
2962 1195 3105 1234 meus
3132 1180 3203 1234 ad
3233 1192 3279 1237 te
3314 1184 3504 1237 veniat.
3543 1184 3700 1241 Vera.
3738 1185 3846 1239 Do-

2244 1266 2410 1318 minus
2431 1265 2707 1321 vobiscum.
2741 1267 2901 1339 Resp.
2934 1267 3139 1325 Etcum
3158 1272 3341 1343 spiritu
3368 1287 3477 1330 tuo.

2316 1356 2555 1416 Oremus.
2576 1390 2644 1399 —
2677 1359 2974 1429 Prwtende,
3017 1379 3326 1434 qutesumus,
3364 1366 3606 1434 Domine,
3639 1370 3842 1440 [amulo

2242 1456 2328 1502 tuo
2356 1449 2621 1504 dexteram
2655 1451 2871 1507 caelestis
2907 1454 3115 1524 auxilii,
3146 1466 3200 1509 ut
3239 1466 3286 1510 te
3313 1464 3419 1513 toto
3450 1461 3609 1513 corde
3635 1461 3837 1530 perqui-

2238 1550 2339 1607 rat,
2373 1550 2421 1595 et
2447 1556 2560 1611 qua!
2579 1542 2733 1613 digne
2762 1544 2988 1611 postulat
3024 1547 3226 1616 assequi
3252 1559 3526 1603 mereatur.
3562 1549 3690 1606 Per.

2310 1632 2547 1687 Actiones
2568 1642 2791 1701 nostras,
2812 1652 3125 1706 quaesumus,
3153 1637 3385 1708 Domine,
3409 1643 3695 1712 aspirando
3713 1661 3833 1716 prte-

2238 1725 2373 1790 veni,
2404 1733 2453 1779 et
2481 1726 2777 1797 adjuvando
2800 1743 3125 1800 prosequere,
3155 1741 3210 1785 ut
3244 1736 3409 1789 omnis
3439 1746 3619 1791 nostra
3653 1737 3832 1795 Oratio

2165 1801 2213 1868 Β
2240 1827 2288 1872 et
2310 1818 2542 1883 operatio
2571 1836 2602 1873 a
2641 1827 2690 1874 te
2713 1834 2913 1889 semper
2940 1821 3171 1893 incipiat,
3198 1833 3249 1880 et
3274 1841 3366 1896 per
3395 1835 3445 1881 te
3482 1837 3653 1898 cepta
3679 1831 3831 1898 ﬁnia-

2239 1917 2340 1964 tur.
2371 1910 2494 1968 Per.

2306 2000 2470 2074 400
2494 2003 2624 2062 Post
2655 2006 2771 2064 haec
2796 2007 3090 2078 procedant
3120 2010 3184 2065 ad
3223 2010 3394 2068 altare
3425 2014 3597 2067 sancti
3630 2012 3831 2069 Mauri—

2237 2094 2320 2162 tii,
2354 2096 2442 2151 ubi
2471 2099 2734 2155 USIiensis
2763 2101 3047 2171 episcopus
3075 2103 3176 2159 sibi
3222 2116 3385 2176 ungat
3424 2106 3494 2161 de
3523 2107 3647 2162 oleo
3674 2123 3830 2164 exor-

2233 2186 2407 2243 cizato
2456 2188 2733 2245 brachium
2765 2192 3038 2260 dextrum,
3079 2204 3133 2250 et
3178 2195 3321 2252 inter
3360 2196 3633 2267 scapulas,
3691 2197 3827 2255 banc

2234 2274 2542 2332 Orationem
2569 2278 2825 2343 dicendo:

2304 2370 2423 2423 Alia
2467 2370 2667 2426 Oratio.
2692 2402 2764 2413 —
2785 2374 3005 2449 Domine
3042 2376 3181 2430 Deus
3207 2378 3549 2449 omnipotens,
3578 2380 3731 2451 cujus
3750 2390 3825 2436 est

2232 2463 2396 2516 omnis
2422 2473 2645 2531 potestas
2683 2476 2733 2519 et
2768 2466 3010 2537 dignitas,
3036 2478 3084 2524 te
3119 2471 3338 2538 supplici
3378 2471 3652 2525 devotione
3678 2482 3825 2540 atque

2231 2553 2521 2607 humillima
2551 2572 2699 2624 prece
2739 2558 3082 2628 deposcimus,
3116 2571 3172 2613 ut
3213 2561 3335 2615 huic
3378 2562 3581 2631 [amqu
3617 2571 3707 2616 tuo
3746 2562 3820 2620 Ν.

2230 2658 2532 2717 prosperum
2572 2648 2914 2716 imperatoria:
2951 2652 3232 2720 majestntis
3261 2653 3512 2707 concedas
3538 2654 3773 2721 eﬂ’ectum
3799 2674 3820 2711 :

2230 2746 2286 2791 ut
2302 2739 2354 2792 in
2376 2749 2465 2792 tua
2486 2740 2823 2808 dispositione
2846 2744 3141 2810 constituto,
3166 2745 3238 2798 ad
3257 2746 3535 2814 regendam
3557 2746 3818 2800 ecclesiam

2233 2841 2372 2886 tuam
2400 2844 2625 2887 sanctam
2668 2834 2798 2889 nihil
2832 2837 2880 2890 ei
2907 2838 3182 2907 praesentia
3210 2839 3452 2908 officiant,
3486 2840 3666 2909 futura
3692 2840 3819 2891 nihil

2230 2921 2511 2989 obsistunt;
2553 2927 2661 2993 sed,
2695 2927 2980 2995 inspirante
3016 2931 3181 2985 sancti
3216 2930 3445 3000 Spiritus
3467 2932 3626 2998 dono,
3654 2949 3817 2999 popu-

2231 3014 2336 3069 lum
2361 3016 2457 3069 sibi
2485 3016 2745 3071 subditum
2778 3035 2923 3090 a'quo
2939 3021 3247 3091 justitiaa....
3277 3038 3449 3092 regere
3475 3024 3661 3085 valeat,
3689 3033 3735 3077 et
3763 3026 3813 3076 in

2228 3106 2462 3161 omnibus
2488 3107 2722 3176 operibus
2751 3111 2858 3164 suis
2891 3121 2938 3165 te
2965 3128 3162 3180 semper
3185 3112 3381 3178 timeat,
3412 3112 3606 3183 tibique
3621 3114 3813 3184 jugitcr

610 3181 807 3238 Oratio.
840 3214 909 3227 -—
932 3185 1093 3255 Deus,
1120 3190 1170 3243 in
1200 3193 1345 3259 cujus
1382 3211 1536 3248 manu
1577 3207 1695 3250 sunt
1724 3200 1880 3252 corda
1919 3217 2116 3271 regum,

2237 3197 2425 3253 placere
2449 3202 2740 3257 contendat.
2773 3199 2948 3258 Per...
2980 3205 3033 3257 in
3060 3205 3254 3258 unitate
3273 3206 3522 3277 ejusdem.

534 3270 723 3327 inclina
748 3276 817 3327 ad
848 3293 1018 3343 preces
1039 3280 1341 3337 humilitatis
1372 3300 1558 3340 ηοω-ιιι
1583 3303 1730 3341 aures
1761 3270 2122 3345 misericordia:

533 3372 656 3434 tuae,
688 3376 735 3421 et
760 3368 1058 3437 imperatori
1085 3382 1258 3425 nostro
1295 3373 1494 3443 [antulo
1526 3374 1599 3429 N.
1632 3378 1855 3448 regimen
1886 3391 1986 3435 tua:
2023 3401 2118 3453 ap-

533 3473 662 3519 pone
701 3460 983 3528 snpietttiw,
1032 3471 1106 3530 ut,
1138 3461 1333 3517 haustis
1381 3465 1444 3519 de
1492 3477 1578 3520 tuo
1617 3468 1756 3534 [ante
1786 3474 2031 3543 consiliis,
2066 3488 2112 3532 et

534 3551 621 3605 tibi
651 3553 867 3622 plareat,
900 3565 946 3608 et
974 3572 1130 3626 super
1152 3560 1321 3612 omnia
1351 3560 1550 3633 [regna]
1579 3567 1857 3630 prwcellat.
1887 3570 2009 3628 Per.

600 3642 732 3698 Cum
762 3656 939 3701 autem
974 3650 1108 3702 intra
1140 3649 1417 3707 ecclesiam
1461 3654 1512 3708 in
1543 3656 1720 3712 medio
1763 3670 1894 3717 rotae
1923 3678 2116 3734 perve-

533 3733 694 3800 nerit,
742 3734 1054 3793 Portuensis
1093 3740 1379 3813 episcOpns
1430 3743 1565 3801 hanc
1594 3733 2118 3827 Orationemisuper

530 3824 701 3891 ipsum
731 3824 982 3883 decantet

602 3913 806 3970 Oratio.
834 3946 904 3956 —
935 3916 1070 3973 Deus
1097 3920 1456 3979 inenarrabilis
1493 3938 1673 3982 auctor
1699 3934 1897 4000 mundi,
1932 3939 2110 3992 condi-

482 4046 485 4049 λ
527 4016 607 4059 tor
648 4010 847 4079 generis
882 4011 1112 4080 humani,
1159 4015 1468 4085 gubernator
1511 4022 1734 4091 imperii,
1785 4028 2114 4096 conﬁrmator

526 4098 690 4167 regni,
731 4100 817 4165 qui
843 4116 907 4155 ea:
934 4111 1078 4158 utero
1119 4104 1289 4173 ﬁdelis
1316 4110 1469 4163 amici
1506 4113 1583 4164 tui
1614 4116 1923 4184 patriarcha:
1951 4122 2114 4175 nostri

525 4192 744 4249 Abraha:
769 4198 1075 4270 praeelegiin
1101 4217 1266 4272 regem
1292 4206 1496 4261 swculis
1526 4211 1875 4278 profuturum,
1902 4223 1958 4265 tu
1979 4232 2113 4284 proe-

522 4297 709 4343 sentem
729 4304 900 4360 regem
922 4292 1056 4346 hunc
1082 4308 1197 4348 cum
1225 4298 1448 4351 exercitu
1473 4314 1565 4353 suo
1593 4317 1682 4369 per
1706 4302 2109 4361 intercessionem

521 4378 751 4433 omnium
777 4391 1073 4436 sanctorum
1108 4384 1249 4438 uberi
1274 4383 1415 4455 Bene
1440 4388 1478 4458 ᾔ·
1508 4389 1725 4445 dictione
1752 4392 2029 4462 locupleta,
2063 4407 2110 4450 (ε

521 4467 574 4521 in
598 4469 784 4523 solium
813 4472 955 4541 regni
983 4474 1133 4540 ﬁrma
1158 4476 1434 4531 stabilitate
1462 4494 1721 4536 connecte.
1764 4482 1931 4538 Visita
1964 4504 2100 4552 eum,

2298 3293 2540 3361 Sequitur
2565 3293 2770 3349 Oratio.
2800 3324 2873 3335 --
2903 3295 3044 3350 Deus
3074 3294 3167 3349 Dei
3202 3295 3373 3351 Filius
3400 3298 3559 3352 Iesus
3588 3297 3811 3352 Christus

2226 3378 2476 3438 Dominus
2500 3395 2691 3452 noster,
2715 3386 2804 3456 qui
2842 3402 2875 3439 a
2918 3383 3078 3440 Patre
3106 3387 3218 3441 oleo
3254 3390 3617 3443 exsultationis
3638 3400 3811 3443 unctus

2221 3486 2293 3529 est
2315 3492 2421 3544 pra:
2439 3476 2771 3547 participibus
2791 3477 2917 3543 suis,
2938 3478 3043 3547 ipse
3065 3494 3156 3546 per
3184 3490 3487 3549 prtesentem
3510 3481 3649 3533 sacri
3668 3480 3811 3550 ungi-

2221 3569 2373 3622 minis
2401 3569 2712 3639 infusionem
2744 3568 2970 3638 Spiritus
3004 3568 3264 3624 Paracleti
3295 3588 3455 3638 suprr
3482 3583 3640 3641 caput
3671 3584 3810 3625 tuum

2221 3660 2463 3729 infundat
2499 3660 2637 3715 Bene
2665 3660 2706 3731 ἰ-
2730 3661 3023 3727 dictionem,
3066 3663 3343 3732 eademque
3380 3678 3543 3734 usque
3579 3662 3652 3715 ad
3689 3663 3810 3715 inte-

2219 3753 2407 3807 teriora
2433 3755 2602 3807 cordis
2628 3754 2705 3806 tui
2729 3763 2995 3821 penetrare
3014 3754 3200 3823 faciat,
3226 3764 3481 3825 quatenus
3501 3756 3603 3809 hoc
3629 3756 3810 3810 t-isibili

2217 3857 2278 3896 ac
2323 3844 2578 3897 tractabili
2615 3845 2753 3898 dono
2800 3845 3071 3900 inrisibilia
3122 3847 3401 3915 percipere,
3448 3854 3499 3901 et
3538 3849 3808 3915 temporali

2217 3938 2543 4009 regnojustis
2569 3937 3005 3991 moderationibus
3035 3949 3271 3993 exsecuta
3297 3940 3616 3994 wternalitcr
3634 3955 3809 3994 come-

2216 4043 2376 4097 gnare
2419 4029 2466 4081 ei
2506 4016 2769 4096 merearis,
2810 4030 2899 4098 qui
2937 4030 3078 4085 solus
3116 4033 3227 4085 sine
3268 4042 3475 4100 peccato
3504 4049 3601 4086 rex
3636 4048 3807 4103 regant

2216 4119 2331 4171 vivit
2353 4134 2468 4171 cum
2491 4118 2597 4173 Deo
2629 4118 2788 4174 Patre
2810 4121 2863 4174 in
2891 4122 3082 4175 unitate
3113 4121 3341 4192 Spiritus
3362 4123 3548 4176 sancti.
3579 4120 3702 4176 Per.

2288 4210 2381 4265 llis
2428 4210 2609 4281 itaque
2657 4213 2913 4282 peractis,
2946 4214 3306 4270 ascenditrex
3338 4214 3405 4268 ad
3454 4214 3629 4269 altare
3666 4211 3806 4269 beati

2217 4296 2385 4372 Petri,
2408 4303 2498 4359 ubi
2527 4318 2769 4360 summus
2794 4306 3030 4374 pontifex
3055 4306 3418 4376 recipiateum
3446 4307 3513 4360 ad
3539 4304 3801 4373 osculum,

2212 4394 2351 4448 sicut
2382 4409 2544 4447 unum
2572 4410 2634 4450 es
2665 4393 3014 4462 diacouibus;
3056 4396 3278 4466 ipseque
3310 4395 3567 4465 procedat
3590 4396 3656 4450 ad
3687 4396 3804 4466 pul-

2215 4486 2378 4551 pi!um
2430 4486 2515 4541 vel
2561 4487 2873 4554 ambonem,
2921 4488 3011 4543 ubi
3062 4488 3328 4544 thalamus
3365 4489 3803 4544 constructust

519 4560 651 4614 sicut
680 4561 899 4617 visitain
930 4564 1147 4635 Moysen
1177 4567 1229 4619 in
1261 4570 1395 4621 mari
1439 4568 1637 4639 Rubro,
1670 4574 1847 4629 Jesum
1879 4576 2024 4632 Nave
2050 4580 2103 4635 in
2133 4551 2186 4610 D
2211 4579 2394 4651 lignis,
2437 4590 2490 4635 et
2526 4589 2744 4636 ornatus
2777 4580 2844 4635 de
2876 4581 3071 4651 palliis,
3106 4580 3267 4637 debet
3312 4579 3361 4637 ei
3406 4596 3529 4636 esse
3561 4592 3797 4651 paratus,

522 4652 724 4722 prndio,
757 4654 962 4712 (ἐρόεοη
992 4659 1046 4712 in
1086 4675 1234 4731 agro,
1276 4660 1569 4717 Samuelem
1599 4666 1650 4719 in
1682 4670 1900 4737 templo;
1936 4679 1983 4725 et
2014 4673 2106 4727 illa

518 4762 634 4799 eum
676 4746 816 4803 Bene
852 4749 891 4822 -ι-
939 4753 1158 4808 dictione
1204 4755 1423 4823 siderea,
1455 4775 1515 4812 ac
1547 4762 1810 4831 sapientia:
1847 4773 1948 4818 tua:
1988 4781 2106 4821 rore

517 4839 799 4908 perfunde,
832 4858 986 4910 quam
1025 4844 1200 4901 beatus
1243 4845 1413 4903 David
1448 4851 1499 4903 in
1545 4850 1820 4920 Psaltetio,
1857 4854 2103 4912 Salomon

514 4927 656 4994 [ilius
682 4932 793 4998 ejus
819 4941 866 4986 te
886 4947 1242 4992 remunerante
1266 4942 1490 5011 percepit
1512 4945 1575 4994 de
1605 4942 1747 4998 (telo.
1781 4942 1871 4998 Sis
1900 4947 1946 4999 ei
1969 4963 2103 5000 con-

514 5032 594 5075 tra
620 5021 944 5079 inimicorum
982 5027 1113 5081 acies
1141 5029 1323 5094 lorica,
1365 5030 1417 5085 in
1453 5033 1679 5085 adversis
1699 5033 1870 5102 galea,
1901 5036 1954 5088 in
1980 5053 2102 5106 pro-

512 5115 676 5180 speris
704 5118 971 5185 patientia,
1005 5119 1060 5173 in
1089 5122 1400 5188 protectione
1429 5125 1637 5194 clgpeus
1661 5127 2027 5195 sempiternus;
2053 5139 2100 5182 et

514 5216 705 5275 praesta
748 5196 805 5263 ut
844 5222 1014 5280 gentes
1059 5211 1140 5266 illi
1178 5222 1379 5268 teneant
1416 5215 1594 5283 fidem,
1627 5232 1859 5283 proceres
1895 5218 1976 5271 sui
2008 5219 2101 5303 [ιμ-

513 5297 663 5351 beant
692 5317 889 5368 pacem,
922 5302 1147 5381 diligant
1183 5304 1505 5372 charitatem,
1544 5307 1829 5362 abstineant
1858 5324 1911 5362 se
1947 5325 1979 5362 a
2010 5297 2098 5362 cit-

514 5386 752 5456 piditatc,
785 5391 1060 5463 loquantur
1085 5396 1360 5466 iustitiam,
1398 5398 1687 5452 custodiant
1726 5399 1987 5453 veritatem
2011 5415 2025 5465 ;
2051 5407 2098 5451 et

512 5482 588 5535 ita
615 5486 833 5554 populus
858 5487 950 5540 iste
975 5489 1194 5559 pullulet
1223 5491 1441 5547 coalitus
1468 5490 1592 5545 bene
1630 5490 1671 5562 ~1-
1701 5491 1922 5547 dictione
1948 5503 2095 5548 teter-

510 5572 710 5641 nitatis,
743 5586 798 5630 ut
840 5595 1035 5650 semper
1064 5594 1299 5639 maneant
1340 5587 1676 5657 tripudiantes
1702 5588 1753 5641 in
1776 5603 1918 5660 pace
1942 5588 2095 5644 victo-

507 5675 610 5720 res.
640 5663 765 5719 Pcr.

581 5756 686 5825 Qui
733 5770 852 5812 cum
883 5759 948 5817 ad
987 5761 1377 5820 confessionem
1410 5763 1546 5823 beati
1580 5766 1721 5823 Petri
1761 5770 2088 5841 pervenerit.

2210 4686 2331 4727 cum
2362 4672 2476 4726 suis
2507 4671 2926 4742 archiepiscopis
2955 4684 3008 4728 et
3052 4674 3341 4744 episcopis,
3386 4673 3718 4744 principibus
3746 4683 3801 4728 es

2209 4761 2609 4831 magistratibus
2652 4764 2947 4817 secundum
2996 4764 3349 4833 capacitatem
3380 4764 3482 4819 loci
3514 4766 3794 4819 co..sistat.

2210 4847 2549 4906 Primicetius
2578 4860 2754 4908 autem
2783 4861 2838 4907 et
2864 4854 3050 4909 schola
3076 4865 3354 4912 cantorum
3393 4858 3447 4912 in
3478 4858 3645 4914 choro
3673 4868 3800 4914 ante

2207 4941 2376 4999 altare
2405 4943 2650 5001 decantet
2685 4944 2992 5011 lntroitum;
3028 4958 3081 5004 et
3126 4958 3249 5018 post
3278 4949 3464 5021 Kgrie,
3495 4951 3709 5016 eleison,
3741 4962 3799 5006 et

2208 5037 2473 5109 Hymnum
2507 5038 2817 5110 Angelicum
2866 5041 3231 5111 decantatum,
3279 5057 3523 5098 summus
3554 5044 3793 5113 pontifex

2204 5129 2335 5184 dicit
2364 5133 2671 5191 Orationem
2703 5154 2821 5204 qua:
2852 5140 3110 5208 textipetit
3135 5140 3211 5195 illi
3252 5139 3382 5205 diei,
3415 5149 3471 5196 et
3496 5139 3636 5194 hanc
3661 5140 3799 5196 Ora-

2205 5218 2401 5275 tionem
2431 5240 2527 5293 pro
2554 5228 2671 5296 ipso
2696 5228 3038 5299 imperatore.

2276 5314 2479 5370 Oratio.
2527 5348 2595 5358 —
2638 5316 2775 5375 Deus
2817 5338 3091 5391 regnorum
3146 5306 3375 5378 omnium
3426 5332 3475 5376 et
3519 5321 3797 5376 christiani

2200 5407 2421 5460 ntaxinte
2446 5416 2700 5478 protector
2726 5410 2950 5480 imperii,
2981 5412 3050 5466 da
3081 5428 3226 5466 servo
3264 5422 3353 5467 tuo
3384 5410 3460 5467 Ν.
3490 5410 3795 5479 imperatori

2199 5506 2375 5549 nostra
2400 5498 2714 5569 triumphum
2743 5501 2940 5556 virtutis
2966 5511 3067 5556 tua:
3096 5504 3312 5556 scienter
3339 5504 3592 5565 excolere,
3621 5513 3673 5555 ut
3695 5502 3791 5573 qui

2197 5596 2287 5642 tua
2327 5589 2683 5646 constitutione
2722 5603 2794 5648 est
2835 5596 3095 5665 princeps,
3136 5605 3223 5649 tuo
3265 5612 3460 5666 semper
3489 5610 3697 5648 munere
3721 5598 3790 5649 sit

2197 5688 2390 5749 potens.
2425 5678 2543 5735 l’er.

2269 5768 2496 5830 Secreta.
2532 5801 2600 5815 -
2630 5773 2865 5848 Suscipe,
2901 5774 3135 5840 Domin',
3168 5788 3339 5845 preces
3377 5786 3423 5832 et
3460 5774 3670 5832 Hostius
3694 5788 3784 5829 ec-
