4006 6292
208 338 342 393 lilii

1389 334 1646 391 ROMANI
1690 328 2005 388 0RDlNES.
2049 360 2116 371 —
2157 328 2297 385 XIV.

3335 320 3475 375 ΝΗ.

205 455 375 509 elesite
398 462 499 507 tua:
522 468 613 519 pro
634 453 797 507 salute
821 452 1003 522 famuli
1025 453 1099 506 tui
1124 451 1173 505 Ν
1185 493 1196 505 .
1221 451 1577 522 supplicantis,
1602 462 1648 505 et
1670 466 1791 521 pro-
1820 451 1865 506 Α
1895 463 1984 500 sne
2002 447 2221 517 suscepit
2237 447 2288 499 in
2314 444 2519 511 castris,
2536 442 2747 498 Cedeon
2761 452 2976 512 sumpsit
2989 444 3042 497 in
3058 441 3273 511 praeliis,
3298 442 3478 497 Petrus

206 548 420 599 lectione
441 544 671 611 ﬁdelium
693 546 999 611 populorum
1018 545 1240 612 antiquae
1262 544 1455 597 brucltii
1483 544 1557 596 tui
1583 557 1791 612 operare

205 636 481 698 miracula,
516 645 590 700 ut,
624 635 876 700 superatis
904 637 1045 702 pacis
1082 635 1323 701 inimicis,
1358 650 1536 688 secura
1564 633 1653 686 tibi
1680 648 1790 686 ser-

208 728 311 780 viat
338 725 615 778 christiana
639 724 866 777 libertas.
896 722 1016 777 Per.

283 816 444 887 40],
480 813 607 868 Post
637 815 1069 868 communionem.
1099 844 1169 857 —
1212 813 1374 879 Deus,
1397 816 1485 885 qni
1510 814 1579 867 ad
1606 812 1795 881 prtcdi-

218 907 443 960 cundum
472 904 649 959 aeterni
673 905 819 974 regni
849 902 1182 974 Evangelium
1217 904 1794 971 Romanumimperium

212 994 818 1067 prwparasti,pr¢tettde
846 992 1043 1061 famulo
1072 1002 1158 1047 tuo
1185 994 1483 1063 imperatori
1512 1004 1684 1045 nostro
1716 990 1791 1045 N.

210 1107 358 1145 arma
387 1088 605 1143 ctelestia
630 1124 647 1152 ,
678 1094 734 1139 ut
760 1098 865 1153 pax
905 1084 1129 1139 ecclesite
1171 1084 1317 1137 nulla
1352 1084 1581 1137 turbetur
1608 1091 1797 1152 tempe-

210 1192 343 1235 state
367 1178 639 1233 bellorum.
672 1174 796 1229 Per.

281 1272 523 1339 Cumque
552 1268 688 1323 lecta
719 1264 878 1321 fuerit
908 1262 1176 1334 Epistola,
1209 1270 1264 1319 et
1284 1259 1555 1317 Graduale
1602 1267 1801 1314 canta-

214 1371 357 1427 tum,
404 1361 692 1428 imperator
724 1354 965 1425 procedit
1001 1352 1468 1424 processionaliter
1497 1350 1563 1404 ad
1595 1350 1797 1414 altare,

218 1453 308 1506 ubi
336 1464 578 1505 summus
611 1445 847 1515 pontifex
893 1445 1121 1515 imponit
1158 1443 1208 1498 ei
1241 1443 1453 1497 mitram
1498 1439 1797 1496 clericaletn

212 1544 267 1597 in
295 1538 501 1611 capite,
548 1552 611 1592 ac
638 1550 803 1607 super
834 1536 1045 1590 mitram
1079 1531 1486 1603 imperatorium
1515 1529 1755 1585 diadema
1782 1567 1798 1589 ,

214 1632 406 1688 dicens
436 1640 491 1684 ut
517 1626 758 1699 sequitur
790 1643 804 1680 :
838 1626 1025 1693 Accipe
1063 1624 1267 1696 signum
1311 1622 1524 1694 gloriae,
1565 1620 1801 1673 diadcnta

222 1721 392 1792 regni,
415 1716 896 1787 coronamintperii,
917 1717 968 1768 in
995 1714 1196 1769 nomine
1219 1713 1391 1765 Patris
1414 1711 1478 1781 1-,
1509 1721 1555 1765 et
1575 1708 1702 1763 Filii
1741 1711 1797 1779 τ,

1893 542 2085 610 accepit
2116 540 2167 593 in
2197 540 2390 603 calice,
2424 536 2633 591 Paulus
2678 546 2751 591 est
2777 553 2901 590 usus
2941 537 2992 589 in
3020 536 3276 605 dogmate.
3312 533 3380 588 Et
3410 537 3482 588 ita

1895 639 2157 698 pastorum
2184 630 2320 682 circa
2342 637 2485 683 tuum
2507 627 2739 696 proficiat
2762 628 2817 681 in
2839 627 2988 691 ovile,
3018 628 3147 679 sicut
3173 623 3322 680 Isaac
3347 641 3472 695 pro-

1894 724 2011 791 fecit
2039 723 2092 775 in
2114 727 2279 791 fruge,
2308 731 2355 775 et
2376 720 2539 774 Jacob
2561 728 2635 775 est
2658 720 2905 775 dilatatus
2930 720 2983 772 in
3009 734 3183 789 grege;
3204 718 3343 787 quod
3365 719 3475 786 ipse

1896 824 2139 883 priestare
2159 816 2417 885 dignetur.

1967 906 2084 960 Alia
2102 904 2302 962 Oratio.
2324 934 2393 949 --
2414 905 2554 961 Deus
2580 903 2736 959 Pater
2758 916 2961 960 teterme
2986 903 3166 972 gloria:
3187 902 3250 955 sit
3272 903 3480 971 adiutor

1897 1007 2048 1062 tuus,
2097 1008 2214 1053 tuus
2240 1007 2498 1069 protector
2514 1036 2531 1063 ,
2554 1006 2602 1049 et
2628 997 2943 1067 omnipotens
2972 994 3093 1048 bene
3118 992 3159 1063 -ι-
3192 992 3329 1046 dicat
3358 992 3446 1045 tibi
3464 1032 3480 1055 ,

1901 1105 2074 1156 preces
2102 1100 2219 1143 tuas
2238 1092 2289 1143 in
2317 1089 2514 1143 cunctis
2535 1088 2795 1152 exaudiat,
2825 1096 2871 1141 et
2900 1086 3053 1139 vitam
3074 1095 3211 1139 tuam
3232 1086 3284 1137 in
3312 1083 3481 1155 longi—

1904 1181 2074 1234 tudine
2115 1182 2316 1233 dierum
2361 1179 2640 1247 adimpleat
2666 1195 2685 1242 ;
2714 1177 2956 1231 thronum
2990 1175 3136 1245 regni
3177 1174 3253 1227 tui
3290 1174 3481 1244 iugiter

1900 1271 2100 1339 ﬁrmet,
2132 1279 2179 1322 et
2202 1279 2402 1339 gentem
2441 1268 2781 1340 populumque
2807 1275 2949 1321 tuum
2982 1265 3037 1317 in
3073 1274 3318 1318 a'ternum
3360 1277 3484 1315 con-

1906 1371 2101 1423 servet,
2128 1368 2177 1413 et
2203 1359 2435 1412 inimicos
2466 1367 2580 1410 tuos
2620 1356 2918 1425 confusione
2939 1354 3149 1416 induat,
3180 1361 3227 1406 et
3254 1366 3409 1418 super
3436 1359 3484 1405 te

1902 1452 2243 1521 sanctiﬁcatio
2267 1449 2456 1504 Christi
2478 1450 2692 1517 floreat,
2739 1453 2795 1499 ut
2821 1446 2909 1515 qui
2935 1444 3105 1498 tribuit
3128 1443 3181 1496 in
3211 1441 3359 1495 terris
3386 1440 3484 1492 im-

1904 1548 2122 1614 perium,
2153 1544 2261 1615 ipse
2288 1543 2341 1596 in
2366 1541 2506 1597 caelis
2529 1542 2757 1607 conferat
2787 1538 3075 1607 pra'mium.
3105 1535 3208 1601 Qui
3236 1535 3375 1588 vivit.

1986 1636 2312 1705 lnterpolata
2336 1648 2464 1703 ergo
2485 1630 2777 1696 cantilena,
2796 1642 2978 1684 coram
3005 1624 3160 1681 altari
3181 1624 3318 1679 beati
3344 1623 3487 1679 Petri

1920 1735 2278 1799 praisentatur
2307 1725 2525 1780 domino
2557 1738 2706 1793 papa:
2739 1722 2793 1776 in
2821 1716 3240 1788 supereminenti
3270 1732 3315 1784 st
3333 1714 3486 1771 ecula

212 1820 261 1866 et
285 1810 513 1877 Spiritus
550 1807 587 1879 -ι-
612 1806 797 1874 sancti,
835 1812 907 1871 nt,
939 1813 1108 1875 spreto
1139 1802 1347 1871 antiquo
1389 1800 1553 1866 hoste,
1578 1798 1803 1868 ερνειὶδ-
1835 1813 1878 1872 Β
1907 1798 2184 1874 residenti.
2216 1814 2266 1871 Is
2304 1816 2481 1885 itaque
2510 1822 2637 1869 tunc
2678 1812 2744 1868 ad
2773 1811 2944 1882 ipsum
2986 1809 3157 1865 altare
3202 1805 3483 1871 ascendit,

212 1916 319 1972 que
346 1898 594 1969 contagiis
618 1897 857 1951 vitiorum
899 1893 1147 1961 omnium,
1178 1892 1252 1944 sic
1265 1890 1522 1960 justitiam
1543 1929 1559 1954 ,
1607 1889 1804 1942 miseri-

214 1994 451 2048 cordiam
480 2003 524 2044 et
546 1990 808 2059 judicium
828 1988 1039 2057 diligas,
1065 1994 1111 2039 et
1130 1986 1203 2038 ita
1224 1986 1385 2056 juste,
1410 1980 1805 2037 misericorditer

216 2092 270 2137 et
301 2083 381 2151 pie
408 2082 565 2145 vivas,
596 2088 649 2133 ut
681 2078 744 2133 ab
775 2078 885 2149 ipso
910 2076 1134 2130 Domino
1164 2083 1338 2128 nostro
1358 2071 1485 2128 Jesu
1514 2071 1720 2147 Christo
1749 2072 1803 2126 in

217 2172 477 2227 consortio
520 2180 814 2225 sanctorum
843 2168 1018 2223 teterni
1052 2165 1198 2238 regni
1236 2180 1475 2219 coronam
1512 2163 1805 2234 percipias,

213 2263 302 2333 qui
330 2279 445 2316 cum
477 2261 650 2327 Patre,
681 2270 787 2316 etc.

292 2350 492 2405 Deinde
512 2363 782 2419 sceptrum
814 2356 864 2403 el
894 2363 1109 2420 pomum
1130 2361 1350 2403 aureum
1386 2345 1561 2401 tradat
1586 2344 1659 2401 ei.

291 2440 580 2497 Sciendum
603 2449 684 2496 est
708 2440 849 2510 quod
879 2449 1091 2509 peracta
1119 2438 1494 2494 communione
1517 2452 1637 2491 cum
1666 2436 1803 2505 ipso,

228 2534 286 2589 in
318 2532 661 2603 impasitione
690 2530 1008 2587 diadematis
1034 2530 1249 2592 diceze,
1279 2529 1324 2583 si
1356 2528 1491 2582 forte
1520 2526 1647 2581 velit
1673 2542 1803 2596 apo-

216 2625 466 2691 etot-cus,
496 2624 636 2679 valet
676 2622 959 2679 Orationes
991 2619 1297 2693 ltujusmodi
1340 2638 1353 2673 :
1388 2618 1639 2674 Dominus
1668 2619 1807 2672 vobi-

218 2733 383 2773 scum.
414 2715 482 2771 Et
511 2732 624 2771 cum
643 2715 830 2785 spiritu
853 2724 962 2769 tuo.

296 2807 497 2863 Oratio.
513 2836 584 2848 --
607 2805 872 2876 Prospice,
898 2821 1215 2875 quaesumus,
1250 2804 1467 2859 Domine
1490 2805 1805 2875 omnipotens

222 2897 383 2966 Deus,
412 2899 601 2953 serenis
628 2898 904 2963 obtutibus,
932 2896 1067 2950 hunc
1085 2896 1371 2967 gloriosum
1396 2894 1644 2965 famulum
1667 2906 1807 2947 tuum

220 2989 330 3057 N.,
354 3003 409 3045 ut
438 2991 569 3046 sicut
600 2991 902 3044 benedimisti
929 2990 1209 3056 Abraham,
1243 2988 1400 3044 Isaac
1434 3001 1481 3044 et
1506 2986 1667 3042 Iacob
1688 3030 1701 3054 ,
1734 2988 1809 3041 sic

222 3086 306 3142 illi
334 3085 570 3157 largioris
601 3083 991 3139 Benedictiones
1031 3083 1326 3153 spirituales
1348 3082 1530 3153 gratite
1551 3122 1567 3148 ,
1597 3095 1809 3150 eumque

1907 1922 1962 1967 et
2006 1911 2238 1983 gladium
2278 1909 2614 1980 evaginatum
2640 1907 2708 1962 de
2735 1905 2892 1961 altari
2914 1905 3074 1961 sumit
3097 1943 3113 1969 ,
3163 1912 3217 1960 et
3246 1902 3297 1958 ei
3328 1901 3489 1955 tradit

1910 2017 2095 2059 curam
2120 2001 2427 2071 intelligens
2449 1999 2658 2069 imperii
2680 1998 2842 2052 totius
2864 1997 2916 2050 in
2945 1994 3144 2065 gladio,
3174 1992 3252 2047 sic
3273 1990 3487 2046 dicens:

1979 2095 2162 2165 Accipe
2191 2092 2421 2162 gladium
2470 2091 2686 2161 desuper
2734 2088 2867 2142 beati
2900 2086 3041 2140 Petri
3091 2100 3301 2153 corpore
3348 2098 3489 2135 sum-

1909 2193 2072 2257 ptum,
2103 2199 2193 2253 per
2223 2190 2427 2236 nostras
2454 2196 2660 2245 manus,
2690 2180 2804 2233 licet
2828 2178 3087 2251 indignas,
3112 2176 3215 2229 vice
3243 2184 3410 2227 tamen
3441 2182 3489 2227 et

1907 2275 2212 2329 auctoritate
2242 2273 2507 2326 beatorum
2530 2268 2882 2341 apostolorum
2911 2272 3228 2321 consecratas
3248 2262 3492 2333 imperia-

1913 2368 2029 2423 liter
2059 2367 2149 2421 tibi
2175 2380 2499 2429 concessum,
2540 2372 2821 2432 nostraeque
2848 2359 3220 2416 Benedictionis
3242 2358 3414 2427 ofﬁcio
3440 2358 3491 2410 in

1910 2457 2259 2526 defensionem
2283 2463 2473 2510 sanctte
2508 2453 2603 2508 Dei
2642 2452 2870 2507 ecclesia:
2908 2450 3152 2505 divinitus
3199 2448 3491 2502 ordinatum

1911 2549 1980 2601 ad
2006 2548 2284 2601 vindictam
2313 2545 2724 2614 malefactorum,
2755 2541 2963 2595 laudem
2983 2555 3102 2595 vero
3129 2538 3417 2600 bonorum;
3447 2544 3493 2589 et

1907 2656 2095 2695 memor
2107 2648 2214 2694 esto
2240 2640 2303 2693 de
2321 2655 2422 2709 quo
2447 2637 2724 2691 Psalmista
2744 2632 3081 2705 praphetavit,
3112 2630 3285 2684 dicens
3306 2642 3325 2680 :
3351 2645 3371 2679 ι
3392 2628 3490 2679 Αἰ·-

1910 2734 2107 2805 cingere
2124 2732 2297 2801 gladio
2323 2740 2411 2785 tuo
2439 2745 2591 2800 super
2620 2728 2787 2798 femur
2817 2736 2982 2792 tuum,
3007 2722 3369 2796 potentissime,
3395 2736 3412 2769 s
3442 2726 3494 2771 ut

1910 2825 1964 2879 in
1990 2823 2088 2877 hoc
2118 2823 2217 2878 vim
2235 2821 2495 2894 a’quilatis
2522 2837 2609 2892 per
2628 2820 2861 2874 eumdem
2890 2830 3121 2871 exerceas
3140 2853 3161 2878 ,
3188 2812 3367 2866 molem
3393 2810 3495 2864 ini-

1908 2915 2118 2984 quitatis
2163 2922 2390 2983 potenter
2430 2912 2691 2975 destruas,
2739 2918 2787 2962 et
2824 2916 3051 2962 sanctam
3100 2902 3195 2958 Dei
3232 2902 3496 2956 ecclesiam

1910 3009 2119 3078 ejusque
2144 3005 2321 3073 ﬁdeles
2350 3017 2641 3074 propugnes
2671 3016 2732 3054 ac
2774 3008 3009 3071 protegas
3031 3012 3049 3061 ;
3094 3010 3183 3049 nec
3212 2992 3375 3045 minus
3403 2990 3495 3043 sub

1911 3099 2015 3168 ﬁde
2040 3098 2219 3168 falsos,
2243 3112 2393 3165 quam
2422 3093 2697 3148 Christiani
2738 3091 2957 3145 nominis
2987 3088 3152 3140 hostes
3181 3098 3407 3139 exsecres
3436 3097 3496 3134 ac

232 3179 553 3249 plenitudine
580 3188 681 3235 tute
705 3179 943 3246 potentia:
964 3179 1181 3250 irrigare
1209 3191 1362 3249 atque
1394 3179 1703 3249 perfundere
1727 3177 1807 3231 di-

1920 3190 2214 3261 dispergas;
2257 3187 2435 3241 viduas
2464 3201 2526 3238 ac
2549 3183 2775 3253 pupillos
2802 3179 3075 3236 clementer
3102 3178 3312 3244 adjuves
3331 3188 3391 3226 ac
3410 3172 3499 3226 de-

222 3271 423 3340 gneris,
460 3280 513 3324 ut
561 3270 755 3324 triiuas
786 3271 830 3324 ei
875 3270 937 3324 de
968 3286 1081 3325 rore
1124 3271 1239 3325 caeli
1264 3311 1279 3335 ,
1326 3279 1373 3324 et
1403 3268 1469 3325 de
1502 3271 1810 3340 pingucd'ne

225 3372 376 3416 teme
404 3361 771 3415 abundantiam
803 3361 1080 3429 frumenti,
1113 3361 1217 3415 vini
1249 3368 1296 3415 et
1325 3360 1422 3414 olei
1448 3400 1464 3426 ,
1501 3368 1548 3413 et
1576 3360 1807 3413 omnium

220 3453 436 3523 frugum
462 3452 801 3519 opulentiam,
833 3462 880 3506 et
911 3468 973 3506 ea:
996 3454 1231 3523 largitate
1257 3453 1415 3506 divini
1444 3451 1670 3505 muneris
1694 3452 1810 3505 lou-

223 3561 372 3618 gteva
399 3555 627 3611 tempora
654 3584 670 3610 ,
712 3554 766 3595 ut
808 3544 898 3596 illo
926 3556 1168 3614 regnante
1186 3545 1249 3597 sit
1274 3545 1469 3597 sanitas
1498 3544 1725 3613 ccrporis
1756 3542 1810 3596 in

221 3638 429 3707 patria,
463 3651 565 3704 paa'
590 3635 832 3689 inviolata
861 3635 927 3688 sit
968 3635 1021 3688 in
1043 3652 1227 3704 regno,
1266 3645 1311 3688 et
1340 3636 1560 3707 dignitas
1585 3637 1683 3707 glo.
1701 3637 1812 3689 iosa

221 3729 415 3799 regalis
445 3726 628 3797 palatii
653 3726 874 3780 maximo
897 3726 1168 3796 splendore
1189 3725 1343 3795 regia:
1362 3726 1625 3795 potestatis
1648 3723 1804 3778 oculis

226 3822 459 3876 omnium
486 3818 703 3891 fulgeat,
731 3819 843 3873 luce
862 3817 1146 3871 clarissima
1167 3832 1435 3870 coruscare
1456 3827 1606 3885 atque
1635 3815 1811 3884 splen-

229 3912 463 3979 descere,
496 3912 643 3980 quasi
664 3908 1067 3979 splendidissimi
1084 3907 1303 3977 fulgoris
1347 3908 1567 3961 maximo
1606 3906 1814 3977 perfusa

226 4007 423 4063 lumine
446 4046 462 4073 ,
496 4006 752 4059 videatur.
782 4002 973 4057 Tnbue
999 4003 1042 4056 ei
1071 4044 1085 4069 ,
1129 4002 1442 4072 omnipotens
1467 4000 1603 4053 Deus
1623 4043 1637 4068 ,
1666 4009 1719 4051 ut
1748 3999 1815 4051 sit

228 4100 544 4171 fortissimus
572 4104 829 4167 protector
858 4095 1037 4165 patria:
1052 4103 1101 4147 et
1124 4092 1411 4146 consolator
1438 4089 1813 4156 Ecclesiarum,

225 4200 380 4260 atque
416 4190 756 4244 ctenobiorum
785 4196 1074 4242 sanctorum
1100 4228 1115 4251 ,
1149 4184 1373 4237 maxima
1408 4182 1593 4254 pietate
1626 4179 1815 4251 regalis

228 4281 625 4349 munificentia;
655 4291 807 4349 atque
834 4290 888 4333 ut
919 4280 985 4331 sit
1030 4277 1335 4348 fortissimus
1381 4292 1590 4346 regum,
1637 4276 1815 4329 trium-

228 4375 419 4442 phator
444 4372 667 4426 hostium
692 4412 707 4439 ,
758 4371 825 4424 ad
854 4387 935 4441 op,
960 4370 1218 4423 rimendos
1246 4368 1455 4422 rebelles
1495 4377 1543 4423 et
1582 4382 1815 4439 paganos

227 4466 502 4526 nationes;
532 4464 696 4532 sitque
739 4461 846 4516 suis
884 4460 1102 4514 inimicis
1140 4460 1265 4513 saiis
1309 4459 1547 4513 terribilis
1589 4460 1815 4511 maxima

1915 3280 1941 3352 f
1965 3281 2066 3334 nda
2097 3296 2117 3346 ;
2147 3279 2374 3333 desolata
2399 3288 2687 3341 restaures,
2733 3281 3019 3328 restaurata
3041 3282 3329 3329 conserves;
3368 3263 3498 3317 ulci-

1914 3374 2073 3429 scaris
2093 3374 2308 3443 injusta,
2330 3372 2603 3438 conﬁrmes
2625 3370 2747 3423 bene
2770 3366 3037 3437 disposita,
3065 3370 3309 3432 quatenus
3329 3359 3381 3412 in
3402 3357 3499 3412 hoc

1913 3466 2141 3537 agendo,
2168 3465 2417 3518 virtutum
2463 3462 2722 3532 triumpho
2752 3460 3003 3528 gloriosus
3025 3498 3040 3522 ,
3077 3454 3296 3526 justitite
3332 3450 3498 3504 cultor

1915 3558 2169 3628 egregius,
2202 3573 2316 3610 cum
2350 3556 2529 3611 mundi
2556 3554 2851 3616 Salvatore,
2900 3554 3043 3622 cujus
3075 3558 3251 3618 typum
3284 3544 3420 3616 geris
3442 3542 3501 3596 ist

1914 3648 2139 3713 nomine,
2172 3648 2279 3702 sine
2306 3648 2409 3717 ﬁne
2433 3660 2646 3718 regnare
2674 3642 2931 3698 merearis.
2964 3639 3063 3705 Qui
3090 3652 3204 3692 cum
3229 3635 3352 3687 Deo.

1987 3736 2147 3807 403
2171 3737 2263 3791 llis
2284 3738 2459 3792 verbis
2480 3732 2968 3805 expletis,accingit
2991 3730 3066 3784 illi
3088 3741 3270 3784 ensem
3292 3726 3490 3780 iterans

1914 3830 1987 3884 ita
2009 3830 2237 3884 dictum:
2268 3830 2541 3898 Accingere
2588 3829 2764 3898 gladio
2814 3836 2901 3880 tuo
2947 3841 3101 3893 super
3130 3827 3293 3892 femur
3318 3830 3493 3881 tuum,

1918 3921 2285 3991 potentissime,
2314 3928 2362 3973 et
2388 3920 2591 3973 attende
2624 3919 2744 3987 quia
2787 3917 2951 3971 sancti
2977 3933 3078 3968 non
3107 3915 3157 3967 in
3185 3912 3381 3983 gladio,
3409 3909 3497 3962 sed

1916 4028 2007 4082 per
2035 4008 2189 4078 fidem
2215 4009 2441 4062 vicerunt
2467 4024 2641 4079 regna.

1989 4103 2095 4160 Sed
2118 4102 2393 4158 sciendum
2438 4111 2520 4157 est
2547 4100 2686 4171 quod
2728 4098 2781 4155 in
2813 4095 3079 4168 aliquibus
3128 4094 3278 4147 libris
3326 4090 3497 4158 primo

1918 4194 2073 4250 datur
2113 4194 2337 4265 gladius,
2368 4201 2547 4263 postea
2574 4191 2857 4258 diadema;
2887 4189 2979 4246 sed
3010 4191 3134 4243 dato
3183 4183 3360 4256 glatlio
3405 4199 3500 4252 po-

1920 4288 2061 4341 nitur
2093 4287 2193 4341 ista
2223 4286 2465 4343 rubrica:
2497 4304 2515 4338 t
2551 4284 2670 4339 Mox
2695 4291 2872 4337 autem
2920 4289 2980 4335 ut
3024 4275 3365 4334 coronandus
3411 4288 3500 4326 ac-

1919 4376 2129 4433 cinctus
2165 4391 2295 4433 ense
2325 4376 2500 4443 luerit,
2526 4374 2711 4431 eximit
2739 4387 2860 4428 eum
2888 4371 2956 4426 de
2976 4370 3185 4439 vagina,
3210 4376 3264 4421 et
3288 4364 3506 4419 viriliter

1920 4474 2008 4523 ter
2034 4482 2155 4521 eum
2184 4466 2379 4531 vibrat,
2409 4476 2462 4522 et
2492 4466 2696 4536 vaginae
2728 4463 2981 4521 continuo
3010 4456 3426 4515 recommendat.
3477 4473 3497 4507 ι

230 4556 537 4626 fortitudine
566 4554 751 4626 regalis
778 4553 1053 4623 potentiw;
1083 4551 1411 4622 optimatibus
1439 4568 1639 4622 quoque
1664 4559 1810 4620 atque
1843 4540 1891 4602 ί)
1989 4559 2064 4615 Eo
2092 4559 2252 4630 igitur
2276 4559 2354 4615 sic
2374 4559 2632 4625 accincta,
2657 4566 2711 4613 et
2739 4555 2876 4612 beati
2920 4553 3060 4610 Petri
3083 4550 3248 4606 milite
3280 4548 3501 4603 mirabi-

228 4648 487 4717 prtecelsis
508 4647 819 4717 proceribus,
852 4662 912 4699 ac
943 4644 1183 4713 ﬁdelibus
1207 4646 1287 4697 sui
1318 4644 1460 4715 regni
1486 4646 1548 4697 sit
1571 4642 1815 4713 magniﬁ-

228 4753 323 4792 cus
360 4748 406 4791 et
445 4738 679 4790 amabilis
706 4748 750 4791 et
782 4739 895 4805 pius
914 4778 929 4801 ,
975 4748 1023 4791 et
1052 4737 1114 4789 ab
1142 4736 1371 4789 omnibus
1400 4736 1638 4789 timeatur
1665 4745 1817 4801 atque

230 4830 526 4898 diligatur;
555 4838 600 4882 et
641 4840 753 4898 post
781 4830 1005 4899 gloriosa
1044 4840 1271 4895 tempora
1310 4839 1460 4895 atque
1503 4827 1673 4897 felicia
1703 4827 1818 4880 vita:

202 4974 203 4977 η
230 4922 499 4993 pra'sentis
528 4919 719 4992 gaudia
739 4960 755 4986 ,
802 4922 855 4974 in
881 4930 1125 4991 perpetua
1153 4920 1465 4973 beatitudine
1492 4918 1652 4990 402
1672 4917 1816 4971 Ιιιιὸὶο

228 5021 343 5067 tare
370 5021 637 5066 mereatur.
670 5010 791 5065 Per.

304 5124 528 5179 Benedic
549 5167 563 5190 ,
609 5124 650 5196 ἰ·
684 5124 898 5180 Domine
921 5165 937 5191 ,
992 5140 1310 5193 quwtzumus,
1368 5123 1502 5175 hunc
1531 5122 1816 5191 principem

238 5228 475 5270 nostrum
502 5216 596 5283 N.,
625 5234 771 5288 quem
791 5220 859 5270 ad
880 5217 1097 5271 salutem
1126 5217 1304 5284 populi
1332 5217 1474 5269 nobis
1511 5233 1542 5267 a
1571 5227 1617 5269 te
1646 5215 1815 5268 credi-

231 5319 348 5355 mus
377 5319 484 5356 esse
513 5320 829 5357 concessum.
862 5301 975 5356 Fac
1004 5304 1154 5356 annis
1182 5319 1291 5356 esse
1332 5303 1668 5372 multiplicem
1687 5343 1702 5365 ,
1732 5320 1818 5355 sa-

234 5392 372 5446 lubri
422 5396 648 5463 corporis
691 5396 872 5449 robore
925 5396 1171 5465 vigentem
1220 5403 1331 5463 post
1386 5404 1693 5448 senectutem
1749 5394 1819 5446 ad

236 5496 465 5555 optatam
509 5489 767 5558 pervenire
803 5489 1041 5545 salutem.
1092 5488 1173 5543 Sit
1205 5489 1348 5542 nobis
1378 5490 1568 5558 ﬁducia
1597 5488 1821 5542 obtinere

236 5580 463 5646 gratiam
513 5580 721 5648 populo,
752 5598 906 5651 quam
945 5579 1119 5634 Aaron
1154 5581 1206 5633 in
1238 5580 1586 5646 tabernaculo,
1619 5579 1822 5636 Eliseus

235 5671 293 5721 in
314 5670 489 5736 fluvio,
524 5671 769 5726 Ezechias
792 5673 841 5726 in
870 5673 1021 5739 lecto,
1048 5672 1328 5726 Zacharias
1359 5672 1553 5725 vetulus
1578 5672 1819 5742 impetra~

237 5760 308 5814 sit
331 5760 381 5815 in
416 5764 636 5833 templo;
665 5764 727 5817 sit
762 5764 904 5818 nobis
936 5765 1142 5835 regendi
1169 5764 1468 5828 auctoritas,
1500 5762 1701 5832 qualem
1728 5764 1819 5818 ,Ιο-

1922 4649 2047 4705 liter
2088 4649 2251 4717 facta,
2278 4651 2665 4721 subsequenter
2689 4648 3014 4718 apOstolicus
3036 4645 3105 4700 de
3134 4643 3284 4698 altari
3315 4640 3503 4696 diade-

1921 4756 2005 4796 ma
2035 4742 2220 4809 sumit,
2244 4754 2299 4798 et
2330 4744 2476 4811 ponit
2505 4744 2557 4797 in
2587 4745 2760 4810 capite
2787 4737 3102 4802 coronandi,
3126 4746 3181 4791 et
3216 4734 3371 4789 dicit:
3404 4731 3504 4784 Ac-

1920 4834 2035 4902 cipe
2076 4836 2279 4905 signunt
2312 4835 2507 4906 gloriae,
2538 4833 2778 4888 diadema
2825 4832 2987 4903 regni,
3021 4844 3264 4885 coronam
3303 4823 3505 4893 imperii

1922 4928 1972 4980 in
1995 4928 2197 4982 nomine
2244 4927 2411 4982 Patris
2439 4927 2499 4999 ἦ,
2529 4937 2575 4981 et
2606 4924 2731 4980 Filii
2762 4925 2827 4996 ἦ,
2852 4937 2897 4979 et
2923 4924 3144 4994 Spiritus
3172 4920 3210 4990 -ῒ
3233 4918 3416 4982 sancti,
3444 4923 3499 4967 ut

1924 5032 2096 5088 spreto
2126 5023 2331 5093 antiquo
2352 5022 2513 5086 hoste,
2544 5021 2819 5091 spretisque
2843 5018 3087 5086 contagiis
3129 5015 3362 5067 vitiorum
3393 5024 3506 5061 om-

1926 5113 2087 5178 nium,
2120 5114 2192 5168 sic
2218 5116 2486 5186 justitiam,
2514 5112 2913 5167 misericordiam
2935 5118 2980 5163 et
3006 5107 3267 5181 judicium
3295 5103 3507 5172 diligas,

1924 5215 1973 5260 et
2003 5212 2072 5261 ita
2093 5209 2235 5276 juste
2264 5207 2653 5261 misericorditer
2681 5216 2729 5260 et
2775 5206 2857 5274 pie
2886 5204 3039 5267 vivas,
3075 5207 3129 5252 ut
3153 5197 3216 5250 ab
3242 5197 3351 5266 ipso
3406 5193 3512 5245 Do-

1929 5306 2066 5360 mino
2089 5314 2260 5358 nostro
2281 5302 2403 5355 Jesu
2434 5297 2635 5353 Christo
2662 5298 2715 5351 in
2744 5294 2998 5350 consortio
3018 5298 3311 5346 sanctorum
3326 5276 3504 5339 interni

1927 5399 2069 5468 regni
2095 5410 2333 5450 coronam
2355 5390 2622 5463 percipias.
2651 5388 2751 5455 Qui
2787 5403 2902 5440 cum
2935 5383 3108 5438 Patre.

2000 5488 2142 5543 Illico
2172 5486 2465 5556 procedens
2495 5495 2664 5547 nuper
2712 5485 2996 5534 coronatus
3026 5472 3297 5530 osculatur
3342 5482 3502 5536 apos-

1926 5581 2086 5637 tolico
2115 5579 2312 5651 pedes;
2336 5575 2530 5647 quibus
2556 5569 2938 5644 gloriosissime
2967 5568 3153 5639 gestis,
3179 5558 3507 5633 apostolicus

1924 5673 1993 5729 ad
2015 5672 2352 5728 eminentiam
2381 5668 2564 5723 redeat
2589 5665 2815 5735 Specuitn
2845 5660 3146 5725 tribunalis,
3173 5668 3226 5712 et
3272 5655 3503 5723 impera-

1927 5775 2011 5821 tor
2058 5763 2123 5818 ad
2155 5760 2510 5818 laldistorium
2558 5758 2789 5827 scandit,
2818 5756 2868 5813 ei
2923 5755 2974 5811 in
3008 5752 3184 5822 amplo
3218 5746 3384 5819 gradu
3411 5739 3512 5799 sub
