4006 6352
503 365 641 419 ἰέδὸ

1185 351 1528 414 APPENDIX
1572 350 1661 405 AD
1701 348 1758 405 S.
1801 339 2130 402 GREGORII
2173 339 2387 397 MAGNI
2430 336 2800 395 LITURGICA
2841 334 3096 392 OPERA.

3655 331 3801 387 ΕΗ

504 474 775 547 apostolici
803 474 1025 528 dextera
1058 475 1434 538 praeparatum.
1464 463 1563 530 Qui
1616 470 1903 517 coronatus
1934 458 2077 512 ince-
2107 452 2154 511 Α
2183 461 2429 522 protecta,
2463 449 2672 504 visibilis
2710 464 2798 502 seu
2828 446 3099 501 invisibilis
3123 444 3281 500 hostis
3310 444 3571 516 nequitias
3600 446 3796 498 trium-

502 574 654 636 deus,
678 580 891 639 pomum
940 563 991 617 in
1038 561 1263 616 dextera
1314 572 1476 613 manu
1527 564 1724 626 portat.
1778 554 1831 608 in
1864 552 2081 606 sinistra

504 667 881 733 sceptrum;et
931 658 1011 712 sic
1059 654 1125 709 ad
1175 653 1463 708 thalamum
1496 650 1703 716 redeat,
1744 648 1965 717 ipsoque
2013 643 2083 698 ibi

504 772 623 812 cum
654 755 765 807 suis
808 748 1137 822 pzincipibus
1158 747 1504 810 consistente,
1549 742 1693 813 prior
1732 741 2087 797 subdiaconu-

506 860 625 901 rum
662 859 782 897 cum
825 839 1168 895 subdiaconis
1200 838 1454 891 Romana:
1507 833 1693 901 curiae,
1720 840 1775 887 et
1798 829 2089 900 cape‘lanis

500 937 641 991 aula:
681 932 972 1002 inipcrialis
1002 930 1068 985 ad
1092 938 1116 967 ⁸
1145 927 1413 998 pectorale
1449 926 1695 982 dextrum
1742 930 1867 977 ante
1915 919 2091 976 cr.:ci~

509 1031 669 1081 fixum
700 1033 1010 1095 argenteum
1040 1020 1253 1075 laudem
1284 1018 1376 1083 im;
1396 1017 1592 1073 eratori
1623 1015 1730 1071 alta
1762 1028 1892 1069 voce
1912 1011 2093 1067 dicant

506 1119 610 1173 hoc
638 1117 828 1171 modo:
868 1113 1098 1178 Exaudi,
1149 1111 1368 1167 Christe.
1413 1108 1694 1165 Scriniarii
1739 1120 1868 1161 vero
1898 1103 2091 1166 Urbis.

506 1210 696 1265 sericis
743 1208 923 1277 cappis
963 1206 1156 1272 induti,
1187 1214 1314 1259 ante
1343 1218 1422 1273 pec
1442 1202 1612 1257 torale
1655 1199 2011 1254 consistentes
2041 1196 2095 1250 in

507 1305 676 1358 clmro
722 1299 1117 1371 respondeant:
1148 1296 1370 1352 Domina
1419 1294 1495 1349 Ν.
1524 1291 1854 1348 invictissimo
1908 1288 2098 1343 Roma-

510 1410 692 1447 norum
715 1390 1010 1460 imperatori
1033 1404 1233 1459 semper
1251 1396 1471 1457 augusta
1496 1385 1636 1440 salus
1660 1392 1705 1436 et
1730 1380 1958 1435 victoria.
1982 1379 2095 1446 Qua

514 1483 671 1538 laude
702 1483 862 1537 tertio
893 1479 1141 1549 repetita,
1165 1478 1311 1546 prior
1331 1474 1781 1530 subdiaconorum
1808 1484 1928 1525 cum
1961 1467 2092 1535 suis,

509 1577 681 1631 tribus
702 1574 913 1629 .vicibus
942 1574 1085 1628 dicat
1124 1571 1366 1627 Salvator
1388 1568 1590 1636 mundi,
1617 1576 1671 1622 et
1699 1562 1971 1622 scriniarii
2019 1562 2097 1618 vi-

511 1667 697 1722 cissim
721 1663 1082 1734 respondeant
1113 1662 1191 1717 Tu
1220 1662 1367 1717 illum
1394 1661 1581 1731 adjuva
1598 1657 1822 1725 ;deinde
1851 1656 1952 1712 iste
1976 1670 2098 1711 cum

512 1759 625 1813 suis
650 1757 857 1813 duabus
892 1755 1098 1810 vicibus
1123 1746 1267 1809 dicat
1295 1753 1489 1808 Sancta
1519 1750 1725 1815 Maria;
1753 1757 1807 1804 et
1833 1747 1908 1803 illi
1939 1747 2098 1801 vicis-

2186 544 2406 613 phaliter
2424 557 2717 613 expugnare
2744 539 2907 592 valeat
2926 553 2946 603 ;
2963 547 3009 593 et
3033 553 3137 590 una
3162 553 3278 591 cum
3307 535 3445 591 Sara
3467 546 3517 589 et
3536 534 3795 600 Rebecca,

2190 634 2285 689 Lia
2311 642 2460 703 atque
2492 631 2734 696 llacltele,
2759 630 2919 685 beatis
2961 629 3341 700 rererendisque
3362 627 3592 700 feminis,
3618 629 3797 697 fructu

2191 726 2317 780 uteri
2351 725 2433 779 sui
2474 723 2739 793 fecunduri
2776 736 2866 776 seu
2902 720 3151 792 gratulari
3180 727 3434 773 mereatur
3461 718 3532 771 ad
3560 718 3798 773 decorem

2193 817 2350 871 totius
2376 817 2519 885 regni
2548 813 2625 868 vel
2654 814 2879 882 imperii,
2903 821 3187 880 statumque
3214 820 3406 865 sanctte
3440 810 3535 864 Dei
3563 812 3797 865 ecclesia

2194 910 2492 975 regendum,
2521 921 2612 960 nec
2639 920 2741 959 non
2769 913 2816 959 et
2840 903 3228 974 protegendum.
3264 901 3367 956 Per
3388 901 3653 957 Christum
3685 902 3796 956 Do-

2195 1000 2390 1054 minum
2411 1008 2664 1065 nostrum,
2686 998 2774 1069 qui
2793 1013 2856 1051 ea:
2892 996 3053 1067 L05
3081 996 3239 1050 beata
3264 1006 3311 1051 et
3332 997 3649 1050 intemerata:
3682 995 3774 1050 Μαι

2195 1090 2290 1144 rite
2322 1088 2532 1161 tirginis
2561 1088 2678 1143 aluo
2723 1089 2886 1153 nasci,
2919 1088 3125 1142 visitare
3161 1103 3220 1140 ac
3249 1102 3495 1140 renovare
3540 1086 3684 1140 hunc
3706 1088 3793 1140 di-

2198 1189 2381 1252 gnatus
2410 1190 2483 1234 est
2512 1180 2780 1233 mundum.
2816 1178 2920 1243 Qui
2959 1188 3123 1232 tecum
3148 1178 3267 1232 vivit
3302 1187 3351 1231 et
3378 1177 3633 1248 gloriatur
3659 1176 3793 1232 Deus

2199 1272 2253 1326 in
2298 1272 2494 1326 unitate
2525 1271 2755 1341 Spiritus
2783 1268 2969 1339 sancti,
2997 1286 3087 1339 per
3115 1269 3430 1324 immortalia
3471 1270 3666 1325 siccata
3699 1285 3792 1325 sc-

2198 1362 2455 1418 culorum.

2274 1453 2341 1508 Et
2379 1460 2501 1522 post
2537 1453 2940 1509 coronationetn
2989 1451 3349 1522 imperstricis
3382 1452 3692 1510 deducatur
3720 1454 3785 1509 ad

2202 1546 2377 1601 altare
2402 1555 2527 1601 ante
2552 1560 2821 1602 summum
2850 1545 3156 1615 pontificem
3193 1545 3387 1600 amicta
3414 1546 3688 1616 regalibus
3715 1547 3792 1600 ia~

2202 1639 2502 1703 dumentis;
2531 1647 2586 1693 et
2633 1652 2874 1694 summus
2906 1638 3142 1708 pontifex
3178 1638 3271 1694 det
3301 1653 3469 1708 super
3504 1653 3629 1695 eam
3653 1636 3789 1696 hoc

2208 1729 2668 1796 Benedictionem,
2700 1728 2887 1785 dicens
2912 1747 2925 1782 :

511 1851 618 1904 sim
649 1848 1006 1919 respondeant
1052 1847 1135 1901 Tu
1165 1847 1310 1901 illum
1358 1845 1589 1915 adjuva;
1616 1851 1673 1897 ct
1715 1842 1793 1898 sic
1821 1839 2097 1910 deinceps,
2135 1823 2180 1884 Β
2279 1840 2447 1910 Deus,
2500 1842 2585 1913 qui
2633 1842 2774 1896 salus
2816 1841 2969 1897 habes
3012 1842 3483 1913 immortalitatem,
3534 1846 3792 1917 lucemque

517 1941 707 1996 Sancte
736 1940 982 2006 Michael,
1010 1947 1140 2003 etc.,
1174 1947 1230 1992 ut
1254 1951 1437 2004 supra.

587 2034 788 2100 Quibus
828 2032 1010 2095 finitis,
1042 2032 1124 2084 isti
1172 2030 1254 2084 bis
1299 2036 1519 2083 cantant
1570 2026 1749 2097 Kyrie,
1793 2025 2001 2091 eleisan,
2045 2038 2108 2079 ac

513 2118 719 2178 deinde
746 2122 904 2177 simul
931 2135 1117 2177 omnes
1153 2120 1333 2175 dicant
1366 2118 1548 2190 Kyrie,
1575 2119 1790 2173 elcison.
1820 2116 1943 2173 Post
1971 2116 2106 2181 hsce,

518 2211 805 2283 Evangelia
868 2212 1194 2279 decantata,
1247 2213 1539 2282 imperator
1567 2227 1766 2265 corona
1813 2219 1869 2266 et
1920 2218 2110 2265 manto

517 2303 793 2374 depositis,
828 2304 1048 2358 accedat
1094 2304 1159 2357 ad
1203 2318 1468 2358 summum
1503 2303 1828 2372 pontificem,
1858 2301 2022 2373 404
2058 2311 2112 2356 et

516 2397 708 2451 oll'crat
736 2396 801 2451 ad
828 2397 989 2466 pedes
1015 2397 1133 2467 ejus
1162 2413 1375 2463 auium,
1405 2408 1661 2469 quantum
1692 2398 1792 2452 sibi
1818 2397 2108 2467 placuerit;

523 2489 750 2557 ipsoque
796 2488 1047 2557 pontifice
1074 2489 1434 2545 descendente
1482 2505 1580 2559 pro
1619 2489 1957 2559 perficiendis
1985 2488 2111 2544 Mis-

523 2593 704 2632 sarum
754 2581 1026 2648 mySteriis
1055 2579 1121 2634 ad
1151 2581 1338 2648 altare,
1365 2580 1658 2651 imperator
1701 2596 1852 2638 more
1897 2581 2113 2636 subdia-

519 2669 643 2723 coni
674 2669 867 2724 ollcrat
912 2670 1133 2725 calicem
1156 2671 1558 2739 et'ampullam,
1588 2679 1645 2727 et
1682 2680 1786 2727 stet
1817 2671 1911 2738 ibi,
1941 2670 2114 2727 donec

524 2760 759 2828 pontifex
798 2760 864 2815 ad
908 2762 1092 2816 sedem
1142 2777 1394 2819 reversus
1434 2762 1827 2829 communicet;
1868 2761 2113 2834 factaque

522 2851 926 2916 communione,
968 2852 1037 2907 de
1084 2867 1245 2907 manu
1289 2852 1409 2923 ejus
1457 2854 1715 2920 suscipiat
1761 2867 1882 2909 cum
1931 2856 2115 2909 osculo

527 2943 695 3010 pacis.
741 2943 806 2998 Et
830 2947 907 3000 sic
929 2946 995 2999 ad
1035 2947 1325 3011 thalamum
1366 2946 1582 3002 rediens
1613 2948 1663 3001 in
1688 2947 1997 3015 alltbOﬂem,
2028 2962 2111 3003 re-

524 3045 701 3089 sumat
723 3044 963 3103 mantum
997 3037 1196 3105 pariter
1222 3045 1273 3091 ct
1298 3051 1573 3092 coronam.

602 3127 761 3181 Missa
793 3126 960 3192 finita,
998 3128 1356 3197 pontificalem
1390 3129 1823 3186 Benedictionem
1863 3145 2112 3187 reveren-

529 3229 612 3275 ter
637 3218 885 3288 accipiat,
905 3228 962 3273 et
1011 3220 1191 3273 statim
1224 3221 1491 3286 princedat
1518 3220 1584 3276 ad
1618 3222 1792 3278 locum
1822 3222 1914 3277 ubi
1956 3222 2117 3278 debet

529 3324 770 3364 suittmus
826 3308 1059 3378 pontifex
1111 3309 1394 3380 equitare;
1439 3322 1495 3368 et
1543 3327 1665 3368 cum
1712 3314 1829 3383 ipse
1875 3299 2114 3384 pontich

530 3416 728 3469 equum
777 3401 1100 3468 ascenderit,
1126 3411 1307 3458 teneat
1350 3405 1653 3474 stapcdium
1700 3406 1849 3461 sella:
1895 3406 2033 3475 ejus,
2066 3415 2119 3462 et

532 3500 748 3561 arrepto
770 3491 923 3547 freno
966 3491 1355 3563 aliquantulum
1386 3495 1557 3564 ipsum
1587 3497 1864 3563 adextret;
1891 3512 2121 3567 mosque

535 3600 692 3639 suum
742 3601 935 3656 equum
991 3587 1313 3653 ascendens,
1361 3587 1615 3657 procedat
1658 3587 1807 3659 juxta
1853 3604 2120 3645 summum

541 3677 846 3745 pontificem
896 3692 1077 3751 ousque
1126 3680 1193 3733 ad
1243 3681 1525 3737 ecclesiam
1587 3691 1787 3737 sanctae
1846 3682 2023 3738 Maria:
2069 3683 2123 3739 in

538 3768 940 3838 Transpadina;
971 3768 1059 3824 ubi
1106 3770 1230 3825 dato
1273 3772 1373 3827 sibi
1420 3775 1606 3829 oscu'o
1660 3773 1980 3842 adiutricem,
2019 3790 2124 3830 non

526 3860 721 3926 corde,
740 3861 835 3916 sed
858 3874 923 3917 co
952 3875 1080 3931 pore
1109 3873 1442 3932 separentur.

920 3972 1052 4027 CVI.
1090 3974 1163 4027 De
1189 3977 1514 4029 caranatfone
1539 3978 1748 4047 reginaz.

619 4084 673 4140 Si
703 4099 830 4139 vero
861 4083 1037 4154 regina
1062 4086 1216 4140 fuerit
1240 4088 1567 4157 coz‘onanda,
1590 4090 1747 4145 debet
1777 4105 1939 4160 super
1966 4091 2016 4147 le
2051 4101 2130 4148 to-

540 4174 689 4229 rium
720 4190 783 4230 es
815 4179 1062 4245 opposito
1092 4177 1351 4233 thalamus
1385 4182 1693 4250 praeparari,
1725 4180 1812 4236 ubi
1841 4196 1961 4236 cum
1996 4184 2130 4238 dua-

547 4267 650 4321 bus
697 4267 761 4322 ad
816 4272 991 4323 minus
1043 4269 1251 4338 puellis,
1276 4280 1334 4325 et
1375 4270 1640 4341 aliquibus
1690 4287 1757 4328 ex
1810 4275 2013 4344 princip
2037 4275 2133 4330 bus

547 4358 778 4428 imperii,
810 4368 915 4412 tam
938 4359 1318 4416 ecclesiasticis
1347 4377 1506 4431 quam
1543 4364 1847 4433 mundanis,
1878 4367 2132 4424 residcat.

618 4449 749 4503 Item
784 4450 1090 4507 Bcnedicio
1132 4453 1330 4522 regina:
1381 4457 1462 4508 vel
1512 4454 1885 4525 imperatricis.
1918 4458 2000 4514 Ad
2048 4460 2132 4514 in-

551 4552 792 4612 gressum
821 4544 1064 4599 ecclesia:
1086 4544 1166 4600 sic
1192 4555 1374 4599 oratur
1405 4563 1419 4599 :

627 4635 958 4704 Omnipotens
1008 4638 1307 4707 sempiterna
1354 4638 1507 4705 Deus,
1543 4643 1659 4711 fons
1698 4651 1745 4697 et
1794 4643 1936 4713 origo
1985 4646 2140 4703 tatius

548 4728 812 4794 bonitatis,
861 4729 950 4798 qui
999 4730 1203 4798 feminei
1246 4745 1398 4784 sexus
1443 4732 1772 4803 fragilitatem
1822 4752 2140 4808 nequaquam

546 4819 874 4888 rcpnbnnda
903 4821 1108 4885 avertis,
1140 4820 1229 4873 sed
1258 4822 1525 4891 dignanter
1564 4827 1942 4893 comprobanda
1971 4831 2141 4899 potius

546 4910 733 4979 eligis;
761 4912 966 4979 etquod
1010 4910 1219 4978 infirma
1245 4913 1423 4967 mundi
1449 4913 1678 4982 eligendo
1720 4918 1878 4986 fortia
1927 4935 2140 4990 quaeque

548 5002 867 5071 confundere
895 5001 1173 5067 decrevisti,
1206 5003 1391 5074 quique
1433 5006 1585 5059 «tiam
1628 5006 1807 5077 gloria:
1846 5011 2141 5082 virtutisque

548 5104 660 5148 tua:
686 5092 999 5163 triumphum
1028 5094 1079 5148 in
1107 5110 1262 5149 manu
1281 5094 1485 5166 femina:
1510 5098 1628 5150 olim
1654 5096 1892 5154 Judaica:
1920 5103 2052 5172 plebi
2077 5106 2141 5159 de

550 5190 704 5242 haste
723 5189 999 5243 stcrissima
1022 5189 1280 5262 resignare
1322 5189 1523 5243 valuisti
1538 5206 1558 5257 ;
1586 5193 1800 5261 respice,
1826 5211 2141 5265 qutrsumus,

558 5285 629 5334 ait
673 5299 843 5350 preces
894 5284 1193 5339 humilitatis
1219 5291 1423 5352 nostra,
1453 5292 1502 5337 et
1545 5300 1697 5352 super
1722 5287 1855 5341 hanc
1896 5288 2144 5359 famulam

556 5384 703 5425 tuam
736 5373 832 5438 N.,
856 5392 1010 5445 quam
1038 5374 1262 5444 supplici
1301 5374 1564 5429 devotione
1608 5376 1661 5430 in
1697 5378 1945 5448 reginam,
1974 5380 2049 5433 vel
2090 5380 2143 5434 in

560 5466 1230 5540 imperatricem,el'gimus,
1254 5466 1389 5521 Bene
1412 5465 1454 5538 -χ-
1480 5468 1757 5522 dictionum
1783 5478 1985 5524 tuarum
2010 5472 2145 5527 dona

560 5555 874 5624 suultiplica,
893 5574 1104 5628 eamque
1132 5558 1341 5612 dextera
1360 5559 1597 5628 potentia:
1625 5570 1725 5615 tute
1747 5577 1945 5633 semper
1963 5576 2011 5618 et
2038 5564 2123 5618 ubi
2131 5594 2150 5605 -

555 5662 665 5710 que
694 5647 993 5712 circumda;
1019 5658 1074 5702 ut
1103 5658 1149 5702 et
1178 5649 1315 5703 dono
1344 5650 1418 5704 tui
1442 5651 1667 5704 muneris
1694 5653 1915 5723 undique
1939 5655 2151 5723 ﬁrmiter

2143 3177 2190 3241 C

2206 1934 2407 1988 habitas
2461 1931 2877 1998 inaccessibilcm,
2923 1936 3072 2005 cujus
3118 1935 3437 2005 providentia
3484 1936 3539 1990 in
3583 1954 3680 1990 sua
3717 1938 3793 1990 di-

2208 2027 2486 2097 spositione
2551 2042 2654 2080 non
2705 2025 2939 2096 fallitur,
2995 2027 3083 2095 qui
3128 2026 3290 2097 fecisti
3343 2043 3405 2080 ea
3458 2043 3574 2096 qua:
3620 2031 3793 2097 futura

2211 2129 2349 2183 sunt,
2408 2126 2453 2171 et
2501 2132 2649 2171 vocas
2698 2132 2761 2170 ea
2810 2131 2926 2187 quae
2974 2132 3075 2170 non
3112 2127 3231 2171 sunt
3276 2125 3526 2186 tanquam
3581 2133 3644 2170 ea
3685 2132 3795 2187 quc

2212 2216 2368 2272 sunt;
2418 2207 2503 2277 qui
2533 2207 2779 2277 superbos
2818 2222 2963 2278 (equo
3016 2208 3361 2263 moderamine
3399 2209 3464 2262 de
3516 2209 3796 2280 principatu

2214 2297 2413 2366 dejicis,
2442 2308 2590 2367 atque
2632 2297 2847 2351 humiles
2877 2298 3144 2370 dignanter
3184 2299 3236 2353 in
3273 2299 3491 2353 sublime
3534 2300 3797 2370 praecisis;

2212 2395 2520 2464 ine/i'abilem
2569 2394 2973 2450 misericordiam
3014 2404 3153 2448 luant
3203 2395 3459 2464 supplices
3504 2410 3791 2455 exoramus,

2214 2498 2272 2543 ut
2303 2490 2433 2543 sicut
2481 2486 2688 2553 Esther,
2734 2487 3036 2542 Israelitica
3074 2503 3231 2542 causa
3270 2486 3468 2550 salutis,
3521 2486 3584 2540 de
3636 2488 3793 2553 capti-

2216 2580 2386 2635 vitatis
2412 2596 2517 2634 suce
2559 2578 2800 2650 compede
2841 2578 3065 2633 solutam
3100 2578 3170 2633 ad
3213 2579 3343 2649 regis
3372 2579 3588 2633 Assueri
3628 2579 3797 2631 thala-

2217 2692 2354 2730 mum
2404 2678 2645 2747 regnique
2685 2677 2764 2730 sui
2810 2676 3123 2730 consortium
3164 2675 3384 2729 transire
3427 2675 3632 2744 fecisti,
3681 2674 3800 2727 hanc

2217 2767 2469 2837 famulam
2499 2778 2637 2820 tuam
2670 2766 2745 2821 Ν.
2779 2765 3085 2820 humilitatis
3116 2776 3303 2821 nostra
3330 2765 3470 2820 Bene
3493 2766 3536 2836 -ζ-
3562 2766 3799 2830 dictione,

2217 2859 2511 2914 christiana:
2539 2857 2699 2928 plebis
2725 2857 2904 2911 salutis
2933 2857 3121 2929 gratia,
3152 2858 3222 2910 ad
3250 2858 3462 2927 dignam
3512 2857 3802 2910 sublimem-

2218 2967 2318 3022 que
2343 2950 2500 3019 regis,
2527 2950 2604 3003 vel
2627 2949 2973 3020 imperatoris,
2996 2948 3154 3002 nostri
3176 2945 3439 3018 copulam,
3471 2955 3521 3000 et
3547 2946 3713 3017 regni,
3736 2952 3803 2999 cet

2220 3041 2447 3112 imperii,
2476 3040 2560 3093 sui
2590 3038 2900 3107 principium
2946 3038 3343 3091 misericorditer
3370 3038 3597 3090 transire
3635 3052 3806 3090 conce-

2221 3133 2346 3197 das;
2378 3140 2500 3185 etut
2530 3130 2837 3198 imprrialis,
2869 3130 2945 3184 rel
2975 3129 3185 3199 regalis,
3215 3129 3404 3199 foedere
3423 3128 3656 3199 canjugri
3679 3143 3807 3181 sem-

2222 3239 2312 3293 per
2336 3238 2641 3292 permanens
2679 3222 2890 3292 pudica,
2934 3221 3223 3290 proximam
3262 3220 3551 3292 virginitati
3591 3220 3807 3288 palmaris

2223 3315 2481 3369 continere
2504 3322 2675 3383 queat,
2698 3313 2885 3385 tibique
2911 3311 3019 3367 Dea
3048 3313 3156 3366 vivo
3184 3321 3233 3366 et
3260 3328 3375 3366 vero
3400 3311 3455 3365 in
3482 3313 3741 3381 omnibus,
3765 3324 3808 3366 et

2224 3419 2380 3473 super
2400 3404 2572 3457 omnia
2591 3402 2787 3474 jugiter
2812 3402 3016 3469 placere
3038 3401 3308 3467 desideret,
3340 3410 3412 3464 et,
3438 3410 3487 3453 te
3508 3401 3804 3472 inspirante,

2227 3511 2344 3567 qua!
2374 3494 2459 3548 tibi
2487 3494 2676 3566 placita
2706 3502 2843 3562 sunt,
2870 3501 2976 3549 toto
3005 3492 3157 3548 corde
3180 3492 3431 3561 perficiat.
3462 3490 3592 3546 Per.

2296 3606 2365 3661 In
2392 3608 2527 3661 sacri
2554 3606 2653 3661 olei
2695 3607 2952 3661 unctione.
2974 3634 3043 3646 —-
3072 3604 3301 3673 Spiritus
3339 3604 3508 3658 sancti
3531 3605 3698 3676 gratia
3723 3621 3810 3659 no—

2227 3709 2346 3753 stra:
2368 3698 2683 3752 humilitatis
2709 3698 2873 3767 officio
2906 3698 3022 3751 vita:
3046 3697 3253 3767 capiasa
3283 3695 3583 3764 descendat,
3613 3706 3667 3748 ut
3692 3697 3815 3751 sicut

2228 3790 2465 3843 manibus
2505 3788 2716 3858 nostiis,
2756 3787 2877 3842 licet
2921 3787 3165 3859 indignis,
3216 3785 3331 3841 oleo
3379 3786 3630 3840 materiali
3666 3787 3816 3841 oblita

2232 3879 2522 3950 pinguescis
2546 3860 2787 3944 exterius,
2812 3879 2885 3931 ita
2911 3879 3023 3950 ejus
3052 3876 3290 3932 invisibili
3316 3877 3581 3948 ungimine
3598 3877 3818 3931 delibuta

2234 3973 2551 4044 impinguari
2600 3974 2843 4027 merearis
2880 3972 3126 4036 interius;
3168 3973 3377 4043 ejusque
3416 3973 3683 4039 spirituali
3732 3989 3820 4026 stn-

2236 4066 2404 4121 ctione
2430 4063 2795 4132 perfectissime
2815 4079 3015 4134 semper
3039 4062 3253 4126 imbuta,
3285 4072 3331 4116 et
3359 4062 3540 4116 illicita
3570 4063 3822 4118 declinare

2233 4167 2339 4213 tata
2368 4165 2535 4210 mente
2562 4164 2611 4211 et
2639 4171 2881 4224 spernere
2920 4156 3089 4210 discas
3136 4162 3183 4208 et
3215 4154 3404 4219 valeas,
3441 4162 3491 4208 et
3520 4155 3671 4208 utilia
3709 4156 3821 4207 ani-

2236 4264 2333 4303 ma:
2378 4256 2480 4303 tua:
2510 4247 2738 4317 cogitare
2770 4247 2988 4319 jugiter,
3015 4255 3217 4315 aptare,
3260 4255 3414 4315 atque
3443 4246 3649 4314 operari
3670 4262 3822 4315 queas

2235 4345 2285 4392 et
2326 4348 2493 4406 optes,
2522 4336 2809 4389 auxiliante
2855 4336 3078 4397 Domina
3122 4345 3297 4390 nostra
3322 4333 3452 4389 Iesu
3483 4335 3715 4404 Christo,
3740 4336 3822 4406 qui

2238 4445 2350 4482 cum
2374 4426 2535 4483 Patre
2564 4437 2613 4480 et
2644 4426 2847 4495 Spiritu
2873 4439 3068 4483 sancta.

2168 4541 2216 4601 υ
2316 4520 2519 4595 Deinde
2566 4553 2808 4595 summus
2850 4536 3087 4606 pontifcx
3128 4536 3178 4591 ei
3216 4538 3428 4593 mitram
3471 4538 3733 4606 imponat,
3759 4538 3823 4590 ita

2242 4631 2385 4701 quod
2416 4644 2619 4687 cornua
2667 4630 2842 4684 mitra:
2890 4629 3001 4683 sint
3034 4644 3063 4680 a
3095 4627 3301 4683 dextris
3337 4637 3391 4681 et
3429 4642 3460 4680 a
3492 4627 3752 4690 sinistris,
3780 4635 3825 4681 et

2249 4737 2414 4793 super
2447 4724 2663 4777 mitram
2695 4734 2952 4775 coronam
2984 4720 3244 4787 imponat,
3274 4718 3506 4773 dicendo
3532 4737 3546 4769 :

2318 4838 2507 4909 Ofﬁcio
2541 4846 2728 4891 nostrae
2756 4835 3076 4905 indignitatis
3114 4834 3168 4887 in
3197 4834 3451 4903 reginam,
3496 4834 3575 4886 vel
3599 4833 3821 4903 inspera-

2245 4934 2420 4987 tricem
2446 4931 2739 4986 solemniter
2788 4928 3069 4994 benedicta,
3119 4927 3295 4997 accipe
3337 4942 3583 4979 coronam
3626 4928 3826 4997 regalis.

2246 5024 2323 5078 vel
2345 5021 2625 5085 imperialis
2666 5018 3002 5084 excellentiae,
3044 5032 3179 5086 quat,
3214 5016 3330 5069 licet
3356 5016 3421 5070 ab
3448 5016 3701 5086 indignis,
3732 5015 3829 5083 epi-

2247 5110 2536 5183 scopalibus
2563 5116 2734 5163 tamen
2780 5107 3014 5162 manibus
3042 5107 3197 5176 capiti
3227 5115 3317 5159 tua
3345 5106 3662 5177 imponitur;
3706 5107 3831 5159 unde

2250 5202 2382 5255 sicut
2407 5200 2625 5254 exterius
2650 5214 2782 5253 aura
2808 5207 2856 5252 et
2883 5198 3096 5272 gemmis
3124 5196 3364 5250 redimita
3394 5195 3578 5261 enites,
3606 5197 3679 5249 ita
3700 5206 3752 5249 et
3773 5197 3831 5247 in-

2255 5291 2409 5345 terius
2444 5305 2569 5343 aura
2614 5289 2899 5360 sapientiae,
2947 5290 3189 5341 vfrtutum
3219 5286 3429 5357 gemmis
3460 5287 3702 5339 decorari
3726 5302 3831 5338 cart-

2253 5380 2465 5446 tendas;
2485 5378 2649 5450 406
2669 5379 2827 5449 hujus
2848 5379 3023 5432 steculi
3050 5394 3165 5431 cum
3193 5376 3532 5446 prudentibus
3560 5375 3832 5447 virginibus

2251 5488 2437 5543 sponsa
2467 5472 2675 5543 perenni
2706 5470 2930 5525 Domino
2951 5469 3078 5525 Iesu
3107 5468 3313 5525 Christo
3342 5468 3499 5538 digne
3524 5478 3573 5523 et
3598 5469 3827 5522 laudabi-

2254 5566 2369 5618 litcr
2402 5578 2669 5618 occurrens
2696 5563 2895 5632 regina,
2932 5562 3144 5617 calestis
3186 5558 3321 5614 aulte
3361 5562 3612 5614 mercaris
3639 5558 3827 5631 ingredi

2247 5657 2487 5729 januam,
2517 5654 2797 5708 auxiliante
2816 5656 2992 5707 eodem
3020 5651 3233 5707 Domino
3262 5660 3436 5707 nostra
3464 5647 3593 5705 Iesu
3616 5648 3827 5708 Christo.

642 5794 668 5821 ⁸
698 5783 989 5841 Pcctoralis
1018 5786 1231 5843 nomine
1264 5787 1365 5843 boc
1385 5787 1504 5842 loco
1528 5788 1834 5858 intelligitur
1855 5791 2143 5850 cancellos.
2191 5793 2291 5850 Adi
2320 5792 2643 5850 Glossarium
2675 5790 3019 5861 Cangianum.
