4006 6292
196 291 344 352 12ίῦ

1366 296 1625 354 ROMANI
1667 298 1981 358 ORDlNES.
2026 332 2093 343 —
2135 300 2273 357 XIV.

3339 318 3472 373 l‘lili

197 411 280 477 qui
312 424 431 462 cum
464 405 570 460 Deo
603 405 756 461 Patre
801 418 847 461 et
893 407 1092 476 Spiritu
1119 408 1232 462 vivit
1262 418 1309 463 et
1341 419 1522 479 regnat
1550 425 1638 480 per
1664 410 1785 476 in/i-
1814 413 1861 470 Α
1893 411 2126 465 Actiones
2175 421 2396 479 nostras,
2445 427 2612 485 usque
2644 413 2745 470 Per
2799 416 3076 472 Dominum
3109 430 3345 474 nostrum
3388 438 3476 476 se-

197 503 303 554 nita
329 497 518 554 sternit:
549 500 874 551 sazculornm.

274 589 544 642 Coronata
581 603 709 641 vero
742 589 925 658 regina
969 589 1256 643 reducatur
1298 588 1362 642 ad
1396 590 1712 653 thalamum,
1738 598 1794 644 et

205 689 330 749 post
361 678 706 744 livangelium
732 679 958 731 ducatur
981 679 1044 730 ad
1071 680 1186 733 ohla
1217 679 1391 733 ionem
1426 695 1635 733 summo
1661 696 1793 748 pon-

201 772 330 825 tilici
362 769 744 830 exhibendam,
776 779 987 838 stetque
1020 771 1070 822 in
1095 771 1344 838 gradibus
1370 771 1521 840 juxta
1552 771 1790 826 absidam

201 875 392 914 versus
424 859 594 912 altare
634 859 801 910 sancti
837 857 1054 923 Leonis,
1087 859 1258 914 donec
1298 861 1366 914 de
1408 877 1568 914 manu
1595 859 1790 914 sunnni

201 951 471 1024 pOntificis
514 961 634 1021 post
687 951 1066 1018 imperatorem
1117 967 1324 1006 sacram
1384 953 1788 1008 eoronationem

207 1046 462 1114 accipiat;
505 1053 559 1098 et
606 1054 728 1096 tunc
756 1043 820 1096 ad
865 1042 1154 1098 thalamum
1199 1045 1415 1100 reducta
1465 1055 1787 1113 permaneat

202 1153 370 1205 usque
397 1137 461 1190 ad
495 1137 654 1189 finem
685 1135 874 1189 Missae.

273 1229 563 1284 Consuevit
594 1241 772 1281 autem
807 1228 1096 1296 imperator
1136 1228 1279 1296 larga
1315 1228 1644 1298 presbyterio
1675 1245 1790 1282 om-

202 1321 360 1376 nibus
381 1320 659 1376 ordinibus
683 1320 963 1386 exhibere,
987 1320 1180 1391 quibus
1205 1336 1289 1385 ea,
1324 1335 1443 1375 cum
1472 1333 1785 1391 coronatur,

201 1427 450 1468 summus
471 1411 707 1482 pontifex
747 1413 1026 1480 elargitur,
1070 1412 1318 1467 videlicet
1345 1413 1632 1482 episcopis,
1664 1428 1787 1482 pre-

201 1505 432 1575 sbyteris
481 1513 536 1560 et
574 1504 891 1560 diaconibus
935 1504 1320 1571 cardinalibus,
1372 1504 1681 1572 primicerio
1731 1512 1786 1558 et

211 1597 543 1661 cantoribus,
585 1595 944 1662 subdiaconis,
976 1594 1313 1661 basilicariis,
1354 1605 1408 1650 et
1439 1595 1780 1665 regionariis,

200 1695 254 1739 ct
303 1683 634 1738 universitati
676 1685 803 1739 cleri
853 1683 1101 1748 Romani,
1142 1685 1434 1753 capel‘anis
1482 1693 1537 1738 et
1574 1686 1785 1738 caeteris

201 1775 543 1841 ofﬁcialihus,
575 1783 628 1830 et
655 1775 1089 1830 ministerialibus
1111 1777 1296 1842 curiae,
1324 1777 1577 1845 przefecto
1601 1774 1781 1842 Urbis,

200 1868 560 1933 senatoribus,
603 1867 897 1938 iudicibus,
939 1869 1233 1938 advomtis,
1284 1881 1338 1926 et
1379 1871 1692 1948 scriniariis,
1724 1886 1786 1925 ac
1826 1845 1865 1903 Β

202 1960 469 2029 prwfectis
509 1961 798 2016 navalium.

279 2051 570 2108 Consuevit
601 2061 778 2110 autem
814 2070 934 2120 rex,
965 2055 1178 2124 quando
1209 2056 1486 2111 descendit
1519 2056 1584 2110 de
1609 2056 1787 2112 Monte

206 2144 418 2214 Gaudii,
449 2155 503 2202 et
529 2147 675 2202 venit
711 2147 777 2201 ad
826 2148 1194 2214 Ponticellum,
1231 2158 1485 2216 praestare
1515 2148 1613 2203 hoc
1648 2148 1788 2218 jura-

200 2245 440 2291 tnentum
491 2237 746 2293 Romanis
781 2253 797 2294 :
830 2257 849 2291 ι
885 2239 992 2304 Ego
1019 2239 1161 2293 enim
1208 2240 1271 2292 Ν.
1314 2254 1408 2294 rex
1438 2238 1647 2294 futurus
1690 2240 1791 2294 iut-

201 2340 418 2400 perator
445 2329 568 2399 juro
609 2345 696 2386 me
737 2341 1072 2387 servaturum
1128 2331 1387 2384 Romanis
1443 2331 1611 2386 bonas
1662 2347 1790 2386 con-

199 2421 515 2478 suetudines
543 2437 696 2489 suas;
726 2423 804 2480 sic
835 2438 919 2478 me
951 2423 1091 2478 Deus
1116 2422 1354 2493 adjuvet,
1382 2434 1433 2478 et
1459 2422 1574 2478 hzec
1603 2431 1788 2478 sanc'a

205 2512 299 2568 Dei
336 2515 642 2584 Evangelia.
681 2532 699 2566 ι

282 2605 515 2659 Ruhrica
566 2620 684 2675 qum
741 2604 962 2659 inferius
1015 2605 1228 2672 ponitur
1275 2605 1370 2659 fuit
1425 2603 1666 2659 ordinata
1723 2604 1789 2659 de

208 2695 460 2751 mandato
489 2696 686 2750 domini
718 2694 1009 2752 Clementis
1036 2713 1186 2767 papa:
1228 2698 1267 2751 V
1301 2713 1394 2766 per
1432 2696 1637 2766 aliquos
1665 2712 1788 2752 car-

203 2785 435 2850 dinales,
463 2786 660 2856 quibus
696 2787 798 2841 hoc
828 2787 881 2841 in
926 2788 1248 2842 consistorio
1286 2787 1630 2842 commissum
1669 2787 1786 2851 fuit,

204 2893 326 2932 cum
357 2877 626 2934 Robertus
659 2893 747 2932 rex
799 2877 996 2934 Siciliae
1025 2893 1145 2932 cum
1175 2892 1269 2932 sua
1317 2876 1542 2946 conjuge
1582 2884 1790 2946 peteret

205 2973 518 3028 unctionem
570 2982 624 3027 et
662 2973 1070 3030 coronationem
1118 2970 1259 3039 apud
1291 2971 1646 3034 Avenionem,
1694 2970 1784 3025 ubi

205 3074 337 3118 tunc
363 3065 603 3120 Romana
636 3065 782 3120 curia
821 3065 1114 3120 residebat.
1149 3062 1281 3118 Nam
1316 3063 1450 3117 nihil
1481 3062 1788 3118 invenieba-

1898 501 2087 555 cuuda:
2125 501 2414 568 Orationis,
2451 515 2606 571 prout
2631 519 2790 573 supra
2818 507 2883 561 de
2912 507 3250 576 imperatore.
3276 511 3480 578 Quibus

1901 591 2084 659 ﬁnitis,
2119 608 2210 646 rex
2242 605 2443 665 surgat.
2483 596 2665 649 Posset
2697 597 2857 651 etiam
2898 599 3041 667 quod
3073 599 3272 655 dictum
3305 611 3388 655 est
3411 603 3478 656 de

1895 679 2076 734 litania
2109 681 2404 737 Versiculis
2433 692 2486 737 et
2509 685 2873 753 Orationibus,
2900 687 3014 742 ﬁeri
3041 704 3132 758 per
3164 691 3473 761 episcopum

1893 771 2244 839 cardinafcm,
2275 773 2367 842 qui
2395 790 2516 828 eum
2547 777 2763 846 inunget
2784 777 2934 847 juxta
2961 780 3174 849 aliquod
3215 783 3380 836 altare
3407 783 3472 835 ad

1896 872 2123 929 partem,
2153 872 2207 918 et
2236 863 2305 918 ibi
2339 877 2693 934 prosequatur
2733 869 3073 936 postmodum
3100 870 3336 926 ofﬁcium
3379 887 3477 926 un-

1892 951 2108 1015 ctionis,
2162 963 2215 1007 et
2257 953 2356 1008 alia
2387 971 2504 1022 qua:
2536 957 2878 1024 incumbunt;
2911 967 3087 1014 tamen
3135 962 3474 1016 Ordinarium

1895 1042 2024 1095 dicit
2053 1042 2119 1098 de
2159 1044 2484 1114 imperatore
2527 1048 2668 1118 quod
2704 1047 2859 1105 Pater
2907 1060 3098 1118 noster,
3132 1050 3393 1110 Versiculi
3423 1064 3481 1110 t-t

1892 1130 2176 1188 Orationes
2207 1137 2477 1204 praedicta:
2516 1138 2765 1195 dicuntur
2797 1154 2890 1210 per
2923 1142 3157 1210 priorem
3203 1146 3478 1216 presbyte-

1893 1236 2074 1275 rorum
2105 1225 2476 1282 cardinalium.

1969 1313 2096 1367 Post
2151 1316 2263 1369 haec
2304 1316 2453 1385 juxta
2493 1319 2712 1387 aliquod
2759 1320 2950 1386 altare,
3002 1321 3147 1375 aliud
3186 1331 3386 1388 tamen,
3433 1324 3478 1377 si

1895 1404 2150 1472 possibile
2179 1413 2283 1469 est,
2309 1407 2375 1461 ab
2419 1408 2574 1462 altari
2606 1409 2810 1464 domini
2843 1424 3016 1480 papae,
3062 1412 3327 1466 Ostiensis
3358 1413 3473 1479 epi-

1890 1515 2083 1570 scopus
2132 1511 2292 1572 ungat
2344 1518 2464 1556 eum
2501 1503 2568 1557 de
2615 1503 2739 1559 oleo
2786 1507 3091 1560 exorcizato
3137 1521 3298 1575 super
3343 1506 3469 1560 bra-

1895 1591 2075 1646 chium
2117 1593 2383 1660 dextrum,
2433 1601 2488 1646 et
2513 1593 2650 1647 inter
2694 1594 2962 1662 scapulas,
2992 1604 3043 1650 et
3088 1610 3201 1659 cas,
3240 1595 3286 1650 si
3313 1595 3462 1658 velit,

1893 1685 2114 1754 inungat
2137 1683 2239 1739 sibi
2273 1698 2462 1739 manus
2492 1692 2547 1738 et
2579 1693 2783 1754 pectus,
2819 1696 2872 1740 et
2910 1685 3153 1754 scapulas
3183 1686 3472 1754 ambasque

1893 1790 2181 1844 compages
2233 1773 2572 1830 brachiorum
2620 1773 2736 1844 ejus
2765 1814 2780 1842 ,
2838 1774 2976 1830 hanc
3022 1776 3332 1830 Orationem
3389 1774 3476 1828 dt-

1895 1869 2084 1931 cenda,
2119 1875 2274 1935 prout
2294 1865 2560 1936 sequitur,
2592 1867 2725 1920 Deus
2758 1869 3095 1936 omnipotens,
3121 1877 3248 1930 etc.,
3277 1877 3477 1921 mutatu

1896 1960 1985 2015 ubi
2013 1959 2209 2014 dicitur
2241 1957 2598 2027 Imperatoriae
2631 1959 2921 2030 dignitatis,
2953 1960 3159 2014 dicatur
3184 1960 3359 2030 Regia:
3394 1960 3478 2012 di-

1893 2056 2138 2126 gnitatis;
2162 2063 2216 2107 et
2248 2053 2333 2108 ubi
2368 2052 2576 2105 dicatur
2605 2052 2686 2103 Ad
2728 2051 3000 2121 regendam
3027 2050 3306 2104 Ecclesium
3339 2061 3476 2103 tuam

1895 2157 2145 2208 sanctam,
2170 2154 2297 2206 etc.,
2328 2152 2380 2196 ut
2419 2141 2679 2209 sequitur.
2713 2142 2839 2194 ltetn
2870 2140 2975 2194 alia
3015 2141 3220 2205 Oratio,
3249 2141 3475 2192 dicendo

1897 2235 2032 2291 Deus
2063 2236 2152 2289 Dei
2186 2234 2376 2299 Filius,
2410 2249 2578 2304 usque
2608 2235 2658 2288 itt
2691 2234 2873 2287 linem.
2911 2233 2976 2288 Et
3003 2232 3126 2287 hinc
3168 2232 3476 2286 immediate

1898 2339 2016 2400 post
2049 2343 2228 2397 regem
2262 2328 2420 2382 debet
2452 2328 2633 2396 regina
2666 2327 2869 2396 inungi.

1966 2419 2061 2474 llis
2093 2421 2272 2487 itaque
2319 2420 2569 2486 peractis,
2601 2433 2693 2473 rex
2729 2418 2975 2487 pretiosis
3005 2427 3059 2474 et
3097 2417 3364 2489 regalibus
3390 2418 3476 2471 iu-

1895 2513 2166 2568 dumentis
2215 2511 2430 2567 indutus
2472 2512 2725 2566 ascendat
2774 2512 2838 2566 ad
2871 2512 3060 2573 altare,
3096 2513 3182 2566 ubi
3236 2526 3478 2564 summus

1894 2605 2133 2674 pontifex
2166 2605 2389 2674 recipiat
2433 2619 2554 2658 eum
2594 2605 2671 2657 ad-
2691 2604 2931 2658 osculum
2971 2604 3083 2659 oris
3129 2614 3182 2658 et
3221 2603 3473 2670 pectoris,

1894 2704 2026 2750 sicut
2061 2712 2222 2749 unum
2253 2711 2317 2751 ex
2359 2695 2672 2750 diaconibus
2718 2695 3104 2760 cardinalibus,
3137 2693 3301 2764 408
3331 2693 3476 2746 scili-

1894 2799 1979 2844 cet
2009 2798 2130 2857 post
2160 2788 2387 2858 primum
2413 2787 2698 2843 diaconum
2729 2785 3052 2842 cardinah-m
3078 2804 3092 2853 ;
3132 2787 3350 2855 ipseque
3375 2800 3470 2839 rex

1893 2882 2157 2950 procedat
2199 2880 2265 2934 ad
2300 2881 2560 2950 pulpitum
2609 2895 2704 2936 seu
2751 2881 3055 2944 ainbonem,
3092 2879 3178 2934 ubi
3211 2878 3477 2932 thalamus

1892 2981 2234 3027 εοιιειτυοιιιε
2264 2980 2367 3035 est,
2394 2983 2452 3025 ut
2477 2978 2639 3040 supra
2669 2973 2719 3026 in
2751 2972 2958 3027 rubrica
2988 2971 3325 3041 imperatoris
3348 2984 3477 3024 con-

1899 3065 2129 3120 tinetur.
2160 3063 2351 3119 Omnia
2385 3063 2637 3133 prtedicta
2671 3063 2799 3116 [iant
2840 3073 2963 3118 ante
3011 3063 3308 3116 lntroitum.
3336 3060 3476 3114 Can-

207 3163 296 3207 tur
342 3154 534 3210 litteris
567 3155 842 3222 traditum,
889 3154 1122 3224 qualiter
1155 3167 1308 3223 reges
1348 3161 1404 3208 et
1451 3155 1648 3223 regina:
1688 3153 1784 3207 dc-
1818 3188 1862 3248 C
1895 3166 2005 3211 tato
2036 3156 2277 3220 lntroitu,
2303 3165 2423 3224 post
2452 3154 2638 3226 Kyrie,
2667 3155 2858 3210 eleison
2887 3165 2941 3210 et
2972 3154 3236 3225 Ilymnum
3265 3152 3479 3222 Angeli-

203 3245 334 3302 bent
363 3248 542 3319 inungi
571 3258 624 3302 et
650 3249 924 3315 coronari,
968 3263 1034 3303 eo
1076 3248 1218 3318 quod
1261 3247 1312 3301 in
1347 3246 1645 3301 Pontilicafi
1677 3244 1787 3297 Ro-

205 3351 368 3390 mano
400 3352 505 3391 non
545 3337 793 3404 habetur,
824 3337 926 3392 nisi
975 3338 1044 3393 de
1080 3339 1336 3392 unctione
1362 3346 1417 3391 et
1445 3336 1790 3391 coronatione

206 3425 553 3491 imperatoris
580 3435 634 3478 et
662 3425 1036 3494 imperatricis.
1076 3427 1302 3495 Propter
1323 3425 1466 3495 quod
1497 3426 1564 3480 de
1596 3424 1790 3494 prtedi-

200 3524 296 3566 cto
325 3514 626 3567 Pontiﬁcali
663 3514 774 3568 lucc
801 3515 1014 3570 rubrica
1043 3525 1280 3571 extracta
1307 3526 1413 3583 est,
1446 3516 1666 3582 additis,
1699 3515 1790 3572 de-

204 3606 422 3678 tractis,
454 3614 511 3660 et
541 3606 764 3658 mutatis
805 3605 1147 3673 quibusdam,
1193 3622 1312 3674 qua:
1359 3606 1427 3660 ad
1465 3607 1650 3661 eadetn
1685 3622 1791 3660 non

202 3701 524 3764 competunt
551 3694 668 3748 aliis
696 3694 909 3761 regibus
936 3706 1057 3761 qua}
1079 3695 1352 3748 observari
1379 3705 1588 3763 oportet
1614 3696 1666 3749 iu
1696 3712 1793 3750 un-

204 3785 392 3842 ctione
419 3793 473 3839 et
501 3783 854 3840 coronatione
877 3783 1240 3852 imperatoris.

283 3896 443 3968 407
484 3895 644 3952 CVII.
707 3895 785 3951 De
828 3897 1067 3968 unctione
1118 3905 1164 3949 et
1213 3897 1544 3950 coronatione
1589 3897 1720 3964 regis

887 3967 1116 4020 rubrica.

282 4076 339 4130 lu
371 4076 621 4132 unctione
654 4087 707 4131 ct
752 4077 1102 4131 coronatione
1142 4076 1282 4145 regis
1325 4083 1502 4144 potest
1531 4075 1794 4130 decenter

210 4166 407 4222 modus
433 4168 519 4236 qui
552 4166 794 4236 sequitur
839 4166 1140 4222 observari.
1172 4166 1303 4220 Nam
1349 4166 1439 4220 illa
1470 4165 1686 4235 quidem
1719 4166 1795 4220 vi-

209 4259 404 4312 dentur
435 4256 722 4324 servanda,
754 4272 874 4326 qua;
903 4256 955 4310 in
993 4259 1319 4322 imperatore
1348 4266 1654 4319 servantur,
1697 4269 1793 4308 ex-

209 4348 385 4416 ceptis
411 4345 725 4416 quibusdam
769 4362 886 4417 qua:
935 4347 1037 4403 soli
1069 4345 1379 4416 imperatori
1429 4349 1697 4416 pertinere
1728 4347 1798 4400 di-

211 4448 522 4493 noscuntur.

1896 3260 2017 3303 cum
2040 3246 2403 3310 decantatum,
2451 3259 2692 3299 summus
2735 3244 2971 3313 pontifex
3001 3243 3131 3299 dicit
3168 3243 3475 3298 Orationem

1894 3353 2018 3393 cum
2053 3348 2238 3400 cantu,
2285 3352 2402 3402 quae
2430 3335 2682 3402 competit
2713 3335 2812 3405 ipsi
2855 3335 2980 3399 diei,
3025 3344 3079 3388 et
3106 3334 3242 3388 hanc
3271 3334 3481 3388 Oratio-

1893 3443 2016 3485 nem
2046 3429 2100 3483 in
2126 3426 2319 3482 eodem
2350 3426 2545 3482 throno
2572 3440 2667 3496 pro
2697 3441 2844 3496 rege.
2882 3424 3019 3478 Deus
3047 3424 3278 3477 omnium
3297 3437 3481 3493 regno-

1895 3540 2010 3578 runt
2055 3533 2328 3592 protector,
2360 3522 2428 3576 da
2456 3538 2598 3576 servo
2645 3531 2731 3576 tuo
2763 3521 2836 3574 Ν.
2870 3522 2977 3591 regi
3024 3531 3220 3586 nostra,
3251 3529 3382 3582 etc.,
3424 3527 3483 3570 ut

1895 3618 2158 3684 sequitur.
2190 3614 2520 3669 Removetur
2545 3612 2688 3667 enim
2731 3611 2797 3666 de
2822 3611 3082 3668 Oratione
3113 3609 3178 3662 Et
3209 3607 3480 3662 christiani

1894 3707 2119 3775 imperii,
2147 3716 2202 3760 et
2229 3705 2452 3759 verbum
2485 3703 2832 3776 Imperatori;
2854 3712 2907 3758 et
2935 3703 3025 3757 ubi
3057 3702 3188 3756 dicit
3217 3699 3309 3753 Est
3339 3700 3483 3762 prin-

1896 3811 2034 3864 ceps,
2085 3795 2288 3848 dicatur
2334 3794 2427 3848 Est
2469 3811 2579 3860 rex,
2613 3796 2665 3848 in
2717 3795 2960 3852 Secreta.
3003 3794 3186 3849 Oratio
3234 3791 3477 3857 Suscipe,

1897 3884 2140 3952 Domine,
2173 3886 2311 3940 sicut
2329 3885 2496 3954 jacet,
2546 3895 2605 3939 ut
2644 3899 2803 3953 supra
2833 3903 2847 3952 ;
2882 3894 3000 3953 post
3047 3884 3480 3939 communionem

1897 3992 2028 4031 vero
2063 3975 2181 4030 loco
2226 3973 2500 4028 Orationis
2545 3972 2699 4037 Deus,
2738 3975 2826 4043 qui
2866 3975 2932 4026 ad
2983 3974 3390 4041 μτωιιὶοαηάωιι,
3427 3981 3483 4022 ut

1902 4086 2088 4139 supra,
2146 4069 2356 4123 dicatur
2409 4067 2592 4122 Oratio
2645 4083 2764 4136 qua:
2814 4068 3057 4137 sequitur
3097 4084 3109 4118 :
3155 4065 3486 4131 Omnipotens

1903 4163 2208 4230 sempiterna
2238 4159 2392 4224 Deus,
2424 4159 2678 4229 pra'tende
2707 4158 2901 4228 famulo
2941 4168 3028 4210 tuo
3069 4157 3140 4211 Ν.
3176 4158 3283 4226 regi
3313 4165 3486 4208 nastro

1901 4267 2047 4304 arma
2076 4250 2320 4317 caelestia,
2352 4259 2406 4302 ut
2453 4265 2556 4319 pax
2591 4249 2815 4303 ecclesite
2844 4249 2987 4302 nulla
3026 4249 3255 4302 turbetur
3283 4257 3472 4317 tempe-

1900 4358 2032 4402 state
2063 4347 2331 4401 beflarum.
2369 4346 2468 4401 Per
2490 4346 2792 4410 Dominum,
2822 4357 2925 4401 etc.

1974 4450 2219 4517 Cumque
2260 4448 2396 4502 lecta
2431 4448 2590 4502 ftterit
2631 4447 2872 4515 Epistula
2917 4457 2968 4500 et
2999 4444 3265 4501 Graduale
3303 4452 3489 4498 canta-

287 4528 342 4581 In
381 4529 566 4595 primis
591 4530 775 4596 itaque
807 4531 1056 4584 dominus
1081 4540 1266 4585 noster
1295 4545 1534 4586 summus
1559 4531 1792 4598 pontifex
1831 4563 1877 4623 υ
1908 4550 2040 4606 “In,
2069 4556 2160 4594 rex
2195 4539 2449 4609 procedat
2478 4539 2949 4609 processjonaliter
2987 4540 3052 4592 ad
3087 4539 3278 4601 altare,
3326 4551 3487 4605 super

214 4619 492 4686 ingressus
525 4621 833 4686 ecclesiam,
879 4621 1059 4691 ibique
1093 4633 1310 4690 paratus
1342 4622 1584 4677 vestibus
1629 4625 1797 4678 sacris

211 4710 413 4765 coloris
443 4714 811 4768 convenientis
842 4716 1091 4780 tempori,
1116 4732 1257 4770 nunc
1285 4717 1493 4772 scilicet
1516 4717 1794 4784 viridibus,

210 4813 271 4858 ut
301 4813 386 4858 est
417 4805 602 4870 moris,
631 4821 750 4858 etnn
775 4807 1056 4861 ordinibus
1079 4808 1190 4861 suis
1219 4807 1286 4861 ad
1318 4809 1486 4862 altare
1514 4809 1791 4874 ascendat,

210 4908 268 4953 ct
306 4897 530 4964 sedeat;
581 4907 636 4952 et
663 4909 949 4966 antequam
994 4900 1280 4968 incipiatur
1320 4900 1569 4955 lntroitus
1600 4901 1794 4966 Missa},

209 5004 308 5045 rex
337 4989 613 5057 ingressus
639 4989 946 5055 ecclesiam,
979 5005 1099 5044 cum
1129 4989 1193 5043 ad
1224 4989 1620 5045 confessionem
1653 4991 1794 5048 beati

208 5079 358 5134 Petri
405 5078 733 5148 pervenerit,
776 5094 870 5133 seu
913 5094 1034 5134 cum
1086 5081 1392 5148 pervenerit
1433 5090 1560 5136 ante
1601 5082 1792 5151 altare,

209 5181 520 5240 prosternat
548 5185 606 5225 se
630 5185 832 5240 pronus
858 5170 912 5225 in
949 5181 1169 5234 terram,
1202 5181 1255 5225 et
1280 5172 1472 5240 aliquis
1514 5171 1797 5227 subdiaco-

212 5280 316 5318 nus
343 5262 549 5318 domini
584 5278 732 5333 papaz
753 5278 918 5332 super
943 5279 1065 5318 eum
1101 5263 1257 5320 faciat
1298 5265 1556 5331 litaniam,
1589 5269 1798 5321 (κρυ-τῖε

213 5351 636 5408 subdiacouibus
680 5363 734 5408 et
761 5353 1052 5424 capellanis
1083 5355 1136 5408 in
1189 5355 1300 5422 ipsa
1346 5355 1530 5408 litania
1575 5370 1796 5424 respon-

211 5447 488 5511 dentibus,
514 5456 571 5500 ιιι.
598 5447 732 5500 alias
761 5446 873 5501 fieri
906 5449 1206 5502 consuevit.

287 5541 402 5606 Qua
430 5540 600 5603 finita,
625 5540 776 5607 prior
808 5541 1243 5611 presbyterorum
1275 5541 1626 5596 cardinalium
1656 5543 1797 5596 dicat

217 5628 379 5682 Pater
401 5641 588 5694 noster,
622 5646 742 5684 cum
773 5633 892 5685 aliis
919 5631 1207 5686 Versiculis
1238 5644 1288 5686 t-t
1321 5633 1713 5701 Responsoriis,
1743 5647 1796 5688 et

211 5721 422 5777 dUtlbllS
445 5722 802 5789 Orationibus,
833 5723 1055 5788 scilicet,
1087 5722 1375 5787 Prrrtende,
1409 5741 1716 5793 qutvsumns,
1744 5737 1796 5779 et

1905 4647 2011 4702 quo
2039 4632 2203 4686 debet
2240 4645 2480 4685 summus
2510 4629 2745 4699 pontifex
2776 4631 3050 4684 Missarutn
3095 4627 3355 4684 solemnia
3397 4641 3487 4680 ce-

1907 4723 2158 4787 lebrare;
2209 4723 2431 4790 ipseque
2461 4735 2551 4774 rex
2587 4730 2942 4789 przesentatur
2977 4735 3156 4772 eorum
3197 4717 3352 4770 altari
3386 4715 3482 4770 do-

1905 4815 2052 4870 mino
2083 4829 2231 4884 papa:
2283 4815 2332 4868 in
2379 4812 2798 4882 supereminenti
2839 4813 3053 4881 specula
3094 4811 3378 4865 residente.
3413 4809 3482 4862 Iis

1905 4906 2092 4977 gestis,
2125 4907 2188 4960 ad
2226 4906 2397 4960 altare
2441 4906 2661 4960 accedat
2692 4905 2943 4959 dominus
2974 4918 3130 4973 papa,
3176 4908 3233 4956 et
3254 4901 3488 4970 gladiunt

1905 4998 2246 5067 evaginatum
2274 4996 2341 5051 de
2383 4997 2570 5065 vagina
2624 4994 2811 5060 sumit,
2856 5005 2909 5049 et
2938 4995 3048 5063 regi
3093 4992 3275 5055 tradit,
3304 4991 3492 5045 dicens

1903 5087 2090 5154 Accipe
2133 5086 2385 5158 gladium,
2420 5099 2552 5153 etc.,
2597 5101 2765 5153 usque
2811 5085 2880 5138 ad
2935 5088 3129 5148 linem;
3164 5083 3264 5137 hoc
3315 5082 3493 5147 salvo,

1905 5179 2047 5247 quod
2099 5179 2186 5233 ubi
2225 5178 2420 5233 dicitur
2472 5179 2704 5247 Desuper
2749 5193 2964 5246 corpore
2991 5177 3123 5230 beati
3169 5173 3320 5229 Petri
3352 5191 3494 5228 sum-

1907 5283 2069 5343 ptum,
2100 5273 2180 5325 vel
2211 5273 2506 5332 omittatur,
2539 5271 2622 5325 vel
2653 5272 2859 5326 dicatur
2887 5270 2966 5324 De
2993 5286 3140 5324 sacro
3169 5269 3322 5322 altari
3343 5284 3490 5320 sunt-

1907 5373 2085 5434 ptum;
2117 5373 2170 5418 et
2197 5365 2360 5418 etiam
2393 5361 2480 5416 ubi
2508 5362 2700 5416 dicitur
2731 5362 3091 5431 lmperialiter,
3126 5361 3338 5415 dicatur
3369 5358 3486 5413 lle-

1903 5457 2106 5526 galiter.
2135 5455 2228 5509 llis
2255 5455 2429 5507 verbis
2456 5453 2758 5521 completis,
2783 5452 3007 5523 accingit
3042 5453 3118 5507 illi
3142 5468 3353 5520 ensem,
3388 5451 3490 5505 ite-

1905 5561 2031 5599 rans
2056 5545 2166 5614 jam
2214 5545 2438 5611 dicttttn,
2471 5544 2768 5611 Accingere,
2813 5552 2943 5606 etc.,
2992 5561 3161 5614 usque
3208 5544 3259 5599 in
3306 5545 3488 5601 linem.

1906 5637 2023 5691 Mox
2074 5644 2252 5689 autem
2295 5646 2352 5689 ut
2407 5636 2743 5689 coronandus
2786 5640 3062 5690 accinctus
3111 5651 3239 5692 ense
3291 5635 3487 5700 fuerit,

1906 5743 1999 5784 rex
2031 5727 2260 5782 extrahit
2307 5741 2425 5782 cum
2466 5726 2533 5783 de
2584 5726 2796 5796 vagina,
2849 5727 3180 5798 viriliterque
3227 5729 3375 5782 illurn
3413 5726 3492 5779 vi.
