4006 6298
560 287 693 344 1:57

1235 287 1575 344 APPENBIX
1620 289 1709 342 AD
1748 288 1804 343 S.
1848 287 2173 345 GREGORII
2218 290 2430 347 MAGNI
2475 293 2837 352 LlTL‘liGICA
2879 297 3129 356 OPERA.

3707 302 3842 360 1318

555 404 670 456 brat
699 412 796 466 ter,
831 409 885 455 et
907 402 1107 471 vagina:
1134 401 1390 453 continuo
1419 401 1838 454 recommendat.
1875 402 1949 454 Eo
1978 402 2138 470 igitur
2169 407 2214 464 Α
2242 403 2307 456 ad
2337 403 2607 459 sinistram
2650 405 2814 478 410
2859 423 3008 463 more
3050 409 3228 476 solito,
3271 409 3443 467 donec
3474 411 3840 471 diaconorum

553 497 628 548 sic
660 494 921 558 accincto,
961 500 1016 545 et
1053 491 1190 543 beati
1239 491 1378 544 Petri
1430 493 1597 547 mille
1636 494 1949 549 mirabiliter
1978 496 2132 561 iacto,

557 587 948 652 subsequenter
975 581 1300 649 apostolicus
1329 582 1393 635 de
1425 583 1574 636 altari
1599 584 1842 638 diadema
1876 588 2058 649 sumit,
2085 596 2137 640 et

553 677 697 741 ponit
730 676 780 726 in
825 675 999 741 capite
1046 675 1188 742 regis
1235 675 1560 740 coronandi,
1621 686 1674 731 et
1713 678 1788 730 ait
1843 678 2028 748 Accipe
2069 680 2137 732 si-

549 781 724 832 ςνιιιηι,
767 773 898 826 etc.,
932 779 1099 830 usque
1130 764 1178 817 in
1217 765 1398 832 ﬁnem,
1431 775 1486 820 ut
1510 782 1701 833 supra;
1749 769 1841 822 sed
1893 770 1980 822 ubi
2008 769 2137 824 dicit

547 856 802 909 Coronam
849 856 1069 925 imperii,
1123 866 1300 923 potest
1343 858 1539 911 omitti.
1592 859 1702 912 Rex
1753 869 1928 913 autem
1977 861 2136 916 debet

547 960 664 1000 esse
695 947 1026 1013 genuﬁexus,
1059 961 1179 999 cum
1212 948 1312 1001 sibi
1351 948 1642 1016 imponitur
1666 950 1934 1016 diadema,
1963 952 2048 1007 vel
2081 953 2133 1007 in

547 1039 888 1104 impositione
917 1039 1235 1092 diadematis
1258 1040 1602 1109 genuﬂectat.

618 1127 822 1182 Deinde
859 1138 1128 1198 sceptrum
1151 1137 1204 1182 et
1235 1146 1447 1197 pomum
1484 1133 1645 1186 tradit
1673 1135 1719 1187 ei
1750 1150 1996 1191 aureum.
2028 1137 2130 1204 Qui

545 1233 636 1274 rex
669 1221 830 1276 debet
867 1237 989 1277 esse
1032 1221 1377 1292 genuﬁexus,
1422 1224 1503 1278 vel
1553 1225 1606 1279 in
1653 1229 1959 1296 receptione
1991 1229 2130 1299 ipso~

546 1326 661 1366 I'tlnt
692 1315 1032 1382 gettttlleCIal.

615 1407 899 1460 Sciendum
943 1416 1025 1462 est
1054 1411 1192 1475 quod
1226 1410 1277 1464 in
1306 1411 1645 1478 impositione
1695 1411 2012 1469 diadematis
2046 1414 2133 1469 di-

544 1511 686 1562 cere,
719 1498 762 1552 si
787 1500 908 1552 velit
930 1501 1274 1566 apostolicus,
1309 1503 1448 1558 valet
1479 1504 1778 1571 huiusmodi
1807 1506 2088 1561 Orationes
2115 1524 2129 1560 :

546 1589 794 1643 Dominus
826 1592 1102 1656 vobiscum,
1139 1591 1205 1645 Et
1249 1611 1364 1647 cum
1411 1596 1597 1665 spiritu
1649 1606 1755 1649 tuo.
1789 1598 1969 1651 Oratio
2001 1597 2133 1651 Pro-

543 1682 702 1746 spite,
727 1699 1036 1749 qua'sumus,
1067 1686 1300 1750 Domine,
1321 1695 1452 1752 etc.,
1479 1697 1532 1741 ιιι
1559 1702 1741 1754 supra;
1760 1688 2020 1760 hossed
2044 1690 2130 1744 ubi

2241 510 2492 549 numerus
2520 497 2589 550 sit
2624 500 2927 567 completus
2953 517 2967 566 ;
3002 501 3181 570 ibique
3208 511 3312 557 stet
3341 518 3431 558 rex
3467 503 3615 559 inter
3645 505 3839 561 disco.

2238 602 2358 650 nos,
2389 588 2560 642 donec
2588 589 2828 657 pontifex
2857 592 2923 643 ad
2944 591 3128 646 sedem
3157 609 3410 651 reversus
3439 600 3838 664 communicet,

2237 689 2289 732 et
2317 680 2572 736 diaconus
2600 685 2688 751 qui
2717 687 2952 739 cantavit
2982 687 3347 757 Evangelium,
3381 700 3435 745 et
3465 691 3842 747 subdiaconus

2237 769 2326 838 qui
2375 772 2607 824 cantavit
2650 769 2968 840 Epismlam,
3006 777 3528 833 communicaverint
3557 780 3630 835 de
3671 794 3840 836 manu

2238 859 2443 914 domini
2477 876 2648 931 papas,
2680 878 2742 916 ac
2773 865 3063 930 pretiosum
3108 868 3421 938 sanguinem
3475 868 3698 924 Domini
3735 889 3835 924 no-

2235 951 2332 1006 stri
2361 952 2489 1009 Jesu
2531 953 2728 1008 Christi
2759 956 3088 1026 sumpserint
3116 959 3168 1012 in
3211 959 3388 1027 altari,
3422 971 3481 1015 ut
3511 971 3598 1017 est
3641 966 3831 1020 moris.

2241 1042 2305 1097 Et
2337 1052 2462 1098 tunc
2507 1060 2716 1100 sacram
2761 1049 3200 1104 communionem
3251 1065 3344 1105 rex
3390 1054 3716 1121 genuﬁexus
3766 1056 3835 1111 de

2238 1149 2399 1188 manu
2432 1150 2583 1205 papa:
2623 1137 2884 1206 sedentis,
2934 1149 2988 1194 et
3031 1141 3246 1196 mitram
3278 1146 3510 1199 tenentis
3541 1147 3596 1200 in
3626 1147 3827 1215 capite,

2237 1225 2496 1294 suscipiat
2535 1241 2655 1281 cum
2708 1228 2892 1284 osCulo
2923 1231 3113 1299 pacis:
3146 1240 3271 1287 ante
3314 1243 3497 1291 tamen
3551 1239 3832 1294 osculetur

2239 1317 2507 1383 pontiﬁcis
2552 1334 2796 1388 manum,
2840 1330 2894 1376 et
2943 1331 3069 1378 tunc
3099 1335 3408 1382 reverenter
3451 1328 3696 1383 Hostiam
3744 1347 3831 1385 su-

2237 1415 2347 1460 mat
2374 1425 2387 1472 ;
2417 1423 2771 1478 reversusque
2800 1410 2866 1465 ad
2904 1410 3073 1468 altare
3106 1413 3247 1470 idem
3277 1431 3368 1470 rex
3397 1420 3827 1477 sacratissimum

2235 1499 2552 1568 sanguinem
2584 1502 2793 1557 Domini
2842 1506 3010 1559 nostri
3042 1505 3170 1560 Jesu
3201 1507 3397 1563 Christi
3425 1521 3606 1565 sumat
3635 1514 3703 1566 de
3739 1529 3825 1568 αις

2239 1590 2339 1645 lice
2383 1606 2479 1660 per
2524 1593 2878 1651 ministerium
2925 1596 3138 1653 diaconi
3185 1615 3307 1655 cum
3354 1603 3587 1661 calamo.
3621 1606 3824 1672 Quilars

2235 1682 2484 1752 expletis,
2534 1685 2598 1739 ad
2642 1686 2930 1744 thalamum
2983 1691 3218 1761 rediens,
3262 1707 3502 1753 resumat
3540 1713 3824 1770 cumnam,

541 1773 740 1826 dicitur
765 1774 845 1829 Sit
869 1775 1177 1844 fortissimus
1199 1793 1396 1848 regum,
1422 1778 1632 1833 dicatur
1657 1777 1986 1834 Fortissimus
2006 1799 2096 1835 rea:
2111 1798 2129 1847 ;
2165 1775 2208 1836 Β
2235 1786 2501 1844 sceptrum
2534 1788 2590 1833 et
2619 1794 2853 1847 pomum.

541 1875 594 1920 et
616 1867 701 1920 ubi
726 1867 920 1922 dicitur
947 1868 1026 1922 Ad
1051 1870 1434 1940 apprimendum
1475 1872 1679 1926 rebelles
1709 1883 1755 1927 et
1779 1889 2010 1945 paganus
2039 1890 2130 1927 na-

542 1959 724 2023 tiones,
756 1958 1053 2013 omittatur.

722 2047 1015 2102 Benedictio
1046 2059 1070 2087 α
1100 2067 1252 2121 regis,
1285 2069 1438 2121 quant
1469 2053 1590 2123 facit
1621 2055 1948 2124 apostolicus.

623 2138 863 2206 Benedic,
900 2141 1135 2207 Domine,
1165 2153 1293 2209 etc.,
1339 2159 1508 2214 usque
1550 2145 1602 2199 in
1635 2146 1815 2210 linem,
1845 2156 1901 2199 ut
1933 2161 2125 2216 supra;

542 2232 636 2284 sed
690 2231 779 2286 ubi
828 2231 1026 2286 dicitur
1073 2231 1224 2287 Hunc
1271 2235 1553 2302 principem
1607 2245 1866 2300 nostrum,
1921 2235 2129 2290 dicatur

542 2321 697 2375 "unc
724 2339 890 2393 regem
936 2333 1188 2376 nostrum.
1223 2325 1337 2377 Alia
1377 2324 1562 2377 Oratio
1616 2324 1751 2378 Deus
1783 2335 1946 2395 pater,
1994 2336 2124 2392 etc.,

539 2422 597 2467 ut
625 2429 783 2481 supra
811 2432 824 2479 ;
858 2415 949 2469 sed
971 2415 1059 2468 ubi
1091 2413 1285 2468 dicitur
1319 2415 1385 2468 Ut
1412 2417 1497 2480 qui
1517 2417 1689 2468 tribuit
1715 2418 1764 2468 in
1797 2419 1943 2470 turris
1971 2418 2126 2486 impe-

536 2508 693 2569 rium,
752 2503 957 2556 dicatur
991 2503 1058 2556 Ut
1099 2503 1184 2571 qui
1215 2503 1386 2556 tribrit
1425 2503 1477 2556 in
1518 2506 1666 2557 terris
1713 2521 1949 2575 regnum.
1981 2505 2126 2560 Illico

544 2593 627 2646 his
665 2594 916 2661 peractis,
950 2591 1244 2660 procedens
1275 2607 1368 2646 rex
1399 2594 1672 2647 osculetur
1709 2595 2004 2662 apostolico
2034 2611 2127 2664 pe-

541 2683 660 2746 des,
692 2681 781 2749 qui
813 2681 984 2749 ipsum
1015 2681 1080 2735 ad
1112 2681 1355 2735 osculum
1381 2683 1633 2750 recipiat;
1670 2685 1830 2738 etiam
1858 2685 1924 2738 ab
1949 2686 2126 2738 omni-

540 2777 636 2828 llllS
678 2775 991 2830 diaconibus
1033 2776 1098 2830 ad
1141 2777 1379 2832 osculum
1422 2778 1728 2848 recipiatur,
1782 2790 1835 2833 et
1887 2789 2124 2848 postmo-

539 2867 666 2919 dum
713 2867 781 2919 ab
820 2867 1084 2936 episcopis
1123 2868 1508 2936 cardinalibus,
1561 2877 1616 2924 et
1658 2878 2050 2936 consequenter
2091 2885 2122 2925 a

535 2960 857 3028 presbyteris
887 2959 1265 3016 cardinalibus.

602 3053 806 3120 Quibus
854 3056 1238 3124 gloriosissime
1279 3056 1465 3127 gestis,
1516 3056 1842 3125 apostolicus
1880 3055 1946 3109 ad
1987 3057 2122 3110 emi-

2303 1866 2465 1922 Missa
2496 1884 2624 1924 vero
2652 1871 2820 1939 ﬁnita,
2867 1875 3221 1943 pontiﬁcalem
3267 1880 3704 1940 Benedictionem
3739 1903 3822 1942 re-

2234 1971 2485 2015 verenter
2528 1961 2775 2031 accipiat.
2816 1969 3175 2023 communiter
3221 1971 3271 2025 in
3319 1973 3497 2028 Missis
3546 1958 3820 2045 papalibos

2236 2063 2543 2106 consuetam
2566 2071 2579 2119 ;
2602 2055 2890 2127 statimque
2920 2061 3188 2128 praecedat
3209 2063 3274 2118 ad
3309 2065 3506 2132 locum,
3540 2070 3630 2123 ubi
3666 2071 3819 2126 debet

2233 2155 2474 2196 summus
2525 2145 2763 2212 pontifex
2812 2149 3074 2219 equitare,
3131 2161 3188 2206 ut
3243 2169 3365 2210 cum
3413 2158 3531 2226 ipse
3582 2163 3816 2229 pontifex

2231 2246 2428 2300 cquum
2477 2236 2739 2304 ascendit,
2793 2247 2973 2295 teneat
3012 2245 3290 2311 stapedum
3345 2249 3498 2303 sella.-
3547 2250 3691 2320 ejus,
3731 2253 3813 2306 bao

2233 2324 2365 2378 bens
2393 2339 2644 2380 coronam
2678 2328 2729 2381 in
2759 2330 2970 2397 capite;
3000 2341 3054 2386 et
3079 2345 3293 2404 arrepto
3320 2337 3473 2394 freno
3505 2342 3815 2406 aliquantu-

2231 2415 2336 2468 lum
2375 2416 2547 2486 ipsum
2595 2419 2862 2477 alextret.
2909 2422 3136 2494 Moxque
3166 2441 3338 2490 ,suum
3381 2445 3580 2499 equum
3632 2449 3819 2489 ascen-

2228 2506 2384 2574 dens,
2411 2510 2676 2578 prmcedat
2707 2525 2872 2581 usque
2909 2513 2976 2566 ad
3023 2513 3198 2570 locum
3232 2518 3319 2572 ubi
3367 2534 3614 2575 summus
3648 2525 3815 2592 ponti-

2231 2595 2313 2650 fex
2348 2598 2401 2651 in
2433 2599 2629 2667 palatio
2674 2618 2772 2656 suo
2799 2604 2866 2659 de
2893 2621 3031 2675 equo
3072 2608 3396 2678 descendet;
3445 2613 3632 2684 ibique
3673 2617 3814 2670 simi-

2229 2687 2352 2743 liter
2381 2691 2773 2761 aliquantnlum
2811 2696 2879 2750 de
2922 2713 3060 2767 equo
3085 2699 3397 2770 descendat,
3441 2715 3518 2771 et,
3557 2717 3617 2760 ut
3650 2712 3812 2776 prius,

2227 2788 2443 2848 arrepto
2475 2781 2627 2835 freno
2669 2785 3054 2854 aliquantulum
3089 2792 3260 2860 ipsum
3309 2795 3576 2861 adextret,
3613 2807 3812 2861 teneat.

2226 2873 2508 2939 stapedum
2557 2875 2706 2928 sellae
2751 2876 2891 2946 ejus,
2946 2893 3070 2934 cum
3101 2882 3352 2940 dominus
3403 2902 3540 2956 papa
3571 2888 3641 2944 de
3679 2905 3811 2958 equo

2225 2958 2528 3018 descendit.
2565 2964 2674 3019 Rex
2700 2977 2876 3022 autem
2903 2972 3199 3028 ascendens
3225 2989 3418 3044 equum
3441 2991 3598 3033 suum
3628 2983 3810 3050 regali-

2229 3051 2328 3106 bus
2358 3053 2682 3111 indumentis
2728 3059 2965 3124 indutus,
3004 3076 3256 3117 coronam
3296 3076 3511 3136 gestans
3541 3069 3592 3123 in
3619 3072 3810 3139 capite,

534 3146 769 3199 nentiam
800 3146 984 3200 redeat
1008 3147 1240 3215 specula:
1263 3147 1565 3211 tribunalis,
1590 3154 1644 3200 et
1670 3162 1760 3201 rex
1791 3147 1855 3199 ad
1884 3146 2122 3200 faldisto-
2148 3154 2194 3216 ο
2229 3160 2444 3214 pomum
2468 3162 2688 3204 aureum
2732 3150 2782 3205 in
2810 3168 2966 3206 manu
2990 3155 3200 3222 dextra,
3233 3168 3286 3211 et
3306 3169 3580 3228 sceptrum
3608 3163 3808 3231 regium

534 3237 670 3290 rium
700 3238 930 3304 scandit,
964 3239 1011 3293 ei
1051 3238 1152 3293 sub
1182 3239 1476 3307 apostolica
1509 3239 1694 3293 dextra
1736 3247 2115 3308 prteparatum,

534 3327 715 3398 ibique
743 3345 946 3383 moram
990 3329 1155 3384 trahit
1180 3330 1587 3399 aliquan'ulum.

603 3419 669 3472 Et
693 3428 775 3473 est
797 3421 1176 3475 attendendum
1206 3421 1346 3490 quod
1379 3437 1470 3475 rex
1503 3430 1790 3476 coronatus
1815 3436 2030 3490 pomum
2063 3425 2114 3476 In

530 3507 750 3563 dextera
777 3520 968 3578 portat,
995 3520 1050 3564 et
1081 3513 1131 3566 in
1159 3512 1373 3566 sinistra
1404 3522 1697 3581 sceptrum.
1736 3513 1959 3568 Demum
1989 3523 2116 3570 ante

530 3599 837 3653 inchoatum
883 3600 1106 3654 Alleluia
1153 3612 1207 3656 et
1257 3601 1500 3671 Versum,
1554 3618 1650 3659 rex
1701 3603 1768 3658 ad
1820 3603 2115 3659 thalamum

529 3704 685 3742 suum
717 3689 917 3755 redeat,
951 3691 1041 3760 qui
1070 3691 1226 3745 estin
1263 3692 1464 3761 pulpito
1499 3693 1582 3747 vel
1639 3693 1870 3748 ambone
1914 3695 2114 3750 conSIi-

529 3790 676 3834 tutus
703 3801 716 3846 ;
761 3781 981 3850 ipsoque
1019 3797 1146 3852 rege
1173 3798 1292 3837 cum
1324 3785 1436 3838 suis
1465 3786 1800 3854 maguatibus
1831 3795 1885 3841 et
1914 3788 2100 3842 nobili-

532 3871 630 3923 bus
660 3874 1008 3940 consiSIente,
1045 3873 1226 3943 regina
1259 3874 1326 3927 ad
1372 3873 1541 3930 altare
1579 3890 1672 3944 per
1703 3891 1890 3931 manus
1917 3879 2112 3933 summi

529 3963 794 4027 pontificis
823 3978 1130 4030 coroneur,
1162 3975 1219 4018 ut
1250 3965 1382 4019 intra
1415 3966 1650 4032 ponitur.
1686 3966 1889 4021 Deinde
1917 3977 2113 4022 canta-

530 4060 616 4104 tur
664 4051 902 4118 Alleluia,
952 4061 1006 4108 et
1051 4055 1311 4124 repetitur
1356 4057 1608 4122 Alleluia;
1661 4069 1712 4112 et
1762 4059 2108 4126 Evangelium

527 4159 622 4213 per
649 4141 931 4199 diaconum
954 4147 1301 4203 cardinalem.

594 4237 719 4293 Post
749 4239 863 4294 Itmc
889 4241 1031 4295 dicto
1069 4241 1232 4294 Credo
1260 4242 1311 4296 in
1353 4259 1509 4296 unum
1542 4243 1724 4308 Deum,
1757 4245 1882 4299 dum
1913 4246 2109 4304 dicitur

522 4329 886 4398 Oliertorium,
914 4343 967 4387 et
995 4333 1244 4388 dominus
1273 4350 1408 4403 papa
1446 4351 1597 4391 more
1625 4339 1786 4393 solito
1816 4355 2006 4394 manus
2036 4341 2110 4395 la-

524 4429 636 4487 vat,
688 4439 780 4477 rex
827 4423 894 4478 de
938 4423 1170 4480 thalamo
1197 4441 1295 4479 suo
1346 4427 1490 4481 venit
1531 4428 1596 4481 ad
1645 4429 1851 4494 altare;
1888 4435 2107 4501 ipsoque

2225 3235 2278 3291 in
2311 3239 2528 3294 sinistra
2559 3241 2686 3310 (nisi
2715 3242 2854 3297 forte
2885 3246 3094 3301 ratione
3123 3251 3528 3306 consuetudinis
3556 3253 3701 3307 aliud
3721 3255 3809 3309 de-

2223 3328 2313 3384 bet
2341 3330 2636 3400 observari,
2686 3333 2890 3390 scilicet
2937 3338 3079 3406 quod
3124 3354 3335 3404 pomum
3367 3342 3421 3395 in
3465 3343 3711 3404 sinistra.
3751 3358 3804 3400 et

2221 3433 2496 3490 sceptrum
2543 3424 2594 3477 in
2637 3425 2829 3479 dextra
2880 3431 3230 3500 portaretur),
3273 3431 3339 3485 ad
3387 3435 3609 3488 domum
3660 3450 3804 3489 suam

2220 3522 2542 3579 revertatur,
2578 3516 2622 3570 si
2667 3517 2736 3571 sit
2783 3517 3024 3589 insignis,
3058 3522 3141 3575 vel
3171 3522 3240 3576 ad
3281 3524 3477 3590 locum,
3521 3527 3612 3580 ubi
3652 3527 3804 3582 debet

2221 3605 2524 3659 convivium
2568 3606 2846 3664 exhibere.
2886 3610 3066 3679 Equus
3097 3625 3276 3669 autem
3323 3618 3464 3686 regis
3505 3617 3805 3674 debetesso

2220 3694 2497 3752 faleratus.

2580 3790 2763 3847 CVIII.
2806 3791 2881 3848 De
2906 3794 3203 3850 inuectione
3232 3799 3439 3867 regium.

2289 3878 2433 3950 [tege
2473 3879 2652 3951 itaque
2699 3883 2915 3939 inuncto
2941 3894 2996 3940 et
3043 3887 3108 3940 ad
3145 3902 3302 3942 suum
3354 3890 3651 3946 thalamum
3705 3909 3789 3948 re-

2217 3987 2396 4039 verso,
2445 3982 2502 4028 ut
2538 3978 2784 4043 superius
2831 3988 2914 4032 est
2954 3994 3291 4049 expressum,
3329 3985 3620 4056 inungatur
3642 3989 3796 4043 etiam

2216 4067 2396 4133 regina
2427 4076 2552 4122 ante
2577 4068 2855 4124 lntroittnn
2894 4087 2924 4125 e
2949 4075 3172 4143 vestigio
3198 4077 3318 4131 oleo
3341 4079 3680 4145 cxorcizato,
3710 4097 3799 4152 per

2213 4158 2526 4226 episcopum
2568 4161 2866 4217 Ostiensem
2899 4163 3044 4232 juxta
3079 4167 3217 4223 idem
3268 4171 3440 4227 altare
3476 4172 3631 4241 juxta
3662 4177 3796 4242 quod

2214 4262 2304 4301 rex
2335 4246 2432 4302 fuit
2459 4248 2727 4315 inunctus,
2762 4253 2843 4308 vel
2869 4254 2920 4308 in
2950 4265 3184 4324 pectore,
3216 4262 3300 4314 vel
3330 4265 3630 4318 secundum
3655 4267 3793 4336 quod

2211 4339 2343 4393 alias
2371 4339 2422 4393 in
2451 4342 2632 4408 regina
2664 4343 2824 4397 Maria
2851 4355 3021 4399 matre
3044 4350 3182 4417 regis
3208 4349 3428 4406 liabetti
3472 4356 3680 4408 exstitit
3706 4359 3796 4411 ob.

2213 4439 2507 4496 servatum,
2538 4432 2678 4486 dicta
2728 4435 2889 4503 prius,
2941 4452 3045 4492 non
3089 4439 3155 4492 ad
3189 4440 3491 4509 ingressum
3523 4447 3787 4513 ecclesire,

524 4513 779 4580 pontiﬁce
804 4514 1162 4571 descendente
1187 4533 1284 4586 pro
1307 4516 1644 4586 perﬁtiendis
1682 4519 1960 4576 Missarum
1987 4537 2106 4593 my-
2137 4529 2183 4587 ι)
2210 4524 2302 4577 sed
2323 4524 2472 4593 juxta
2496 4526 2685 4592 altare,
2720 4527 2810 4581 ubi
2853 4531 3035 4583 unctio
3059 4532 3157 4585 ista
3192 4534 3304 4600 ﬁet,
3351 4551 3446 4603 per
3483 4539 3788 4609 episcOpum

522 4605 701 4659 steriis
745 4606 810 4659 ad
839 4607 1033 4672 altare,
1074 4623 1188 4673 rex,
1220 4607 1461 4675 deposita
1507 4624 1728 4680 corona,
1778 4621 2016 4680 sceptro,
2049 4624 2102 4668 et

521 4710 678 4762 pomo
707 4712 892 4760 aureo,
929 4707 1089 4764 ponat
1114 4713 1174 4752 se
1222 4699 1273 4752 in
1306 4700 1496 4755 ordine
1541 4701 1888 4757 diaconorum
1928 4706 2104 4759 cardi-

520 4787 738 4853 nalium,
769 4787 841 4842 ita
869 4789 1009 4859 quod
1048 4789 1304 4844 diaconus
1334 4793 1425 4860 qui
1454 4794 1693 4847 cantavit
1734 4795 2100 4865 Evangelium,

516 4881 588 4933 sit
630 4881 836 4935 medius
887 4891 1031 4937 recte
1072 4891 1192 4949 post
1243 4899 1455 4954 papam,
1504 4902 1596 4940 rex
1654 4901 1780 4941 vero
1822 4902 1850 4940 a
1896 4887 2099 4944 dextris

519 4970 684 5035 ipsius
713 4973 942 5026 diaconi.
977 4973 1041 5027 Et
1091 4988 1156 5028 ne
1187 4974 1318 5029 ordo
1347 4976 1692 5030 diaconorum
1743 4978 1935 5032 Solitos
1965 4995 2097 5034 con-

516 5059 791 5128 fundatur,
825 5065 1092 5133 antiquior
1116 5064 1462 5120 diaconorum
1493 5067 1719 5122 aliorum
1763 5069 1835 5123 sit
1862 5070 1928 5124 ad
1957 5070 2095 5125 dex-

515 5163 650 5208 tram
677 5159 837 5228 regis,
866 5175 957 5214 rex
999 5161 1300 5226 secundus;
1328 5170 1445 5230 post
1477 5177 1599 5217 eum
1631 5163 1900 5234 antiquior
1926 5167 1997 5221 sit
2035 5169 2100 5223 ad

513 5247 782 5302 sinistram
824 5251 1031 5308 diaconi
1082 5255 1171 5322 qui
1220 5254 1454 5309 cantavit
1519 5255 1893 5325 Evattgelium;
1941 5268 1994 5312 et
2022 5259 2101 5314 sic

513 5333 770 5405 deinceps
789 5342 1084 5396 secundum
1118 5343 1488 5413 antiquitatem
1517 5345 1620 5400 sint
1647 5347 1712 5399 ad
1741 5346 1982 5402 dextram
2015 5351 2097 5404 vel

587 5501 612 5530 ⁸
643 5493 698 5547 ln
746 5495 925 5549 Diario
957 5498 1244 5552 Alexandri
1278 5499 1340 5552 VI
1388 5516 1482 5566 per
1509 5502 1766 5555 Joannem
1817 5503 2091 5558 Brucciar-

519 5563 640 5640 dum
675 5566 847 5640 fusius
869 5567 1188 5640 describitur
1214 5563 1490 5623 coronatio
1521 5572 1725 5625 A'fonsi
1759 5573 2092 5640 Neapolitani

515 5635 1093 5714 regis,pcr_Joannctn_
1137 5639 1214 5692 tit.
1266 5652 1466 5714 sancta:
1512 5643 1772 5714 Suzattnre
1820 5635 2091 5714 presbyte-

512 5717 628 5760 tutu
660 5707 980 5761 cardinalcm
1006 5723 1064 5762 ac
1083 5709 1332 5780 legatum,
1360 5710 1493 5766 facta
1516 5711 1732 5783 Neapoli
1758 5730 1898 5771 anno
1927 5707 2083 5772 lilii;

2206 4617 2535 4685 Ostiensem,
2560 4619 2643 4673 vel
2675 4619 2833 4692 [ιιι
2857 4623 3074 4687 omissa,
3112 4633 3167 4678 ut
3194 4627 3358 4690 volet,
3393 4628 3486 4683 illa
3508 4630 3787 4686 Oratione:

2209 4707 2543 4775 Omnipotens
2582 4712 2884 4778 sempiterna
2930 4715 3099 4779 Deus,
3144 4726 3276 4782 etc.,
3317 4729 3377 4773 ut
3417 4735 3628 4790 supra;
3669 4731 3723 4778 et
3748 4725 3790 4777 si

2204 4799 2434 4866 dicatur,
2478 4801 2679 4856 omisso
2723 4802 2907 4869 verbo,
2949 4805 3041 4859 Vel
3084 4808 3450 4879 imperatrice;
3496 4825 3549 4868 et
3593 4818 3792 4869 omisso

2220 4891 2306 4946 Vel
2336 4892 2569 4960 imperii;
2613 4903 2668 4948 et
2714 4896 2800 4949 ubi
2832 4896 3046 4962 dicitur,
3081 4899 3389 4972 Stutnmque
3413 4905 3662 4962 Romane
3692 4907 3789 4962 Ec-

2205 4983 2373 5037 clesia:
2400 4986 2695 5054 regendum,
2727 5002 2816 5039 nec
2842 5003 2943 5040 non
2974 4999 3020 5043 et
3041 4997 3425 5062 protegendum,
3459 4997 3674 5052 dicatur
3705 5014 3788 5053 so-

2206 5075 2477 5129 lummodo
2521 5077 2824 5147 Statumqne
2869 5092 3060 5134 sancta:
3100 5082 3347 5139 Eccltsia:
3387 5090 3784 5158 defendendam.

2204 5164 2261 5219 In
2294 5166 2406 5233 ipsa
2431 5181 2558 5221 vero
2586 5169 2723 5222 sacri
2759 5169 2862 5223 olei
2903 5174 3156 5227 unctione
3187 5177 3387 5246 regina:
3415 5178 3632 5235 dicatur
3659 5185 3785 5239 Ora-

2205 5258 2278 5311 tio
2309 5258 2535 5326 Spiritus
2567 5261 2728 5313 sancti
2777 5264 2964 5330 gratia,
2998 5273 3053 5317 ut
3094 5279 3277 5334 supra,
3309 5284 3478 5340 usque
3505 5274 3556 5326 in
3603 5274 3781 5330 linem.

2202 5351 2314 5417 Qua
2345 5351 2598 5405 unctione
2638 5348 2808 5418 ﬁnita,
2841 5355 2954 5422 ipsa
3004 5357 3184 5425 regina
3216 5362 3467 5428 procedat
3513 5365 3580 5418 ad
3614 5367 3778 5436 pulpi-

2198 5507 2367 5591 I_lliss‘:c
2394 5508 3101 5591 _iaterl'ui_t_.oratorATurcici
3147 5514 3486 5591 imperatoris
3517 5536 3683 5591 usque
3714 5528 3777 5578 ael

2200 5577 2567 5645 Praefationem
2609 5578 2801 5661 Missae.
2850 5582 2963 5649 Qua
3001 5577 3252 5663 ittctepta',
3313 5590 3566 5663 mandato
3602 5577 3772 5663 'regis,

2197 5659 2521 5724 suggerente
2536 5651 2798 5724 magistro
2837 5651 3302 5724 caeremoniarum,
3336 5661 3561 5717 recessit
3591 5662 3659 5718 ab
3673 5651 3774 5719 "ec;

2192 5720 2350 5774 clesia
2381 5719 2668 5788 prmdictus
2698 5730 2900 5778 oratur.
