4006 6288
260 319 400 373 ιειθ

1435 314 1690 370 ROMANI
1732 314 2040 374 ORDINES.
2083 348 2152 359 —
2195 317 2329 373 xw.
2389 283 2396 288 ’

3387 333 3524 389 1250

253 443 394 496 tum,
441 428 531 483 tibi
575 441 670 497 pro
701 428 814 497 ipsa
857 436 941 483 est
990 425 1257 481 thalamus
1311 436 1668 495 praeparatus,
1718 441 1836 480 emn
1870 439 1914 495 Α
1948 447 2050 500 que
2101 443 2411 487 sanctorum
2465 434 2705 503 catalogo
2761 437 3019 501 ascribit,
3069 447 3306 492 statuens
3359 453 3412 497 ιη
3455 448 3525 501 ab

253 523 464 574 duabus
507 519 825 574 dominabus
855 519 935 571 vel
983 519 1176 586 puellis
1217 518 1281 569 ad
1324 517 1499 571 minus
1548 518 1630 572 sui
1665 520 1835 586 regni,

254 621 364 664 tam
386 607 771 664 ecclesiasticis
803 623 961 676 quam
997 608 1300 661 mundanis.

627 699 762 752 CIX.
798 698 872 750 De
895 699 1222 751 coronatione
1250 698 1455 767 reginae.

329 794 475 862 Rege
504 792 685 861 itaque
706 801 960 846 coronato
989 802 1041 845 et
1060 793 1124 842 ail
1156 790 1445 843 thalamum
1474 806 1628 844 suum
1661 805 1841 844 rever-

260 902 363 952 so,
401 897 458 940 ut
509 896 588 939 est
641 884 886 952 superius
931 897 1283 949 expressum,
1314 882 1617 936 immediate
1663 881 1841 949 regina

254 977 406 1047 juxta
461 977 632 1028 altare
673 988 767 1042 per
819 987 1090 1025 sumnzum
1145 971 1450 1040 pontilicem
1515 985 1839 1033 coronatur,

254 1065 446 1118 amicta
479 1063 745 1132 regalibus
784 1060 1110 1114 indutui-ritis
1134 1103 1147 1125 ,
1181 1060 1311 1112 nihil
1343 1059 1623 1112 velatninis
1655 1069 1842 1112 tenens

258 1157 312 1209 in
345 1153 554 1224 capite,
584 1152 679 1206 sed
714 1149 964 1220 expansis
995 1148 1230 1202 crinibus
1268 1155 1322 1201 et
1363 1148 1554 1200 solutis
1576 1189 1589 1210 ,
1620 1155 1672 1200 et
1701 1147 1838 1201 dicta

258 1250 339 1302 vel
384 1249 579 1301 omissa
612 1259 706 1313 per
749 1258 1015 1298 summum
1066 1241 1368 1310 pontificem
1401 1241 1488 1294 illa
1533 1243 1788 1295 Oratione
1815 1282 1831 1306 ,

264 1337 432 1400 Deus,
467 1336 554 1405 qui
578 1335 751 1400 solus,
783 1343 921 1399 etc.,
951 1342 1006 1386 ut
1033 1346 1191 1401 supra
1218 1372 1232 1396 ,
1264 1341 1317 1384 et
1360 1332 1402 1383 si
1435 1331 1670 1396 dicatur,
1702 1331 1845 1385 dica-

259 1441 348 1482 tur
397 1427 598 1480 omisso
646 1426 734 1478 illo
785 1424 979 1488 verbo,
1018 1421 1108 1475 Vel
1149 1423 1502 1491 imperatoris,
1540 1431 1593 1476 et
1645 1423 1845 1476 omis:o

268 1517 358 1572 Vel
410 1515 648 1588 imperii,
698 1524 752 1570 et
790 1514 992 1568 omisso
1051 1511 1369 1584 lmperalis;
1419 1512 1557 1566 idem
1606 1527 1845 1566 summus

258 1609 496 1678 pontifex
521 1607 678 1676 capiti
705 1607 901 1675 regina:
919 1619 1172 1659 coronam
1199 1605 1454 1672 imponat,
1498 1604 1727 1658 dicendo
1761 1605 1844 1674 0f-

257 1702 576 1768 ﬁcionostrtc
593 1681 939 1765 indignitatis,
959 1703 1089 1760 etc.,
1109 1710 1274 1763 usque
1299 1695 1349 1748 in
1374 1693 1552 1758 finem,
1580 1705 1634 1747 ut
1661 1708 1844 1764 supra,

1945 523 2240 576 universali
2272 523 2508 578 Ecclesia
2558 526 2609 579 in
2660 527 2745 580 die
2793 528 2969 582 obitus
3011 529 3092 582 sui
3139 529 3330 584 fe:tom
3373 532 3522 602 ejus,

1943 611 2087 664 sicut
2115 626 2211 680 pro
2243 628 2349 666 uno
2378 611 2693 669 confessore
2725 618 2974 685 pontifice
2993 658 3007 679 ,
3039 618 3229 674 devoze
3257 631 3309 673 ct
3333 623 3527 674 solem-

1945 701 2086 755 niter
2115 705 2436 758 celebretur.
2465 706 2685 774 Insuper
2709 709 3088 764 accedentibus
3113 711 3268 764 anuis
3299 712 3524 780 singulis

1944 793 2010 844 ad
2046 794 2349 861 sepulcrum
2385 796 2550 864 ipsius
2582 797 2632 850 in
2674 797 2761 852 die
2789 798 2966 852 obitus
3009 802 3089 854 sui
3139 816 3298 854 unutn
3328 817 3523 856 annum

1947 896 2041 936 seu
2073 884 2421 952 quadraginta
2447 888 2560 941 dies
2603 888 2669 942 de
2710 889 2940 958 injuncta
2968 894 3278 959 ptenitentia
3321 897 3528 951 miseri-

1945 973 2184 1028 cerditer
2205 977 2425 1031 relaxat.
2449 978 2633 1047 Incipit
2652 981 2768 1035 sine
2793 983 2946 1037 mitra
2967 983 3038 1037 Te
3057 983 3216 1039 Deum
3236 989 3524 1055 laudamus,

1943 1067 2238 1130 cantando,
2297 1069 2434 1136 quod
2490 1072 2667 1124 caeteri
2721 1085 3131 1143 prosequuntur.
3187 1077 3448 1132 Diaconus
3497 1095 3527 1130 a

1944 1152 2177 1207 sinistris
2206 1155 2334 1209 dicit
2370 1156 2474 1209 Ora
2515 1175 2609 1227 pro
2655 1160 2826 1219 nobis.
2861 1172 2962 1215 cte.
2987 1202 3002 1226 ,
3050 1164 3297 1229 alleluia;
3347 1168 3528 1221 cwleri

1946 1247 2274 1313 respondent
2306 1247 2373 1302 Ut
2414 1250 2591 1317 digni,
2633 1263 2736 1306 etc.
2763 1293 2779 1318 ,
2827 1254 3062 1310 alleluia.
3109 1259 3362 1313 Dominus
3399 1277 3530 1330 papa

1946 1335 2072 1389 dicit
2108 1335 2360 1389 Dominus
2404 1339 2681 1406 vobiscum,
2727 1346 3081 1411 reSpondetur
3113 1348 3176 1400 Et
3205 1366 3318 1402 cum
3348 1354 3533 1419 spiritu

1947 1429 2057 1479 luo.
2095 1427 2346 1488 Oremus,
2390 1437 2444 1481 et
2495 1429 2624 1483 dicit
2667 1432 3009 1504 Orationem,
3046 1438 3279 1491 finiendo
3322 1440 3488 1508 ipsam
3514 1479 3532 1505 ,

1951 1515 2055 1572 Per
2078 1517 2336 1571 Christum
2372 1519 2643 1573 Dominum
2675 1534 2904 1576 nostrum
2924 1566 2939 1592 ,
2975 1543 3143 1581 amen.
3177 1529 3270 1583 Tu:
3295 1546 3325 1585 c
3353 1533 3533 1586 diaco~

1955 1627 2052 1666 HIS
2078 1613 2164 1677 qui
2196 1622 2279 1668 est
2305 1629 2331 1666 a
2366 1614 2600 1670 sinistris
2625 1617 2753 1671 dicit
2783 1615 3042 1682 Conﬁteor
3064 1662 3076 1684 ,
3111 1633 3220 1676 etc.
3241 1663 3254 1686 ,
3285 1633 3343 1676 ut
3371 1626 3536 1678 moris

1950 1711 2060 1769 est,
2089 1714 2144 1758 et
2189 1705 2344 1759 faciat
2386 1706 2712 1761 mentionem
2741 1710 2808 1763 de
2851 1709 3008 1765 beato
3037 1712 3102 1765 N.
3129 1712 3437 1770 confessore
3482 1717 3533 1770 in

259 1791 462 1846 omisso
486 1788 650 1845 verbo
678 1787 773 1841 Vel
799 1788 1162 1856 imperatoriis,
1194 1788 1267 1840 vel
1311 1786 1610 1857 imperialis.
1639 1787 1845 1855 Quibus
1878 1795 1924 1856 Β
1951 1795 2063 1848 suis
2109 1795 2264 1850 locis.
2324 1796 2502 1851 Finita
2543 1799 2912 1868 confessione,
2959 1801 3050 1856 dat
3102 1803 3349 1859 dominus
3403 1821 3537 1875 papa

257 1880 450 1946 dictis,
486 1881 664 1949 regina
709 1878 869 1948 pedes
896 1877 1097 1932 domini
1140 1893 1286 1948 papae
1316 1880 1604 1932 osculatur.
1640 1877 1841 1948 Regina

262 1982 440 2026 autem
473 1972 630 2026 debet
654 1984 774 2026 esse
811 1970 1087 2038 genuflexa
1108 2007 1124 2036 ,
1170 1984 1293 2024 cum
1321 1984 1521 2024 corona
1549 1970 1710 2040 capiti
1750 1985 1846 2024 suo

260 2063 587 2134 imponitur,
622 2063 703 2116 vel
733 2076 853 2115 cum
897 2061 1187 2129 imponitur
1209 2075 1440 2128 corona,
1474 2077 1612 2132 genu
1648 2061 1843 2115 ﬂectat.

257 2154 522 2208 Coronata
561 2167 686 2207 vero
717 2151 900 2222 regina
933 2151 1216 2207 reducatur
1239 2152 1306 2206 ad
1332 2153 1625 2206 thalamum
1669 2168 1845 2207 suum.

258 2267 372 2324 CX.
401 2267 478 2321 De
505 2266 858 2320 communione
887 2263 1050 2318 Euch:
1070 2264 1228 2317 ristia’
1246 2305 1262 2328 ,
1290 2281 1442 2333 quam
1464 2265 1640 2333 regina
1671 2264 1848 2333 recipit

829 2336 892 2387 de
919 2352 1071 2387 manu
1102 2334 1295 2404 I’apw.

329 2427 616 2482 Coronatis
667 2426 844 2496 itaque
893 2440 1018 2495 rege
1046 2435 1100 2479 et
1156 2427 1365 2494 regina,
1413 2424 1659 2488 Alleluia,
1705 2438 1848 2478 vers.

261 2529 317 2575 et
361 2522 588 2592 repetito
641 2519 863 2572 Alleluia
905 2533 998 2588 per
1044 2519 1311 2582 chorum;
1361 2516 1706 2585 Evangelium
1759 2529 1851 2569 ve-

261 2627 325 2668 ro
387 2627 482 2682 per
557 2611 881 2666 cardinalem
947 2610 1226 2664 diaconum
1302 2607 1638 2663 decantetur.
1705 2607 1852 2659 Dicto

267 2705 555 2774 Evangelio
587 2744 604 2771 ,
667 2702 831 2756 Credo
881 2704 934 2754 in
989 2718 1147 2754 unum
1203 2699 1367 2752 Deum
1401 2739 1416 2762 ,
1475 2697 1848 2761 olfertorium;

263 2804 386 2865 past
431 2793 862 2851 communionem
905 2806 1086 2862 papze,
1134 2800 1190 2846 et
1235 2799 1515 2860 postquam
1564 2803 1654 2843 rex
1702 2803 1850 2842 com-

263 2887 646 2949 tntnticaverit.
692 2897 744 2941 et
793 2900 1004 2940 saclum
1047 2883 1358 2952 sanguinem
1424 2881 1632 2934 Domini
1683 2879 1850 2933 nostri

263 2978 390 3033 Jesu
432 2977 630 3032 Christi
676 2974 1009 3044 susceperit,
1043 2974 1223 3044 regina
1265 2971 1544 3042 genulIexa
1585 2969 1652 3024 de
1693 2983 1853 3022 manu

267 3071 489 3125 ltomaui
541 3068 807 3140 pontificis
852 3068 1127 3130 sedentis,
1179 3075 1232 3121 et
1274 3067 1486 3118 mitram
1538 3063 1767 3118 tenentis
1799 3063 1852 3116 in

1950 1885 2338 1957 indulgentiam
2387 1889 2673 1959 gratiosam
2707 1908 2856 1948 more
2885 1907 3160 1951 consueto.
3204 1898 3330 1953 Data
3364 1898 3537 1954 iiidul-

1949 1983 2124 2051 gentia
2145 2023 2161 2048 ,
2188 1983 2441 2037 dominus
2472 1999 2604 2053 papa
2626 2023 2641 2048 ,
2677 1986 2831 2039 mitra
2861 1987 3103 2056 deposita
3128 2031 3142 2053 ,
3172 1990 3296 2045 facit
3324 1992 3537 2047 absoluo

1956 2071 2157 2127 tionem
2209 2088 2358 2128 more
2406 2085 2697 2142 consueto,
2732 2075 2980 2132 Precibus
3029 2090 3078 2134 et
3107 2083 3340 2150 meritis,
3393 2092 3532 2149 etc.,

1954 2165 2201 2220 faciendo
2224 2167 2547 2223 mentionem
2574 2184 2672 2223 suo
2702 2171 2818 2224 loco
2846 2171 2913 2227 de
2943 2172 3096 2227 bcato
3117 2172 3183 2228 N.
3207 2173 3532 2242 Confessore,

1957 2255 2366 2329 Irtdulgerttiam,
2425 2268 2531 2312 etc.
2581 2257 2779 2315 Ultimo
2823 2264 3102 2317 annuntiat
3134 2279 3192 2317 se
3235 2265 3539 2320 celebratu-

1953 2365 2069 2404 rum
2127 2351 2194 2404 de
2243 2364 2392 2404 more
2443 2362 2740 2417 consueto;
2791 2352 2952 2424 413
3005 2356 3053 2408 ἱιι
3113 2354 3230 2410 loco
3286 2359 3536 2412 ordinato

1960 2441 2187 2509 recipiet
2235 2451 2574 2509 paramenta,
2607 2453 2692 2507 et,
2734 2443 2842 2498 Deo
2889 2446 3049 2500 dante
3082 2447 3296 2502 Missam
3337 2450 3539 2504 solem-

1954 2532 2094 2588 niter
2109 2534 2425 2588 celebrabit.
2441 2533 2632 2589 Forma
2655 2538 3032 2604 pronuntiandi
3054 2539 3256 2596 seriose
3277 2543 3377 2595 erit
3392 2544 3536 2602 talis.

2031 2643 2048 2675 ι
2085 2626 2163 2679 Ad
2195 2627 2453 2681 honorem
2495 2628 2588 2681 Dei
2637 2629 3023 2697 omnipotentis
3056 2631 3228 2686 Patris
3258 2645 3309 2688 et
3341 2635 3416 2688 Fil
3444 2637 3456 2689 i
3485 2644 3538 2690 et

1956 2719 2188 2788 Spiritus
2216 2736 2343 2775 sane
2368 2721 2420 2789 i,
2452 2731 2506 2777 et
2551 2723 2930 2778 esaltationcm
2979 2725 3099 2779 ﬁdei
3133 2733 3187 2779 et
3232 2727 3539 2780 christiana:

1956 2812 2232 2882 religionis
2279 2823 2658 2883 augmentum,
2708 2816 3030 2870 auctoritate
3081 2815 3250 2882 ipsius
3293 2816 3539 2883 omnipo-

1961 2904 2130 2958 tentis
2174 2903 2347 2958 Patris
2398 2914 2451 2958 et
2501 2904 2618 2958 Filii
2651 2913 2704 2958 et
2754 2904 2986 2974 Spiritus
3007 2907 3216 2970 sancti,
3267 2906 3539 2960 beatorum

1959 2993 2102 3047 Petri
2154 3002 2209 3047 et
2256 2993 2402 3048 Pauli
2451 3003 2506 3048 et
2562 3004 2780 3060 nostra,
2839 2996 2908 3050 de
2959 2995 3179 3049 fratrum
3235 3003 3539 3070 nostrorum

1959 3086 2188 3139 consilio
2218 3086 2558 3140 decernimus
2589 3096 2642 3141 et
2673 3087 2957 3142 definimus
2988 3090 3142 3140 bella:
3174 3087 3446 3140 memoria:
3474 3085 3538 3138 Ν.

264 3162 480 3230 capite,
533 3171 904 3216 consecratam
960 3158 1198 3213 Hostiam
1261 3164 1568 3210 reverenter
1633 3163 1848 3218 sumat,

1961 3176 2228 3243 quondam
2258 3177 2710 3246 cp’3c0pum......
2743 3186 3049 3236 sanctorum
3095 3177 3336 3246 catal-go
3377 3177 3541 3232 ascri~

263 3262 321 3309 et
345 3253 412 3308 ad
442 3267 595 3307 suum
630 3252 920 3306 thalamum
951 3249 1238 3305 revertitur
1264 3264 1279 3314 ;
1307 3255 1361 3302 et
1385 3255 1502 3316 post
1533 3246 1690 3298 linem
1721 3243 1848 3296 illis-

262 3358 376 3408 sm,
432 3353 641 3411 recepta
697 3342 1076 3396 Benedictione
1126 3355 1154 3392 a
1209 3355 1340 3411 papa
1389 3337 1744 3393 communiter
1791 3335 1846 3388 in

267 3436 446 3489 Missis
471 3434 748 3504 papalibus
772 3435 883 3488 fieri
917 3444 1170 3489 consueta
1189 3474 1203 3499 ,
1236 3431 1505 3503 regalibus
1528 3427 1856 3484 indumentis

270 3526 470 3579 amicta
494 3566 508 3591 ,
544 3523 706 3593 5.12
736 3523 899 3588 nihil,
929 3532 987 3576 ut
1015 3538 1173 3592 supra
1204 3524 1402 3576 dictum
1430 3530 1542 3588 est,
1574 3519 1855 3574 velaminis

264 3628 457 3672 tenens
505 3617 558 3670 in
605 3615 798 3682 capite,
829 3615 923 3668 sed
971 3616 1223 3683 expansis
1267 3613 1504 3667 crinibus
1547 3620 1602 3666 et
1643 3610 1851 3674 solutis,

264 3723 518 3762 coronam
549 3714 766 3779 gestans
797 3706 848 3760 in
880 3705 1083 3775 capite,
1115 3704 1309 3759 sedens
1340 3705 1393 3759 in
1423 3720 1562 3773 equo
1594 3718 1713 3758 cum
1759 3717 1855 3758 sua

267 3799 552 3866 comitiva,
587 3814 765 3869 regem
810 3800 1072 3868 praecedat
1101 3836 1118 3864 ,
1150 3804 1205 3852 et
1234 3810 1324 3849 rex
1358 3785 1856 3865 sequatur‘oruatus

270 3892 538 3962 regalibus
555 3931 570 3956 ,
606 3899 663 3944 ut
685 3892 931 3960 superius
959 3898 1043 3944 est
1067 3903 1404 3958 expressum.

515 3982 654 4037 CXI.
689 3981 763 4034 De
788 3981 1172 4035 canonizatione
1201 3990 1223 4016 ⁸
1259 3981 1408 4034 unius
1436 3982 1615 4033 saneti.

350 4073 467 4144 Ipsa
495 4073 582 4129 die
609 4072 1035 4128 canonisationis
1089 4087 1245 4126 tuane
1271 4116 1285 4141 ,
1318 4071 1678 4128 descendente
1722 4083 1858 4140 papa

279 4169 347 4222 ad
381 4167 661 4223 ecclesiam
681 4207 696 4232 ,
725 4175 972 4221 occurrat
1003 4166 1306 4234 processio;
1339 4173 1458 4234 post
1483 4177 1640 4234 quam
1673 4162 1860 4231 recipit

275 4262 529 4318 dominus
559 4273 692 4330 papa
723 4258 1025 4314 cardinales
1059 4266 1113 4314 et
1139 4257 1385 4327 praelatos
1409 4301 1424 4326 ,
1455 4264 1515 4310 ut
1543 4256 1706 4310 moris
1745 4265 1851 4317 est,

278 4355 345 4409 ad
377 4354 729 4410 reverentiam
761 4353 812 4406 in
841 4352 1018 4415 medio
1042 4351 1305 4416 ecclesiae,
1337 4361 1393 4406 et
1422 4351 1548 4406 facit
1569 4350 1650 4405 Sit
1676 4365 1858 4403 nomen

275 4447 487 4500 Domini
529 4445 866 4499 benedictum.
902 4444 1108 4512 Accipit
1137 4443 1397 4512 pulpitum
1429 4457 1547 4496 eum
1573 4440 1860 4494 cardinalio

1961 3267 2196 3321 bendum
2226 3310 2240 3332 ,
2292 3276 2348 3322 et
2400 3278 2648 3337 tanquam
2706 3278 2947 3322 sanctum
3003 3282 3124 3323 esse
3176 3268 3244 3321 ab
3295 3266 3542 3320 omnibus

1957 3359 2323 3413 venerandum
2354 3377 2366 3425 ;
2393 3361 2674 3429 ipsumque
2691 3360 2952 3414 dictorum
2975 3368 3279 3413 sanctorum
3303 3357 3546 3425 catalogo

1960 3449 2284 3503 ascribimus
2307 3491 2320 3513 ,
2350 3457 2648 3504 statuentes
2696 3460 2749 3503 ut
2779 3447 2848 3503 ab
2876 3447 3166 3502 universoli
3201 3446 3438 3501 Ecclesia
3490 3446 3544 3499 in

1958 3539 2046 3594 die
2075 3539 2254 3594 obitus
2282 3540 2400 3606 sui,
2434 3540 2776 3595 videlicet....
2809 3540 3002 3594 festum
3036 3538 3200 3608 ipsius
3221 3547 3275 3592 et
3309 3537 3544 3590 officium

1959 3632 2099 3686 sicut
2129 3647 2225 3700 pro
2254 3647 2362 3685 uno
2388 3631 2698 3686 confessore
2737 3630 2990 3701 pontifice
3033 3629 3225 3683 devote
3267 3637 3322 3682 et
3349 3628 3547 3682 solem-

1961 3723 2102 3774 niter
2128 3721 2449 3776 celebretur.
2483 3720 2703 3788 Insuper
2730 3720 2918 3775 eadem
2949 3719 3267 3774 auctoritate
3299 3715 3546 3772 omnibus

1960 3824 2089 3865 Vere
2115 3811 2500 3879 pmnitentibus
2529 3822 2582 3864 et
2604 3811 2867 3865 confessis
2889 3852 2904 3877 ,
2936 3812 3027 3879 qui
3054 3816 3209 3864 annis
3236 3810 3455 3878 singulis
3479 3806 3546 3860 ad

1963 3902 2265 3971 sepulcrum
2291 3902 2532 3972 ejusdem
2565 3903 2615 3957 in
2647 3902 2736 3956 die
2765 3904 2944 3956 obitus
2971 3904 3050 3956 sui
3077 3902 3269 3957 devote
3298 3914 3547 3955 accesse-

1967 3996 2096 4061 rint,
2122 4011 2285 4049 unum
2311 4010 2508 4048 annum
2535 4004 2587 4048 et
2609 3995 2959 4064 quadraginta
2983 3995 3093 4048 dies
3119 4009 3134 4056 ;
3168 3991 3551 4046 accedentibus

1962 4100 2091 4140 vero
2118 4086 2274 4139 annis
2307 4084 2529 4153 singulis
2561 4085 2693 4138 infra
2725 4085 2952 4138 Octavas
2976 4082 3101 4137 dicti
3136 4081 3253 4136 festi
3284 4082 3347 4134 ad
3368 4082 3551 4149 sepul-

1963 4191 2110 4230 crum
2178 4175 2343 4244 ipsius
2407 4175 2760 4244 qnadragints
2828 4173 2946 4228 dies
3006 4175 3074 4228 de
3142 4171 3378 4241 iniuncta
3445 4170 3546 4226 sibi

1964 4264 2277 4337 paenitentia
2309 4265 2729 4320 misericorditer
2758 4264 3084 4320 relasamus.
3122 4283 3140 4315 ι

1999 4359 2156 4415 CXII.
2189 4359 2408 4423 Quando
2437 4375 2573 4430 papa
2604 4359 2745 4412 audit
2773 4357 2986 4412 Missam
3016 4358 3067 4410 in
3104 4357 3176 4410 dii
3189 4356 3277 4410 bus
3298 4355 3509 4426 festivis.

2045 4449 2276 4504 Veniens
2300 4449 2445 4504 vadit
2473 4458 2596 4504 ante
2625 4450 2818 4514 altare,
2842 4449 3064 4518 deponit
3090 4448 3298 4502 mitram
3320 4488 3336 4513 ,
3365 4460 3544 4501 sacer-

277 4540 378 4594 bus
401 4547 602 4593 tantum
626 4578 641 4604 ,
663 4546 717 4592 et
746 4536 816 4591 ibi
850 4545 1102 4606 parantur
1122 4535 1420 4590 cardinales
1446 4534 1582 4589 albis
1603 4574 1620 4600 ,
1657 4533 1856 4602 prtelati
1895 4541 1942 4600 ι)
1965 4539 2064 4594 dus
2089 4555 2120 4594 α
2145 4539 2380 4595 εῑιιίειιίε
2398 4582 2411 4606 ,
2440 4550 2494 4595 οι
2522 4540 2777 4594 sacerdos
2802 4538 2987 4608 incipit
3011 4539 3244 4593 lntroibe
3270 4553 3289 4602 ,°
3316 4549 3367 4592 et
3394 4551 3550 4606 papa

275 4630 506 4698 tariter;
553 4639 605 4682 et
626 4635 769 4681 stant
788 4625 1011 4682 inferius
1034 4625 1087 4680 in
1114 4625 1234 4679 navi
1260 4624 1554 4679 ecclesitea
1585 4620 1855 4675 lateribus.

277 4721 536 4774 Dominus
587 4733 722 4788 papa
773 4718 974 4774 habens
1020 4718 1271 4783 mitram,
1315 4725 1368 4772 et
1413 4723 1594 4771 manto
1647 4712 1862 4766 indutus

275 4821 434 4867 stans
456 4811 537 4865 vel
564 4809 760 4867 sedens
783 4810 1057 4879 praedicat.
1090 4809 1264 4864 Finita
1291 4807 1696 4878 prmdicatione,
1725 4818 1863 4874 pra:-

274 4903 407 4957 dicit
447 4917 508 4956 se
548 4911 860 4967 oraturum;
893 4901 1138 4955 hortatur
1186 4910 1242 4955 ut
1270 4909 1447 4954 orent.
1493 4898 1675 4968 Incipit
1736 4895 1864 4951 Veni

276 4993 488 5048 Crantor
526 5009 645 5048 cum
698 5003 822 5048 nota
847 5033 862 5056 ,
910 5002 962 5047 et
1009 5007 1147 5063 genu
1198 4993 1401 5057 flectit,
1433 4999 1488 5047 et
1519 4999 1636 5060 post
1679 4989 1860 5044 statim

275 5090 486 5158 surg't;
516 5087 695 5141 caeteri
723 5096 1150 5156 prosequuntur,
1180 5087 1224 5141 si
1254 5085 1505 5154 placebit.
1538 5084 1804 5139 Diactinus
1830 5098 1858 5136 a

276 5178 484 5234 dextris
528 5178 674 5233 dicet
705 5176 999 5232 Flectamus
1021 5195 1186 5248 genua
1210 5219 1225 5243 ,
1259 5186 1310 5232 et
1355 5175 1604 5230 dominus
1649 5189 1780 5244 papa
1810 5183 1865 5230 et

278 5271 463 5326 caeteri
515 5270 672 5324 basse
694 5277 749 5323 et
790 5279 998 5323 secrete
1041 5267 1306 5333 orabunt;
1337 5276 1390 5321 et
1437 5275 1558 5336 post
1601 5266 1861 5320 morulam

277 5363 569 5430 diaconus,
597 5362 684 5430 qui
713 5368 794 5414 est
835 5373 865 5411 a
893 5359 1162 5438 sinistris,
1196 5357 1336 5411 dicet
1368 5356 1581 5421 Levate;
1613 5366 1666 5410 et
1691 5357 1865 5409 domi-

278 5465 382 5505 nus
408 5467 540 5521 papa
565 5460 618 5504 et
640 5465 828 5505 omnes
858 5455 1095 5519 surgent.
1125 5448 1378 5502 Dominus
1401 5462 1534 5517 papa
1565 5456 1715 5502 stans
1735 5463 1860 5503 cum

280 5545 437 5598 mitra
496 5544 681 5600 definit
725 5554 1030 5597 sanctorum
1078 5541 1318 5609 catalogo
1360 5541 1762 5607 ascribendnm,
1806 5551 1860 5596 et

281 5643 534 5705 tanquam
561 5649 802 5690 sanctum
833 5633 901 5688 ob
928 5633 1178 5688 omnibus
1212 5631 1612 5696 venerandum;
1656 5633 1858 5701 ipsum-

355 5756 382 5784 ⁸
413 5747 560 5802 Alius
588 5746 722 5803 ritus
753 5745 920 5804 fusius
957 5745 1259 5817 assignatur
1286 5743 1419 5800 infra
1454 5744 1507 5798 in
1537 5757 1653 5813 cap.
1694 5743 1810 5797 ll‘w’.

1967 4630 2531 4700 postConﬁteor,faeta
2551 4630 2908 4695 confessione,
2929 4630 3185 4685 diaconus
3212 4628 3422 4698 reponit
3449 4629 3550 4681 mi-

1967 4730 2124 4774 tram.
2160 4723 2322 4776 Stans
2349 4722 2397 4774 in
2429 4723 2545 4776 loco
2572 4723 2714 4776 sedis
2765 4737 2894 4791 papa
2946 4721 3075 4776 dicit
3106 4720 3378 4775 lntroitum
3425 4732 3550 4772 cum

1967 4811 2217 4866 omnibus
2246 4811 2608 4866 cartlinalibus
2634 4851 2651 4878 ,
2680 4821 2734 4868 et
2769 4812 2959 4882 Hyrie,
2993 4811 3178 4865 eleison
3204 4826 3223 4875 ;
3251 4821 3303 4865 et
3338 4811 3549 4864 interim

1966 4902 2178 4971 reponit
2232 4902 2547 4969 incensum,
2578 4905 2834 4974 episcopo
2883 4903 2964 4957 vel
3010 4901 3320 4972 presbytero
3368 4898 3550 4953 minis-

1967 5003 2159 5048 trante.
2191 4994 2317 5048 Post
2346 4993 2528 5060 scdet,
2567 5003 2621 5050 et
2645 4995 2835 5064 recipit
2864 4993 3118 5048 sacerdos
3164 4993 3438 5045 incensum
3481 4989 3551 5043 ab

1965 5085 2253 5156 acolytho,
2302 5095 2357 5141 et
2403 5102 2522 5140 cum
2576 5086 2936 5141 incensaverit
2975 5084 3176 5148 altare,
3209 5083 3380 5138 defert
3427 5097 3549 5136 aco-

1969 5175 2145 5245 lythus
2196 5177 2520 5231 tlmribulum
2547 5216 2565 5241 ,
2596 5188 2647 5230 et
2675 5177 2958 5245 episcopus
3004 5176 3088 5229 vel
3139 5174 3390 5230 Sacerdos
3427 5189 3548 5227 car-

1966 5269 2202 5336 dinalis,
2259 5273 2348 5340 qui
2418 5271 2724 5336 ministrat,
2783 5269 3024 5323 incensat
3091 5277 3292 5321 tantum
3360 5281 3547 5335 papam

1967 5360 2306 5428 gennflexus,
2338 5363 2380 5415 si
2408 5376 2539 5430 papa
2569 5360 2753 5425 st'det;
2783 5369 2833 5414 et
2859 5358 3035 5412 nullus
3057 5358 3192 5412 alius
3221 5358 3546 5412 incensatur.

1967 5451 2114 5507 'l‘unc
2146 5452 2299 5507 mitra
2348 5469 2452 5508 non
2483 5451 2766 5520 deponitur
2797 5467 2945 5521 parte
2993 5451 3044 5504 in
3093 5450 3281 5504 diebus
3313 5448 3546 5513 festivis.

1967 5545 2066 5600 nisi
2096 5546 2148 5599 in
2178 5545 2437 5616 Conﬁteor
2466 5554 2587 5600 ante
2635 5545 2836 5610 altare,
2872 5555 2925 5599 et
2969 5560 3086 5599 emn
3136 5544 3329 5596 dicitur
3373 5541 3547 5595 Evatt-
3607 5593 3616 5600 ,

1964 5636 2198 5706 gcliuni,
2248 5651 2522 5708 usquequo
2553 5636 2770 5709 dictum
2827 5635 2986 5692 fuerit
3029 5636 3223 5702 Credo,
3252 5643 3303 5690 et
3354 5632 3546 5686 librum
