4006 6294
543 323 674 379 ἱῖἲλ

1219 318 1560 374 ΑΡΡΕΝΟΙΧ
1603 319 1694 374 AD
1732 318 1789 374 S.
1834 318 2158 376 GREGOI’tli
2203 321 2411 378 MACNI
2455 323 2828 382 LITUIICICA
2873 327 3124 384 OPERA.

3685 336 3707 389 I
3727 336 3828 392 Ξ.Ϊᾶ

541 433 701 490 fuerit
725 430 1024 487 osculatum
1048 445 1061 493 ;
1087 435 1138 483 et
1163 437 1440 497 postquam
1462 428 1736 482 descendit
1761 430 1810 481 in
1833 429 2128 482 elevatione
2159 436 2205 490 Δ
2237 432 2534 487 faldistorio
2557 435 2672 488 sine
2704 425 2889 501 mitra,
2921 438 3046 491 etin
3079 437 3181 490 huc
3208 439 3489 495 revertitur
3523 441 3590 495 ad
3635 445 3828 499 sedem

534 525 776 592 corporis
828 519 1068 582 Christi,
1127 527 1182 572 et
1234 527 1358 571 tunc
1409 517 1652 585 reponit,
1695 532 1815 571 cum
1871 519 2006 572 redit
2056 519 2122 572 ad

533 616 755 674 sudem,
784 619 838 664 et
870 618 1055 663 tenens
1096 608 1339 671 mitram;
1372 623 1494 662 cum
1538 609 1793 663 sacerdos
1841 611 1971 664 dicit
2017 610 2122 663 alta

535 717 663 757 Voce
691 701 986 756 secundum
1020 699 1122 755 Per
1158 703 1331 755 omnia
1355 703 1547 755 slerula
1572 703 1877 756 sa'culorum
1896 744 1908 767 ,
1939 712 1988 757 et
2020 711 2125 756 stat

531 791 708 858 Capile
737 793 949 845 detecto
975 831 990 856 ,
1040 805 1313 859 usquequo
1370 792 1619 851 sacerdos
1651 793 1835 861 incipit
1883 794 2123 861 recipere

537 882 716 935 vinum
770 880 1134 949 perlusionis;
1195 890 1247 936 et
1304 895 1420 951 post
1471 883 1523 936 in
1575 884 1679 937 line
1733 883 1795 936 ili
1829 899 1935 946 sm,
2002 899 2120 937 cum

530 971 752 1026 deberet
780 972 958 1025 dicere
1001 972 1082 1026 Sit
1106 987 1291 1026 nomen
1314 971 1521 1027 Domini
1540 974 1875 1040 benedictum,
1904 974 2123 1042 deponit

537 1061 789 1125 mitram;
823 1070 875 1114 et
905 1069 1031 1116 tunc
1075 1060 1220 1116 dicto
1250 1061 1331 1116 Sit
1374 1079 1584 1127 nomen,
1635 1073 1680 1116 et
1702 1061 1896 1116 Bcned.
1920 1102 1935 1128 ,
1970 1079 2124 1132 repu-

538 1153 683 1206 nitur
713 1153 890 1207 mitra.

605 1242 773 1312 [.15
797 1242 944 1297 Dicta
971 1236 1230 1312 Epistola,
1257 1242 1612 1299 subdiaconus
1638 1243 1910 1299 osculatur
1932 1242 2120 1313 pedem

529 1347 706 1402 papze,
733 1341 788 1387 et
819 1351 922 1388 nun
969 1345 1113 1389 ante.
1170 1336 1387 1391 Dicente
1416 1335 1747 1391 subdiacono
1780 1337 2071 1405 Epistolam
2101 1376 2117 1402 ,

535 1426 764 1479 :issoeiat
791 1443 909 1479 eum
939 1427 1220 1496 acolythus
1243 1471 1257 1495 ,
1293 1437 1439 1482 stans
1466 1442 1496 1481 a
1525 1428 1757 1483 sinistris
1788 1427 2117 1484 subdiaconi.

534 1514 666 1568 Cum
700 1514 893 1569 dicitur
921 1515 1073 1570 Vers.
1107 1516 1333 1569 Alleluia
1359 1557 1374 1584 ,
1409 1532 1543 1586 papa
1573 1519 1722 1587 pauit
1766 1519 1818 1572 in
1848 1518 2116 1573 thurihulo

534 1606 841 1670 incensum,
898 1607 1233 1662 ministrante
1283 1609 1538 1678 episcopo
1578 1617 1636 1663 ut
1678 1609 1856 1677 prius,
1899 1625 1999 1664 nec
2044 1611 2120 1662 in-

532 1698 841 1751 incensatur
897 1713 1072 1766 papa,
1126 1698 1220 1753 sed
1275 1698 1624 1768 Evangelium
1678 1709 1904 1754 tantum.
1968 1701 2120 1754 Dicto

2224 540 2344 580 cum
2392 527 2571 580 mitra.
2627 527 2692 581 Et
2737 528 2892 581 mitra
2942 539 3026 582 est
3074 528 3188 583 :ilba
3231 532 3351 586 sine
3392 534 3587 603 l’regio.
3643 535 3714 588 Et
3754 537 3829 593 sic

2226 633 2442 687 semper
2475 619 2525 671 in
2560 621 2838 685 Adventu,
2883 621 3044 674 etiam
3087 613 3273 676 diebus
3305 624 3639 689 Dominicis,
3686 635 3745 681 et
3777 629 3828 684 in

2223 708 2639 778 Quadragesitna
2659 753 2672 776 ,
2719 719 2894 763 tamen
2923 709 3020 764 nisi
3048 711 3115 765 sit
3147 711 3339 766 festum
3361 757 3373 778 ,
3407 725 3606 781 pra-ter
3636 717 3827 770 Domi-

2226 798 2399 854 nicatu
2430 800 2496 854 de
2525 799 2754 854 Gaudete
2801 810 2853 855 et
2884 800 3114 869 La'tare,
3153 801 3464 858 Jerusalem.
3524 805 3825 863 Dominicis

2227 906 2355 944 vero
2387 891 2574 945 diebus
2623 893 2675 945 in
2721 893 3138 962 Quadragedma
3187 905 3366 949 servat
3415 898 3634 950 modum
3689 912 3826 953 con-

2224 992 2437 1036 suetum
2467 984 2598 1036 alias
2625 1025 2639 1048 ,
2675 998 2772 1038 nec
2807 985 3063 1038 incumbit
3087 1003 3246 1054 super
3279 989 3630 1044 laldistorium

2299 1075 2352 1131 Si
2380 1075 2575 1129 dicitur
2606 1075 2903 1131 Flectamus
2932 1095 3099 1149 genua
3125 1080 3176 1133 in
3209 1079 3379 1134 leriali
3427 1081 3611 1136 oflicio
3633 1125 3645 1148 ,
3683 1098 3822 1152 papa

2226 1182 2344 1222 cum
2374 1170 2531 1223 mitra
2561 1169 2743 1231 ﬂectit,
2777 1170 2830 1223 itt
2860 1169 3044 1225 Lerale
3067 1173 3258 1241 surgit,
3281 1183 3333 1227 et
3365 1172 3561 1229 iterum
3590 1176 3822 1244 incoepta

2227 1259 2484 1314 Oratione
2517 1261 2776 1315 incumbit
2806 1276 2968 1331 super
2996 1262 3347 1318 fuldistoriuui
3381 1281 3500 1318 cum
3539 1267 3723 1320 mitra.
3761 1268 3820 1321 Et

2226 1352 2327 1405 iste
2358 1351 2547 1407 modus
2579 1362 2822 1408 servatur
2858 1354 3282 1424 quandocunque
3314 1357 3412 1411 hoc
3446 1358 3504 1412 lit
3533 1361 3658 1413 cum
3696 1360 3820 1414 Mis-

2224 1456 2337 1496 sam
2369 1442 2538 1498 audit.
3821 1495 3824 1515 ί

2297 1537 2353 1592 Si
2384 1537 2455 1591 sit
2479 1534 2674 1591 festum
2707 1536 2757 1590 in
2790 1535 3227 1606 Quadrugesima,
3263 1540 3312 1593 in
3347 1541 3506 1595 Missa
3539 1541 3660 1596 festi
3694 1541 3815 1615 [ha-

2225 1625 2310 1681 bet
2351 1627 2585 1698 mitram]
2615 1642 2733 1682 cum
2763 1629 3070 1698 aurifrigio,
3107 1630 3156 1683 in
3190 1630 3345 1685 Missa
3379 1647 3510 1686 vero
3541 1632 3689 1687 feriat
3728 1650 3811 1689 ea-

2226 1717 2348 1773 dem
2371 1718 2456 1773 die
2477 1718 2596 1772 alba
2621 1719 2795 1773 mitra.
2826 1719 2954 1775 Post
2977 1719 3186 1774 Missam
3210 1724 3431 1776 resumit
3454 1727 3668 1778 mitram
3696 1741 3812 1783 cum

529 1789 819 1859 Evangelio
838 1831 853 1855 ,
879 1790 1235 1845 subdiaconus
1265 1801 1439 1858 portat
1463 1791 1806 1861 Evangelium
1831 1830 1847 1858 ,
1879 1801 1934 1846 et
1956 1791 2113 1846 oll‘ert
2151 1804 2196 1864 Β
2226 1810 2529 1882 ηυτίῆιίείο.
2555 1822 2608 1867 ει
2634 1811 2689 1866 in
2717 1810 2973 1881 vespa-is
3009 1811 3125 1867 [esu
3154 1827 3275 1868 cum
3306 1817 3465 1871 mi":
3496 1817 3725 1887 fﬁgiam_

526 1893 717 1948 papae;
754 1889 808 1934 et
852 1893 984 1948 papa
1033 1880 1302 1934 osculatur
1348 1879 1698 1951 Evangelium
1746 1880 1989 1948 dictum,
2020 1883 2118 1936 de-

527 1987 670 2026 mum
712 1974 1018 2027 incensatur
1064 1987 1196 2042 papa
1243 1980 1452 2026 tantum
1488 1973 1560 2027 ab
1591 1973 1846 2043 episcopo
1870 1985 1926 2029 et
1969 1989 2116 2044 pres-

526 2067 714 2136 bytero
738 2065 1034 2129 cardinali,
1061 2073 1120 2119 ut
1160 2066 1310 2136 prius
1358 2066 1414 2121 in
1445 2067 1708 2137 principio
1758 2068 1952 2123 Missae.
1988 2068 2116 2124 Post

527 2155 645 2209 hac
665 2171 790 2210 cum
809 2155 1008 2211 dicitur
1020 2155 1388 2223 Offertorium,
1407 2158 1619 2214 interim
1641 2167 1813 2228 portat
1836 2162 2114 2232 acolythus

525 2243 827 2299 naviculam
849 2260 880 2300 a
909 2245 1141 2301 sinistris
1161 2287 1177 2314 ,
1206 2247 1533 2304 thuribuZum
1564 2264 1596 2302 a
1625 2248 1859 2315 dextris,
1893 2263 1945 2306 et
1969 2251 2108 2320 epis-

532 2350 699 2405 copus
729 2336 815 2390 vel
847 2337 1132 2403 sacerdos,
1161 2349 1214 2392 ut
1250 2339 1396 2408 prius
1417 2383 1430 2407 ,
1460 2340 1616 2396 offert
1663 2342 1959 2397 naviculam
1991 2357 2112 2398 cum

521 2430 785 2484 cochleari
813 2446 828 2496 ;
857 2439 910 2485 et
938 2445 1071 2500 papa
1102 2432 1252 2500 ponit
1282 2432 1557 2489 incensum
1590 2434 1642 2489 iu
1675 2435 1980 2504 thuribulo;
2013 2452 2111 2494 nec

528 2523 840 2576 incensatur
863 2556 878 2585 ,
910 2521 1005 2577 sed
1035 2523 1290 2579 sacerdos
1321 2524 1560 2580 inccusat
1607 2526 1806 2594 altare,
1840 2538 1892 2581 et
1936 2527 2113 2598 acly-

525 2611 647 2665 thus
676 2612 918 2667 incensat
965 2613 1374 2685 presbyterum;
1407 2616 1600 2671 deinde
1626 2657 1641 2683 ,
1672 2626 1727 2671 ut
1769 2618 1942 2687 prius,
1976 2634 2112 2689 papa

529 2701 839 2755 incensatur
865 2702 931 2758 ab
961 2703 1213 2774 episcopo
1242 2707 1327 2760 vel
1371 2707 1686 2778 presbytero
1728 2709 2110 2766 cardiualibus.

527 2791 820 2861 Acolythus
847 2791 1040 2848 deinde
1071 2793 1313 2850 inecnsat
1340 2810 1530 2851 omnes
1551 2797 1652 2852 hoc
1677 2797 1866 2853 ordine
1892 2816 1905 2852 :
1941 2798 2112 2869 primo

520 2885 831 2953 episcopum
883 2886 968 2941 vel
1036 2887 1368 2942 sacerdOtem
1425 2887 1816 2944 ministrantem
1845 2930 1860 2954 ,
1913 2889 2112 2945 deinde

519 2974 655 3029 duos
701 2976 996 3043 diaconos,
1048 2977 1261 3032 demum
1309 2979 1594 3050 episcopos
1647 2991 1702 3036 et
1757 2981 2108 3051 presbyteros

521 3063 827 3118 cardinales
848 3105 864 3127 ,
895 3065 1087 3121 deinde
1134 3066 1391 3124 diaconos
1410 3109 1425 3134 ,
1454 3069 1668 3125 dentom
1718 3072 2068 3128 cancellarios
2092 3114 2107 3139 ,

527 3153 725 3208 deinde
781 3154 1213 3226 archiepiscopos
1258 3166 1312 3214 et
1369 3159 1505 3215 alios
1571 3161 1858 3230 pratlatos,
1911 3163 2183 3227 deindeC

521 3246 830 3315 capellauos
849 3289 864 3313 ,
900 3247 1094 3305 deinde
1125 3249 1505 3308 thmibularius
1525 3292 1542 3320 ,
1573 3252 1788 3309 demum
1817 3254 2064 3311 ostiarios
2088 3299 2103 3325 ,

520 3336 715 3391 deinde
741 3337 875 3392 alios
901 3339 991 3406 qui
1019 3348 1143 3394 sunt
1169 3339 1221 3395 in
1262 3340 1439 3397 Missa.
1478 3343 1543 3398 Et
1578 3346 1657 3400 sic
1689 3361 1821 3415 papa
1850 3356 1930 3402 ter
1955 3348 2107 3417 ponit

523 3429 800 3484 incensum
823 3472 837 3494 ,
875 3440 926 3484 et
958 3440 1040 3485 ter
1079 3432 1424 3500 incensatur;
1473 3445 1590 3504 post
1640 3437 1916 3493 Introitum
1940 3479 1955 3505 ,
1990 3449 2110 3509 post

521 3520 891 3590 Evangelium,
927 3532 984 3579 et
1012 3539 1130 3578 cum
1177 3525 1371 3581 dicitur
1399 3527 1735 3584 Oliertorium
1769 3531 2104 3596 incensatur;

525 3620 581 3665 et
611 3621 691 3667 ter
716 3615 863 3681 ponit
910 3614 1186 3670 incensum
1238 3618 1290 3671 in
1324 3617 1620 3685 thttribulo,
1653 3620 1705 3674 in
1735 3621 1953 3678 lutroitu
1979 3664 1993 3687 ,
2039 3623 2105 3679 ad

525 3700 910 3771 Evangelium,
943 3712 994 3757 et
1040 3720 1160 3760 cum
1209 3705 1409 3762 dicitur
1465 3708 1851 3778 Oll'ertorium;
1899 3713 1991 3766 scd
2050 3713 2104 3768 in

523 3785 749 3840 lutroitu
781 3787 956 3856 primo
975 3790 1144 3844 altare
1169 3800 1222 3844 et
1247 3792 1524 3860 sacerdos,
1549 3793 1602 3849 in
1633 3794 1918 3852 Oﬂertorio
1948 3813 2100 3868 papa,

521 3877 615 3931 sed
643 3887 764 3946 past
792 3880 1134 3950 Evangelium
1166 3891 1369 3937 tantum
1401 3899 1547 3954 papa.

553 3988 735 4045 CXIII.
764 3987 841 4044 De
875 3990 1050 4046 Missis
1075 4009 1188 4058 qum
1216 3994 1458 4071 dicuntur
1486 4013 1655 4052 coram
1681 4016 1816 4070 papa
1847 4011 2068 4071 tempere

1218 4065 1421 4135 feriato.

593 4172 646 4225 lu
701 4171 1119 4243 Quadragcsima
1166 4174 1219 4229 in
1275 4173 1546 4231 ferialibus
1595 4193 1729 4247 papa
1780 4180 1844 4234 ad
1906 4183 2103 4250 primas

521 4262 804 4317 Orationes
834 4263 1041 4328 Missae,
1090 4273 1146 4319 et
1174 4266 1354 4320 statim
1406 4268 1550 4322 dicto
1578 4283 1698 4322 cum
1743 4271 2104 4332 cardinalibus

517 4354 742 4406 Sanctus
772 4369 942 4424 usque
972 4355 1038 4411 ad
1091 4359 1676 4427 postcpmmunionem,
1706 4371 1762 4416 et
1807 4363 1858 4417 in
1906 4364 2103 4422 ultimis

517 4441 862 4498 Orationibus
882 4485 896 4509 ,
926 4445 1217 4500 descendat
1262 4447 1330 4502 de
1357 4450 1520 4515 sede,
1553 4462 1606 4506 et
1653 4454 1908 4510 incumbit
1940 4471 2102 4524 super

516 4532 870 4588 laldistorium
895 4549 1014 4590 cum
1041 4537 1192 4592 mitra
1214 4579 1228 4603 ,
1253 4554 1410 4609 quam
1435 4540 1680 4612 deponit,
1708 4559 1827 4600 cum
1851 4551 2100 4606 sacerdos
2133 4539 2180 4598 Ι)

517 4621 704 4691 incipit
731 4623 906 4680 facere
933 4640 1146 4681 crucem
1178 4643 1341 4696 super
1380 4630 1558 4686 oblata
1584 4647 1598 4698 ;
1629 4643 1683 4688 et
1713 4637 1938 4691 resumit
1983 4649 2104 4708 post

515 4721 756 4768 Sanctam
808 4717 1164 4774 elevationem
1208 4724 1522 4794 sanguinis;
1572 4737 1626 4783 et
1674 4738 1799 4784 tunc
1844 4731 2105 4790 incumbit

515 4802 814 4860 faldistorio
839 4848 854 4873 ,
887 4818 940 4863 et
986 4810 1038 4863 in
1088 4813 1323 4869 secundo
1351 4814 1454 4870 Per
1485 4820 1655 4873 omnia
1705 4821 1960 4878 diaconus
2001 4825 2102 4881 sibi

513 4896 732 4965 deponit
757 4913 925 4968 usque
948 4901 1014 4956 ad
1040 4918 1220 4958 vmum
1252 4908 1607 4975 perfusiouis;
1630 4922 1685 4968 et
1707 4924 1920 4986 re-epta
1945 4931 2097 4987 pace,

512 4989 707 5043 atando
747 4989 898 5058 justa
958 4992 1351 5066 faldistorium,
1403 5016 1431 5054 a
1486 5002 1836 5073 presbytero,
1869 5016 1923 5061 et
1973 5009 2093 5065 data

513 5083 755 5138 diaconis
779 5088 1161 5156 servientibus,
1196 5093 1454 5150 incumbit
1483 5095 1798 5154 faldistorio.
1833 5101 2096 5161 Diaconus

514 5186 634 5227 eam
660 5173 751 5228 dat
777 5177 960 5245 primis
983 5180 1209 5234 aliorum
1234 5184 1580 5241 cardinalium
1602 5229 1616 5253 ,
1647 5200 1698 5244 et
1725 5192 2095 5264 episcoporum

519 5269 572 5316 et
591 5263 933 5324 diaconorum
959 5287 972 5336 ;
1007 5282 1064 5328 et
1091 5274 1141 5328 in
1186 5275 1382 5330 ultimis
1412 5277 1757 5336 Orationibus
1783 5263 1921 5339 cum,
1941 5289 2094 5343 mitra

517 5351 777 5447 incumbit
818 5358 1149 5432 faldistorio,
1183 5382 1282 5423 nec
1320 5373 1518 5440 surgit,
1554 5373 1678 5429 licet
1706 5377 1867 5447 aliqui
1917 5379 2098 5438 dicant

516 5444 658 5534 quod
690 5446 796 5511 sic,
828 5449 990 5521 415
1019 5456 1110 5509 sed
1142 5458 1370 5526 primum
1408 5470 1490 5515 est
1535 5444 1838 5534 honestius;
1885 5479 1937 5524 et
1979 5487 2097 5526 cum

517 5533 684 5603 dicil,
727 5537 1034 5609 Humiliale,
1084 5556 1213 5613 etc.,
1266 5550 1485 5619 deponit
1535 5555 1788 5625 mitram,
1844 5559 2101 5620 inmmbit

591 5657 615 5740 ft
644 5648 995 5740 ientpeuqu’ia
1044 5673 1173 5726 papa
1216 5663 1496 5740 celebrans
1539 5666 1589 5721 in
1625 5669 1705 5740 his
1746 5670 1875 5727 locis
1899 5713 1914 5740 ,
1958 5675 2119 5736 habet

521 5729 616 5769 seu
642 5719 905 5789 apsidem,
938 5724 990 5779 in
1023 5719 1124 5795 qua
1153 5741 1235 5786 est
1258 5733 1455 5791 chorus
1480 5719 1840 5795 sacerdotum.

2292 1906 2349 1962 Si
2378 1921 2486 1961 non
2509 1907 2578 1961 sit
2601 1905 2794 1976 aliquis
2814 1904 3101 1961 cardinalis
3119 1908 3404 1978 episcopus
3427 1911 3516 1964 vel
3539 1911 3814 1976 sacerdos,

2221 1997 2477 2052 diaconus
2506 1997 2764 2052 assismns
2795 1995 2848 2051 in
2879 1997 3036 2052 Missa
3066 2012 3214 2066 papa:
3243 1998 3373 2054 facit
3410 2000 3480 2054 de
3512 2001 3734 2056 incenso
3764 2013 3815 2056 et

2218 2087 2368 2154 aliis,
2400 2085 2535 2143 sicut
2567 2085 2847 2158 episcopus
2877 2088 2961 2144 vel
3003 2088 3255 2145 sacerdos
3301 2090 3506 2146 laceret
3527 2131 3542 2159 ,
3577 2095 3624 2147 si
3656 2093 3814 2148 inter-

2218 2185 2387 2233 9850!.

2291 2271 2350 2327 Si
2377 2271 2585 2327 dicatur
2616 2272 2774 2327 Missa
2806 2270 3021 2342 vigiliae,
3052 2284 3223 2328 servat
3250 2274 3498 2328 eumdem
3524 2275 3740 2328 modum
3764 2284 3814 2331 et

2225 2362 2275 2416 in
2306 2362 2738 2432 genuﬂectendo,
2768 2371 2822 2417 et
2851 2362 3026 2430 mitra,
3056 2370 3110 2418 et
3136 2363 3280 2429 aliis,
3317 2364 3457 2418 sicut
3479 2366 3531 2418 itt
3565 2364 3720 2420 fi-ria.

2288 2452 2345 2507 In
2375 2452 2820 2524 Quadragesima,
2855 2454 2921 2509 ad
2949 2453 3219 2519 Tractum.
3243 2469 3362 2510 cum
3387 2444 3586 2511 dicitur
3613 2458 3810 2527 Adjm

2216 2560 2310 2598 nos
2346 2542 2482 2598 Deus
2513 2546 2791 2612 salutaris,
2823 2560 2945 2601 cum
2977 2562 3110 2617 papa
3142 2548 3289 2602 audit
3314 2547 3561 2616 Missam,
3593 2550 3810 2605 desecu-

2218 2636 2297 2691 dit
2327 2636 2392 2691 ad
2425 2635 2802 2702 laldistorium,
2837 2646 2891 2693 et
2919 2638 3174 2694 diaconus
3195 2639 3415 2709 deponit
3435 2639 3540 2694 sibi
3565 2642 3807 2705 mitram,

2215 2737 2269 2782 et
2297 2727 2411 2798 ipse
2441 2728 2738 2784 l'aldistorio
2767 2729 3057 2794 incumbit;
3088 2739 3139 2784 et
3168 2732 3343 2784 statim
3375 2731 3522 2785 dicto
3553 2747 3722 2802 usque
3748 2735 3806 2787 ad

2220 2830 2427 2890 partem
2459 2820 2626 2888 illam,
2653 2820 2911 2876 Saluraris
2934 2830 3124 2887 noster,
3153 2821 3435 2888 inclusive,
3459 2825 3690 2878 resumit
3715 2826 3806 2878 mi.

2220 2918 2355 2963 Iram
2407 2910 2632 2964 diacono
2666 2910 3037 2978 miniStrante,
3077 2921 3129 2966 et
3162 2912 3225 2965 ad
3258 2911 3443 2967 sedem
3495 2915 3802 2986 revertitur,

2142 3048 2149 3054 .
2216 3001 2376 3054 etiam
2404 3016 2522 3055 cum
2549 3002 2785 3057 cetebrat
2810 3003 2860 3057 in
2885 3003 3319 3074 Qu.idi-agesima,
3343 3012 3399 3058 et
3421 3004 3564 3058 idem
3588 3003 3806 3060 Tractus

2218 3092 2374 3148 fuerit
2402 3093 2679 3148 dicendus.

2290 3185 2345 3239 In
2377 3186 2545 3240 leriali
2599 3186 2778 3241 ollicio
2827 3186 2966 3242 idem
3015 3186 3158 3242 omni
3209 3196 3450 3256 tempore
3493 3189 3805 3244 observatur

2215 3277 2355 3347 quod
2387 3291 2547 3347 supra
2570 3277 2769 3332 dictum
2793 3289 2874 3332 est
2902 3279 2953 3332 in
2977 3279 3392 3349 Quadragesima
3418 3292 3469 3336 et
3500 3281 3555 3336 in
3582 3283 3802 3352 vigiliis;

2215 3369 2357 3424 idem
2387 3369 2550 3424 etiam
2595 3369 2741 3424 omni
2770 3380 3033 3442 tempore,
3065 3373 3238 3441 quoad
3289 3374 3716 3442 genuﬂexioncm
3751 3386 3803 3430 et

2212 3459 2335 3515 alia.

2282 3550 2415 3607 Cum
2451 3551 2646 3608 dicitur
2675 3551 2775 3621 Ite,
2810 3553 2972 3608 Μὶιεα
3006 3564 3108 3620 est,
3141 3555 3193 3610 di
3212 3569 3394 3611 .conus
3446 3557 3609 3612 vertit
3656 3571 3713 3611 se
3739 3555 3801 3609 ad

2213 3641 2465 3714 p0pulum
2489 3684 2504 3710 ,
2535 3657 2815 3714 quousque
2854 3650 3023 3699 totum
3057 3645 3270 3712 dixerit,
3302 3647 3436 3700 alias
3469 3646 3803 3716 inspicienti-

2211 3732 2311 3787 bus
2342 3731 2597 3789 diaconus
2621 3734 2790 3790 altare
2819 3734 2870 3788 in
2903 3742 2928 3770 ⁸
2951 3746 3137 3791 sancto
3179 3737 3376 3803 Paulo,
3413 3748 3468 3793 et
3496 3738 3550 3792 in
3583 3737 3715 3794 locis
3740 3740 3804 3792 si-

2211 3825 2451 3880 milibus.
2499 3825 2581 3881 Διί
2619 3825 2988 3882 Benedicamus
3023 3825 3241 3882 Domino
3284 3843 3499 3898 semper
3549 3829 3803 3883 diaconus

2208 3915 2424 3985 inspicit
2452 3916 2654 3983 altare;
2688 3926 2740 3970 et
2771 3917 2874 3986 ibi,
2909 3927 2959 3973 et
2989 3919 3137 3973 alibi.
3171 3919 3310 3988 Papa
3340 3920 3391 3973 in
3423 3929 3616 3975 sancto
3644 3921 3803 3974 Paulo

2208 4017 2262 4062 et
2284 4007 2545 4063 similibus
2575 4023 2694 4063 cum
2719 4008 2904 4079 incipit
2927 4011 3124 4079 Gloria,
3154 4012 3311 4066 vertit
3331 4027 3388 4067 se
3407 4011 3472 4065 ad
3499 4013 3799 4073 tribunum;

2206 4113 2327 4153 cum
2366 4100 2497 4154 dicit
2530 4099 2777 4155 Dominus
2809 4103 3063 4156 vobiscum
3083 4143 3096 4167 ,
3133 4100 3215 4157 vel
3244 4101 3359 4157 Pax
3385 4103 3558 4168 vobis,
3597 4103 3801 4172 inspicit

2209 4190 2460 4260 populum
2482 4229 2495 4254 ,
2527 4200 2675 4245 stans
2706 4190 2756 4244 iu
2789 4191 2916 4247 sede
2949 4207 3136 4248 versus
3162 4193 3365 4257 altare;
3395 4193 3491 4248 sed
3523 4207 3648 4248 cum
3676 4194 3799 4248 dicit

2211 4280 2455 4348 Oremus,
2486 4294 2538 4337 et
2568 4281 2881 4350 Orationes,
2915 4293 2968 4339 et
2999 4299 3119 4338 cum
3154 4285 3340 4355 incipit
3367 4284 3550 4349 Credo,
3587 4286 3798 4354 inSpicit

2207 4374 2497 4441 tribunam,
2524 4375 2618 4430 sed
2651 4377 2990 4446 prosequitur
3013 4375 3201 4441 Credo,
3233 4378 3399 4448 416
3429 4378 3657 4447 legendo
3683 4393 3797 4432 Vct-

2207 4479 2299 4519 sus
2325 4467 2490 4520 altare
2514 4479 2633 4520 cum
2663 4465 2800 4522 aliis.
2829 4465 2961 4522 Cum
2989 4468 3115 4522 dicit
3139 4468 3221 4524 Sit
3245 4485 3451 4535 nomen,
3481 4469 3796 4538 scmperin-

2208 4557 2332 4628 cipit
2363 4573 2393 4612 a
2424 4559 2601 4614 medio
2628 4558 2810 4614 altaris
2839 4574 3025 4614 versus
3054 4561 3246 4615 altare.

2283 4648 2498 4703 Diaconi
2525 4665 2652 4705 vero
2680 4650 2757 4705 sic
2786 4665 2845 4705 se
2876 4631 3073 4707 habent
3100 4653 3152 4706 in
3185 4651 3522 4720 inSpiciendo
3545 4651 3791 4723 pupulum

2207 4739 2292 4795 vel
2323 4741 2524 4808 altare,
2556 4741 2693 4795 sicut
2735 4757 2868 4812 papa
2911 4743 3189 4799 celebrans
3220 4745 3273 4799 in
3318 4756 3506 4800 sancto
3554 4747 3716 4800 Paulo
3744 4754 3792 4799 et

2207 4831 2595 4885 consimilibus.
2642 4832 2697 4887 ln
2743 4832 2942 4888 ultimis
2990 4834 3337 4890 Orationibus
3378 4844 3498 4904 post
3545 4835 3792 4901 Missam,

2206 4936 2325 4977 cum
2353 4921 2484 4976 dicit
2512 4937 2645 4992 papa
2673 4933 2819 4978 stans
2855 4924 2921 4978 ad
2968 4925 3171 4994 altare,
3207 4924 3461 4980 Dominus
3502 4928 3790 4989 vobiscum,

2207 5019 2366 5071 vertit
2395 5032 2453 5072 se
2481 5019 2547 5072 ad
2579 5019 2861 5088 populum,
2885 5021 2948 5073 et
2987 5019 3197 5074 diaconi
3225 5035 3240 5086 ;
3272 5021 3363 5074 sed
3404 5019 3660 5074 diaconus
3706 5021 3791 5088 qui

2204 5110 2443 5164 cantavit
2474 5109 2855 5179 Evangelium,
2891 5109 3024 5164 facie
3072 5125 3228 5164 versa
3275 5110 3341 5164 ad
3382 5125 3598 5179 papam,
3647 5118 3792 5179 parat

2207 5203 2304 5257 sibi
2337 5212 2644 5274 palatuettta
2689 5203 2738 5256 in
2788 5205 2956 5273 primo
2986 5204 3185 5259 dicere.
3218 5201 3352 5259 Cum
3387 5205 3585 5260 dicitur
3623 5204 3794 5270 (ἐρωῇ.

2209 5306 2335 5361 teor,
2366 5295 2624 5349 diaconus
2651 5309 2679 5348 a
2706 5295 2958 5361 sinistris,
2985 5306 3037 5350 et
3063 5296 3319 5350 diaconus
3341 5312 3370 5350 a
3398 5297 3626 5361 dextris,
3657 5298 3793 5350 inle-

2208 5389 2306 5440 rim
2334 5396 2484 5456 parat
2510 5386 2751 5441 fanonem
2777 5401 2831 5441 et
2858 5387 2956 5441 alia
2990 5402 3156 5456 papae.
3182 5388 3236 5442 Si
3258 5389 3328 5442 sit
3355 5387 3571 5458 aliquod
3601 5375 3790 5443 lestum

2207 5477 2458 5545 speciale,
2495 5478 2561 5533 de
2605 5492 2709 5546 quo
2757 5477 2913 5533 Missa
2962 5477 3288 5539 celebretur,
3324 5479 3382 5533 lit
3432 5480 3688 5534 memoria
3736 5480 3789 5534 in

2208 5569 2480 5639 Con/inor,
2509 5571 2606 5625 hoc
2627 5571 2783 5626 modo
2807 5585 2819 5625 :
2849 5570 3054 5626 Sanctis
3075 5570 3319 5640 apostolis
3345 5567 3503 5626 Petro
3523 5583 3572 5626 et
3593 5571 3783 5644 Paulo,

2167 5680 2352 5737 faciem
2404 5698 2716 5738 conversam
2759 5683 2823 5739 ad
2870 5684 3141 5755 populum,
3198 5700 3355 5742 rencs
3394 5685 3460 5743 ad
3518 5689 3783 5743 tribunatu
