4006 6288
191 318 340 374 I'l'i?)

1381 311 1640 369 ROMANI
1681 310 1996 368 ORDINES.
2034 341 2103 352 —
2143 311 2279 367 XIV.

3333 317 3468 377 Ιὶὶὸῶ

179 443 228 486 et
266 433 416 485 beato
457 427 679 500 Georgio
707 427 942 498 martyri.
976 425 1103 481 Item
1133 425 1209 481 sic
1243 443 1257 480 :
1289 426 1495 481 Sanctis
1529 424 1775 496 apostolis
1807 429 1853 486 Α
1881 424 2066 478 CXIV.
2099 423 2175 478 De
2208 423 2308 477 Illis
2336 423 2378 477 is
2408 423 2783 500 defunctorum,
2819 441 2930 486 quae
2957 426 3271 480 celebrantur
3297 448 3470 485 rorant

184 523 346 578 Petro
372 532 416 576 et
453 520 644 591 Paulo,
672 529 718 574 et
744 518 956 574 Iacobo.
987 518 1116 574 Item
1148 519 1224 573 sic
1255 535 1268 572 :
1305 518 1511 573 Sanctis
1535 519 1778 588 apostolis

185 617 344 670 Petro
381 625 426 668 ct
467 613 675 678 Paulo,
718 611 916 666 loanni
964 611 1311 681 evangelistar,
1347 610 1470 664 licet
1497 609 1658 677 aliqui
1697 609 1779 662 di-

182 710 361 765 xerint
394 707 555 762 Beato
582 705 776 760 Joanni
806 704 1038 775 baptista;
1078 714 1125 758 et
1161 703 1501 774 evangelium,
1530 701 1614 755 vel
1654 701 1731 755 sic
1759 717 1772 750 ε

183 802 393 856 Sanctis
421 796 664 870 apostolis
696 795 848 850 Petro
872 807 920 852 ct
956 794 1120 849 Paulo
1143 805 1189 848 et
1217 792 1411 847 Joanni
1432 791 1772 860 euangelista.

183 893 290 948 Sed
324 892 527 960 primus
552 887 743 943 modus
773 885 946 956 magis
975 887 1179 955 placet,
1215 895 1264 938 et
1297 891 1380 939 est
1410 882 1579 951 magis
1609 880 1774 935 ralia-

185 983 401 1036 nabilis.
435 980 490 1034 In
521 977 749 1034 ecclesia
781 976 951 1031 sancti
1001 975 1268 1030 Laurentii
1313 982 1466 1028 extra
1498 985 1702 1034 muros,
1731 969 1775 1024 si

182 1075 255 1129 sit
288 1074 355 1129 ibi
378 1073 592 1136 festum,
619 1072 748 1125 item
778 1087 794 1124 :
824 1068 1030 1124 Sanctis
1053 1066 1296 1136 apostolis
1322 1064 1478 1117 Petro
1506 1073 1553 1116 et
1585 1061 1772 1124 Paulo,

183 1176 230 1219 et
262 1165 420 1218 beatis
446 1160 750 1230 martyribus
795 1157 1062 1235 Stepltane
1090 1166 1136 1209 et
1168 1154 1477 1219 Laurentio,
1512 1153 1635 1206 licet
1679 1151 1772 1204 alt-

183 1258 307 1326 quis
336 1256 413 1310 sic
441 1251 866 1308 denominarerit
895 1248 1260 1318 Stephanum,
1291 1246 1384 1300 sed
1417 1244 1555 1298 male
1675 1259 1773 1295 no-

184 1349 402 1412 biscum,
436 1359 539 1399 u0u
572 1343 696 1409 alio,
733 1341 983 1396 Domintts
1012 1339 1288 1402 vobiscum,
1315 1335 1456 1404 quod
1487 1334 1682 1388 dicitur
1723 1333 1775 1388 in

190 1439 375 1491 ultima
406 1434 683 1490 Oratione.
724 1432 857 1488 Nam
889 1441 1013 1486 tunc
1042 1429 1200 1486 debet
1228 1429 1484 1484 diaconus
1524 1439 1647 1482 esse
1679 1440 1774 1493 pa-

188 1539 334 1582 ratus
362 1527 543 1581 dicere
574 1525 655 1579 vel
688 1521 789 1589 Ite,
821 1521 982 1576 Missa
1006 1531 1117 1588 est,
1147 1520 1229 1575 vel
1260 1519 1632 1573 Benedicamus
1665 1514 1772 1569 Do-

193 1622 353 1684 mino,
386 1626 542 1688 prout
577 1625 786 1684 tempus
815 1614 1056 1683 requirit.

741 1706 818 1760 De
844 1715 1054 1759 vacante
1081 1706 1214 1761 sede.

259 1801 492 1855 Vacante
522 1798 652 1855 sede
679 1798 992 1867 apostolica,
1015 1798 1203 1852 sedent
1233 1794 1464 1865 episcopi
1487 1809 1516 1848 a
1542 1794 1767 1862 dextris,
1803 1791 1851 1852 Β

186 1901 308 1961 post
343 1892 486 1960 ipsos
515 1889 848 1960 presbyteri;
876 1902 906 1942 a
935 1888 1166 1942 sinistris
1195 1901 1324 1941 vero
1352 1887 1562 1942 diaconi
1592 1885 1770 1940 cardi-

186 1984 356 2048 nales,
393 1996 581 2037 onmes
624 1994 721 2035 suo
747 1979 957 2044 ordine,
985 1978 1150 2047 gradu
1189 1986 1244 2032 et
1269 1978 1409 2044 loco,
1433 1977 1572 2031 sicut
1610 1976 1771 2032 facie-

185 2075 315 2129 bant
358 2087 493 2144 papa
534 2081 826 2141 przesente;
861 2072 961 2125 hoc
990 2081 1164 2124 tamen
1203 2069 1353 2124 salvo
1377 2111 1391 2134 ,
1427 2068 1572 2137 quod
1602 2068 1768 2122 inter-

183 2162 311 2215 dum
360 2176 465 2215 non
509 2159 792 2213 dimittitur
816 2158 965 2214 locus
1005 2158 1210 2212 medius
1239 2157 1378 2213 inter
1404 2156 1686 2227 episc0pos
1715 2167 1770 2213 et

182 2251 471 2316 diaconos;
499 2258 553 2305 et
580 2259 706 2304 tunc
736 2249 897 2304 etiam
928 2248 1164 2318 episcopi
1195 2247 1386 2303 sedent
1413 2261 1443 2300 a
1465 2246 1688 2309 dextris.
1713 2255 1772 2301 ut

188 2340 390 2399 dictum
419 2348 522 2409 est,
569 2349 622 2395 et
655 2338 953 2410 presbyteri
985 2349 1102 2407 post
1127 2352 1254 2403 eos;
1282 2353 1311 2391 a
1340 2337 1571 2393 sinistris
1618 2352 1764 2405 vero,

184 2433 335 2502 juxta
367 2441 546 2488 tamen
579 2431 884 2501 episcopos,
915 2429 1222 2486 immediate
1246 2427 1397 2485 sedet
1419 2429 1565 2498 prior
1590 2428 1771 2485 diaco-

185 2539 403 2592 norum,
434 2533 486 2578 et
511 2522 598 2576 alii
635 2533 752 2591 post
781 2521 1034 2591 priorem.

259 2617 356 2670 Est
387 2624 565 2670 tamen
593 2613 892 2669 dill'erentia
925 2615 976 2667 in
1011 2613 1142 2682 hoc,
1174 2611 1341 2684 quod,
1373 2628 1505 2682 papa
1537 2614 1768 2681 vivente,

185 2709 237 2764 in
266 2707 504 2763 conciliis
534 2706 723 2762 relatio
746 2714 798 2760 et
824 2705 955 2761 orde
985 2715 1228 2760 votorum
1253 2706 1538 2774 pra-dictus
1565 2705 1772 2779 [scrva-

185 2796 293 2867 turl
316 2806 573 2868 quantum
605 2797 670 2851 ad
697 2796 1017 2866 episcopos,
1051 2797 1132 2851 vel
1163 2798 1539 2866 presbyteros;
1566 2797 1632 2852 ad
1657 2797 1771 2853 dia-

184 2903 351 2946 conos
382 2902 510 2944 vero
538 2898 794 2942 mutatur.
822 2886 952 2942 Nam
983 2887 1151 2957 prima
1179 2901 1280 2942 vos
1303 2895 1391 2942 est
1409 2899 1528 2957 post
1553 2891 1771 2960 presby-

194 2992 337 3038 teros
367 2981 526 3052 primi
554 2980 794 3048 diaconi,
833 2988 887 3035 et
915 2981 994 3034 sic
1025 2978 1397 3034 descendendo
1442 2980 1655 3038 venitur
1704 2979 1776 3034 ad

183 3075 452 3145 iuniorem
470 3073 772 3136 diaconum,
790 3071 942 3142 cujus
957 3086 1060 3126 vox
1087 3079 1166 3126 est
1185 3070 1368 3125 ultima
1383 3070 1509 3127 sede
1523 3081 1768 3126 vacante.

2483 513 2546 563 ptt
2552 512 2617 564 pa
2643 494 2865 548 rubrica.

1952 581 2261 636 Notandum
2293 582 2431 648 quod
2464 598 2594 651 papa
2628 597 2732 637 non
2776 585 3054 638 consuevlt
3081 584 3356 642 celebrare
3384 603 3472 641 so-

1880 673 2129 727 lemniter
2158 672 2368 728 Missam
2403 688 2497 742 pro
2525 674 2706 728 defuat
2727 682 2778 727 to
2805 716 2819 738 ,
2852 687 3317 747 quantumcunque
3347 694 3473 746 rege

1882 781 2103 837 magno;
2139 768 2232 822 sed
2260 768 2434 823 facere
2464 769 2722 822 celebrari
2752 769 3081 834 solemuiter,
3107 779 3160 825 et
3189 772 3471 839 przedicari

1881 870 2062 910 coram
2088 871 2156 911 eo
2181 873 2274 923 per
2301 873 2464 911 unum
2488 857 2818 927 episcopum,
2846 860 2925 913 vel
2954 861 3320 931 presbyterum
3346 877 3470 914 car-

1879 946 2111 1001 dinalem
2136 988 2150 1014 ,
2180 947 2382 1001 vocatis
2410 949 2657 1001 onmibns
2686 949 3076 1015 cardinalibus;
3109 961 3162 1005 et
3193 961 3315 1006 tunc
3346 967 3468 1007 cmn

1878 1037 2169 1092 cardinalis
2198 1038 2436 1094 celebrat
2469 1055 2564 1107 pro
2594 1039 2844 1095 defuncto
2866 1084 2879 1106 ,
2915 1057 3070 1110 papa,
3097 1043 3473 1099 assistentibus

1879 1128 1978 1181 sibi
2035 1128 2241 1182 duobus
2295 1131 2684 1198 antiquioribus
2739 1131 3053 1187 diaconihns
3111 1135 3470 1192 cardinalibus

1879 1225 2024 1282 tunc,
2057 1227 2112 1272 et
2149 1218 2307 1271 etiam
2340 1220 2392 1272 in
2428 1227 2543 1273 tota
2564 1221 2749 1287 Missa,
2777 1237 2896 1274 cum
2945 1223 3036 1276 illo
3067 1224 3155 1292 qui
3202 1226 3464 1293 celebrat,

1881 1321 2030 1361 more
2061 1305 2220 1360 solito
2253 1307 2378 1361 facit
2406 1308 2800 1365 confessionem
2830 1320 2954 1365 ante
2979 1312 3253 1367 lntroitum
3276 1315 3474 1371 Μίδεω.

1880 1397 1990 1462 Qua
2022 1397 2357 1452 confessione
2388 1397 2557 1464 facta,
2589 1400 2885 1454 cardinales
2925 1409 2981 1456 et
3024 1403 3227 1469 prtelati
3259 1405 3347 1458 illa
3386 1407 3474 1462 die

1882 1503 1989 1540 non
2024 1487 2243 1541 veniunt
2268 1489 2331 1541 ad
2367 1492 2722 1543 reverentiam
2752 1506 2923 1560 papte,
2958 1507 3053 1561 pro
3091 1506 3156 1547 eo
3186 1497 3326 1564 quod
3367 1513 3472 1551 non

1886 1587 2063 1646 portat
2091 1577 2318 1647 pluviale
2346 1577 2418 1633 ibi
2450 1577 2712 1645 indutmn,
2742 1580 2836 1634 sed
2866 1596 3086 1650 cappam
3130 1582 3194 1636 de
3222 1584 3474 1654 scarleto,

1885 1671 1970 1725 vel
1994 1670 2206 1726 mitram
2234 1671 2407 1724 albam
2434 1669 2644 1740 planam
2671 1671 2788 1727 sine
2812 1673 2971 1741 periis
2999 1683 3051 1727 et
3084 1674 3370 1744 autifrigis,
3395 1692 3480 1730 se-

1881 1761 2112 1815 cundum
2145 1761 2286 1829 quod
2317 1760 2484 1830 magis
2529 1761 2580 1816 ei
2620 1762 2868 1829 placebit.
2902 1763 3200 1817 Notandum
3241 1766 3380 1834 quod
3412 1767 3477 1819 ad

1875 1866 2062 1906 omnes
2087 1849 2368 1905 Orationes
2391 1850 2586 1918 Missae,
2609 1849 2773 1922 [.18
2794 1853 2836 1906 si
2854 1852 3153 1907 celebretur
3173 1865 3321 1907 extra
3344 1863 3480 1908 tem-

1877 1957 1975 2011 pus
2011 1943 2282 2012 paschale,
2313 1944 2397 1999 vel
2431 1954 2579 1999 extra
2611 1945 2839 2000 Octavas
2866 1947 3118 2000 festorum
3143 1962 3256 2015 qua:
3284 1946 3480 2001 habent

1875 2032 2124 2102 Octavas,
2159 2051 2292 2106 papa
2321 2035 2480 2090 debet
2510 2037 2871 2105 genuflectere
2896 2044 3020 2090 ante
3048 2037 3233 2103 altare,
3268 2037 3356 2091 ubi
3387 2046 3472 2094 est

1877 2123 2132 2179 cathedra
2159 2139 2279 2179 cum
2310 2125 2546 2180 scabello
2575 2135 2782 2194 parata,
2807 2125 3017 2180 mitram
3045 2127 3276 2181 tenendo
3306 2127 3358 2181 in
3380 2143 3471 2182 ca-

1878 2217 2007 2286 pite.
2045 2216 2278 2286 EpiStola
2312 2226 2366 2273 et
2397 2217 2745 2288 Evangelium
2777 2233 2881 2272 non
2913 2218 3105 2275 debent
3135 2219 3236 2288 legi
3270 2219 3322 2273 in
3352 2236 3479 2274 am-

1882 2310 2022 2363 bnne
2046 2322 2142 2364 seu
2195 2309 2246 2362 in
2276 2309 2512 2379 pulpito,
2545 2309 2638 2365 sed
2685 2311 2734 2364 in
2772 2312 2886 2380 ipso
2935 2310 3266 2380 presbyterio
3313 2325 3479 2380 prape

1874 2403 2042 2457 altare
2071 2418 2085 2467 ;
2117 2402 2367 2472 dictoque
2398 2403 2686 2473 Evangelio
2709 2447 2722 2472 ,
2757 2419 2861 2458 non
2891 2413 3133 2472 portatur
3160 2403 3292 2458 liber
3324 2419 3473 2473 papae

1875 2494 1939 2546 ad
1969 2493 2342 2549 osculandum.
2371 2494 2658 2564 Postquam
2688 2509 2815 2547 vero
2848 2503 2965 2563 post
3006 2493 3349 2549 Ollertorium
3381 2492 3471 2548 ille

1874 2588 1963 2656 qui
1993 2587 2230 2643 celebrat
2251 2587 2638 2643 thurilicaverit
2658 2589 2846 2654 altare,
2873 2604 3004 2658 papa
3034 2589 3178 2644 solus
3208 2604 3301 2660 per
3333 2591 3478 2658 prio-

1875 2695 1987 2736 rem
2021 2682 2451 2752 presbyterorum
2482 2682 2830 2736 cardinalium
2857 2684 2909 2738 in
2943 2681 3098 2738 Missa
3130 2683 3177 2737 ei
3207 2687 3468 2739 assisten-

1880 2785 1988 2833 tem
2022 2778 2376 2845 thurib’catur,
2406 2786 2461 2832 et
2486 2778 2662 2834 nullus
2688 2777 2848 2834 alius.

1955 2869 2257 2924 Notandum
2292 2877 2375 2924 est
2403 2869 2564 2924 etiam
2612 2869 2754 2940 quod
2790 2869 3099 2926 immediate
3129 2884 3296 2940 papa,
3331 2880 3482 2940 post-

1877 2981 2034 3034 quam
2058 2963 2252 3019 dixerit
2275 2963 2525 3029 Sauctus,
2552 2964 2801 3031 Sanctus,
2831 2964 3072 3026 Sanctus,
3095 2973 3228 3028 etc.,
3255 2963 3481 3019 descen-

1877 3055 1955 3110 dit
1977 3053 2044 3110 de
2073 3055 2201 3109 sede
2228 3069 2346 3118 sua,
2380 3062 2434 3114 et
2469 3052 2612 3107 vadit
2638 3053 2703 3106 ad
2735 3053 3051 3108 cathedram
3081 3066 3264 3108 coram
3295 3055 3477 3118 altari,

255 3168 390 3224 Item
415 3167 548 3222 ordo
576 3176 630 3222 et
659 3165 849 3222 modus
879 3173 1126 3220 servatur
1158 3165 1293 3218 inter
1322 3164 1605 3218 diaconum
1632 3178 1772 3230 esse,

1888 3148 1973 3202 ubi
2005 3146 2319 3218 genuflexus
2367 3153 2632 3210 moratur,
2666 3159 2948 3214 quousque
2977 3143 3258 3199 celebrans
3297 3143 3481 3214 incipit

184 3273 318 3331 papa
346 3260 578 3325 vivente,
606 3273 725 3312 cum
756 3257 898 3312 dicat
929 3256 1186 3311 diaconus
1215 3254 1440 3310 concilia
1471 3253 1781 3321 auxiliaria,

186 3354 275 3406 ubi
306 3351 478 3421 agitur
504 3351 573 3406 de
595 3349 754 3422 417
783 3349 1118 3405 ordinatione
1143 3347 1450 3413 cardinalis,
1475 3347 1558 3401 vel
1586 3346 1652 3401 de
1681 3346 1777 3400 ali-

183 3457 293 3512 quo
324 3442 501 3512 legato
547 3441 802 3495 cardinali
833 3440 1122 3509 mittenda,
1146 3439 1232 3495 vel
1277 3440 1323 3494 si
1367 3437 1589 3509 aliquod
1630 3436 1777 3492 aliud

186 3532 480 3588 concilium
511 3531 775 3584 auxiliare
807 3544 938 3599 papa
969 3539 1190 3600 peteret.

251 3622 308 3677 Si
344 3624 465 3690 quis
508 3618 796 3674 cardinalis
827 3619 980 3674 tarde
1012 3621 1213 3687 veniat,
1253 3620 1377 3675 aliis
1419 3619 1778 3675 cardinalibns

182 3711 522 3777 sedentibus,
550 3710 637 3764 vel
686 3709 737 3763 in
769 3708 1111 3774 comistorio,
1157 3709 1239 3763 vel
1269 3708 1418 3772 alibi,
1468 3724 1602 3779 papa
1644 3724 1776 3778 pm-

181 3813 371 3871 sente,
403 3817 592 3856 omnes
620 3801 708 3871 qui
740 3801 932 3858 sedent
963 3801 1015 3854 in
1044 3801 1230 3856 eadem
1266 3802 1452 3865 bauca,
1483 3802 1571 3855 ubi
1599 3815 1779 3856 sessu-

185 3910 278 3951 rus
292 3904 396 3961 est,
423 3893 661 3958 veniens,
685 3891 820 3948 facta
847 3907 995 3962 papa:
1013 3908 1108 3963 per
1129 3893 1434 3948 venientem
1459 3893 1779 3959 reverentia,

183 3995 427 4056 surgunt,
451 3994 505 4040 et
529 3999 650 4040 cum
681 3985 796 4053 ipso
818 3995 937 4051 post
957 3983 1180 4049 sedent;
1215 3991 1356 4052 post,
1385 3982 1428 4037 si
1459 3985 1576 4053 quis
1603 3983 1783 4038 cardi-

185 4078 326 4131 nalis
370 4083 553 4144 surgat
582 4074 778 4129 missus
809 4074 893 4129 vel
923 4073 1088 4141 alias,
1122 4088 1185 4128 ac
1212 4083 1544 4140 revertatur,
1579 4083 1780 4128 tantum

184 4170 290 4224 sibi
323 4177 610 4237 assurgunt
637 4166 745 4221 duo
772 4167 824 4221 in
854 4166 1040 4221 ordine
1067 4164 1332 4221 venientis
1355 4164 1601 4233 proximi.

259 4258 404 4312 Idem
433 4267 679 4314 servatur
709 4256 838 4312 sede
871 4264 1116 4311 vacante.
1161 4255 1294 4309 Dum
1335 4254 1526 4310 sedent
1567 4254 1619 4308 in
1654 4267 1786 4308 con-

188 4350 410 4406 sistorio
441 4349 766 4414 cardinales,
793 4355 974 4404 tenent
995 4347 1195 4412 biteta;
1222 4346 1274 4400 in
1301 4344 1680 4400 collationibus
1706 4342 1784 4397 bi-

186 4449 303 4498 reta
333 4440 720 4510 deponunt,et
749 4445 877 4493 sunt
919 4437 1038 4492 sine
1081 4435 1252 4490 bireto
1300 4435 1427 4489 dum
1472 4431 1780 4500 conferunt,

1885 3237 1988 3292 Per
2019 3238 2191 3291 omnia
2212 3241 2401 3290 saecula
2425 3236 2752 3299 swculorum,
2783 3244 2907 3290 ante
2930 3235 3099 3306 Agnus
3126 3232 3254 3300 Dei;
3280 3244 3334 3289 et
3355 3245 3480 3290 tunc

1883 3342 2014 3400 papa
2048 3328 2343 3400 ingreditur
2371 3327 2437 3381 ad
2468 3326 2652 3382 sedem
2682 3340 2866 3392 suam,
2920 3334 2973 3380 et
3020 3335 3126 3379 stat
3177 3326 3245 3381 ibi
3294 3325 3477 3394 pedes,

1882 3439 2162 3494 quousque
2189 3423 2470 3479 celebrans
2499 3422 2632 3476 dicit
2679 3419 2796 3475 Pax
2827 3419 3055 3486 Domini,
3107 3431 3212 3474 etc.
3263 3420 3327 3474 Et
3357 3428 3479 3474 tunc

1883 3514 2170 3585 deponitur
2205 3513 2303 3568 sibi
2334 3515 2512 3578 mitra,
2546 3519 2601 3567 et
2635 3521 2740 3566 stat
2787 3513 2961 3579 capite
2988 3510 3349 3579 discooperto,
3383 3510 3480 3562 ἀο-

1885 3619 1983 3658 nec
2016 3605 2131 3675 ipse
2160 3604 2442 3660 celebrans
2473 3616 2666 3672 corpus
2689 3610 2743 3658 et
2763 3602 3074 3671 sanguinem
3098 3601 3305 3655 Domini
3335 3616 3480 3654 sum-

1885 3695 2071 3763 pserit.
2107 3695 2232 3748 Post
2267 3694 2422 3747 Pater
2441 3705 2610 3748 noster
2641 3709 2744 3747 non
2769 3691 2961 3747 (IItIllIl'
2984 3691 3225 3746 Psalmus
3252 3690 3478 3744 Lastatus

1883 3801 2018 3848 sum,
2052 3798 2150 3838 nec
2180 3784 2460 3840 Orationes
2487 3801 2580 3855 pro
2606 3798 2736 3854 pace
2765 3784 2916 3839 fiunt.
2949 3782 3079 3839 Item
3109 3783 3194 3838 ille
3216 3784 3308 3854 qui
3337 3784 3480 3838 cele—

1887 3877 2026 3943 brat,
2060 3882 2337 3944 postquam
2368 3876 2561 3930 dixerit
2591 3877 2766 3944 Agnus
2801 3875 2916 3941 Dei,
2962 3887 3066 3929 non
3097 3875 3253 3930 debet
3297 3875 3485 3929 dicere

1885 3965 2029 4019 illam
2051 3962 2379 4031 Oratiunem,
2401 3963 2616 4017 Domine
2638 3963 2760 4017 Jesn
2783 3963 3000 4031 Christe,
3021 3962 3104 4034 qui
3123 3965 3320 4029 dixisti,
3339 3975 3478 4029 etc.,

1886 4068 1986 4109 nec
2008 4054 2238 4110 osculari
2263 4063 2387 4109 tunc
2407 4053 2594 4118 altare,
2621 4054 2742 4122 quia
2767 4067 2865 4123 pax
2893 4067 2995 4105 non
3014 4054 3190 4106 datur.
3218 4054 3344 4106 Item
3372 4068 3478 4107 non

1883 4144 2166 4215 debetqdici
2189 4142 2270 4200 Sit
2296 4159 2479 4198 nomen
2505 4142 2713 4197 Domini
2735 4142 3069 4209 benedictum,
3095 4153 3212 4208 post
3234 4142 3476 4209 Missam,

1885 4254 1986 4294 nec
2015 4239 2133 4293 dari
2166 4238 2512 4308 indulgentia.

1958 4331 2150 4384 Sermo
2175 4330 2260 4399 qui
2288 4329 2345 4382 fit
2376 4343 2471 4398 pro
2495 4324 2746 4382 defuncto
2775 4339 2955 4381 coram
2988 4339 3144 4395 papa,
3176 4323 3490 4380 immediate

1888 4419 1943 4473 fit
1974 4433 2092 4490 post
2121 4419 2358 4474 Missam.
2395 4419 2461 4473 Et
2490 4417 2768 4473 sciendum
2799 4415 2938 4487 quod
2968 4416 3061 4471 ille
3097 4414 3185 4486 qui
3219 4415 3341 4470 facit
3367 4429 3490 4469 ser-

186 4533 303 4587 sive
327 4507 448 4586 cum
470 4547 624 4603 papa,
647 4532 759 4588 sive
775 4532 915 4586 inter
933 4544 1022 4595 se;
1049 4539 1103 4584 et
1124 4536 1347 4598 uterque
1369 4527 1777 4594 conferentium,

1891 4529 2103 4568 munem
2151 4511 2560 4583 genuﬂectendo
2606 4525 2785 4565 coram
2841 4523 2972 4579 papa
3018 4509 3301 4563 inclinatus
3350 4507 3484 4576 petit

185 4626 232 4679 si
261 4625 326 4679 ad
353 4625 582 4680 invicem
610 4624 897 4681 conferunt
917 4623 999 4678 vel
1023 4624 1426 4692 disputent,eat
1443 4619 1562 4677 sine
1587 4621 1781 4676 bireto.

190 4715 336 4771 Sede
376 4723 553 4768 tamen
581 4722 802 4768 vacante
823 4755 838 4778 ,
865 4711 1128 4787 incipiens
1153 4710 1402 4767 conferre
1429 4711 1660 4766 biretum
1685 4711 1784 4766 de-

187 4806 357 4878 ponit,
389 4806 486 4862 sed
515 4807 694 4862 statim
725 4806 818 4862 alii
856 4821 958 4861 non
994 4804 1298 4874 patiuntur,
1345 4814 1400 4861 ct
1440 4813 1566 4860 tunc
1603 4806 1784 4861 confe-

187 4914 316 4955 rens
343 4899 572 4954 biretum
603 4898 834 4968 reponit.

260 4989 448 5043 Nullus
472 4989 628 5044 debet
653 4987 1025 5045 consulentem
1051 4987 1469 5058 interrumpere,
1497 4989 1595 5044 nisi
1622 5004 1780 5060 papa,

185 5080 242 5135 si
267 5080 420 5146 vult;
448 5089 503 5135 et
530 5081 711 5134 statim
753 5079 1042 5136 consulens
1071 5095 1226 5135 suum
1275 5079 1499 5136 biretum
1527 5080 1781 5150 deponit;

185 5171 286 5226 sed
314 5185 447 5226 cum.
475 5171 700 5227 resumit
727 5186 894 5227 suum
916 5171 1200 5228 consilium
1232 5171 1543 5240 conferens,
1574 5172 1788 5242 reponit

186 5264 295 5319 sibi
325 5263 576 5320 biretum.

266 5355 407 5424 Papa
457 5371 588 5412 vero
625 5357 908 5414 conferens
951 5367 1005 5415 et
1043 5358 1314 5415 definiens
1349 5361 1562 5414 mitram
1605 5369 1779 5426 tenet;

188 5448 293 5506 sed
325 5449 441 5517 ipso
469 5449 759 5507 deﬁniente
789 5451 983 5521 primo,
1012 5451 1139 5506 dum
1171 5454 1492 5521 prazatobula
1517 5454 1644 5509 dicit
1664 5470 1771 5510 car.

190 5546 406 5601 dinales
429 5555 610 5602 tenent
631 5547 823 5603 bireta.
850 5547 982 5604 Cum
1005 5563 1132 5603 vero
1152 5547 1338 5604 deﬁnit
1365 5551 1418 5604 in
1441 5550 1758 5606 consistorio

189 5637 471 5706 depellunt
500 5636 710 5705 bireta;
742 5654 865 5696 cum
909 5639 1120 5695 confert
1144 5654 1265 5696 cum
1297 5640 1506 5711 aliquo.
1542 5637 1667 5697 tunc
1699 5640 1784 5696 ille

189 5735 292 5785 est
308 5729 423 5786 sine
453 5729 647 5788 bireto.

1891 4604 2344 4660 Benedictionem.
2385 4602 2556 4658 Finita
2591 4616 2719 4658 vero
2747 4600 2900 4656 Missa
2922 4639 2938 4666 ,
2968 4610 3022 4655 et
3052 4601 3200 4654 linito
3231 4612 3495 4655 sermone.

1889 4693 2198 4749 immediate
2227 4693 2343 4748 sine
2376 4691 2743 4746 Benedicamus
2762 4733 2775 4757 ,
2807 4689 2947 4759 quod
2981 4705 3084 4742 non
3124 4687 3256 4744 dicit
3282 4687 3363 4743 Sit
3391 4703 3485 4741 ηοω

1888 4804 2024 4855 men,
2053 4796 2183 4852 etc.,
2216 4802 2350 4857 papa
2373 4787 2575 4843 recedit
2603 4787 2744 4841 intus
2766 4801 3034 4841 cameram
3065 4800 3238 4840 suam.
3269 4787 3494 4841 Oratio-

1891 4893 1989 4933 nes
2011 4886 2066 4933 et
2089 4878 2475 4943 absolutiones,
2500 4886 2555 4932 et
2574 4888 2761 4933 cantus
2782 4875 2925 4932 soliti
2954 4891 3049 4946 pro
3071 4876 3320 4932 defuncto
3343 4875 3499 4942 fieri,

1891 4983 2012 5041 post
2045 4970 2256 5026 Missam
2307 4987 2411 5027 non
2445 4971 2608 5037 fiunt;
2641 4979 2836 5025 czetera
2878 4970 3014 5026 sicut
3043 4970 3095 5025 in
3142 4969 3260 5024 aliis
3310 4970 3495 5025 Missis

1893 5064 2024 5118 fiunt
2051 5079 2145 5134 per
2165 5063 2316 5119 illum
2341 5062 2431 5134 qui
2454 5063 2688 5118 celebrat
2712 5078 2890 5118 coram
2916 5077 3072 5132 papa,
3099 5071 3158 5117 et
3175 5078 3270 5133 per
3292 5075 3497 5132 papam

1889 5162 1944 5211 et
1975 5169 2144 5224 papae.

1890 5265 2049 5322 CXV.
2081 5265 2269 5323 Modus
2288 5269 2375 5336 qui
2401 5267 2590 5322 servari
2612 5265 2863 5321 consuerit
2890 5268 3023 5320 circa
3047 5267 3498 5322 canonizatiouem:

2335 5337 2556 5408 alicujus
2585 5339 2772 5404 sancti,
2803 5337 3024 5392 rubrica.

1963 5454 2154 5509 Audita
2186 5468 2282 5524 per
2311 5453 2583 5508 dominum
2615 5459 2854 5506 nostrum
2881 5466 3067 5520 papam
3092 5437 3228 5506 fama
3251 5451 3493 5520 alicujus

1888 5546 2094 5612 sancti,
2125 5554 2182 5600 et
2208 5546 2276 5600 ab
2304 5544 2567 5614 aliquibus
2598 5542 2835 5598 honestis
2865 5553 2919 5596 et
2945 5542 3264 5598 authenticis
3295 5557 3492 5612 perso--

1889 5640 1970 5694 nis
2001 5638 2176 5694 eidem
2209 5638 2437 5714 domino.
2466 5644 2647 5692 nostro
2692 5651 2840 5706 papa:
2887 5637 3100 5705 negotio
3136 5633 3487 5696 deuunciato,

1891 5747 1953 5788 ac
1995 5732 2295 5803 supplicate
2341 5731 2514 5788 eidem
2555 5730 2880 5788 continuatis
2928 5729 3132 5787 vicibus
3178 5743 3238 5783 ac
3279 5735 3490 5798 ptume
