  <div class='ocr_page' id='page_1' title='image "/cluster/home/n/w/nwhite01/storage/ocr_20150623/78/uva.x000827090/635.png"; bbox 0 0 4006 6286; ppageno 0'>
   <div class='ocr_carea' id='block_1_1' title="bbox 568 295 704 353">
    <p class='ocr_par' dir='ltr' id='par_1_1' title="bbox 568 295 704 353">
     <span class='ocr_line' id='line_1_1' title="bbox 568 295 704 353; baseline 0.015 -2"><span class='ocrx_word' id='word_1_1' title='bbox 568 295 591 351; x_wconf 79' lang='lat' dir='ltr'><strong>l</strong></span> <span class='ocrx_word' id='word_1_2' title='bbox 604 296 704 353; x_wconf 59' lang='lat' dir='ltr'><strong>r155</strong></span> 
     </span>
    </p>
   </div>
   <div class='ocr_carea' id='block_1_2' title="bbox 1245 288 3144 356">
    <p class='ocr_par' dir='ltr' id='par_1_2' title="bbox 1245 288 3144 356">
     <span class='ocr_line' id='line_1_2' title="bbox 1245 288 3144 356; baseline 0.004 -8"><span class='ocrx_word' id='word_1_3' title='bbox 1245 293 1589 349; x_wconf 78' lang='lat' dir='ltr'><strong>APPENDIX</strong></span> <span class='ocrx_word' id='word_1_4' title='bbox 1631 293 1722 349; x_wconf 75' lang='lat' dir='ltr'><strong>AD</strong></span> <span class='ocrx_word' id='word_1_5' title='bbox 1761 293 1817 349; x_wconf 88' lang='lat' dir='ltr'><strong>S.</strong></span> <span class='ocrx_word' id='word_1_6' title='bbox 1864 288 2189 346; x_wconf 76' lang='lat' dir='ltr'><strong>GREGORII</strong></span> <span class='ocrx_word' id='word_1_7' title='bbox 2232 289 2445 346; x_wconf 76' lang='lat' dir='ltr'><strong>MAGNI</strong></span> <span class='ocrx_word' id='word_1_8' title='bbox 2489 291 2854 350; x_wconf 74' lang='lat' dir='ltr'><strong>LITURGICA</strong></span> <span class='ocrx_word' id='word_1_9' title='bbox 2894 296 3144 356; x_wconf 73' lang='lat' dir='ltr'><strong>OPERA.</strong></span> 
     </span>
    </p>
   </div>
   <div class='ocr_carea' id='block_1_3' title="bbox 3725 301 3864 358">
    <p class='ocr_par' dir='ltr' id='par_1_3' title="bbox 3725 301 3864 358">
     <span class='ocr_line' id='line_1_3' title="bbox 3725 301 3864 358; baseline -0.007 0"><span class='ocrx_word' id='word_1_10' title='bbox 3725 301 3864 358; x_wconf 69' lang='lat'><strong>1-256</strong></span> 
     </span>
    </p>
   </div>
   <div class='ocr_carea' id='block_1_4' title="bbox 562 409 3865 485">
    <p class='ocr_par' dir='ltr' id='par_1_4' title="bbox 562 409 3865 485">
     <span class='ocr_line' id='line_1_4' title="bbox 562 409 3865 485; baseline 0.001 -16"><span class='ocrx_word' id='word_1_11' title='bbox 562 413 824 470; x_wconf 86' lang='lat' dir='ltr'><strong>instanter</strong></span> <span class='ocrx_word' id='word_1_12' title='bbox 847 426 941 481; x_wconf 90' lang='lat' dir='ltr'><strong>pro</strong></span> <span class='ocrx_word' id='word_1_13' title='bbox 963 409 1368 464; x_wconf 67' lang='lat' dir='ltr'><strong>canunizatione</strong></span> <span class='ocrx_word' id='word_1_14' title='bbox 1393 410 1691 479; x_wconf 82' lang='lat' dir='ltr'><strong>liujusmodi</strong></span> <span class='ocrx_word' id='word_1_15' title='bbox 1715 413 1884 465; x_wconf 99' lang='lat' dir='ltr'><strong>sancti</strong></span> <span class='ocrx_word' id='word_1_16' title='bbox 1909 409 2152 465; x_wconf 80' lang='lat' dir='ltr'><strong>iacienda</strong></span> <span class='ocrx_word' id='word_1_17' title='bbox 2189 411 2232 467; x_wconf 86' lang='lat' dir='ltr'><strong>A</strong></span> <span class='ocrx_word' id='word_1_18' title='bbox 2331 409 2632 467; x_wconf 75' lang='lat' dir='ltr'><strong>Notandum</strong></span> <span class='ocrx_word' id='word_1_19' title='bbox 2665 422 2841 468; x_wconf 88' lang='lat' dir='ltr'><strong>tamen</strong></span> <span class='ocrx_word' id='word_1_20' title='bbox 2870 415 3009 484; x_wconf 91' lang='lat' dir='ltr'><strong>quod</strong></span> <span class='ocrx_word' id='word_1_21' title='bbox 3042 416 3174 469; x_wconf 90' lang='lat' dir='ltr'><strong>lecta</strong></span> <span class='ocrx_word' id='word_1_22' title='bbox 3206 414 3258 468; x_wconf 92' lang='lat' dir='ltr'><strong>in</strong></span> <span class='ocrx_word' id='word_1_23' title='bbox 3286 415 3612 470; x_wconf 79' lang='lat' dir='ltr'><strong>consistorio</strong></span> <span class='ocrx_word' id='word_1_24' title='bbox 3641 414 3865 485; x_wconf 71' lang='lat' dir='ltr'><strong>deposi-</strong></span> 
     </span>
    </p>
   </div>
   <div class='ocr_carea' id='block_1_5' title="bbox 561 502 2152 573">
    <p class='ocr_par' dir='ltr' id='par_1_5' title="bbox 561 502 2152 573">
     <span class='ocr_line' id='line_1_5' title="bbox 561 502 2152 573; baseline -0.003 -14"><span class='ocrx_word' id='word_1_25' title='bbox 561 503 810 559; x_wconf 80' lang='lat' dir='ltr'><strong>dutninus</strong></span> <span class='ocrx_word' id='word_1_26' title='bbox 841 511 1024 554; x_wconf 82' lang='lat' dir='ltr'><strong>noster</strong></span> <span class='ocrx_word' id='word_1_27' title='bbox 1059 514 1189 568; x_wconf 87' lang='lat' dir='ltr'><strong>papa</strong></span> <span class='ocrx_word' id='word_1_28' title='bbox 1218 502 1498 555; x_wconf 75' lang='lat' dir='ltr'><strong>consuevit</strong></span> <span class='ocrx_word' id='word_1_29' title='bbox 1530 502 1629 555; x_wconf 82' lang='lat' dir='ltr'><strong>lioc</strong></span> <span class='ocrx_word' id='word_1_30' title='bbox 1656 502 1819 573; x_wconf 66' lang='lat'><strong>419</strong></span> <span class='ocrx_word' id='word_1_31' title='bbox 1855 516 2152 571; x_wconf 78' lang='lat' dir='ltr'><strong>preponcre</strong></span> 
     </span>
    </p>
   </div>
   <div class='ocr_carea' id='block_1_6' title="bbox 562 590 2152 662">
    <p class='ocr_par' dir='ltr' id='par_1_6' title="bbox 562 590 2152 662">
     <span class='ocr_line' id='line_1_6' title="bbox 562 590 2152 662; baseline -0.002 -14"><span class='ocrx_word' id='word_1_32' title='bbox 562 597 701 648; x_wconf 88' lang='lat' dir='ltr'><strong>inter</strong></span> <span class='ocrx_word' id='word_1_33' title='bbox 731 595 943 656; x_wconf 77' lang='lat' dir='ltr'><strong>fratres,</strong></span> <span class='ocrx_word' id='word_1_34' title='bbox 991 590 1195 644; x_wconf 78' lang='lat' dir='ltr'><strong>scilicet</strong></span> <span class='ocrx_word' id='word_1_35' title='bbox 1226 591 1548 656; x_wconf 86' lang='lat' dir='ltr'><strong>cardinales,</strong></span> <span class='ocrx_word' id='word_1_36' title='bbox 1582 601 1636 647; x_wconf 90' lang='lat' dir='ltr'><strong>et</strong></span> <span class='ocrx_word' id='word_1_37' title='bbox 1663 592 1730 647; x_wconf 91' lang='lat' dir='ltr'><strong>de</strong></span> <span class='ocrx_word' id='word_1_38' title='bbox 1761 595 1994 662; x_wconf 90' lang='lat' dir='ltr'><strong>ipsorum</strong></span> <span class='ocrx_word' id='word_1_39' title='bbox 2025 608 2152 646; x_wconf 87' lang='lat' dir='ltr'><strong>eon-</strong></span> 
     </span>
    </p>
   </div>
   <div class='ocr_carea' id='block_1_7' title="bbox 560 681 2150 754">
    <p class='ocr_par' dir='ltr' id='par_1_7' title="bbox 560 681 2150 754">
     <span class='ocr_line' id='line_1_7' title="bbox 560 681 2150 754; baseline -0.001 -15"><span class='ocrx_word' id='word_1_40' title='bbox 560 686 679 739; x_wconf 90' lang='lat' dir='ltr'><strong>silio</strong></span> <span class='ocrx_word' id='word_1_41' title='bbox 709 683 993 738; x_wconf 84' lang='lat' dir='ltr'><strong>committit</strong></span> <span class='ocrx_word' id='word_1_42' title='bbox 1037 681 1300 751; x_wconf 85' lang='lat' dir='ltr'><strong>aliquibus</strong></span> <span class='ocrx_word' id='word_1_43' title='bbox 1331 684 1595 753; x_wconf 85' lang='lat' dir='ltr'><strong>episcopis</strong></span> <span class='ocrx_word' id='word_1_44' title='bbox 1639 686 1825 754; x_wconf 65' lang='lat' dir='ltr'><strong>patria:</strong></span> <span class='ocrx_word' id='word_1_45' title='bbox 1869 684 2011 739; x_wconf 88' lang='lat' dir='ltr'><strong>illius</strong></span> <span class='ocrx_word' id='word_1_46' title='bbox 2062 685 2150 753; x_wconf 91' lang='lat' dir='ltr'><strong>qui</strong></span> 
     </span>
    </p>
   </div>
   <div class='ocr_carea' id='block_1_8' title="bbox 561 773 2153 843">
    <p class='ocr_par' dir='ltr' id='par_1_8' title="bbox 561 773 2153 843">
     <span class='ocr_line' id='line_1_8' title="bbox 561 773 2153 843; baseline 0.001 -15"><span class='ocrx_word' id='word_1_47' title='bbox 561 773 752 828; x_wconf 87' lang='lat' dir='ltr'><strong>dicitur</strong></span> <span class='ocrx_word' id='word_1_48' title='bbox 781 782 1019 839; x_wconf 88' lang='lat' dir='ltr'><strong>sanctus,</strong></span> <span class='ocrx_word' id='word_1_49' title='bbox 1051 774 1132 828; x_wconf 89' lang='lat' dir='ltr'><strong>vel</strong></span> <span class='ocrx_word' id='word_1_50' title='bbox 1177 773 1297 828; x_wconf 89' lang='lat' dir='ltr'><strong>aliis</strong></span> <span class='ocrx_word' id='word_1_51' title='bbox 1328 775 1570 843; x_wconf 87' lang='lat' dir='ltr'><strong>personis</strong></span> <span class='ocrx_word' id='word_1_52' title='bbox 1600 776 1951 840; x_wconf 88' lang='lat' dir='ltr'><strong>authenticis,</strong></span> <span class='ocrx_word' id='word_1_53' title='bbox 1984 776 2153 829; x_wconf 75' lang='lat' dir='ltr'><strong>liOllC’</strong></span> 
     </span>
    </p>
   </div>
   <div class='ocr_carea' id='block_1_9' title="bbox 559 864 2151 935">
    <p class='ocr_par' dir='ltr' id='par_1_9' title="bbox 559 864 2151 935">
     <span class='ocr_line' id='line_1_9' title="bbox 559 864 2151 935; baseline 0 -16"><span class='ocrx_word' id='word_1_54' title='bbox 559 866 674 929; x_wconf 85' lang='lat' dir='ltr'><strong>stis,</strong></span> <span class='ocrx_word' id='word_1_55' title='bbox 707 864 975 929; x_wconf 86' lang='lat' dir='ltr'><strong>discretis,</strong></span> <span class='ocrx_word' id='word_1_56' title='bbox 1004 875 1058 919; x_wconf 90' lang='lat' dir='ltr'><strong>et</strong></span> <span class='ocrx_word' id='word_1_57' title='bbox 1103 865 1628 935; x_wconf 88' lang='lat' dir='ltr'><strong>incorruptibilibus,</strong></span> <span class='ocrx_word' id='word_1_58' title='bbox 1662 874 1720 920; x_wconf 92' lang='lat' dir='ltr'><strong>ut</strong></span> <span class='ocrx_word' id='word_1_59' title='bbox 1766 867 2035 935; x_wconf 89' lang='lat' dir='ltr'><strong>inquirant</strong></span> <span class='ocrx_word' id='word_1_60' title='bbox 2084 864 2151 919; x_wconf 91' lang='lat' dir='ltr'><strong>de</strong></span> 
     </span>
    </p>
   </div>
   <div class='ocr_carea' id='block_1_10' title="bbox 561 955 2150 1026">
    <p class='ocr_par' dir='ltr' id='par_1_10' title="bbox 561 955 2150 1026">
     <span class='ocr_line' id='line_1_10' title="bbox 561 955 2150 1026; baseline 0 -16"><span class='ocrx_word' id='word_1_61' title='bbox 561 957 695 1010; x_wconf 79' lang='lat' dir='ltr'><strong>fama</strong></span> <span class='ocrx_word' id='word_1_62' title='bbox 723 963 780 1010; x_wconf 89' lang='lat' dir='ltr'><strong>et</strong></span> <span class='ocrx_word' id='word_1_63' title='bbox 808 955 1092 1010; x_wconf 80' lang='lat' dir='ltr'><strong>devmione</strong></span> <span class='ocrx_word' id='word_1_64' title='bbox 1124 956 1327 1024; x_wconf 89' lang='lat' dir='ltr'><strong>populi,</strong></span> <span class='ocrx_word' id='word_1_65' title='bbox 1357 973 1514 1026; x_wconf 90' lang='lat' dir='ltr'><strong>quam</strong></span> <span class='ocrx_word' id='word_1_66' title='bbox 1543 957 1744 1012; x_wconf 82' lang='lat' dir='ltr'><strong>habent</strong></span> <span class='ocrx_word' id='word_1_67' title='bbox 1785 956 1850 1011; x_wconf 86' lang='lat' dir='ltr'><strong>ad</strong></span> <span class='ocrx_word' id='word_1_68' title='bbox 1885 956 2031 1010; x_wconf 90' lang='lat' dir='ltr'><strong>illum</strong></span> <span class='ocrx_word' id='word_1_69' title='bbox 2062 957 2150 1024; x_wconf 89' lang='lat' dir='ltr'><strong>qui</strong></span> 
     </span>
    </p>
   </div>
   <div class='ocr_carea' id='block_1_11' title="bbox 559 1047 2150 1116">
    <p class='ocr_par' dir='ltr' id='par_1_11' title="bbox 559 1047 2150 1116">
     <span class='ocr_line' id='line_1_11' title="bbox 559 1047 2150 1116; baseline -0.001 -14"><span class='ocrx_word' id='word_1_70' title='bbox 559 1049 751 1102; x_wconf 90' lang='lat' dir='ltr'><strong>dicitur</strong></span> <span class='ocrx_word' id='word_1_71' title='bbox 776 1058 1016 1112; x_wconf 91' lang='lat' dir='ltr'><strong>sanctus,</strong></span> <span class='ocrx_word' id='word_1_72' title='bbox 1044 1047 1199 1103; x_wconf 88' lang='lat' dir='ltr'><strong>etde</strong></span> <span class='ocrx_word' id='word_1_73' title='bbox 1240 1048 1510 1103; x_wconf 91' lang='lat' dir='ltr'><strong>miraculis</strong></span> <span class='ocrx_word' id='word_1_74' title='bbox 1545 1057 1599 1103; x_wconf 91' lang='lat' dir='ltr'><strong>et</strong></span> <span class='ocrx_word' id='word_1_75' title='bbox 1643 1048 1760 1102; x_wconf 89' lang='lat' dir='ltr'><strong>aliis</strong></span> <span class='ocrx_word' id='word_1_76' title='bbox 1809 1063 1929 1116; x_wconf 67' lang='lat' dir='ltr'><strong>qua:</strong></span> <span class='ocrx_word' id='word_1_77' title='bbox 1977 1047 2150 1101; x_wconf 85' lang='lat' dir='ltr'><strong>eidem</strong></span> 
     </span>
    </p>
   </div>
   <div class='ocr_carea' id='block_1_12' title="bbox 556 1137 2150 1207">
    <p class='ocr_par' dir='ltr' id='par_1_12' title="bbox 556 1137 2150 1207">
     <span class='ocr_line' id='line_1_12' title="bbox 556 1137 2150 1207; baseline -0.001 -13"><span class='ocrx_word' id='word_1_78' title='bbox 556 1139 774 1194; x_wconf 85' lang='lat' dir='ltr'><strong>domino</strong></span> <span class='ocrx_word' id='word_1_79' title='bbox 820 1146 1004 1192; x_wconf 83' lang='lat' dir='ltr'><strong>nostro</strong></span> <span class='ocrx_word' id='word_1_80' title='bbox 1034 1152 1184 1207; x_wconf 66' lang='lat' dir='ltr'><strong>papa:</strong></span> <span class='ocrx_word' id='word_1_81' title='bbox 1226 1147 1351 1193; x_wconf 92' lang='lat' dir='ltr'><strong>sunt</strong></span> <span class='ocrx_word' id='word_1_82' title='bbox 1399 1140 1673 1203; x_wconf 90' lang='lat' dir='ltr'><strong>nuntiata,</strong></span> <span class='ocrx_word' id='word_1_83' title='bbox 1726 1147 1783 1194; x_wconf 90' lang='lat' dir='ltr'><strong>et</strong></span> <span class='ocrx_word' id='word_1_84' title='bbox 1834 1139 1910 1192; x_wconf 92' lang='lat' dir='ltr'><strong>illi</strong></span> <span class='ocrx_word' id='word_1_85' title='bbox 1960 1137 2150 1207; x_wconf 86' lang='lat' dir='ltr'><strong>quibus</strong></span> 
     </span>
    </p>
   </div>
   <div class='ocr_carea' id='block_1_13' title="bbox 557 1226 2146 1298">
    <p class='ocr_par' dir='ltr' id='par_1_13' title="bbox 557 1226 2146 1298">
     <span class='ocr_line' id='line_1_13' title="bbox 557 1226 2146 1298; baseline -0.002 -15"><span class='ocrx_word' id='word_1_86' title='bbox 557 1230 900 1283; x_wconf 87' lang='lat' dir='ltr'><strong>connnissum</strong></span> <span class='ocrx_word' id='word_1_87' title='bbox 931 1227 1095 1282; x_wconf 87' lang='lat' dir='ltr'><strong>l&#39;uerit</strong></span> <span class='ocrx_word' id='word_1_88' title='bbox 1131 1227 1328 1283; x_wconf 91' lang='lat' dir='ltr'><strong>debent</strong></span> <span class='ocrx_word' id='word_1_89' title='bbox 1354 1228 1623 1298; x_wconf 86' lang='lat' dir='ltr'><strong>inquirere</strong></span> <span class='ocrx_word' id='word_1_90' title='bbox 1653 1237 1706 1283; x_wconf 91' lang='lat' dir='ltr'><strong>et</strong></span> <span class='ocrx_word' id='word_1_91' title='bbox 1734 1226 1942 1282; x_wconf 81' lang='lat' dir='ltr'><strong>referre</strong></span> <span class='ocrx_word' id='word_1_92' title='bbox 1972 1227 2039 1282; x_wconf 93' lang='lat' dir='ltr'><strong>de</strong></span> <span class='ocrx_word' id='word_1_93' title='bbox 2069 1227 2146 1280; x_wconf 81' lang='lat' dir='ltr'><strong>la-</strong></span> 
     </span>
    </p>
   </div>
   <div class='ocr_carea' id='block_1_14' title="bbox 559 1307 2150 1390">
    <p class='ocr_par' dir='ltr' id='par_1_14' title="bbox 559 1307 2150 1390">
     <span class='ocr_line' id='line_1_14' title="bbox 559 1307 2150 1390; baseline -0.002 -15"><span class='ocrx_word' id='word_1_94' title='bbox 559 1337 642 1375; x_wconf 86' lang='lat' dir='ltr'><strong>rna</strong></span> <span class='ocrx_word' id='word_1_95' title='bbox 676 1331 732 1375; x_wconf 91' lang='lat' dir='ltr'><strong>et</strong></span> <span class='ocrx_word' id='word_1_96' title='bbox 757 1320 1040 1376; x_wconf 84' lang='lat' dir='ltr'><strong>devotione</strong></span> <span class='ocrx_word' id='word_1_97' title='bbox 1068 1321 1269 1390; x_wconf 86' lang='lat' dir='ltr'><strong>populi,</strong></span> <span class='ocrx_word' id='word_1_98' title='bbox 1301 1328 1354 1376; x_wconf 92' lang='lat' dir='ltr'><strong>et</strong></span> <span class='ocrx_word' id='word_1_99' title='bbox 1397 1321 1517 1374; x_wconf 77' lang='lat' dir='ltr'><strong>aliis</strong></span> <span class='ocrx_word' id='word_1_100' title='bbox 1543 1335 1664 1390; x_wconf 69' lang='lat' dir='ltr'><strong>quae</strong></span> <span class='ocrx_word' id='word_1_101' title='bbox 1691 1307 1851 1388; x_wconf 82' lang='lat' dir='ltr'><strong>super</strong></span> <span class='ocrx_word' id='word_1_102' title='bbox 1880 1319 2150 1373; x_wconf 87' lang='lat' dir='ltr'><strong>miraculis</strong></span> 
     </span>
    </p>
   </div>
   <div class='ocr_carea' id='block_1_15' title="bbox 557 1413 2147 1482">
    <p class='ocr_par' dir='ltr' id='par_1_15' title="bbox 557 1413 2147 1482">
     <span class='ocr_line' id='line_1_15' title="bbox 557 1413 2147 1482; baseline -0.003 -15"><span class='ocrx_word' id='word_1_103' title='bbox 557 1414 700 1469; x_wconf 83' lang='lat' dir='ltr'><strong>illius</strong></span> <span class='ocrx_word' id='word_1_104' title='bbox 727 1414 816 1482; x_wconf 85' lang='lat' dir='ltr'><strong>qui</strong></span> <span class='ocrx_word' id='word_1_105' title='bbox 845 1414 1039 1468; x_wconf 88' lang='lat' dir='ltr'><strong>dicitur</strong></span> <span class='ocrx_word' id='word_1_106' title='bbox 1065 1423 1280 1467; x_wconf 82' lang='lat' dir='ltr'><strong>sanctus</strong></span> <span class='ocrx_word' id='word_1_107' title='bbox 1314 1413 1614 1466; x_wconf 78' lang='lat' dir='ltr'><strong>invenerint</strong></span> <span class='ocrx_word' id='word_1_108' title='bbox 1637 1413 1687 1466; x_wconf 94' lang='lat' dir='ltr'><strong>in</strong></span> <span class='ocrx_word' id='word_1_109' title='bbox 1715 1426 1931 1481; x_wconf 79' lang='lat' dir='ltr'><strong>genere,</strong></span> <span class='ocrx_word' id='word_1_110' title='bbox 1962 1421 2015 1465; x_wconf 93' lang='lat' dir='ltr'><strong>et</strong></span> <span class='ocrx_word' id='word_1_111' title='bbox 2044 1426 2147 1464; x_wconf 87' lang='lat' dir='ltr'><strong>nun</strong></span> 
     </span>
    </p>
   </div>
   <div class='ocr_carea' id='block_1_16' title="bbox 556 1501 2150 1573">
    <p class='ocr_par' dir='ltr' id='par_1_16' title="bbox 556 1501 2150 1573">
     <span class='ocr_line' id='line_1_16' title="bbox 556 1501 2150 1573; baseline -0.003 -14"><span class='ocrx_word' id='word_1_112' title='bbox 556 1508 608 1559; x_wconf 89' lang='lat' dir='ltr'><strong>in</strong></span> <span class='ocrx_word' id='word_1_113' title='bbox 641 1505 841 1573; x_wconf 86' lang='lat' dir='ltr'><strong>specie,</strong></span> <span class='ocrx_word' id='word_1_114' title='bbox 870 1511 926 1557; x_wconf 91' lang='lat' dir='ltr'><strong>et</strong></span> <span class='ocrx_word' id='word_1_115' title='bbox 953 1501 1129 1572; x_wconf 88' lang='lat' dir='ltr'><strong>quoad</strong></span> <span class='ocrx_word' id='word_1_116' title='bbox 1174 1502 1390 1568; x_wconf 76' lang='lat' dir='ltr'><strong>famam,</strong></span> <span class='ocrx_word' id='word_1_117' title='bbox 1422 1517 1524 1556; x_wconf 91' lang='lat' dir='ltr'><strong>non</strong></span> <span class='ocrx_word' id='word_1_118' title='bbox 1557 1501 1729 1571; x_wconf 85' lang='lat' dir='ltr'><strong>quoad</strong></span> <span class='ocrx_word' id='word_1_119' title='bbox 1758 1501 2068 1564; x_wconf 83' lang='lat' dir='ltr'><strong>veritatem;</strong></span> <span class='ocrx_word' id='word_1_120' title='bbox 2097 1509 2150 1555; x_wconf 92' lang='lat' dir='ltr'><strong>et</strong></span> 
     </span>
    </p>
   </div>
   <div class='ocr_carea' id='block_1_17' title="bbox 555 1590 2147 1662">
    <p class='ocr_par' dir='ltr' id='par_1_17' title="bbox 555 1590 2147 1662">
     <span class='ocr_line' id='line_1_17' title="bbox 555 1590 2147 1662; baseline -0.003 -13"><span class='ocrx_word' id='word_1_121' title='bbox 555 1611 622 1649; x_wconf 79' lang='lat' dir='ltr'><strong>an</strong></span> <span class='ocrx_word' id='word_1_122' title='bbox 663 1594 906 1649; x_wconf 89' lang='lat' dir='ltr'><strong>videatur</strong></span> <span class='ocrx_word' id='word_1_123' title='bbox 936 1594 1014 1646; x_wconf 91' lang='lat' dir='ltr'><strong>eis</strong></span> <span class='ocrx_word' id='word_1_124' title='bbox 1041 1593 1180 1662; x_wconf 91' lang='lat' dir='ltr'><strong>quod</strong></span> <span class='ocrx_word' id='word_1_125' title='bbox 1211 1607 1372 1660; x_wconf 81' lang='lat' dir='ltr'><strong>super</strong></span> <span class='ocrx_word' id='word_1_126' title='bbox 1401 1592 1621 1647; x_wconf 79' lang='lat' dir='ltr'><strong>veritate</strong></span> <span class='ocrx_word' id='word_1_127' title='bbox 1664 1599 1718 1645; x_wconf 90' lang='lat' dir='ltr'><strong>et</strong></span> <span class='ocrx_word' id='word_1_128' title='bbox 1744 1592 1919 1659; x_wconf 91' lang='lat' dir='ltr'><strong>specie</strong></span> <span class='ocrx_word' id='word_1_129' title='bbox 1959 1590 2029 1644; x_wconf 91' lang='lat' dir='ltr'><strong>sit</strong></span> <span class='ocrx_word' id='word_1_130' title='bbox 2070 1591 2147 1644; x_wconf 87' lang='lat' dir='ltr'><strong>in-</strong></span> 
     </span>
    </p>
   </div>
   <div class='ocr_carea' id='block_1_18' title="bbox 557 1679 2148 1756">
    <p class='ocr_par' dir='ltr' id='par_1_18' title="bbox 557 1679 2148 1756">
     <span class='ocr_line' id='line_1_18' title="bbox 557 1679 2148 1756; baseline -0.003 -19"><span class='ocrx_word' id='word_1_131' title='bbox 557 1686 772 1756; x_wconf 84' lang='lat' dir='ltr'><strong>quisitio</strong></span> <span class='ocrx_word' id='word_1_132' title='bbox 815 1683 1220 1738; x_wconf 87' lang='lat' dir='ltr'><strong>committenda.</strong></span> <span class='ocrx_word' id='word_1_133' title='bbox 1250 1682 1315 1736; x_wconf 87' lang='lat' dir='ltr'><strong>Et</strong></span> <span class='ocrx_word' id='word_1_134' title='bbox 1360 1682 1406 1736; x_wconf 90' lang='lat' dir='ltr'><strong>si</strong></span> <span class='ocrx_word' id='word_1_135' title='bbox 1448 1679 1747 1736; x_wconf 86' lang='lat' dir='ltr'><strong>rescribant</strong></span> <span class='ocrx_word' id='word_1_136' title='bbox 1778 1681 1898 1733; x_wconf 89' lang='lat' dir='ltr'><strong>talia</strong></span> <span class='ocrx_word' id='word_1_137' title='bbox 1931 1691 2148 1748; x_wconf 84' lang='lat' dir='ltr'><strong>propter</strong></span> 
     </span>
    </p>
   </div>
   <div class='ocr_carea' id='block_1_19' title="bbox 2256 500 3867 576">
    <p class='ocr_par' dir='ltr' id='par_1_19' title="bbox 2256 500 3867 576">
     <span class='ocr_line' id='line_1_19' title="bbox 2256 500 3867 576; baseline 0.006 -23"><span class='ocrx_word' id='word_1_138' title='bbox 2256 500 2400 554; x_wconf 69' lang='lat' dir='ltr'><strong>tione</strong></span> <span class='ocrx_word' id='word_1_139' title='bbox 2429 503 2711 570; x_wconf 83' lang='lat' dir='ltr'><strong>cujuslibet</strong></span> <span class='ocrx_word' id='word_1_140' title='bbox 2738 507 2887 560; x_wconf 88' lang='lat' dir='ltr'><strong>testis</strong></span> <span class='ocrx_word' id='word_1_141' title='bbox 2913 521 3071 575; x_wconf 87' lang='lat' dir='ltr'><strong>super</strong></span> <span class='ocrx_word' id='word_1_142' title='bbox 3095 507 3331 576; x_wconf 89' lang='lat' dir='ltr'><strong>quolibet</strong></span> <span class='ocrx_word' id='word_1_143' title='bbox 3351 508 3606 575; x_wconf 86' lang='lat' dir='ltr'><strong>articulo,</strong></span> <span class='ocrx_word' id='word_1_144' title='bbox 3638 511 3729 563; x_wconf 89' lang='lat' dir='ltr'><strong>vel</strong></span> <span class='ocrx_word' id='word_1_145' title='bbox 3763 509 3867 564; x_wconf 82' lang='lat' dir='ltr'><strong>sal-</strong></span> 
     </span>
    </p>
   </div>
   <div class='ocr_carea' id='block_1_20' title="bbox 2256 595 3868 669">
    <p class='ocr_par' dir='ltr' id='par_1_20' title="bbox 2256 595 3868 669">
     <span class='ocr_line' id='line_1_20' title="bbox 2256 595 3868 669; baseline 0.008 -25"><span class='ocrx_word' id='word_1_146' title='bbox 2256 598 2363 644; x_wconf 88' lang='lat' dir='ltr'><strong>tem</strong></span> <span class='ocrx_word' id='word_1_147' title='bbox 2398 595 2612 648; x_wconf 85' lang='lat' dir='ltr'><strong>testium</strong></span> <span class='ocrx_word' id='word_1_148' title='bbox 2663 596 2854 650; x_wconf 90' lang='lat' dir='ltr'><strong>melius</strong></span> <span class='ocrx_word' id='word_1_149' title='bbox 2904 597 3259 665; x_wconf 86' lang='lat' dir='ltr'><strong>probantium,</strong></span> <span class='ocrx_word' id='word_1_150' title='bbox 3306 599 3561 655; x_wconf 89' lang='lat' dir='ltr'><strong>dominus</strong></span> <span class='ocrx_word' id='word_1_151' title='bbox 3614 616 3762 669; x_wconf 61' lang='lat' dir='ltr'><strong>[rapa</strong></span> <span class='ocrx_word' id='word_1_152' title='bbox 3803 603 3868 658; x_wconf 88' lang='lat' dir='ltr'><strong>de</strong></span> 
     </span>
    </p>
   </div>
   <div class='ocr_carea' id='block_1_21' title="bbox 2255 683 3868 766">
    <p class='ocr_par' dir='ltr' id='par_1_21' title="bbox 2255 683 3868 766">
     <span class='ocr_line' id='line_1_21' title="bbox 2255 683 3868 766; baseline 0.008 -30"><span class='ocrx_word' id='word_1_153' title='bbox 2255 683 2484 737; x_wconf 90' lang='lat' dir='ltr'><strong>consilio</strong></span> <span class='ocrx_word' id='word_1_154' title='bbox 2501 686 2848 742; x_wconf 89' lang='lat' dir='ltr'><strong>cardinalium</strong></span> <span class='ocrx_word' id='word_1_155' title='bbox 2872 689 3060 744; x_wconf 80' lang='lat' dir='ltr'><strong>deﬁnit</strong></span> <span class='ocrx_word' id='word_1_156' title='bbox 3083 700 3256 746; x_wconf 91' lang='lat' dir='ltr'><strong>utrum</strong></span> <span class='ocrx_word' id='word_1_157' title='bbox 3278 694 3353 749; x_wconf 85' lang='lat' dir='ltr'><strong>illi</strong></span> <span class='ocrx_word' id='word_1_158' title='bbox 3373 703 3536 750; x_wconf 79' lang='lat' dir='ltr'><strong>testes</strong></span> <span class='ocrx_word' id='word_1_159' title='bbox 3562 715 3573 762; x_wconf 74' lang='grc' dir='ltr'>ί</span> <span class='ocrx_word' id='word_1_160' title='bbox 3596 696 3667 750; x_wconf 63' lang='lat' dir='ltr'><strong>le:</strong></span> <span class='ocrx_word' id='word_1_161' title='bbox 3695 712 3730 751; x_wconf 90' lang='lat' dir='ltr'><strong>e</strong></span> <span class='ocrx_word' id='word_1_162' title='bbox 3749 713 3868 766; x_wconf 87' lang='lat' dir='ltr'><strong>prn-</strong></span> 
     </span>
    </p>
   </div>
   <div class='ocr_carea' id='block_1_22' title="bbox 2258 770 3867 846">
    <p class='ocr_par' dir='ltr' id='par_1_22' title="bbox 2258 770 3867 846">
     <span class='ocr_line' id='line_1_22' title="bbox 2258 770 3867 846; baseline 0.012 -23"><span class='ocrx_word' id='word_1_163' title='bbox 2258 770 2384 825; x_wconf 90' lang='lat' dir='ltr'><strong>bent</strong></span> <span class='ocrx_word' id='word_1_164' title='bbox 2407 774 2686 829; x_wconf 89' lang='lat' dir='ltr'><strong>articulum</strong></span> <span class='ocrx_word' id='word_1_165' title='bbox 2715 777 2783 831; x_wconf 90' lang='lat' dir='ltr'><strong>de</strong></span> <span class='ocrx_word' id='word_1_166' title='bbox 2809 794 2914 846; x_wconf 92' lang='lat' dir='ltr'><strong>quo</strong></span> <span class='ocrx_word' id='word_1_167' title='bbox 2940 779 3130 846; x_wconf 85' lang='lat' dir='ltr'><strong>agitur,</strong></span> <span class='ocrx_word' id='word_1_168' title='bbox 3156 783 3237 837; x_wconf 86' lang='lat' dir='ltr'><strong>vel</strong></span> <span class='ocrx_word' id='word_1_169' title='bbox 3264 799 3368 838; x_wconf 91' lang='lat' dir='ltr'><strong>non</strong></span> <span class='ocrx_word' id='word_1_170' title='bbox 3399 785 3485 840; x_wconf 93' lang='lat' dir='ltr'><strong>vel</strong></span> <span class='ocrx_word' id='word_1_171' title='bbox 3519 795 3784 842; x_wconf 89' lang='lat' dir='ltr'><strong>utrum...</strong></span> <span class='ocrx_word' id='word_1_172' title='bbox 3813 798 3867 842; x_wconf 88' lang='lat' dir='ltr'><strong>et</strong></span> 
     </span>
    </p>
   </div>
   <div class='ocr_carea' id='block_1_23' title="bbox 2258 862 3864 941">
    <p class='ocr_par' dir='ltr' id='par_1_23' title="bbox 2258 862 3864 941">
     <span class='ocr_line' id='line_1_23' title="bbox 2258 862 3864 941; baseline 0.012 -28"><span class='ocrx_word' id='word_1_173' title='bbox 2258 862 2372 916; x_wconf 71' lang='lat' dir='ltr'><strong>lucc</strong></span> <span class='ocrx_word' id='word_1_174' title='bbox 2397 863 2558 918; x_wconf 85' lang='lat' dir='ltr'><strong>scribi</strong></span> <span class='ocrx_word' id='word_1_175' title='bbox 2590 865 2786 921; x_wconf 89' lang='lat' dir='ltr'><strong>debent</strong></span> <span class='ocrx_word' id='word_1_176' title='bbox 2818 869 3013 924; x_wconf 81' lang='lat' dir='ltr'><strong>ibidem</strong></span> <span class='ocrx_word' id='word_1_177' title='bbox 3056 888 3150 941; x_wconf 87' lang='lat' dir='ltr'><strong>per</strong></span> <span class='ocrx_word' id='word_1_178' title='bbox 3177 890 3339 929; x_wconf 90' lang='lat' dir='ltr'><strong>unum</strong></span> <span class='ocrx_word' id='word_1_179' title='bbox 3371 876 3438 931; x_wconf 86' lang='lat' dir='ltr'><strong>de</strong></span> <span class='ocrx_word' id='word_1_180' title='bbox 3463 877 3706 932; x_wconf 84' lang='lat' dir='ltr'><strong>dominis</strong></span> <span class='ocrx_word' id='word_1_181' title='bbox 3739 895 3864 933; x_wconf 76' lang='lat' dir='ltr'><strong>car-</strong></span> 
     </span>
    </p>
   </div>
   <div class='ocr_carea' id='block_1_24' title="bbox 2255 953 3520 1037">
    <p class='ocr_par' dir='ltr' id='par_1_24' title="bbox 2255 953 3520 1037">
     <span class='ocr_line' id='line_1_24' title="bbox 2255 953 3520 1037; baseline 0.014 -31"><span class='ocrx_word' id='word_1_182' title='bbox 2255 953 2544 1020; x_wconf 89' lang='lat' dir='ltr'><strong>diualibus,</strong></span> <span class='ocrx_word' id='word_1_183' title='bbox 2579 957 2646 1012; x_wconf 91' lang='lat' dir='ltr'><strong>de</strong></span> <span class='ocrx_word' id='word_1_184' title='bbox 2672 974 2779 1028; x_wconf 90' lang='lat' dir='ltr'><strong>quo</strong></span> <span class='ocrx_word' id='word_1_185' title='bbox 2811 961 3029 1017; x_wconf 91' lang='lat' dir='ltr'><strong>domino</strong></span> <span class='ocrx_word' id='word_1_186' title='bbox 3061 980 3209 1033; x_wconf 76' lang='lat' dir='ltr'><strong>papa:</strong></span> <span class='ocrx_word' id='word_1_187' title='bbox 3242 967 3520 1037; x_wconf 84' lang='lat' dir='ltr'><strong>placuerit.</strong></span> 
     </span>
    </p>
   </div>
   <div class='ocr_carea' id='block_1_25' title="bbox 2324 1045 3860 1130">
    <p class='ocr_par' dir='ltr' id='par_1_25' title="bbox 2324 1045 3860 1130">
     <span class='ocr_line' id='line_1_25' title="bbox 2324 1045 3860 1130; baseline 0.014 -33"><span class='ocrx_word' id='word_1_188' title='bbox 2324 1045 2527 1109; x_wconf 86' lang='lat' dir='ltr'><strong>Quibus</strong></span> <span class='ocrx_word' id='word_1_189' title='bbox 2556 1050 2806 1105; x_wconf 89' lang='lat' dir='ltr'><strong>omnibus</strong></span> <span class='ocrx_word' id='word_1_190' title='bbox 2838 1052 3012 1120; x_wconf 81' lang='lat' dir='ltr'><strong>factis,</strong></span> <span class='ocrx_word' id='word_1_191' title='bbox 3051 1065 3104 1110; x_wconf 93' lang='lat' dir='ltr'><strong>et</strong></span> <span class='ocrx_word' id='word_1_192' title='bbox 3131 1057 3415 1127; x_wconf 80' lang='lat' dir='ltr'><strong>diligenter</strong></span> <span class='ocrx_word' id='word_1_193' title='bbox 3444 1076 3541 1130; x_wconf 88' lang='lat' dir='ltr'><strong>per</strong></span> <span class='ocrx_word' id='word_1_194' title='bbox 3571 1062 3860 1119; x_wconf 87' lang='lat' dir='ltr'><strong>dominum</strong></span> 
     </span>
    </p>
   </div>
   <div class='ocr_carea' id='block_1_26' title="bbox 2255 1141 3861 1224">
    <p class='ocr_par' dir='ltr' id='par_1_26' title="bbox 2255 1141 3861 1224">
     <span class='ocr_line' id='line_1_26' title="bbox 2255 1141 3861 1224; baseline 0.017 -38"><span class='ocrx_word' id='word_1_195' title='bbox 2255 1150 2442 1204; x_wconf 83' lang='lat' dir='ltr'><strong>papam</strong></span> <span class='ocrx_word' id='word_1_196' title='bbox 2474 1147 2530 1193; x_wconf 91' lang='lat' dir='ltr'><strong>et</strong></span> <span class='ocrx_word' id='word_1_197' title='bbox 2553 1141 2857 1198; x_wconf 86' lang='lat' dir='ltr'><strong>cardinales</strong></span> <span class='ocrx_word' id='word_1_198' title='bbox 2883 1147 3222 1214; x_wconf 74' lang='lat' dir='ltr'><strong>examinatis,</strong></span> <span class='ocrx_word' id='word_1_199' title='bbox 3255 1150 3506 1208; x_wconf 89' lang='lat' dir='ltr'><strong>dominus</strong></span> <span class='ocrx_word' id='word_1_200' title='bbox 3535 1171 3671 1224; x_wconf 84' lang='lat' dir='ltr'><strong>papa</strong></span> <span class='ocrx_word' id='word_1_201' title='bbox 3700 1158 3861 1214; x_wconf 67' lang='lat' dir='ltr'><strong>debet</strong></span> 
     </span>
    </p>
   </div>
   <div class='ocr_carea' id='block_1_27' title="bbox 2261 1227 3859 1310">
    <p class='ocr_par' dir='ltr' id='par_1_27' title="bbox 2261 1227 3859 1310">
     <span class='ocr_line' id='line_1_27' title="bbox 2261 1227 3859 1310; baseline 0.014 -30"><span class='ocrx_word' id='word_1_202' title='bbox 2261 1227 2532 1296; x_wconf 89' lang='lat' dir='ltr'><strong>inquirere</strong></span> <span class='ocrx_word' id='word_1_203' title='bbox 2562 1232 2781 1286; x_wconf 60' lang='lat' dir='ltr'><strong>consilia</strong></span> <span class='ocrx_word' id='word_1_204' title='bbox 2816 1234 3050 1302; x_wconf 91' lang='lat' dir='ltr'><strong>ipsorum</strong></span> <span class='ocrx_word' id='word_1_205' title='bbox 3081 1238 3426 1295; x_wconf 88' lang='lat' dir='ltr'><strong>cardinalium</strong></span> <span class='ocrx_word' id='word_1_206' title='bbox 3451 1284 3464 1308; x_wconf 95' lang='lat'><strong>,</strong></span> <span class='ocrx_word' id='word_1_207' title='bbox 3494 1254 3546 1298; x_wconf 89' lang='lat' dir='ltr'><strong>et</strong></span> <span class='ocrx_word' id='word_1_208' title='bbox 3580 1257 3770 1310; x_wconf 87' lang='lat' dir='ltr'><strong>petere</strong></span> <span class='ocrx_word' id='word_1_209' title='bbox 3795 1248 3859 1303; x_wconf 90' lang='lat' dir='ltr'><strong>ab</strong></span> 
     </span>
    </p>
   </div>
   <div class='ocr_carea' id='block_1_28' title="bbox 2252 1317 3853 1403">
    <p class='ocr_par' dir='ltr' id='par_1_28' title="bbox 2252 1317 3853 1403">
     <span class='ocr_line' id='line_1_28' title="bbox 2252 1317 3853 1403; baseline 0.014 -32"><span class='ocrx_word' id='word_1_210' title='bbox 2252 1317 2330 1371; x_wconf 89' lang='lat' dir='ltr'><strong>eis</strong></span> <span class='ocrx_word' id='word_1_211' title='bbox 2360 1334 2426 1372; x_wconf 91' lang='lat' dir='ltr'><strong>an</strong></span> <span class='ocrx_word' id='word_1_212' title='bbox 2461 1321 2740 1377; x_wconf 89' lang='lat' dir='ltr'><strong>videantur</strong></span> <span class='ocrx_word' id='word_1_213' title='bbox 2771 1326 2986 1391; x_wconf 86' lang='lat' dir='ltr'><strong>probata</strong></span> <span class='ocrx_word' id='word_1_214' title='bbox 3020 1330 3165 1393; x_wconf 90' lang='lat' dir='ltr'><strong>talia,</strong></span> <span class='ocrx_word' id='word_1_215' title='bbox 3201 1341 3416 1399; x_wconf 71' lang='lat' dir='ltr'><strong>promer</strong></span> <span class='ocrx_word' id='word_1_216' title='bbox 3441 1351 3562 1403; x_wconf 74' lang='lat' dir='ltr'><strong>quae</strong></span> <span class='ocrx_word' id='word_1_217' title='bbox 3593 1339 3664 1390; x_wconf 89' lang='lat' dir='ltr'><strong>sit</strong></span> <span class='ocrx_word' id='word_1_218' title='bbox 3695 1355 3780 1392; x_wconf 65' lang='lat' dir='ltr'><strong>ca&#39;</strong></span> <span class='ocrx_word' id='word_1_219' title='bbox 3802 1355 3853 1393; x_wconf 92' lang='lat' dir='ltr'><strong>o-</strong></span> 
     </span>
    </p>
   </div>
   <div class='ocr_carea' id='block_1_29' title="bbox 2253 1408 3855 1492">
    <p class='ocr_par' dir='ltr' id='par_1_29' title="bbox 2253 1408 3855 1492">
     <span class='ocr_line' id='line_1_29' title="bbox 2253 1408 3855 1492; baseline 0.014 -30"><span class='ocrx_word' id='word_1_220' title='bbox 2253 1408 2451 1465; x_wconf 86' lang='lat' dir='ltr'><strong>nizatio</strong></span> <span class='ocrx_word' id='word_1_221' title='bbox 2496 1413 2688 1467; x_wconf 85' lang='lat' dir='ltr'><strong>merito</strong></span> <span class='ocrx_word' id='word_1_222' title='bbox 2716 1415 2955 1472; x_wconf 77' lang='lat' dir='ltr'><strong>facienda</strong></span> <span class='ocrx_word' id='word_1_223' title='bbox 2978 1462 2991 1482; x_wconf 92' lang='lat'><strong>,</strong></span> <span class='ocrx_word' id='word_1_224' title='bbox 3027 1429 3082 1474; x_wconf 91' lang='lat' dir='ltr'><strong>et</strong></span> <span class='ocrx_word' id='word_1_225' title='bbox 3111 1421 3154 1474; x_wconf 91' lang='lat' dir='ltr'><strong>si</strong></span> <span class='ocrx_word' id='word_1_226' title='bbox 3185 1422 3420 1478; x_wconf 79' lang='lat' dir='ltr'><strong>facienda</strong></span> <span class='ocrx_word' id='word_1_227' title='bbox 3455 1427 3728 1492; x_wconf 86' lang='lat' dir='ltr'><strong>videatur,</strong></span> <span class='ocrx_word' id='word_1_228' title='bbox 3763 1431 3855 1485; x_wconf 44' lang='lat' dir='ltr'><strong>do-</strong></span> 
     </span>
    </p>
   </div>
   <div class='ocr_carea' id='block_1_30' title="bbox 2251 1505 3854 1578">
    <p class='ocr_par' dir='ltr' id='par_1_30' title="bbox 2251 1505 3854 1578">
     <span class='ocr_line' id='line_1_30' title="bbox 2251 1505 3854 1578; baseline 0.013 -20"><span class='ocrx_word' id='word_1_229' title='bbox 2251 1505 2426 1560; x_wconf 90' lang='lat' dir='ltr'><strong>minus</strong></span> <span class='ocrx_word' id='word_1_230' title='bbox 2460 1522 2592 1576; x_wconf 87' lang='lat' dir='ltr'><strong>papa</strong></span> <span class='ocrx_word' id='word_1_231' title='bbox 2625 1509 2822 1566; x_wconf 84' lang='lat' dir='ltr'><strong>ibidem</strong></span> <span class='ocrx_word' id='word_1_232' title='bbox 2851 1512 2902 1566; x_wconf 94' lang='lat' dir='ltr'><strong>in</strong></span> <span class='ocrx_word' id='word_1_233' title='bbox 2931 1517 3248 1572; x_wconf 86' lang='lat' dir='ltr'><strong>consistorio</strong></span> <span class='ocrx_word' id='word_1_234' title='bbox 3270 1529 3475 1576; x_wconf 87' lang='lat' dir='ltr'><strong>secrete</strong></span> <span class='ocrx_word' id='word_1_235' title='bbox 3508 1523 3655 1577; x_wconf 85' lang='lat' dir='ltr'><strong>inter</strong></span> <span class='ocrx_word' id='word_1_236' title='bbox 3681 1526 3854 1578; x_wconf 82' lang='lat' dir='ltr'><strong>cardi-</strong></span> 
     </span>
    </p>
   </div>
   <div class='ocr_carea' id='block_1_31' title="bbox 2252 1595 3850 1670">
    <p class='ocr_par' dir='ltr' id='par_1_31' title="bbox 2252 1595 3850 1670">
     <span class='ocr_line' id='line_1_31' title="bbox 2252 1595 3850 1670; baseline 0.013 -21"><span class='ocrx_word' id='word_1_237' title='bbox 2252 1595 2400 1651; x_wconf 88' lang='lat' dir='ltr'><strong>nales</strong></span> <span class='ocrx_word' id='word_1_238' title='bbox 2431 1597 2615 1652; x_wconf 84' lang='lat' dir='ltr'><strong>delinit</strong></span> <span class='ocrx_word' id='word_1_239' title='bbox 2647 1601 2813 1669; x_wconf 89' lang='lat' dir='ltr'><strong>ipsam</strong></span> <span class='ocrx_word' id='word_1_240' title='bbox 2862 1605 3318 1664; x_wconf 78' lang='lat' dir='ltr'><strong>canonizrilionem</strong></span> <span class='ocrx_word' id='word_1_241' title='bbox 3362 1625 3484 1666; x_wconf 87' lang='lat' dir='ltr'><strong>esse</strong></span> <span class='ocrx_word' id='word_1_242' title='bbox 3526 1611 3850 1670; x_wconf 74' lang='lat' dir='ltr'><strong>faciendmr.</strong></span> 
     </span>
    </p>
   </div>
   <div class='ocr_carea' id='block_1_32' title="bbox 2253 1685 3850 1769">
    <p class='ocr_par' dir='ltr' id='par_1_32' title="bbox 2253 1685 3850 1769">
     <span class='ocr_line' id='line_1_32' title="bbox 2253 1685 3850 1769; baseline 0.013 -31"><span class='ocrx_word' id='word_1_243' title='bbox 2253 1685 2439 1742; x_wconf 80' lang='lat' dir='ltr'><strong>Postea</strong></span> <span class='ocrx_word' id='word_1_244' title='bbox 2465 1703 2592 1742; x_wconf 79' lang='lat' dir='ltr'><strong>vero</strong></span> <span class='ocrx_word' id='word_1_245' title='bbox 2618 1690 2925 1750; x_wconf 72' lang='lat' dir='ltr'><strong>dcﬁllillOlle</strong></span> <span class='ocrx_word' id='word_1_246' title='bbox 2955 1697 3255 1764; x_wconf 82' lang='lat' dir='ltr'><strong>Iinjnsmodi</strong></span> <span class='ocrx_word' id='word_1_247' title='bbox 3280 1699 3417 1755; x_wconf 76' lang='lat' dir='ltr'><strong>facta</strong></span> <span class='ocrx_word' id='word_1_248' title='bbox 3453 1718 3546 1769; x_wconf 80' lang='lat' dir='ltr'><strong>per</strong></span> <span class='ocrx_word' id='word_1_249' title='bbox 3575 1704 3850 1759; x_wconf 78' lang='lat' dir='ltr'><strong>dominum</strong></span> 
     </span>
    </p>
   </div>
   <div class='ocr_carea' id='block_1_33' title="bbox 559 1763 3856 1864">
    <p class='ocr_par' dir='ltr' id='par_1_33' title="bbox 559 1763 3856 1864">
     <span class='ocr_line' id='line_1_33' title="bbox 559 1763 3856 1864; baseline 0.007 -35"><span class='ocrx_word' id='word_1_250' title='bbox 559 1793 679 1846; x_wconf 74' lang='lat' dir='ltr'><strong>qua:</strong></span> <span class='ocrx_word' id='word_1_251' title='bbox 722 1774 994 1845; x_wconf 91' lang='lat' dir='ltr'><strong>inquisitio</strong></span> <span class='ocrx_word' id='word_1_252' title='bbox 1040 1773 1278 1828; x_wconf 89' lang='lat' dir='ltr'><strong>veritatis</strong></span> <span class='ocrx_word' id='word_1_253' title='bbox 1326 1771 1587 1828; x_wconf 86' lang='lat' dir='ltr'><strong>committi</strong></span> <span class='ocrx_word' id='word_1_254' title='bbox 1638 1771 1850 1836; x_wconf 90' lang='lat' dir='ltr'><strong>debeat,</strong></span> <span class='ocrx_word' id='word_1_255' title='bbox 1901 1770 2149 1826; x_wconf 89' lang='lat' dir='ltr'><strong>dominus</strong></span> <span class='ocrx_word' id='word_1_256' title='bbox 2181 1763 2228 1821; x_wconf 84' lang='grc' dir='ltr'><strong>Β</strong></span> <span class='ocrx_word' id='word_1_257' title='bbox 2262 1792 2472 1846; x_wconf 87' lang='lat' dir='ltr'><strong>papam,</strong></span> <span class='ocrx_word' id='word_1_258' title='bbox 2502 1780 2698 1838; x_wconf 90' lang='lat' dir='ltr'><strong>debent</strong></span> <span class='ocrx_word' id='word_1_259' title='bbox 2729 1787 2903 1842; x_wconf 88' lang='lat' dir='ltr'><strong>vocari</strong></span> <span class='ocrx_word' id='word_1_260' title='bbox 2934 1763 3120 1844; x_wconf 86' lang='lat' dir='ltr'><strong>omnes</strong></span> <span class='ocrx_word' id='word_1_261' title='bbox 3151 1792 3375 1860; x_wconf 61' lang='lat' dir='ltr'><strong>praelati,</strong></span> <span class='ocrx_word' id='word_1_262' title='bbox 3404 1763 3495 1864; x_wconf 84' lang='lat' dir='ltr'><strong>qui</strong></span> <span class='ocrx_word' id='word_1_263' title='bbox 3526 1805 3654 1850; x_wconf 88' lang='lat' dir='ltr'><strong>tunc</strong></span> <span class='ocrx_word' id='word_1_264' title='bbox 3681 1799 3736 1851; x_wconf 87' lang='lat' dir='ltr'><strong>in</strong></span> <span class='ocrx_word' id='word_1_265' title='bbox 3766 1817 3856 1851; x_wconf 83' lang='lat' dir='ltr'><strong>cu-</strong></span> 
     </span>
    </p>
   </div>
   <div class='ocr_carea' id='block_1_34' title="bbox 561 1863 2156 1937">
    <p class='ocr_par' dir='ltr' id='par_1_34' title="bbox 561 1863 2156 1937">
     <span class='ocr_line' id='line_1_34' title="bbox 561 1863 2156 1937; baseline -0.002 -16"><span class='ocrx_word' id='word_1_266' title='bbox 561 1876 745 1923; x_wconf 76' lang='lat' dir='ltr'><strong>uoster</strong></span> <span class='ocrx_word' id='word_1_267' title='bbox 775 1881 906 1937; x_wconf 90' lang='lat' dir='ltr'><strong>papa</strong></span> <span class='ocrx_word' id='word_1_268' title='bbox 939 1864 1158 1932; x_wconf 89' lang='lat' dir='ltr'><strong>requirit</strong></span> <span class='ocrx_word' id='word_1_269' title='bbox 1190 1865 1378 1920; x_wconf 88' lang='lat' dir='ltr'><strong>iterum</strong></span> <span class='ocrx_word' id='word_1_270' title='bbox 1414 1863 1639 1918; x_wconf 90' lang='lat' dir='ltr'><strong>consilia</strong></span> <span class='ocrx_word' id='word_1_271' title='bbox 1672 1864 2027 1919; x_wconf 86' lang='lat' dir='ltr'><strong>cardinalium</strong></span> <span class='ocrx_word' id='word_1_272' title='bbox 2054 1907 2067 1930; x_wconf 94' lang='lat'><strong>,</strong></span> <span class='ocrx_word' id='word_1_273' title='bbox 2102 1879 2156 1925; x_wconf 78' lang='lat' dir='ltr'><strong>et</strong></span> 
     </span>
    </p>
   </div>
   <div class='ocr_carea' id='block_1_35' title="bbox 558 1954 2157 2028">
    <p class='ocr_par' dir='ltr' id='par_1_35' title="bbox 558 1954 2157 2028">
     <span class='ocr_line' id='line_1_35' title="bbox 558 1954 2157 2028; baseline -0.003 -15"><span class='ocrx_word' id='word_1_274' title='bbox 558 1960 626 2015; x_wconf 92' lang='lat' dir='ltr'><strong>de</strong></span> <span class='ocrx_word' id='word_1_275' title='bbox 673 1959 909 2028; x_wconf 87' lang='lat' dir='ltr'><strong>ipsorum</strong></span> <span class='ocrx_word' id='word_1_276' title='bbox 935 1956 1159 2010; x_wconf 83' lang='lat' dir='ltr'><strong>consilio</strong></span> <span class='ocrx_word' id='word_1_277' title='bbox 1189 1955 1374 2010; x_wconf 83' lang='lat' dir='ltr'><strong>deﬁnit</strong></span> <span class='ocrx_word' id='word_1_278' title='bbox 1397 1956 1450 2010; x_wconf 90' lang='lat' dir='ltr'><strong>in</strong></span> <span class='ocrx_word' id='word_1_279' title='bbox 1484 1954 1831 2020; x_wconf 87' lang='lat' dir='ltr'><strong>consistorio,</strong></span> <span class='ocrx_word' id='word_1_280' title='bbox 1868 1961 2042 2008; x_wconf 88' lang='lat' dir='ltr'><strong>utrum</strong></span> <span class='ocrx_word' id='word_1_281' title='bbox 2070 1969 2157 2010; x_wconf 84' lang='lat' dir='ltr'><strong>se-</strong></span> 
     </span>
    </p>
   </div>
   <div class='ocr_carea' id='block_1_36' title="bbox 558 2043 2155 2113">
    <p class='ocr_par' dir='ltr' id='par_1_36' title="bbox 558 2043 2155 2113">
     <span class='ocr_line' id='line_1_36' title="bbox 558 2043 2155 2113; baseline -0.003 -10"><span class='ocrx_word' id='word_1_282' title='bbox 558 2049 794 2103; x_wconf 88' lang='lat' dir='ltr'><strong>cundum</strong></span> <span class='ocrx_word' id='word_1_283' title='bbox 835 2046 1002 2100; x_wconf 84' lang='lat' dir='ltr'><strong>relata</strong></span> <span class='ocrx_word' id='word_1_284' title='bbox 1031 2045 1101 2099; x_wconf 89' lang='lat' dir='ltr'><strong>sit</strong></span> <span class='ocrx_word' id='word_1_285' title='bbox 1131 2044 1410 2113; x_wconf 89' lang='lat' dir='ltr'><strong>inquisitio</strong></span> <span class='ocrx_word' id='word_1_286' title='bbox 1439 2043 1693 2113; x_wconf 76' lang='lat' dir='ltr'><strong>przedicta</strong></span> <span class='ocrx_word' id='word_1_287' title='bbox 1733 2058 1893 2112; x_wconf 86' lang='lat' dir='ltr'><strong>super</strong></span> <span class='ocrx_word' id='word_1_288' title='bbox 1931 2044 2155 2098; x_wconf 86' lang='lat' dir='ltr'><strong>veritate</strong></span> 
     </span>
    </p>
   </div>
   <div class='ocr_carea' id='block_1_37' title="bbox 557 2135 2151 2203">
    <p class='ocr_par' dir='ltr' id='par_1_37' title="bbox 557 2135 2151 2203">
     <span class='ocr_line' id='line_1_37' title="bbox 557 2135 2151 2203; baseline -0.005 -7"><span class='ocrx_word' id='word_1_289' title='bbox 557 2140 962 2203; x_wconf 88' lang='lat' dir='ltr'><strong>committenda,</strong></span> <span class='ocrx_word' id='word_1_290' title='bbox 996 2136 1081 2191; x_wconf 90' lang='lat' dir='ltr'><strong>vel</strong></span> <span class='ocrx_word' id='word_1_291' title='bbox 1113 2151 1250 2202; x_wconf 88' lang='lat' dir='ltr'><strong>non;</strong></span> <span class='ocrx_word' id='word_1_292' title='bbox 1281 2144 1340 2191; x_wconf 90' lang='lat' dir='ltr'><strong>et</strong></span> <span class='ocrx_word' id='word_1_293' title='bbox 1369 2137 1414 2190; x_wconf 91' lang='lat' dir='ltr'><strong>si</strong></span> <span class='ocrx_word' id='word_1_294' title='bbox 1459 2136 1839 2190; x_wconf 88' lang='lat' dir='ltr'><strong>committenda</strong></span> <span class='ocrx_word' id='word_1_295' title='bbox 1888 2135 2151 2200; x_wconf 86' lang='lat' dir='ltr'><strong>videatur,</strong></span> 
     </span>
    </p>
   </div>
   <div class='ocr_carea' id='block_1_38' title="bbox 558 2229 2150 2301">
    <p class='ocr_par' dir='ltr' id='par_1_38' title="bbox 558 2229 2150 2301">
     <span class='ocr_line' id='line_1_38' title="bbox 558 2229 2150 2301; baseline -0.004 -10"><span class='ocrx_word' id='word_1_296' title='bbox 558 2240 750 2292; x_wconf 88' lang='lat' dir='ltr'><strong>iterum</strong></span> <span class='ocrx_word' id='word_1_297' title='bbox 774 2233 959 2290; x_wconf 88' lang='lat' dir='ltr'><strong>scribit</strong></span> <span class='ocrx_word' id='word_1_298' title='bbox 985 2232 1235 2288; x_wconf 84' lang='lat' dir='ltr'><strong>dominus</strong></span> <span class='ocrx_word' id='word_1_299' title='bbox 1265 2246 1398 2301; x_wconf 86' lang='lat' dir='ltr'><strong>papa</strong></span> <span class='ocrx_word' id='word_1_300' title='bbox 1428 2231 1654 2299; x_wconf 88' lang='lat' dir='ltr'><strong>eisdem,</strong></span> <span class='ocrx_word' id='word_1_301' title='bbox 1681 2231 1764 2286; x_wconf 88' lang='lat' dir='ltr'><strong>vel</strong></span> <span class='ocrx_word' id='word_1_302' title='bbox 1794 2230 1913 2284; x_wconf 87' lang='lat' dir='ltr'><strong>aliis</strong></span> <span class='ocrx_word' id='word_1_303' title='bbox 1940 2229 2006 2284; x_wconf 86' lang='lat' dir='ltr'><strong>de</strong></span> <span class='ocrx_word' id='word_1_304' title='bbox 2033 2231 2150 2299; x_wconf 88' lang='lat' dir='ltr'><strong>qui-</strong></span> 
     </span>
    </p>
   </div>
   <div class='ocr_carea' id='block_1_39' title="bbox 557 2320 2152 2394">
    <p class='ocr_par' dir='ltr' id='par_1_39' title="bbox 557 2320 2152 2394">
     <span class='ocr_line' id='line_1_39' title="bbox 557 2320 2152 2394; baseline -0.006 -11"><span class='ocrx_word' id='word_1_305' title='bbox 557 2330 656 2383; x_wconf 88' lang='lat' dir='ltr'><strong>bus</strong></span> <span class='ocrx_word' id='word_1_306' title='bbox 683 2328 783 2382; x_wconf 89' lang='lat' dir='ltr'><strong>sibi</strong></span> <span class='ocrx_word' id='word_1_307' title='bbox 811 2325 1095 2390; x_wconf 87' lang='lat' dir='ltr'><strong>videbitur,</strong></span> <span class='ocrx_word' id='word_1_308' title='bbox 1126 2323 1266 2394; x_wconf 88' lang='lat' dir='ltr'><strong>quod</strong></span> <span class='ocrx_word' id='word_1_309' title='bbox 1293 2324 1565 2378; x_wconf 89' lang='lat' dir='ltr'><strong>veritatem</strong></span> <span class='ocrx_word' id='word_1_310' title='bbox 1589 2320 1655 2376; x_wconf 91' lang='lat' dir='ltr'><strong>de</strong></span> <span class='ocrx_word' id='word_1_311' title='bbox 1685 2321 1950 2392; x_wconf 73' lang='lat' dir='ltr'><strong>praedictis</strong></span> <span class='ocrx_word' id='word_1_312' title='bbox 1977 2321 2152 2391; x_wconf 88' lang='lat' dir='ltr'><strong>inqui-</strong></span> 
     </span>
    </p>
   </div>
   <div class='ocr_carea' id='block_1_40' title="bbox 557 2411 2151 2485">
    <p class='ocr_par' dir='ltr' id='par_1_40' title="bbox 557 2411 2151 2485">
     <span class='ocr_line' id='line_1_40' title="bbox 557 2411 2151 2485; baseline -0.006 -10"><span class='ocrx_word' id='word_1_313' title='bbox 557 2428 698 2485; x_wconf 89' lang='lat' dir='ltr'><strong>rant,</strong></span> <span class='ocrx_word' id='word_1_314' title='bbox 731 2417 983 2472; x_wconf 83' lang='lat' dir='ltr'><strong>videlicet</strong></span> <span class='ocrx_word' id='word_1_315' title='bbox 1012 2414 1079 2469; x_wconf 84' lang='lat' dir='ltr'><strong>de</strong></span> <span class='ocrx_word' id='word_1_316' title='bbox 1110 2414 1214 2469; x_wconf 83' lang='lat' dir='ltr'><strong>ﬁde</strong></span> <span class='ocrx_word' id='word_1_317' title='bbox 1234 2424 1288 2468; x_wconf 90' lang='lat' dir='ltr'><strong>et</strong></span> <span class='ocrx_word' id='word_1_318' title='bbox 1309 2413 1624 2469; x_wconf 80' lang='lat' dir='ltr'><strong>excellentia</strong></span> <span class='ocrx_word' id='word_1_319' title='bbox 1656 2413 1777 2466; x_wconf 78' lang='lat' dir='ltr'><strong>vita:</strong></span> <span class='ocrx_word' id='word_1_320' title='bbox 1797 2421 1852 2466; x_wconf 93' lang='lat' dir='ltr'><strong>et</strong></span> <span class='ocrx_word' id='word_1_321' title='bbox 1879 2411 2151 2466; x_wconf 90' lang='lat' dir='ltr'><strong>miraculis</strong></span> 
     </span>
    </p>
   </div>
   <div class='ocr_carea' id='block_1_41' title="bbox 557 2505 2176 2579">
    <p class='ocr_par' dir='ltr' id='par_1_41' title="bbox 557 2505 2176 2579">
     <span class='ocr_line' id='line_1_41' title="bbox 557 2505 2176 2579; baseline -0.004 -14"><span class='ocrx_word' id='word_1_322' title='bbox 557 2527 620 2565; x_wconf 90' lang='lat' dir='ltr'><strong>ac</strong></span> <span class='ocrx_word' id='word_1_323' title='bbox 648 2507 958 2579; x_wconf 72' lang='lat' dir='ltr'><strong>Operatioue</strong></span> <span class='ocrx_word' id='word_1_324' title='bbox 989 2506 1367 2562; x_wconf 86' lang='lat' dir='ltr'><strong>miraculorum</strong></span> <span class='ocrx_word' id='word_1_325' title='bbox 1395 2505 1531 2561; x_wconf 89' lang='lat' dir='ltr'><strong>illius</strong></span> <span class='ocrx_word' id='word_1_326' title='bbox 1555 2506 1642 2575; x_wconf 87' lang='lat' dir='ltr'><strong>qui</strong></span> <span class='ocrx_word' id='word_1_327' title='bbox 1670 2506 1798 2573; x_wconf 87' lang='lat' dir='ltr'><strong>petit</strong></span> <span class='ocrx_word' id='word_1_328' title='bbox 1824 2505 2147 2571; x_wconf 83' lang='lat' dir='ltr'><strong>cannnizari,</strong></span> <span class='ocrx_word' id='word_1_329' title='bbox 2172 2575 2176 2579; x_wconf 25' lang='lat'>.</span> 
     </span>
    </p>
   </div>
   <div class='ocr_carea' id='block_1_42' title="bbox 556 2595 2148 2669">
    <p class='ocr_par' dir='ltr' id='par_1_42' title="bbox 556 2595 2148 2669">
     <span class='ocr_line' id='line_1_42' title="bbox 556 2595 2148 2669; baseline -0.006 -11"><span class='ocrx_word' id='word_1_330' title='bbox 556 2610 778 2668; x_wconf 71' lang='lat' dir='ltr'><strong>exacte,</strong></span> <span class='ocrx_word' id='word_1_331' title='bbox 810 2601 1122 2669; x_wconf 79' lang='lat' dir='ltr'><strong>diligenter,</strong></span> <span class='ocrx_word' id='word_1_332' title='bbox 1153 2597 1379 2652; x_wconf 77' lang='lat' dir='ltr'><strong>ﬁdeliter</strong></span> <span class='ocrx_word' id='word_1_333' title='bbox 1425 2605 1479 2651; x_wconf 91' lang='lat' dir='ltr'><strong>et</strong></span> <span class='ocrx_word' id='word_1_334' title='bbox 1527 2596 1815 2666; x_wconf 88' lang='lat' dir='ltr'><strong>prudenter</strong></span> <span class='ocrx_word' id='word_1_335' title='bbox 1854 2595 2148 2650; x_wconf 86' lang='lat' dir='ltr'><strong>secundum</strong></span> 
     </span>
    </p>
   </div>
   <div class='ocr_carea' id='block_1_43' title="bbox 562 2687 2150 2760">
    <p class='ocr_par' dir='ltr' id='par_1_43' title="bbox 562 2687 2150 2760">
     <span class='ocr_line' id='line_1_43' title="bbox 562 2687 2150 2760; baseline -0.004 -12"><span class='ocrx_word' id='word_1_336' title='bbox 562 2695 822 2749; x_wconf 87' lang='lat' dir='ltr'><strong>articulos</strong></span> <span class='ocrx_word' id='word_1_337' title='bbox 847 2701 902 2747; x_wconf 83' lang='lat' dir='ltr'><strong>et</strong></span> <span class='ocrx_word' id='word_1_338' title='bbox 931 2690 1337 2760; x_wconf 85' lang='lat' dir='ltr'><strong>interrogatoria</strong></span> <span class='ocrx_word' id='word_1_339' title='bbox 1368 2704 1486 2759; x_wconf 78' lang='lat' dir='ltr'><strong>quae</strong></span> <span class='ocrx_word' id='word_1_340' title='bbox 1515 2688 1615 2743; x_wconf 91' lang='lat' dir='ltr'><strong>sub</strong></span> <span class='ocrx_word' id='word_1_341' title='bbox 1657 2687 1798 2742; x_wconf 90' lang='lat' dir='ltr'><strong>bulla</strong></span> <span class='ocrx_word' id='word_1_342' title='bbox 1845 2702 1940 2741; x_wconf 88' lang='lat' dir='ltr'><strong>sua</strong></span> <span class='ocrx_word' id='word_1_343' title='bbox 1975 2698 2150 2742; x_wconf 87' lang='lat' dir='ltr'><strong>trans-</strong></span> 
     </span>
    </p>
   </div>
   <div class='ocr_carea' id='block_1_44' title="bbox 558 2779 2145 2850">
    <p class='ocr_par' dir='ltr' id='par_1_44' title="bbox 558 2779 2145 2850">
     <span class='ocr_line' id='line_1_44' title="bbox 558 2779 2145 2850; baseline -0.004 -10"><span class='ocrx_word' id='word_1_344' title='bbox 558 2788 720 2842; x_wconf 89' lang='lat' dir='ltr'><strong>mittit</strong></span> <span class='ocrx_word' id='word_1_345' title='bbox 770 2785 970 2841; x_wconf 87' lang='lat' dir='ltr'><strong>eisdem</strong></span> <span class='ocrx_word' id='word_1_346' title='bbox 1016 2793 1070 2839; x_wconf 91' lang='lat' dir='ltr'><strong>et</strong></span> <span class='ocrx_word' id='word_1_347' title='bbox 1124 2783 1277 2849; x_wconf 88' lang='lat' dir='ltr'><strong>aliis;</strong></span> <span class='ocrx_word' id='word_1_348' title='bbox 1318 2791 1373 2837; x_wconf 89' lang='lat' dir='ltr'><strong>et</strong></span> <span class='ocrx_word' id='word_1_349' title='bbox 1414 2780 1488 2836; x_wconf 84' lang='lat' dir='ltr'><strong>illi</strong></span> <span class='ocrx_word' id='word_1_350' title='bbox 1533 2780 1723 2850; x_wconf 89' lang='lat' dir='ltr'><strong>quibus</strong></span> <span class='ocrx_word' id='word_1_351' title='bbox 1770 2779 2145 2847; x_wconf 89' lang='lat' dir='ltr'><strong>committitur,</strong></span> 
     </span>
    </p>
   </div>
   <div class='ocr_carea' id='block_1_45' title="bbox 559 2872 2147 2948">
    <p class='ocr_par' dir='ltr' id='par_1_45' title="bbox 559 2872 2147 2948">
     <span class='ocr_line' id='line_1_45' title="bbox 559 2872 2147 2948; baseline -0.003 -15"><span class='ocrx_word' id='word_1_352' title='bbox 559 2881 698 2936; x_wconf 75' lang='lat' dir='ltr'><strong>facta</strong></span> <span class='ocrx_word' id='word_1_353' title='bbox 730 2876 1032 2948; x_wconf 84' lang='lat' dir='ltr'><strong>bujusmodi</strong></span> <span class='ocrx_word' id='word_1_354' title='bbox 1063 2874 1431 2946; x_wconf 87' lang='lat' dir='ltr'><strong>inquisitione,</strong></span> <span class='ocrx_word' id='word_1_355' title='bbox 1465 2888 1582 2928; x_wconf 91' lang='lat' dir='ltr'><strong>eam</strong></span> <span class='ocrx_word' id='word_1_356' title='bbox 1630 2872 1902 2928; x_wconf 85' lang='lat' dir='ltr'><strong>remittere</strong></span> <span class='ocrx_word' id='word_1_357' title='bbox 1947 2872 2147 2928; x_wconf 90' lang='lat' dir='ltr'><strong>debent</strong></span> 
     </span>
    </p>
   </div>
   <div class='ocr_carea' id='block_1_46' title="bbox 557 2965 2148 3040">
    <p class='ocr_par' dir='ltr' id='par_1_46' title="bbox 557 2965 2148 3040">
     <span class='ocr_line' id='line_1_46' title="bbox 557 2965 2148 3040; baseline -0.005 -12"><span class='ocrx_word' id='word_1_358' title='bbox 557 2974 698 3028; x_wconf 88' lang='lat' dir='ltr'><strong>dicto</strong></span> <span class='ocrx_word' id='word_1_359' title='bbox 725 2973 943 3028; x_wconf 87' lang='lat' dir='ltr'><strong>domino</strong></span> <span class='ocrx_word' id='word_1_360' title='bbox 989 2984 1140 3040; x_wconf 81' lang='lat' dir='ltr'><strong>papae</strong></span> <span class='ocrx_word' id='word_1_361' title='bbox 1177 2968 1275 3024; x_wconf 86' lang='lat' dir='ltr'><strong>sub</strong></span> <span class='ocrx_word' id='word_1_362' title='bbox 1318 2966 1507 3036; x_wconf 65' lang='lat' dir='ltr'><strong>sigillis</strong></span> <span class='ocrx_word' id='word_1_363' title='bbox 1550 2965 1664 3020; x_wconf 89' lang='lat' dir='ltr'><strong>suis</strong></span> <span class='ocrx_word' id='word_1_364' title='bbox 1708 2966 1934 3021; x_wconf 85' lang='lat' dir='ltr'><strong>ﬁdeliter</strong></span> <span class='ocrx_word' id='word_1_365' title='bbox 1984 2966 2148 3021; x_wconf 88' lang='lat' dir='ltr'><strong>inter-</strong></span> 
     </span>
    </p>
   </div>
   <div class='ocr_carea' id='block_1_47' title="bbox 557 3067 787 3120">
    <p class='ocr_par' dir='ltr' id='par_1_47' title="bbox 557 3067 787 3120">
     <span class='ocr_line' id='line_1_47' title="bbox 557 3067 787 3120; baseline -0.009 0"><span class='ocrx_word' id='word_1_366' title='bbox 557 3067 787 3120; x_wconf 81' lang='lat' dir='ltr'><strong>elusam.</strong></span> 
     </span>
    </p>
   </div>
   <div class='ocr_carea' id='block_1_48' title="bbox 2257 1869 3854 1955">
    <p class='ocr_par' dir='ltr' id='par_1_48' title="bbox 2257 1869 3854 1955">
     <span class='ocr_line' id='line_1_48' title="bbox 2257 1869 3854 1955; baseline 0.011 -32"><span class='ocrx_word' id='word_1_367' title='bbox 2257 1869 2333 1923; x_wconf 87' lang='lat' dir='ltr'><strong>ria</strong></span> <span class='ocrx_word' id='word_1_368' title='bbox 2366 1881 2488 1926; x_wconf 92' lang='lat' dir='ltr'><strong>sunt</strong></span> <span class='ocrx_word' id='word_1_369' title='bbox 2519 1887 2844 1944; x_wconf 69' lang='lat' dir='ltr'><strong>prazsentes;</strong></span> <span class='ocrx_word' id='word_1_370' title='bbox 2877 1890 2932 1935; x_wconf 90' lang='lat' dir='ltr'><strong>et</strong></span> <span class='ocrx_word' id='word_1_371' title='bbox 2959 1880 3205 1936; x_wconf 89' lang='lat' dir='ltr'><strong>dominus</strong></span> <span class='ocrx_word' id='word_1_372' title='bbox 3237 1899 3367 1954; x_wconf 81' lang='lat' dir='ltr'><strong>papa</strong></span> <span class='ocrx_word' id='word_1_373' title='bbox 3399 1898 3586 1940; x_wconf 90' lang='lat' dir='ltr'><strong>narrat</strong></span> <span class='ocrx_word' id='word_1_374' title='bbox 3631 1888 3711 1941; x_wconf 88' lang='lat' dir='ltr'><strong>eis</strong></span> <span class='ocrx_word' id='word_1_375' title='bbox 3753 1905 3854 1955; x_wconf 86' lang='lat' dir='ltr'><strong>pu-</strong></span> 
     </span>
    </p>
   </div>
   <div class='ocr_carea' id='block_1_49' title="bbox 2257 1962 3853 2048">
    <p class='ocr_par' dir='ltr' id='par_1_49' title="bbox 2257 1962 3853 2048">
     <span class='ocr_line' id='line_1_49' title="bbox 2257 1962 3853 2048; baseline 0.011 -32"><span class='ocrx_word' id='word_1_376' title='bbox 2257 1962 2395 2018; x_wconf 91' lang='lat' dir='ltr'><strong>blice</strong></span> <span class='ocrx_word' id='word_1_377' title='bbox 2427 1966 2478 2018; x_wconf 92' lang='lat' dir='ltr'><strong>in</strong></span> <span class='ocrx_word' id='word_1_378' title='bbox 2509 1967 2825 2024; x_wconf 89' lang='lat' dir='ltr'><strong>consistorio</strong></span> <span class='ocrx_word' id='word_1_379' title='bbox 2853 1986 2914 2024; x_wconf 89' lang='lat' dir='ltr'><strong>ea</strong></span> <span class='ocrx_word' id='word_1_380' title='bbox 2947 1988 3064 2040; x_wconf 75' lang='lat' dir='ltr'><strong>quae</strong></span> <span class='ocrx_word' id='word_1_381' title='bbox 3086 1971 3222 2029; x_wconf 85' lang='lat' dir='ltr'><strong>facta</strong></span> <span class='ocrx_word' id='word_1_382' title='bbox 3253 1986 3408 2044; x_wconf 90' lang='lat' dir='ltr'><strong>sunt,</strong></span> <span class='ocrx_word' id='word_1_383' title='bbox 3435 1989 3489 2033; x_wconf 88' lang='lat' dir='ltr'><strong>et</strong></span> <span class='ocrx_word' id='word_1_384' title='bbox 3517 1979 3740 2048; x_wconf 87' lang='lat' dir='ltr'><strong>probata</strong></span> <span class='ocrx_word' id='word_1_385' title='bbox 3774 1997 3853 2034; x_wconf 79' lang='lat' dir='ltr'><strong>se-</strong></span> 
     </span>
    </p>
   </div>
   <div class='ocr_carea' id='block_1_50' title="bbox 2253 2056 3852 2137">
    <p class='ocr_par' dir='ltr' id='par_1_50' title="bbox 2253 2056 3852 2137">
     <span class='ocr_line' id='line_1_50' title="bbox 2253 2056 3852 2137; baseline 0.012 -29"><span class='ocrx_word' id='word_1_386' title='bbox 2253 2063 2398 2109; x_wconf 88' lang='lat' dir='ltr'><strong>creta</strong></span> <span class='ocrx_word' id='word_1_387' title='bbox 2428 2056 2733 2114; x_wconf 68' lang='lat' dir='ltr'><strong>deﬁnitione</strong></span> <span class='ocrx_word' id='word_1_388' title='bbox 2754 2063 2896 2131; x_wconf 82' lang='lat' dir='ltr'><strong>praed</strong></span> <span class='ocrx_word' id='word_1_389' title='bbox 2920 2072 3004 2118; x_wconf 90' lang='lat' dir='ltr'><strong>cta</strong></span> <span class='ocrx_word' id='word_1_390' title='bbox 3028 2065 3136 2135; x_wconf 88' lang='lat' dir='ltr'><strong>jam</strong></span> <span class='ocrx_word' id='word_1_391' title='bbox 3169 2067 3303 2122; x_wconf 83' lang='lat' dir='ltr'><strong>facta</strong></span> <span class='ocrx_word' id='word_1_392' title='bbox 3331 2083 3623 2137; x_wconf 58' lang='lat' dir='ltr'><strong>suppressa</strong></span> <span class='ocrx_word' id='word_1_393' title='bbox 3647 2088 3660 2135; x_wconf 91' lang='lat'><strong>;</strong></span> <span class='ocrx_word' id='word_1_394' title='bbox 3689 2083 3741 2126; x_wconf 90' lang='lat' dir='ltr'><strong>et</strong></span> <span class='ocrx_word' id='word_1_395' title='bbox 3775 2087 3852 2126; x_wconf 50' lang='lat' dir='ltr'><strong>re-</strong></span> 
     </span>
    </p>
   </div>
   <div class='ocr_carea' id='block_1_51' title="bbox 2255 2147 3366 2227">
    <p class='ocr_par' dir='ltr' id='par_1_51' title="bbox 2255 2147 3366 2227">
     <span class='ocr_line' id='line_1_51' title="bbox 2255 2147 3366 2227; baseline 0.017 -32"><span class='ocrx_word' id='word_1_396' title='bbox 2255 2147 2416 2215; x_wconf 87' lang='lat' dir='ltr'><strong>quirit</strong></span> <span class='ocrx_word' id='word_1_397' title='bbox 2444 2150 2662 2205; x_wconf 89' lang='lat' dir='ltr'><strong>consilia</strong></span> <span class='ocrx_word' id='word_1_398' title='bbox 2689 2155 2997 2210; x_wconf 88' lang='lat' dir='ltr'><strong>eorumdem</strong></span> <span class='ocrx_word' id='word_1_399' title='bbox 3027 2159 3366 2227; x_wconf 66' lang='lat' dir='ltr'><strong>prmlatoruzn</strong></span> 
     </span>
    </p>
   </div>
   <div class='ocr_carea' id='block_1_52' title="bbox 2331 2237 3851 2320">
    <p class='ocr_par' dir='ltr' id='par_1_52' title="bbox 2331 2237 3851 2320">
     <span class='ocr_line' id='line_1_52' title="bbox 2331 2237 3851 2320; baseline 0.012 -30"><span class='ocrx_word' id='word_1_400' title='bbox 2331 2237 2529 2295; x_wconf 75' lang='lat' dir='ltr'><strong>Deinde</strong></span> <span class='ocrx_word' id='word_1_401' title='bbox 2567 2243 2867 2310; x_wconf 24' lang='lat' dir='ltr'><strong>a‘signatur</strong></span> <span class='ocrx_word' id='word_1_402' title='bbox 2897 2261 2990 2311; x_wconf 65' lang='lat' dir='ltr'><strong>rer</strong></span> <span class='ocrx_word' id='word_1_403' title='bbox 3026 2247 3303 2303; x_wconf 88' lang='lat' dir='ltr'><strong>Dominum</strong></span> <span class='ocrx_word' id='word_1_404' title='bbox 3337 2266 3529 2320; x_wconf 85' lang='lat' dir='ltr'><strong>papam</strong></span> <span class='ocrx_word' id='word_1_405' title='bbox 3559 2262 3707 2307; x_wconf 85' lang='lat' dir='ltr'><strong>certa</strong></span> <span class='ocrx_word' id='word_1_406' title='bbox 3740 2255 3851 2308; x_wconf 83' lang='lat' dir='ltr'><strong>dies</strong></span> 
     </span>
    </p>
   </div>
   <div class='ocr_carea' id='block_1_53' title="bbox 2254 2329 3850 2408">
    <p class='ocr_par' dir='ltr' id='par_1_53' title="bbox 2254 2329 3850 2408">
     <span class='ocr_line' id='line_1_53' title="bbox 2254 2329 3850 2408; baseline 0.009 -27"><span class='ocrx_word' id='word_1_407' title='bbox 2254 2329 2320 2382; x_wconf 88' lang='lat' dir='ltr'><strong>ad</strong></span> <span class='ocrx_word' id='word_1_408' title='bbox 2353 2329 2582 2399; x_wconf 87' lang='lat' dir='ltr'><strong>aliquem</strong></span> <span class='ocrx_word' id='word_1_409' title='bbox 2618 2333 2790 2387; x_wconf 91' lang='lat' dir='ltr'><strong>locum</strong></span> <span class='ocrx_word' id='word_1_410' title='bbox 2823 2345 3003 2403; x_wconf 85' lang='lat' dir='ltr'><strong>aptum</strong></span> <span class='ocrx_word' id='word_1_411' title='bbox 3047 2337 3113 2392; x_wconf 89' lang='lat' dir='ltr'><strong>ad</strong></span> <span class='ocrx_word' id='word_1_412' title='bbox 3142 2339 3276 2408; x_wconf 86' lang='lat' dir='ltr'><strong>hoc,</strong></span> <span class='ocrx_word' id='word_1_413' title='bbox 3311 2343 3399 2396; x_wconf 90' lang='lat' dir='ltr'><strong>ubi</strong></span> <span class='ocrx_word' id='word_1_414' title='bbox 3429 2345 3732 2399; x_wconf 82' lang='lat' dir='ltr'><strong>convenire</strong></span> <span class='ocrx_word' id='word_1_415' title='bbox 3761 2344 3850 2396; x_wconf 86' lang='lat' dir='ltr'><strong>ha-</strong></span> 
     </span>
    </p>
   </div>
   <div class='ocr_carea' id='block_1_54' title="bbox 2257 2419 3844 2499">
    <p class='ocr_par' dir='ltr' id='par_1_54' title="bbox 2257 2419 3844 2499">
     <span class='ocr_line' id='line_1_54' title="bbox 2257 2419 3844 2499; baseline 0.009 -26"><span class='ocrx_word' id='word_1_416' title='bbox 2257 2420 2416 2473; x_wconf 86' lang='lat' dir='ltr'><strong>beant</strong></span> <span class='ocrx_word' id='word_1_417' title='bbox 2437 2419 2579 2475; x_wconf 89' lang='lat' dir='ltr'><strong>idem</strong></span> <span class='ocrx_word' id='word_1_418' title='bbox 2605 2421 2852 2479; x_wconf 90' lang='lat' dir='ltr'><strong>dominus</strong></span> <span class='ocrx_word' id='word_1_419' title='bbox 2878 2440 3058 2482; x_wconf 83' lang='lat' dir='ltr'><strong>noster</strong></span> <span class='ocrx_word' id='word_1_420' title='bbox 3078 2442 3231 2499; x_wconf 85' lang='lat' dir='ltr'><strong>papa,</strong></span> <span class='ocrx_word' id='word_1_421' title='bbox 3256 2440 3310 2486; x_wconf 92' lang='lat' dir='ltr'><strong>et</strong></span> <span class='ocrx_word' id='word_1_422' title='bbox 3333 2434 3667 2496; x_wconf 86' lang='lat' dir='ltr'><strong>cardinales,</strong></span> <span class='ocrx_word' id='word_1_423' title='bbox 3692 2445 3743 2489; x_wconf 90' lang='lat' dir='ltr'><strong>et</strong></span> <span class='ocrx_word' id='word_1_424' title='bbox 3763 2435 3844 2488; x_wconf 82' lang='lat' dir='ltr'><strong>alii</strong></span> 
     </span>
    </p>
   </div>
   <div class='ocr_carea' id='block_1_55' title="bbox 2258 2512 3850 2591">
    <p class='ocr_par' dir='ltr' id='par_1_55' title="bbox 2258 2512 3850 2591">
     <span class='ocr_line' id='line_1_55' title="bbox 2258 2512 3850 2591; baseline 0.012 -29"><span class='ocrx_word' id='word_1_425' title='bbox 2258 2513 2460 2577; x_wconf 66' lang='lat' dir='ltr'><strong>prmlati</strong></span> <span class='ocrx_word' id='word_1_426' title='bbox 2492 2512 2558 2567; x_wconf 90' lang='lat' dir='ltr'><strong>de</strong></span> <span class='ocrx_word' id='word_1_427' title='bbox 2585 2514 2752 2582; x_wconf 91' lang='lat' dir='ltr'><strong>curia,</strong></span> <span class='ocrx_word' id='word_1_428' title='bbox 2785 2532 2846 2571; x_wconf 88' lang='lat' dir='ltr'><strong>ac</strong></span> <span class='ocrx_word' id='word_1_429' title='bbox 2872 2517 3046 2574; x_wconf 76' lang='lat' dir='ltr'><strong>clerus</strong></span> <span class='ocrx_word' id='word_1_430' title='bbox 3075 2530 3126 2574; x_wconf 91' lang='lat' dir='ltr'><strong>et</strong></span> <span class='ocrx_word' id='word_1_431' title='bbox 3157 2523 3409 2591; x_wconf 89' lang='lat' dir='ltr'><strong>populus;</strong></span> <span class='ocrx_word' id='word_1_432' title='bbox 3435 2536 3488 2579; x_wconf 91' lang='lat' dir='ltr'><strong>et</strong></span> <span class='ocrx_word' id='word_1_433' title='bbox 3517 2529 3732 2580; x_wconf 75' lang='lat' dir='ltr'><strong>interim</strong></span> <span class='ocrx_word' id='word_1_434' title='bbox 3762 2543 3850 2581; x_wconf 77' lang='lat' dir='ltr'><strong>ex-</strong></span> 
     </span>
    </p>
   </div>
   <div class='ocr_carea' id='block_1_56' title="bbox 2257 2604 3847 2683">
    <p class='ocr_par' dir='ltr' id='par_1_56' title="bbox 2257 2604 3847 2683">
     <span class='ocr_line' id='line_1_56' title="bbox 2257 2604 3847 2683; baseline 0.011 -29"><span class='ocrx_word' id='word_1_435' title='bbox 2257 2609 2336 2654; x_wconf 87' lang='lat' dir='ltr'><strong>tra</strong></span> <span class='ocrx_word' id='word_1_436' title='bbox 2361 2616 2391 2656; x_wconf 95' lang='lat' dir='ltr'><strong>c</strong></span> <span class='ocrx_word' id='word_1_437' title='bbox 2414 2604 2732 2660; x_wconf 48' lang='lat' dir='ltr'><strong>insistorium</strong></span> <span class='ocrx_word' id='word_1_438' title='bbox 2756 2607 3076 2676; x_wconf 87' lang='lat' dir='ltr'><strong>deputantur</strong></span> <span class='ocrx_word' id='word_1_439' title='bbox 3103 2626 3192 2679; x_wconf 90' lang='lat' dir='ltr'><strong>per</strong></span> <span class='ocrx_word' id='word_1_440' title='bbox 3212 2613 3487 2668; x_wconf 90' lang='lat' dir='ltr'><strong>dominum</strong></span> <span class='ocrx_word' id='word_1_441' title='bbox 3515 2632 3704 2683; x_wconf 82' lang='lat' dir='ltr'><strong>papam</strong></span> <span class='ocrx_word' id='word_1_442' title='bbox 3731 2625 3847 2672; x_wconf 68' lang='lat' dir='ltr'><strong>orto</strong></span> 
     </span>
    </p>
   </div>
   <div class='ocr_carea' id='block_1_57' title="bbox 2254 2698 3848 2777">
    <p class='ocr_par' dir='ltr' id='par_1_57' title="bbox 2254 2698 3848 2777">
     <span class='ocr_line' id='line_1_57' title="bbox 2254 2698 3848 2777; baseline 0.009 -27"><span class='ocrx_word' id='word_1_443' title='bbox 2254 2698 2337 2752; x_wconf 69' lang='lat' dir='ltr'><strong>vt-l</strong></span> <span class='ocrx_word' id='word_1_444' title='bbox 2371 2709 2575 2767; x_wconf 90' lang='lat' dir='ltr'><strong>septem</strong></span> <span class='ocrx_word' id='word_1_445' title='bbox 2609 2703 2812 2770; x_wconf 75' lang='lat' dir='ltr'><strong>prmlati</strong></span> <span class='ocrx_word' id='word_1_446' title='bbox 2840 2703 2905 2758; x_wconf 91' lang='lat' dir='ltr'><strong>ad</strong></span> <span class='ocrx_word' id='word_1_447' title='bbox 2938 2705 3133 2773; x_wconf 86' lang='lat' dir='ltr'><strong>minus,</strong></span> <span class='ocrx_word' id='word_1_448' title='bbox 3164 2707 3229 2762; x_wconf 90' lang='lat' dir='ltr'><strong>de</strong></span> <span class='ocrx_word' id='word_1_449' title='bbox 3256 2708 3449 2777; x_wconf 86' lang='lat' dir='ltr'><strong>quibus</strong></span> <span class='ocrx_word' id='word_1_450' title='bbox 3475 2710 3654 2765; x_wconf 84' lang='lat' dir='ltr'><strong>eidem</strong></span> <span class='ocrx_word' id='word_1_451' title='bbox 3684 2712 3848 2765; x_wconf 87' lang='lat' dir='ltr'><strong>domi-</strong></span> 
     </span>
    </p>
   </div>
   <div class='ocr_carea' id='block_1_58' title="bbox 2255 2794 3848 2870">
    <p class='ocr_par' dir='ltr' id='par_1_58' title="bbox 2255 2794 3848 2870">
     <span class='ocr_line' id='line_1_58' title="bbox 2255 2794 3848 2870; baseline 0.007 -26"><span class='ocrx_word' id='word_1_452' title='bbox 2255 2805 2325 2845; x_wconf 92' lang='lat' dir='ltr'><strong>no</strong></span> <span class='ocrx_word' id='word_1_453' title='bbox 2368 2802 2551 2846; x_wconf 91' lang='lat' dir='ltr'><strong>nostro</strong></span> <span class='ocrx_word' id='word_1_454' title='bbox 2597 2807 2746 2862; x_wconf 67' lang='lat' dir='ltr'><strong>papae</strong></span> <span class='ocrx_word' id='word_1_455' title='bbox 2777 2794 3043 2850; x_wconf 50' lang='lat' dir='ltr'><strong>videbitur</strong></span> <span class='ocrx_word' id='word_1_456' title='bbox 3083 2797 3416 2864; x_wconf 82' lang='lat' dir='ltr'><strong>faciendum,</strong></span> <span class='ocrx_word' id='word_1_457' title='bbox 3455 2801 3546 2870; x_wconf 85' lang='lat' dir='ltr'><strong>qui</strong></span> <span class='ocrx_word' id='word_1_458' title='bbox 3579 2801 3719 2855; x_wconf 83' lang='lat' dir='ltr'><strong>dicta</strong></span> <span class='ocrx_word' id='word_1_459' title='bbox 3766 2803 3848 2855; x_wconf 82' lang='lat' dir='ltr'><strong>die</strong></span> 
     </span>
    </p>
   </div>
   <div class='ocr_carea' id='block_1_59' title="bbox 2253 2882 3844 2957">
    <p class='ocr_par' dir='ltr' id='par_1_59' title="bbox 2253 2882 3844 2957">
     <span class='ocr_line' id='line_1_59' title="bbox 2253 2882 3844 2957; baseline 0.007 -23"><span class='ocrx_word' id='word_1_460' title='bbox 2253 2882 2525 2950; x_wconf 73' lang='lat' dir='ltr'><strong>assignata</strong></span> <span class='ocrx_word' id='word_1_461' title='bbox 2571 2883 2805 2939; x_wconf 75' lang='lat' dir='ltr'><strong>habeant</strong></span> <span class='ocrx_word' id='word_1_462' title='bbox 2850 2887 3057 2954; x_wconf 85' lang='lat' dir='ltr'><strong>publice</strong></span> <span class='ocrx_word' id='word_1_463' title='bbox 3106 2890 3414 2957; x_wconf 73' lang='lat' dir='ltr'><strong>praedicare.</strong></span> <span class='ocrx_word' id='word_1_464' title='bbox 3471 2891 3646 2947; x_wconf 80' lang='lat' dir='ltr'><strong>liabet</strong></span> <span class='ocrx_word' id='word_1_465' title='bbox 3690 2893 3844 2947; x_wconf 82' lang='lat' dir='ltr'><strong>etiam</strong></span> 
     </span>
    </p>
   </div>
   <div class='ocr_carea' id='block_1_60' title="bbox 2251 2970 3844 3051">
    <p class='ocr_par' dir='ltr' id='par_1_60' title="bbox 2251 2970 3844 3051">
     <span class='ocr_line' id='line_1_60' title="bbox 2251 2970 3844 3051; baseline 0.006 -23"><span class='ocrx_word' id='word_1_466' title='bbox 2251 2970 2392 3028; x_wconf 77' lang='lat' dir='ltr'><strong>idem</strong></span> <span class='ocrx_word' id='word_1_467' title='bbox 2421 2974 2670 3029; x_wconf 86' lang='lat' dir='ltr'><strong>dominus</strong></span> <span class='ocrx_word' id='word_1_468' title='bbox 2718 2987 2899 3032; x_wconf 73' lang='lat' dir='ltr'><strong>noster</strong></span> <span class='ocrx_word' id='word_1_469' title='bbox 2930 2993 3059 3048; x_wconf 82' lang='lat' dir='ltr'><strong>papa</strong></span> <span class='ocrx_word' id='word_1_470' title='bbox 3089 2981 3336 3036; x_wconf 87' lang='lat' dir='ltr'><strong>ordinare</strong></span> <span class='ocrx_word' id='word_1_471' title='bbox 3368 2983 3570 3050; x_wconf 80' lang='lat' dir='ltr'><strong>gradus</strong></span> <span class='ocrx_word' id='word_1_472' title='bbox 3603 2985 3742 3038; x_wconf 84' lang='lat' dir='ltr'><strong>inter</strong></span> <span class='ocrx_word' id='word_1_473' title='bbox 3769 2985 3844 3051; x_wconf 86' lang='lat' dir='ltr'><strong>ip-</strong></span> 
     </span>
    </p>
   </div>
   <div class='ocr_carea' id='block_1_61' title="bbox 2256 3067 3839 3141">
    <p class='ocr_par' dir='ltr' id='par_1_61' title="bbox 2256 3067 3839 3141">
     <span class='ocr_line' id='line_1_61' title="bbox 2256 3067 3839 3141; baseline 0.006 -22"><span class='ocrx_word' id='word_1_474' title='bbox 2256 3081 2346 3119; x_wconf 85' lang='lat' dir='ltr'><strong>sos</strong></span> <span class='ocrx_word' id='word_1_475' title='bbox 2392 3067 2662 3134; x_wconf 67' lang='lat' dir='ltr'><strong>praelatos,</strong></span> <span class='ocrx_word' id='word_1_476' title='bbox 2694 3069 2780 3137; x_wconf 88' lang='lat' dir='ltr'><strong>qui</strong></span> <span class='ocrx_word' id='word_1_477' title='bbox 2815 3071 3103 3137; x_wconf 67' lang='lat' dir='ltr'><strong>prardicare</strong></span> <span class='ocrx_word' id='word_1_478' title='bbox 3150 3071 3450 3136; x_wconf 84' lang='lat' dir='ltr'><strong>habebunt,</strong></span> <span class='ocrx_word' id='word_1_479' title='bbox 3488 3083 3546 3127; x_wconf 91' lang='lat' dir='ltr'><strong>ut</strong></span> <span class='ocrx_word' id='word_1_480' title='bbox 3575 3075 3839 3141; x_wconf 82' lang='lat' dir='ltr'><strong>v&#39;delicet,</strong></span> 
     </span>
    </p>
   </div>
   <div class='ocr_carea' id='block_1_62' title="bbox 632 3143 3843 3231">
    <p class='ocr_par' dir='ltr' id='par_1_62' title="bbox 632 3143 3843 3231">
     <span class='ocr_line' id='line_1_62' title="bbox 632 3143 3843 3231; baseline 0.003 -23"><span class='ocrx_word' id='word_1_481' title='bbox 632 3156 745 3223; x_wconf 84' lang='lat' dir='ltr'><strong>Qua</strong></span> <span class='ocrx_word' id='word_1_482' title='bbox 779 3153 1114 3224; x_wconf 87' lang='lat' dir='ltr'><strong>inquisitione</strong></span> <span class='ocrx_word' id='word_1_483' title='bbox 1143 3151 1219 3205; x_wconf 93' lang='lat' dir='ltr'><strong>sic</strong></span> <span class='ocrx_word' id='word_1_484' title='bbox 1247 3149 1468 3206; x_wconf 79' lang='lat' dir='ltr'><strong>remissa</strong></span> <span class='ocrx_word' id='word_1_485' title='bbox 1496 3191 1510 3215; x_wconf 82' lang='grc'><em>,</em></span> <span class='ocrx_word' id='word_1_486' title='bbox 1554 3148 1803 3205; x_wconf 80' lang='lat' dir='ltr'><strong>dominus</strong></span> <span class='ocrx_word' id='word_1_487' title='bbox 1832 3163 1969 3219; x_wconf 82' lang='lat' dir='ltr'><strong>papa</strong></span> <span class='ocrx_word' id='word_1_488' title='bbox 2015 3165 2140 3203; x_wconf 82' lang='lat' dir='ltr'><strong>con-</strong></span> <span class='ocrx_word' id='word_1_489' title='bbox 2175 3143 2220 3206; x_wconf 89' lang='lat' dir='ltr'><strong><em>C</em></strong></span> <span class='ocrx_word' id='word_1_490' title='bbox 2253 3156 2373 3210; x_wconf 89' lang='lat' dir='ltr'><strong>talis</strong></span> <span class='ocrx_word' id='word_1_491' title='bbox 2403 3153 2574 3226; x_wconf 78' lang='lat' dir='ltr'><strong>primo</strong></span> <span class='ocrx_word' id='word_1_492' title='bbox 2607 3159 2879 3228; x_wconf 71' lang='lat' dir='ltr'><strong>prmdicet,</strong></span> <span class='ocrx_word' id='word_1_493' title='bbox 2913 3171 2962 3215; x_wconf 88' lang='lat' dir='ltr'><strong>et</strong></span> <span class='ocrx_word' id='word_1_494' title='bbox 2997 3161 3113 3216; x_wconf 88' lang='lat' dir='ltr'><strong>talis</strong></span> <span class='ocrx_word' id='word_1_495' title='bbox 3143 3163 3396 3231; x_wconf 81' lang='lat' dir='ltr'><strong>secundo,</strong></span> <span class='ocrx_word' id='word_1_496' title='bbox 3430 3174 3484 3219; x_wconf 91' lang='lat' dir='ltr'><strong>ct</strong></span> <span class='ocrx_word' id='word_1_497' title='bbox 3511 3167 3592 3220; x_wconf 90' lang='lat' dir='ltr'><strong>sic</strong></span> <span class='ocrx_word' id='word_1_498' title='bbox 3621 3166 3689 3221; x_wconf 84' lang='lat' dir='ltr'><strong>de.</strong></span> <span class='ocrx_word' id='word_1_499' title='bbox 3709 3167 3843 3222; x_wconf 60' lang='lat' dir='ltr'><strong>aliis.</strong></span> 
     </span>
    </p>
   </div>
   <div class='ocr_carea' id='block_1_63' title="bbox 559 3241 2146 3315">
    <p class='ocr_par' dir='ltr' id='par_1_63' title="bbox 559 3241 2146 3315">
     <span class='ocr_line' id='line_1_63' title="bbox 559 3241 2146 3315; baseline -0.004 -14"><span class='ocrx_word' id='word_1_500' title='bbox 559 3247 733 3302; x_wconf 84' lang='lat' dir='ltr'><strong>suevit</strong></span> <span class='ocrx_word' id='word_1_501' title='bbox 790 3244 955 3315; x_wconf 85' lang='lat' dir='ltr'><strong>ipsius</strong></span> <span class='ocrx_word' id='word_1_502' title='bbox 1005 3243 1367 3312; x_wconf 89' lang='lat' dir='ltr'><strong>inquisitionis</strong></span> <span class='ocrx_word' id='word_1_503' title='bbox 1415 3241 1861 3296; x_wconf 81' lang='lat' dir='ltr'><strong>examinationem</strong></span> <span class='ocrx_word' id='word_1_504' title='bbox 1903 3242 2146 3296; x_wconf 89' lang='lat' dir='ltr'><strong>commit-</strong></span> 
     </span>
    </p>
   </div>
   <div class='ocr_carea' id='block_1_64' title="bbox 562 3330 2149 3401">
    <p class='ocr_par' dir='ltr' id='par_1_64' title="bbox 562 3330 2149 3401">
     <span class='ocr_line' id='line_1_64' title="bbox 562 3330 2149 3401; baseline -0.004 -10"><span class='ocrx_word' id='word_1_505' title='bbox 562 3346 676 3391; x_wconf 89' lang='lat' dir='ltr'><strong>tere</strong></span> <span class='ocrx_word' id='word_1_506' title='bbox 707 3337 759 3389; x_wconf 91' lang='lat' dir='ltr'><strong>in</strong></span> <span class='ocrx_word' id='word_1_507' title='bbox 783 3334 924 3388; x_wconf 79' lang='lat' dir='ltr'><strong>curia</strong></span> <span class='ocrx_word' id='word_1_508' title='bbox 952 3332 1215 3401; x_wconf 84' lang='lat' dir='ltr'><strong>aliquibus</strong></span> <span class='ocrx_word' id='word_1_509' title='bbox 1242 3330 1530 3401; x_wconf 87' lang='lat' dir='ltr'><strong>capellanis</strong></span> <span class='ocrx_word' id='word_1_510' title='bbox 1553 3334 1684 3397; x_wconf 89' lang='lat' dir='ltr'><strong>suis,</strong></span> <span class='ocrx_word' id='word_1_511' title='bbox 1717 3331 1798 3386; x_wconf 88' lang='lat' dir='ltr'><strong>vel</strong></span> <span class='ocrx_word' id='word_1_512' title='bbox 1827 3331 1946 3385; x_wconf 91' lang='lat' dir='ltr'><strong>aliis</strong></span> <span class='ocrx_word' id='word_1_513' title='bbox 1972 3345 2149 3401; x_wconf 84' lang='lat' dir='ltr'><strong>perso-</strong></span> 
     </span>
    </p>
   </div>
   <div class='ocr_carea' id='block_1_65' title="bbox 561 3421 2148 3492">
    <p class='ocr_par' dir='ltr' id='par_1_65' title="bbox 561 3421 2148 3492">
     <span class='ocr_line' id='line_1_65' title="bbox 561 3421 2148 3492; baseline -0.004 -10"><span class='ocrx_word' id='word_1_514' title='bbox 561 3429 644 3482; x_wconf 81' lang='lat' dir='ltr'><strong>nis</strong></span> <span class='ocrx_word' id='word_1_515' title='bbox 674 3426 992 3480; x_wconf 79' lang='lat' dir='ltr'><strong>autlienticis</strong></span> <span class='ocrx_word' id='word_1_516' title='bbox 1014 3433 1067 3479; x_wconf 90' lang='lat' dir='ltr'><strong>ct</strong></span> <span class='ocrx_word' id='word_1_517' title='bbox 1088 3423 1355 3489; x_wconf 86' lang='lat' dir='ltr'><strong>discretis,</strong></span> <span class='ocrx_word' id='word_1_518' title='bbox 1378 3431 1435 3478; x_wconf 90' lang='lat' dir='ltr'><strong>ct</strong></span> <span class='ocrx_word' id='word_1_519' title='bbox 1456 3423 1509 3477; x_wconf 89' lang='lat' dir='ltr'><strong>in</strong></span> <span class='ocrx_word' id='word_1_520' title='bbox 1538 3421 1730 3477; x_wconf 88' lang='lat' dir='ltr'><strong>talibus</strong></span> <span class='ocrx_word' id='word_1_521' title='bbox 1751 3424 2004 3492; x_wconf 80' lang='lat' dir='ltr'><strong>expertis,</strong></span> <span class='ocrx_word' id='word_1_522' title='bbox 2031 3437 2148 3492; x_wconf 69' lang='lat' dir='ltr'><strong>qua:</strong></span> 
     </span>
    </p>
   </div>
   <div class='ocr_carea' id='block_1_66' title="bbox 563 3516 2149 3586">
    <p class='ocr_par' dir='ltr' id='par_1_66' title="bbox 563 3516 2149 3586">
     <span class='ocr_line' id='line_1_66' title="bbox 563 3516 2149 3586; baseline -0.001 -13"><span class='ocrx_word' id='word_1_523' title='bbox 563 3519 817 3574; x_wconf 90' lang='lat' dir='ltr'><strong>ordinent</strong></span> <span class='ocrx_word' id='word_1_524' title='bbox 843 3527 899 3572; x_wconf 90' lang='lat' dir='ltr'><strong>et</strong></span> <span class='ocrx_word' id='word_1_525' title='bbox 929 3517 1158 3572; x_wconf 85' lang='lat' dir='ltr'><strong>lorment</strong></span> <span class='ocrx_word' id='word_1_526' title='bbox 1188 3517 1428 3572; x_wconf 87' lang='lat' dir='ltr'><strong>rubricas</strong></span> <span class='ocrx_word' id='word_1_527' title='bbox 1455 3530 1616 3586; x_wconf 84' lang='lat' dir='ltr'><strong>super</strong></span> <span class='ocrx_word' id='word_1_528' title='bbox 1643 3516 1982 3585; x_wconf 89' lang='lat' dir='ltr'><strong>inquisitione</strong></span> <span class='ocrx_word' id='word_1_529' title='bbox 2014 3531 2149 3584; x_wconf 72' lang='lat' dir='ltr'><strong>pra:-</strong></span> 
     </span>
    </p>
   </div>
   <div class='ocr_carea' id='block_1_67' title="bbox 559 3607 2148 3679">
    <p class='ocr_par' dir='ltr' id='par_1_67' title="bbox 559 3607 2148 3679">
     <span class='ocr_line' id='line_1_67' title="bbox 559 3607 2148 3679; baseline -0.001 -15"><span class='ocrx_word' id='word_1_530' title='bbox 559 3611 734 3670; x_wconf 86' lang='lat' dir='ltr'><strong>dicta;</strong></span> <span class='ocrx_word' id='word_1_531' title='bbox 761 3619 814 3663; x_wconf 91' lang='lat' dir='ltr'><strong>ct</strong></span> <span class='ocrx_word' id='word_1_532' title='bbox 842 3609 970 3679; x_wconf 89' lang='lat' dir='ltr'><strong>ipsis</strong></span> <span class='ocrx_word' id='word_1_533' title='bbox 993 3608 1214 3663; x_wconf 89' lang='lat' dir='ltr'><strong>rubricis</strong></span> <span class='ocrx_word' id='word_1_534' title='bbox 1236 3623 1358 3663; x_wconf 91' lang='lat' dir='ltr'><strong>cum</strong></span> <span class='ocrx_word' id='word_1_535' title='bbox 1389 3616 1572 3663; x_wconf 79' lang='lat' dir='ltr'><strong>exacta</strong></span> <span class='ocrx_word' id='word_1_536' title='bbox 1593 3607 1867 3678; x_wconf 83' lang='lat' dir='ltr'><strong>diligentia</strong></span> <span class='ocrx_word' id='word_1_537' title='bbox 1888 3608 2148 3663; x_wconf 85' lang='lat' dir='ltr'><strong>ordinatis</strong></span> 
     </span>
    </p>
   </div>
   <div class='ocr_carea' id='block_1_68' title="bbox 561 3698 2148 3768">
    <p class='ocr_par' dir='ltr' id='par_1_68' title="bbox 561 3698 2148 3768">
     <span class='ocr_line' id='line_1_68' title="bbox 561 3698 2148 3768; baseline -0.001 -12"><span class='ocrx_word' id='word_1_538' title='bbox 561 3713 617 3756; x_wconf 90' lang='lat' dir='ltr'><strong>et</strong></span> <span class='ocrx_word' id='word_1_539' title='bbox 646 3702 907 3766; x_wconf 75' lang='lat' dir='ltr'><strong>formatis,</strong></span> <span class='ocrx_word' id='word_1_540' title='bbox 939 3698 1293 3754; x_wconf 82' lang='lat' dir='ltr'><strong>committitur</strong></span> <span class='ocrx_word' id='word_1_541' title='bbox 1316 3713 1412 3768; x_wconf 91' lang='lat' dir='ltr'><strong>per</strong></span> <span class='ocrx_word' id='word_1_542' title='bbox 1431 3699 1702 3754; x_wconf 86' lang='lat' dir='ltr'><strong>dominum</strong></span> <span class='ocrx_word' id='word_1_543' title='bbox 1728 3714 1916 3767; x_wconf 86' lang='lat' dir='ltr'><strong>papam</strong></span> <span class='ocrx_word' id='word_1_544' title='bbox 1949 3701 2148 3754; x_wconf 81' lang='lat' dir='ltr'><strong>exami-</strong></span> 
     </span>
    </p>
   </div>
   <div class='ocr_carea' id='block_1_69' title="bbox 562 3789 2145 3861">
    <p class='ocr_par' dir='ltr' id='par_1_69' title="bbox 562 3789 2145 3861">
     <span class='ocr_line' id='line_1_69' title="bbox 562 3789 2145 3861; baseline 0 -16"><span class='ocrx_word' id='word_1_545' title='bbox 562 3791 708 3846; x_wconf 88' lang='lat' dir='ltr'><strong>natio</strong></span> <span class='ocrx_word' id='word_1_546' title='bbox 739 3792 969 3859; x_wconf 81' lang='lat' dir='ltr'><strong>ipsarum</strong></span> <span class='ocrx_word' id='word_1_547' title='bbox 1002 3790 1329 3845; x_wconf 89' lang='lat' dir='ltr'><strong>rubricarum</strong></span> <span class='ocrx_word' id='word_1_548' title='bbox 1359 3800 1411 3845; x_wconf 92' lang='lat' dir='ltr'><strong>et</strong></span> <span class='ocrx_word' id='word_1_549' title='bbox 1440 3791 1599 3844; x_wconf 90' lang='lat' dir='ltr'><strong>totius</strong></span> <span class='ocrx_word' id='word_1_550' title='bbox 1642 3789 2001 3861; x_wconf 84' lang='lat' dir='ltr'><strong>inquisitionis</strong></span> <span class='ocrx_word' id='word_1_551' title='bbox 2048 3791 2145 3845; x_wconf 75' lang='lat' dir='ltr'><strong>tri-</strong></span> 
     </span>
    </p>
   </div>
   <div class='ocr_carea' id='block_1_70' title="bbox 563 3881 2145 3953">
    <p class='ocr_par' dir='ltr' id='par_1_70' title="bbox 563 3881 2145 3953">
     <span class='ocr_line' id='line_1_70' title="bbox 563 3881 2145 3953; baseline 0 -15"><span class='ocrx_word' id='word_1_552' title='bbox 563 3886 663 3940; x_wconf 90' lang='lat' dir='ltr'><strong>bus</strong></span> <span class='ocrx_word' id='word_1_553' title='bbox 693 3884 924 3938; x_wconf 90' lang='lat' dir='ltr'><strong>dominis</strong></span> <span class='ocrx_word' id='word_1_554' title='bbox 951 3881 1334 3946; x_wconf 90' lang='lat' dir='ltr'><strong>cardinalibus,</strong></span> <span class='ocrx_word' id='word_1_555' title='bbox 1368 3881 1613 3937; x_wconf 68' lang='lat' dir='ltr'><strong>videlicet</strong></span> <span class='ocrx_word' id='word_1_556' title='bbox 1633 3881 1725 3937; x_wconf 89' lang='lat' dir='ltr'><strong>uni</strong></span> <span class='ocrx_word' id='word_1_557' title='bbox 1755 3881 2028 3953; x_wconf 80' lang='lat' dir='ltr'><strong>episcopo,</strong></span> <span class='ocrx_word' id='word_1_558' title='bbox 2057 3882 2145 3938; x_wconf 79' lang='lat' dir='ltr'><strong>alii</strong></span> 
     </span>
    </p>
   </div>
   <div class='ocr_carea' id='block_1_71' title="bbox 565 3974 1444 4048">
    <p class='ocr_par' dir='ltr' id='par_1_71' title="bbox 565 3974 1444 4048">
     <span class='ocr_line' id='line_1_71' title="bbox 565 3974 1444 4048; baseline -0.006 -16"><span class='ocrx_word' id='word_1_559' title='bbox 565 3979 898 4048; x_wconf 89' lang='lat' dir='ltr'><strong>presbytero,</strong></span> <span class='ocrx_word' id='word_1_560' title='bbox 933 3984 984 4031; x_wconf 89' lang='lat' dir='ltr'><strong>et</strong></span> <span class='ocrx_word' id='word_1_561' title='bbox 1015 3975 1165 4030; x_wconf 89' lang='lat' dir='ltr'><strong>alteri</strong></span> <span class='ocrx_word' id='word_1_562' title='bbox 1197 3974 1444 4030; x_wconf 88' lang='lat' dir='ltr'><strong>diacono.</strong></span> 
     </span>
    </p>
   </div>
   <div class='ocr_carea' id='block_1_72' title="bbox 633 4065 2147 4136">
    <p class='ocr_par' dir='ltr' id='par_1_72' title="bbox 633 4065 2147 4136">
     <span class='ocr_line' id='line_1_72' title="bbox 633 4065 2147 4136; baseline -0.001 -14"><span class='ocrx_word' id='word_1_563' title='bbox 633 4068 734 4136; x_wconf 85' lang='lat' dir='ltr'><strong>Qui</strong></span> <span class='ocrx_word' id='word_1_564' title='bbox 764 4066 964 4122; x_wconf 89' lang='lat' dir='ltr'><strong>domini</strong></span> <span class='ocrx_word' id='word_1_565' title='bbox 993 4066 1310 4130; x_wconf 88' lang='lat' dir='ltr'><strong>cardinales,</strong></span> <span class='ocrx_word' id='word_1_566' title='bbox 1347 4065 1478 4120; x_wconf 91' lang='lat' dir='ltr'><strong>visis</strong></span> <span class='ocrx_word' id='word_1_567' title='bbox 1509 4080 1602 4133; x_wconf 90' lang='lat' dir='ltr'><strong>per</strong></span> <span class='ocrx_word' id='word_1_568' title='bbox 1631 4079 1725 4121; x_wconf 91' lang='lat' dir='ltr'><strong>eos</strong></span> <span class='ocrx_word' id='word_1_569' title='bbox 1766 4074 1820 4120; x_wconf 93' lang='lat' dir='ltr'><strong>et</strong></span> <span class='ocrx_word' id='word_1_570' title='bbox 1864 4065 2147 4136; x_wconf 60' lang='lat' dir='ltr'><strong>diligi-nter</strong></span> 
     </span>
    </p>
   </div>
   <div class='ocr_carea' id='block_1_73' title="bbox 561 4155 2146 4221">
    <p class='ocr_par' dir='ltr' id='par_1_73' title="bbox 561 4155 2146 4221">
     <span class='ocr_line' id='line_1_73' title="bbox 561 4155 2146 4221; baseline -0.003 -7"><span class='ocrx_word' id='word_1_571' title='bbox 561 4158 882 4214; x_wconf 79' lang='lat' dir='ltr'><strong>examinatis</strong></span> <span class='ocrx_word' id='word_1_572' title='bbox 921 4157 1187 4213; x_wconf 90' lang='lat' dir='ltr'><strong>contentis</strong></span> <span class='ocrx_word' id='word_1_573' title='bbox 1235 4157 1285 4210; x_wconf 96' lang='lat' dir='ltr'><strong>in</strong></span> <span class='ocrx_word' id='word_1_574' title='bbox 1317 4155 1806 4221; x_wconf 87' lang='lat' dir='ltr'><strong>commissionibus,</strong></span> <span class='ocrx_word' id='word_1_575' title='bbox 1837 4157 2066 4211; x_wconf 88' lang='lat' dir='ltr'><strong>rubricis</strong></span> <span class='ocrx_word' id='word_1_576' title='bbox 2095 4165 2146 4212; x_wconf 89' lang='lat' dir='ltr'><strong>et</strong></span> 
     </span>
    </p>
   </div>
   <div class='ocr_carea' id='block_1_74' title="bbox 559 4247 2148 4322">
    <p class='ocr_par' dir='ltr' id='par_1_74' title="bbox 559 4247 2148 4322">
     <span class='ocr_line' id='line_1_74' title="bbox 559 4247 2148 4322; baseline -0.002 -15"><span class='ocrx_word' id='word_1_577' title='bbox 559 4252 903 4322; x_wconf 82' lang='lat' dir='ltr'><strong>inquisitione</strong></span> <span class='ocrx_word' id='word_1_578' title='bbox 948 4247 1250 4319; x_wconf 61' lang='lat' dir='ltr'><strong>praedictis,</strong></span> <span class='ocrx_word' id='word_1_579' title='bbox 1288 4249 1488 4304; x_wconf 87' lang='lat' dir='ltr'><strong>debent</strong></span> <span class='ocrx_word' id='word_1_580' title='bbox 1515 4248 1717 4303; x_wconf 87' lang='lat' dir='ltr'><strong>referre</strong></span> <span class='ocrx_word' id='word_1_581' title='bbox 1747 4247 1798 4302; x_wconf 93' lang='lat' dir='ltr'><strong>in</strong></span> <span class='ocrx_word' id='word_1_582' title='bbox 1827 4249 2148 4305; x_wconf 90' lang='lat' dir='ltr'><strong>consistorio</strong></span> 
     </span>
    </p>
   </div>
   <div class='ocr_carea' id='block_1_75' title="bbox 555 4340 2149 4411">
    <p class='ocr_par' dir='ltr' id='par_1_75' title="bbox 555 4340 2149 4411">
     <span class='ocr_line' id='line_1_75' title="bbox 555 4340 2149 4411; baseline -0.001 -11"><span class='ocrx_word' id='word_1_583' title='bbox 555 4345 778 4400; x_wconf 81' lang='lat' dir='ltr'><strong>do.i.ino</strong></span> <span class='ocrx_word' id='word_1_584' title='bbox 817 4356 966 4411; x_wconf 76' lang='lat' dir='ltr'><strong>papa:</strong></span> <span class='ocrx_word' id='word_1_585' title='bbox 996 4341 1152 4406; x_wconf 83' lang='lat' dir='ltr'><strong>plene</strong></span> <span class='ocrx_word' id='word_1_586' title='bbox 1179 4340 1230 4395; x_wconf 93' lang='lat' dir='ltr'><strong>in</strong></span> <span class='ocrx_word' id='word_1_587' title='bbox 1259 4355 1456 4409; x_wconf 79' lang='lat' dir='ltr'><strong>genere</strong></span> <span class='ocrx_word' id='word_1_588' title='bbox 1496 4341 1674 4394; x_wconf 90' lang='lat' dir='ltr'><strong>omnia</strong></span> <span class='ocrx_word' id='word_1_589' title='bbox 1721 4342 2046 4409; x_wconf 87' lang='lat' dir='ltr'><strong>supradicta,</strong></span> <span class='ocrx_word' id='word_1_590' title='bbox 2095 4351 2149 4398; x_wconf 92' lang='lat' dir='ltr'><strong>ct</strong></span> 
     </span>
    </p>
   </div>
   <div class='ocr_carea' id='block_1_76' title="bbox 558 4431 2149 4502">
    <p class='ocr_par' dir='ltr' id='par_1_76' title="bbox 558 4431 2149 4502">
     <span class='ocr_line' id='line_1_76' title="bbox 558 4431 2149 4502; baseline -0.001 -15"><span class='ocrx_word' id='word_1_591' title='bbox 558 4451 676 4502; x_wconf 74' lang='lat' dir='ltr'><strong>qua:</strong></span> <span class='ocrx_word' id='word_1_592' title='bbox 707 4434 1013 4489; x_wconf 81' lang='lat' dir='ltr'><strong>invenerint</strong></span> <span class='ocrx_word' id='word_1_593' title='bbox 1043 4431 1097 4486; x_wconf 92' lang='lat' dir='ltr'><strong>in</strong></span> <span class='ocrx_word' id='word_1_594' title='bbox 1129 4431 1332 4487; x_wconf 78' lang='lat' dir='ltr'><strong>eisdem</strong></span> <span class='ocrx_word' id='word_1_595' title='bbox 1356 4471 1371 4496; x_wconf 95' lang='lat'><strong>,</strong></span> <span class='ocrx_word' id='word_1_596' title='bbox 1401 4433 1502 4486; x_wconf 86' lang='lat' dir='ltr'><strong>hoc</strong></span> <span class='ocrx_word' id='word_1_597' title='bbox 1531 4441 1754 4502; x_wconf 80' lang='lat' dir='ltr'><strong>excepto</strong></span> <span class='ocrx_word' id='word_1_598' title='bbox 1775 4473 1790 4499; x_wconf 92' lang='lat'><strong>,</strong></span> <span class='ocrx_word' id='word_1_599' title='bbox 1821 4432 1961 4502; x_wconf 92' lang='lat' dir='ltr'><strong>quod</strong></span> <span class='ocrx_word' id='word_1_600' title='bbox 1988 4447 2149 4501; x_wconf 84' lang='lat' dir='ltr'><strong>super</strong></span> 
     </span>
    </p>
   </div>
   <div class='ocr_carea' id='block_1_77' title="bbox 2252 3253 3841 3329">
    <p class='ocr_par' dir='ltr' id='par_1_77' title="bbox 2252 3253 3841 3329">
     <span class='ocr_line' id='line_1_77' title="bbox 2252 3253 3841 3329; baseline 0.004 -21"><span class='ocrx_word' id='word_1_601' title='bbox 2252 3253 2541 3309; x_wconf 77' lang='lat' dir='ltr'><strong>Consuevit</strong></span> <span class='ocrx_word' id='word_1_602' title='bbox 2565 3255 2703 3310; x_wconf 90' lang='lat' dir='ltr'><strong>enim</strong></span> <span class='ocrx_word' id='word_1_603' title='bbox 2726 3254 2865 3309; x_wconf 91' lang='lat' dir='ltr'><strong>dicta</strong></span> <span class='ocrx_word' id='word_1_604' title='bbox 2886 3256 3003 3311; x_wconf 90' lang='lat' dir='ltr'><strong>dies</strong></span> <span class='ocrx_word' id='word_1_605' title='bbox 3025 3261 3277 3327; x_wconf 65' lang='lat' dir='ltr'><strong>ass‘gnari</strong></span> <span class='ocrx_word' id='word_1_606' title='bbox 3304 3275 3399 3329; x_wconf 83' lang='lat' dir='ltr'><strong>per</strong></span> <span class='ocrx_word' id='word_1_607' title='bbox 3417 3275 3584 3313; x_wconf 90' lang='lat' dir='ltr'><strong>unum</strong></span> <span class='ocrx_word' id='word_1_608' title='bbox 3609 3277 3841 3314; x_wconf 85' lang='lat' dir='ltr'><strong>mensem</strong></span> 
     </span>
    </p>
   </div>
   <div class='ocr_carea' id='block_1_78' title="bbox 2252 3344 3879 3413">
    <p class='ocr_par' dir='ltr' id='par_1_78' title="bbox 2252 3344 3879 3413">
     <span class='ocr_line' id='line_1_78' title="bbox 2252 3344 3879 3413; baseline 0.006 -17"><span class='ocrx_word' id='word_1_609' title='bbox 2252 3353 2408 3407; x_wconf 92' lang='lat' dir='ltr'><strong>ante,</strong></span> <span class='ocrx_word' id='word_1_610' title='bbox 2438 3344 2520 3397; x_wconf 76' lang='lat' dir='ltr'><strong>Vel</strong></span> <span class='ocrx_word' id='word_1_611' title='bbox 2551 3358 2647 3412; x_wconf 88' lang='lat' dir='ltr'><strong>per</strong></span> <span class='ocrx_word' id='word_1_612' title='bbox 2694 3353 2800 3399; x_wconf 91' lang='lat' dir='ltr'><strong>tres</strong></span> <span class='ocrx_word' id='word_1_613' title='bbox 2847 3345 3168 3413; x_wconf 85' lang='lat' dir='ltr'><strong>septirnanas</strong></span> <span class='ocrx_word' id='word_1_614' title='bbox 3221 3349 3284 3402; x_wconf 91' lang='lat' dir='ltr'><strong>ad</strong></span> <span class='ocrx_word' id='word_1_615' title='bbox 3336 3351 3540 3413; x_wconf 69' lang='lat' dir='ltr'><strong>minus,</strong></span> <span class='ocrx_word' id='word_1_616' title='bbox 3574 3350 3641 3404; x_wconf 87' lang='lat' dir='ltr'><strong>ad</strong></span> <span class='ocrx_word' id='word_1_617' title='bbox 3692 3350 3879 3405; x_wconf 74' lang='lat' dir='ltr'><strong>linem</strong></span> 
     </span>
    </p>
   </div>
   <div class='ocr_carea' id='block_1_79' title="bbox 2251 3435 3840 3508">
    <p class='ocr_par' dir='ltr' id='par_1_79' title="bbox 2251 3435 3840 3508">
     <span class='ocr_line' id='line_1_79' title="bbox 2251 3435 3840 3508; baseline 0.004 -19"><span class='ocrx_word' id='word_1_618' title='bbox 2251 3435 2392 3505; x_wconf 88' lang='lat' dir='ltr'><strong>quod</strong></span> <span class='ocrx_word' id='word_1_619' title='bbox 2453 3436 2689 3504; x_wconf 70' lang='lat' dir='ltr'><strong>prtedicti</strong></span> <span class='ocrx_word' id='word_1_620' title='bbox 2749 3438 2953 3507; x_wconf 64' lang='lat' dir='ltr'><strong>praelati</strong></span> <span class='ocrx_word' id='word_1_621' title='bbox 3017 3439 3300 3508; x_wconf 89' lang='lat' dir='ltr'><strong>diligenter</strong></span> <span class='ocrx_word' id='word_1_622' title='bbox 3355 3441 3676 3497; x_wconf 72' lang='lat' dir='ltr'><strong>collationes</strong></span> <span class='ocrx_word' id='word_1_623' title='bbox 3725 3456 3840 3496; x_wconf 86' lang='lat' dir='ltr'><strong>suas</strong></span> 
     </span>
    </p>
   </div>
   <div class='ocr_carea' id='block_1_80' title="bbox 2251 3527 3839 3601">
    <p class='ocr_par' dir='ltr' id='par_1_80' title="bbox 2251 3527 3839 3601">
     <span class='ocr_line' id='line_1_80' title="bbox 2251 3527 3839 3601; baseline 0.004 -21"><span class='ocrx_word' id='word_1_624' title='bbox 2251 3527 2408 3598; x_wconf 68' lang='grc'><strong>421</strong></span> <span class='ocrx_word' id='word_1_625' title='bbox 2443 3527 2711 3596; x_wconf 78' lang='lat' dir='ltr'><strong>potuerint</strong></span> <span class='ocrx_word' id='word_1_626' title='bbox 2754 3529 3052 3598; x_wconf 59' lang='lat' dir='ltr'><strong>studuisse,</strong></span> <span class='ocrx_word' id='word_1_627' title='bbox 3103 3546 3236 3600; x_wconf 87' lang='lat' dir='ltr'><strong>quas</strong></span> <span class='ocrx_word' id='word_1_628' title='bbox 3283 3532 3391 3600; x_wconf 88' lang='lat' dir='ltr'><strong>ipsa</strong></span> <span class='ocrx_word' id='word_1_629' title='bbox 3442 3533 3532 3587; x_wconf 88' lang='lat' dir='ltr'><strong>die</strong></span> <span class='ocrx_word' id='word_1_630' title='bbox 3577 3534 3839 3601; x_wconf 56' lang='lat' dir='ltr'><strong>assignat:</strong></span> 
     </span>
    </p>
   </div>
   <div class='ocr_carea' id='block_1_81' title="bbox 2251 3619 3840 3688">
    <p class='ocr_par' dir='ltr' id='par_1_81' title="bbox 2251 3619 3840 3688">
     <span class='ocr_line' id='line_1_81' title="bbox 2251 3619 3840 3688; baseline 0.003 -16"><span class='ocrx_word' id='word_1_631' title='bbox 2251 3621 2521 3674; x_wconf 89' lang='lat' dir='ltr'><strong>succincte</strong></span> <span class='ocrx_word' id='word_1_632' title='bbox 2541 3627 2596 3672; x_wconf 91' lang='lat' dir='ltr'><strong>et</strong></span> <span class='ocrx_word' id='word_1_633' title='bbox 2625 3619 2859 3674; x_wconf 89' lang='lat' dir='ltr'><strong>breviter</strong></span> <span class='ocrx_word' id='word_1_634' title='bbox 2881 3620 2934 3673; x_wconf 90' lang='lat' dir='ltr'><strong>in</strong></span> <span class='ocrx_word' id='word_1_635' title='bbox 2959 3620 3168 3688; x_wconf 88' lang='lat' dir='ltr'><strong>publico</strong></span> <span class='ocrx_word' id='word_1_636' title='bbox 3187 3622 3360 3677; x_wconf 81' lang='lat' dir='ltr'><strong>facere</strong></span> <span class='ocrx_word' id='word_1_637' title='bbox 3384 3623 3596 3677; x_wconf 86' lang='lat' dir='ltr'><strong>habebu</strong></span> <span class='ocrx_word' id='word_1_638' title='bbox 3623 3634 3682 3677; x_wconf 74' lang='lat' dir='ltr'><strong>it.</strong></span> <span class='ocrx_word' id='word_1_639' title='bbox 3708 3625 3840 3677; x_wconf 86' lang='lat' dir='ltr'><strong>Con-</strong></span> 
     </span>
    </p>
   </div>
   <div class='ocr_carea' id='block_1_82' title="bbox 2250 3711 3840 3772">
    <p class='ocr_par' dir='ltr' id='par_1_82' title="bbox 2250 3711 3840 3772">
     <span class='ocr_line' id='line_1_82' title="bbox 2250 3711 3840 3772; baseline 0.003 -8"><span class='ocrx_word' id='word_1_640' title='bbox 2250 3711 2520 3772; x_wconf 80' lang='lat' dir='ltr'><strong>clusiones</strong></span> <span class='ocrx_word' id='word_1_641' title='bbox 2549 3726 2672 3766; x_wconf 83' lang='lat' dir='ltr'><strong>vero</strong></span> <span class='ocrx_word' id='word_1_642' title='bbox 2695 3712 2952 3766; x_wconf 91' lang='lat' dir='ltr'><strong>dictarum</strong></span> <span class='ocrx_word' id='word_1_643' title='bbox 2975 3712 3317 3767; x_wconf 81' lang='lat' dir='ltr'><strong>collationuin</strong></span> <span class='ocrx_word' id='word_1_644' title='bbox 3341 3714 3537 3768; x_wconf 87' lang='lat' dir='ltr'><strong>debent</strong></span> <span class='ocrx_word' id='word_1_645' title='bbox 3564 3729 3692 3770; x_wconf 56' lang='lat' dir='ltr'><strong>esse</strong></span> <span class='ocrx_word' id='word_1_646' title='bbox 3719 3717 3840 3768; x_wconf 80' lang='lat' dir='ltr'><strong>tales</strong></span> 
     </span>
    </p>
   </div>
   <div class='ocr_carea' id='block_1_83' title="bbox 2253 3801 3843 3871">
    <p class='ocr_par' dir='ltr' id='par_1_83' title="bbox 2253 3801 3843 3871">
     <span class='ocr_line' id='line_1_83' title="bbox 2253 3801 3843 3871; baseline 0.001 -17"><span class='ocrx_word' id='word_1_647' title='bbox 2253 3801 2498 3856; x_wconf 89' lang='lat' dir='ltr'><strong>videlicet</strong></span> <span class='ocrx_word' id='word_1_648' title='bbox 2523 3802 2664 3871; x_wconf 91' lang='lat' dir='ltr'><strong>quod</strong></span> <span class='ocrx_word' id='word_1_649' title='bbox 2697 3801 2980 3856; x_wconf 91' lang='lat' dir='ltr'><strong>ostendant</strong></span> <span class='ocrx_word' id='word_1_650' title='bbox 3010 3817 3103 3871; x_wconf 91' lang='lat' dir='ltr'><strong>per</strong></span> <span class='ocrx_word' id='word_1_651' title='bbox 3136 3803 3371 3858; x_wconf 78' lang='lat' dir='ltr'><strong>rationes</strong></span> <span class='ocrx_word' id='word_1_652' title='bbox 3400 3804 3542 3871; x_wconf 90' lang='lat' dir='ltr'><strong>quod</strong></span> <span class='ocrx_word' id='word_1_653' title='bbox 3585 3805 3730 3858; x_wconf 86' lang='lat' dir='ltr'><strong>d.cta</strong></span> <span class='ocrx_word' id='word_1_654' title='bbox 3762 3821 3843 3858; x_wconf 53' lang='lat' dir='ltr'><strong>ca-</strong></span> 
     </span>
    </p>
   </div>
   <div class='ocr_carea' id='block_1_84' title="bbox 2251 3891 3842 3963">
    <p class='ocr_par' dir='ltr' id='par_1_84' title="bbox 2251 3891 3842 3963">
     <span class='ocr_line' id='line_1_84' title="bbox 2251 3891 3842 3963; baseline 0.001 -16"><span class='ocrx_word' id='word_1_655' title='bbox 2251 3894 2519 3947; x_wconf 88' lang='lat' dir='ltr'><strong>nonizatio</strong></span> <span class='ocrx_word' id='word_1_656' title='bbox 2546 3901 2629 3948; x_wconf 90' lang='lat' dir='ltr'><strong>est</strong></span> <span class='ocrx_word' id='word_1_657' title='bbox 2659 3891 2848 3947; x_wconf 90' lang='lat' dir='ltr'><strong>merito</strong></span> <span class='ocrx_word' id='word_1_658' title='bbox 2871 3891 3132 3957; x_wconf 80' lang='lat' dir='ltr'><strong>facienda,</strong></span> <span class='ocrx_word' id='word_1_659' title='bbox 3165 3902 3220 3947; x_wconf 93' lang='lat' dir='ltr'><strong>et</strong></span> <span class='ocrx_word' id='word_1_660' title='bbox 3244 3895 3549 3963; x_wconf 88' lang='lat' dir='ltr'><strong>supplicent</strong></span> <span class='ocrx_word' id='word_1_661' title='bbox 3573 3894 3724 3949; x_wconf 82' lang='lat' dir='ltr'><strong>dcto</strong></span> <span class='ocrx_word' id='word_1_662' title='bbox 3752 3894 3842 3949; x_wconf 88' lang='lat' dir='ltr'><strong>do-</strong></span> 
     </span>
    </p>
   </div>
   <div class='ocr_carea' id='block_1_85' title="bbox 2251 3983 3655 4052">
    <p class='ocr_par' dir='ltr' id='par_1_85' title="bbox 2251 3983 3655 4052">
     <span class='ocr_line' id='line_1_85' title="bbox 2251 3983 3655 4052; baseline -0.001 -12"><span class='ocrx_word' id='word_1_663' title='bbox 2251 3986 2396 4040; x_wconf 87' lang='lat' dir='ltr'><strong>mino</strong></span> <span class='ocrx_word' id='word_1_664' title='bbox 2425 3994 2609 4039; x_wconf 78' lang='lat' dir='ltr'><strong>nostra</strong></span> <span class='ocrx_word' id='word_1_665' title='bbox 2635 3998 2784 4052; x_wconf 60' lang='lat' dir='ltr'><strong>papas</strong></span> <span class='ocrx_word' id='word_1_666' title='bbox 2813 3993 2870 4037; x_wconf 95' lang='lat' dir='ltr'><strong>ut</strong></span> <span class='ocrx_word' id='word_1_667' title='bbox 2898 3983 3070 4038; x_wconf 77' lang='lat' dir='ltr'><strong>facere</strong></span> <span class='ocrx_word' id='word_1_668' title='bbox 3098 3983 3346 4052; x_wconf 68' lang='lat' dir='ltr'><strong>dignetur</strong></span> <span class='ocrx_word' id='word_1_669' title='bbox 3377 3984 3655 4041; x_wconf 86' lang='lat' dir='ltr'><strong>eamdem.</strong></span> 
     </span>
    </p>
   </div>
   <div class='ocr_carea' id='block_1_86' title="bbox 2323 4075 3839 4146">
    <p class='ocr_par' dir='ltr' id='par_1_86' title="bbox 2323 4075 3839 4146">
     <span class='ocr_line' id='line_1_86' title="bbox 2323 4075 3839 4146; baseline 0.001 -15"><span class='ocrx_word' id='word_1_670' title='bbox 2323 4077 2479 4132; x_wconf 87' lang='lat' dir='ltr'><strong>Facta</strong></span> <span class='ocrx_word' id='word_1_671' title='bbox 2512 4085 2688 4131; x_wconf 90' lang='lat' dir='ltr'><strong>autem</strong></span> <span class='ocrx_word' id='word_1_672' title='bbox 2719 4075 2969 4146; x_wconf 62' lang='lat' dir='ltr'><strong>praedicta</strong></span> <span class='ocrx_word' id='word_1_673' title='bbox 3013 4075 3322 4131; x_wconf 70' lang='lat' dir='ltr'><strong>deﬁnitioae</strong></span> <span class='ocrx_word' id='word_1_674' title='bbox 3358 4087 3569 4132; x_wconf 81' lang='lat' dir='ltr'><strong>secreta</strong></span> <span class='ocrx_word' id='word_1_675' title='bbox 3609 4092 3708 4145; x_wconf 88' lang='lat' dir='ltr'><strong>per</strong></span> <span class='ocrx_word' id='word_1_676' title='bbox 3745 4080 3839 4132; x_wconf 86' lang='lat' dir='ltr'><strong>do-</strong></span> 
     </span>
    </p>
   </div>
   <div class='ocr_carea' id='block_1_87' title="bbox 2252 4166 3838 4235">
    <p class='ocr_par' dir='ltr' id='par_1_87' title="bbox 2252 4166 3838 4235">
     <span class='ocr_line' id='line_1_87' title="bbox 2252 4166 3838 4235; baseline 0.001 -14"><span class='ocrx_word' id='word_1_677' title='bbox 2252 4167 2453 4221; x_wconf 91' lang='lat' dir='ltr'><strong>minum</strong></span> <span class='ocrx_word' id='word_1_678' title='bbox 2487 4181 2700 4235; x_wconf 88' lang='lat' dir='ltr'><strong>papam,</strong></span> <span class='ocrx_word' id='word_1_679' title='bbox 2733 4173 2787 4218; x_wconf 91' lang='lat' dir='ltr'><strong>et</strong></span> <span class='ocrx_word' id='word_1_680' title='bbox 2834 4166 3065 4234; x_wconf 66' lang='lat' dir='ltr'><strong>praelatis</strong></span> <span class='ocrx_word' id='word_1_681' title='bbox 3096 4167 3317 4232; x_wconf 89' lang='lat' dir='ltr'><strong>vocatis,</strong></span> <span class='ocrx_word' id='word_1_682' title='bbox 3354 4183 3414 4220; x_wconf 93' lang='lat' dir='ltr'><strong>ac</strong></span> <span class='ocrx_word' id='word_1_683' title='bbox 3463 4167 3552 4223; x_wconf 91' lang='lat' dir='ltr'><strong>die</strong></span> <span class='ocrx_word' id='word_1_684' title='bbox 3578 4178 3728 4224; x_wconf 82' lang='lat' dir='ltr'><strong>certa</strong></span> <span class='ocrx_word' id='word_1_685' title='bbox 3774 4171 3838 4222; x_wconf 84' lang='lat' dir='ltr'><strong>ad</strong></span> 
     </span>
    </p>
   </div>
   <div class='ocr_carea' id='block_1_88' title="bbox 2253 4255 3838 4328">
    <p class='ocr_par' dir='ltr' id='par_1_88' title="bbox 2253 4255 3838 4328">
     <span class='ocr_line' id='line_1_88' title="bbox 2253 4255 3838 4328; baseline 0.001 -16"><span class='ocrx_word' id='word_1_686' title='bbox 2253 4257 2559 4312; x_wconf 77' lang='lat' dir='ltr'><strong>faciendum</strong></span> <span class='ocrx_word' id='word_1_687' title='bbox 2586 4255 2900 4311; x_wconf 89' lang='lat' dir='ltr'><strong>collationes</strong></span> <span class='ocrx_word' id='word_1_688' title='bbox 2928 4257 3058 4325; x_wconf 87' lang='lat' dir='ltr'><strong>ipsis</strong></span> <span class='ocrx_word' id='word_1_689' title='bbox 3090 4257 3348 4325; x_wconf 63' lang='lat' dir='ltr'><strong>pra-latis,</strong></span> <span class='ocrx_word' id='word_1_690' title='bbox 3382 4267 3441 4312; x_wconf 93' lang='lat' dir='ltr'><strong>ut</strong></span> <span class='ocrx_word' id='word_1_691' title='bbox 3476 4261 3838 4328; x_wconf 71' lang='lat' dir='ltr'><strong>praemittitur,</strong></span> 
     </span>
    </p>
   </div>
   <div class='ocr_carea' id='block_1_89' title="bbox 2251 4348 3842 4420">
    <p class='ocr_par' dir='ltr' id='par_1_89' title="bbox 2251 4348 3842 4420">
     <span class='ocr_line' id='line_1_89' title="bbox 2251 4348 3842 4420; baseline 0.001 -15"><span class='ocrx_word' id='word_1_692' title='bbox 2251 4352 2544 4420; x_wconf 73' lang='lat' dir='ltr'><strong>assignato,</strong></span> <span class='ocrx_word' id='word_1_693' title='bbox 2576 4348 2824 4404; x_wconf 88' lang='lat' dir='ltr'><strong>dominus</strong></span> <span class='ocrx_word' id='word_1_694' title='bbox 2859 4364 2992 4418; x_wconf 84' lang='lat' dir='ltr'><strong>papa</strong></span> <span class='ocrx_word' id='word_1_695' title='bbox 3020 4350 3233 4404; x_wconf 86' lang='lat' dir='ltr'><strong>interim</strong></span> <span class='ocrx_word' id='word_1_696' title='bbox 3269 4351 3322 4406; x_wconf 91' lang='lat' dir='ltr'><strong>in</strong></span> <span class='ocrx_word' id='word_1_697' title='bbox 3360 4351 3683 4407; x_wconf 88' lang='lat' dir='ltr'><strong>consistorio</strong></span> <span class='ocrx_word' id='word_1_698' title='bbox 3714 4368 3842 4406; x_wconf 65' lang='lat' dir='ltr'><strong>cono</strong></span> 
     </span>
    </p>
   </div>
   <div class='ocr_carea' id='block_1_90' title="bbox 2250 4440 3838 4500">
    <p class='ocr_par' dir='ltr' id='par_1_90' title="bbox 2250 4440 3838 4500">
     <span class='ocr_line' id='line_1_90' title="bbox 2250 4440 3838 4500; baseline -0.001 -3"><span class='ocrx_word' id='word_1_699' title='bbox 2250 4443 2417 4497; x_wconf 88' lang='lat' dir='ltr'><strong>suevit</strong></span> <span class='ocrx_word' id='word_1_700' title='bbox 2442 4449 2648 4497; x_wconf 81' lang='lat' dir='ltr'><strong>secrete</strong></span> <span class='ocrx_word' id='word_1_701' title='bbox 2683 4440 3024 4496; x_wconf 88' lang='lat' dir='ltr'><strong>committere</strong></span> <span class='ocrx_word' id='word_1_702' title='bbox 3069 4441 3276 4496; x_wconf 85' lang='lat' dir='ltr'><strong>duobus</strong></span> <span class='ocrx_word' id='word_1_703' title='bbox 3319 4443 3558 4500; x_wconf 90' lang='lat' dir='ltr'><strong>dominis</strong></span> <span class='ocrx_word' id='word_1_704' title='bbox 3586 4446 3838 4498; x_wconf 80' lang='lat' dir='ltr'><strong>cardina-</strong></span> 
     </span>
    </p>
   </div>
   <div class='ocr_carea' id='block_1_91' title="bbox 557 4521 3837 4606">
    <p class='ocr_par' dir='ltr' id='par_1_91' title="bbox 557 4521 3837 4606">
     <span class='ocr_line' id='line_1_91' title="bbox 557 4521 3837 4606; baseline 0.003 -29"><span class='ocrx_word' id='word_1_705' title='bbox 557 4527 660 4581; x_wconf 83' lang='lat' dir='ltr'><strong>vita</strong></span> <span class='ocrx_word' id='word_1_706' title='bbox 692 4536 744 4580; x_wconf 90' lang='lat' dir='ltr'><strong>et</strong></span> <span class='ocrx_word' id='word_1_707' title='bbox 775 4523 1041 4579; x_wconf 81' lang='lat' dir='ltr'><strong>miraculis</strong></span> <span class='ocrx_word' id='word_1_708' title='bbox 1062 4534 1115 4578; x_wconf 91' lang='lat' dir='ltr'><strong>et</strong></span> <span class='ocrx_word' id='word_1_709' title='bbox 1140 4521 1560 4592; x_wconf 89' lang='lat' dir='ltr'><strong>depositionibus</strong></span> <span class='ocrx_word' id='word_1_710' title='bbox 1587 4524 1800 4578; x_wconf 90' lang='lat' dir='ltr'><strong>testium</strong></span> <span class='ocrx_word' id='word_1_711' title='bbox 1830 4538 1992 4592; x_wconf 89' lang='lat' dir='ltr'><strong>super</strong></span> <span class='ocrx_word' id='word_1_712' title='bbox 2013 4523 2142 4592; x_wconf 81' lang='lat' dir='ltr'><strong>ipsis</strong></span> <span class='ocrx_word' id='word_1_713' title='bbox 2176 4523 2228 4582; x_wconf 91' lang='lat' dir='ltr'><strong>D</strong></span> <span class='ocrx_word' id='word_1_714' title='bbox 2254 4537 2411 4598; x_wconf 81' lang='lat' dir='ltr'><strong>libus,</strong></span> <span class='ocrx_word' id='word_1_715' title='bbox 2444 4533 2718 4604; x_wconf 88' lang='lat' dir='ltr'><strong>potissime</strong></span> <span class='ocrx_word' id='word_1_716' title='bbox 2748 4534 3029 4603; x_wconf 78' lang='lat' dir='ltr'><strong>religiosis,</strong></span> <span class='ocrx_word' id='word_1_717' title='bbox 3063 4535 3152 4604; x_wconf 88' lang='lat' dir='ltr'><strong>qui</strong></span> <span class='ocrx_word' id='word_1_718' title='bbox 3181 4536 3426 4591; x_wconf 85' lang='lat' dir='ltr'><strong>noverint</strong></span> <span class='ocrx_word' id='word_1_719' title='bbox 3456 4536 3508 4590; x_wconf 93' lang='lat' dir='ltr'><strong>in</strong></span> <span class='ocrx_word' id='word_1_720' title='bbox 3553 4552 3708 4592; x_wconf 86' lang='lat' dir='ltr'><strong>sacra</strong></span> <span class='ocrx_word' id='word_1_721' title='bbox 3744 4553 3837 4606; x_wconf 80' lang='lat' dir='ltr'><strong>pa-</strong></span> 
     </span>
    </p>
   </div>
   <div class='ocr_carea' id='block_1_92' title="bbox 559 4611 2144 4686">
    <p class='ocr_par' dir='ltr' id='par_1_92' title="bbox 559 4611 2144 4686">
     <span class='ocr_line' id='line_1_92' title="bbox 559 4611 2144 4686; baseline 0.001 -19"><span class='ocrx_word' id='word_1_722' title='bbox 559 4616 940 4686; x_wconf 85' lang='lat' dir='ltr'><strong>producturum</strong></span> <span class='ocrx_word' id='word_1_723' title='bbox 987 4613 1118 4667; x_wconf 84' lang='lat' dir='ltr'><strong>nihil</strong></span> <span class='ocrx_word' id='word_1_724' title='bbox 1169 4621 1295 4667; x_wconf 91' lang='lat' dir='ltr'><strong>tunc</strong></span> <span class='ocrx_word' id='word_1_725' title='bbox 1343 4611 1398 4666; x_wconf 93' lang='lat' dir='ltr'><strong>in</strong></span> <span class='ocrx_word' id='word_1_726' title='bbox 1447 4612 1680 4682; x_wconf 81' lang='lat' dir='ltr'><strong>speciem</strong></span> <span class='ocrx_word' id='word_1_727' title='bbox 1726 4612 2008 4678; x_wconf 83' lang='lat' dir='ltr'><strong>referunt;</strong></span> <span class='ocrx_word' id='word_1_728' title='bbox 2051 4613 2144 4668; x_wconf 85' lang='lat' dir='ltr'><strong>sed</strong></span> 
     </span>
    </p>
   </div>
   <div class='ocr_carea' id='block_1_93' title="bbox 556 4707 2147 4779">
    <p class='ocr_par' dir='ltr' id='par_1_93' title="bbox 556 4707 2147 4779">
     <span class='ocr_line' id='line_1_93' title="bbox 556 4707 2147 4779; baseline 0.003 -19"><span class='ocrx_word' id='word_1_729' title='bbox 556 4721 740 4779; x_wconf 86' lang='lat' dir='ltr'><strong>postea</strong></span> <span class='ocrx_word' id='word_1_730' title='bbox 773 4711 826 4764; x_wconf 93' lang='lat' dir='ltr'><strong>in</strong></span> <span class='ocrx_word' id='word_1_731' title='bbox 855 4707 1177 4765; x_wconf 89' lang='lat' dir='ltr'><strong>consistorio</strong></span> <span class='ocrx_word' id='word_1_732' title='bbox 1222 4707 1272 4762; x_wconf 94' lang='lat' dir='ltr'><strong>in</strong></span> <span class='ocrx_word' id='word_1_733' title='bbox 1319 4708 1599 4777; x_wconf 70' lang='lat' dir='ltr'><strong>praesentia</strong></span> <span class='ocrx_word' id='word_1_734' title='bbox 1645 4707 1845 4762; x_wconf 91' lang='lat' dir='ltr'><strong>domini</strong></span> <span class='ocrx_word' id='word_1_735' title='bbox 1879 4723 2059 4778; x_wconf 85' lang='lat' dir='ltr'><strong>papae,</strong></span> <span class='ocrx_word' id='word_1_736' title='bbox 2089 4717 2147 4764; x_wconf 90' lang='lat' dir='ltr'><strong>et</strong></span> 
     </span>
    </p>
   </div>
   <div class='ocr_carea' id='block_1_94' title="bbox 555 4798 2146 4874">
    <p class='ocr_par' dir='ltr' id='par_1_94' title="bbox 555 4798 2146 4874">
     <span class='ocr_line' id='line_1_94' title="bbox 555 4798 2146 4874; baseline 0.001 -19"><span class='ocrx_word' id='word_1_737' title='bbox 555 4802 719 4874; x_wconf 68' lang='lat' dir='ltr'><strong>A20</strong></span> <span class='ocrx_word' id='word_1_738' title='bbox 745 4803 972 4856; x_wconf 90' lang='lat' dir='ltr'><strong>aliorum</strong></span> <span class='ocrx_word' id='word_1_739' title='bbox 996 4798 1335 4854; x_wconf 88' lang='lat' dir='ltr'><strong>dominorum</strong></span> <span class='ocrx_word' id='word_1_740' title='bbox 1356 4800 1706 4855; x_wconf 88' lang='lat' dir='ltr'><strong>cardinalium</strong></span> <span class='ocrx_word' id='word_1_741' title='bbox 1735 4800 2072 4869; x_wconf 72' lang='lat' dir='ltr'><strong>singulariter</strong></span> <span class='ocrx_word' id='word_1_742' title='bbox 2092 4810 2146 4856; x_wconf 91' lang='lat' dir='ltr'><strong>et</strong></span> 
     </span>
    </p>
   </div>
   <div class='ocr_carea' id='block_1_95' title="bbox 553 4892 2142 4966">
    <p class='ocr_par' dir='ltr' id='par_1_95' title="bbox 553 4892 2142 4966">
     <span class='ocr_line' id='line_1_95' title="bbox 553 4892 2142 4966; baseline -0.002 -16"><span class='ocrx_word' id='word_1_743' title='bbox 553 4895 867 4966; x_wconf 86' lang='lat' dir='ltr'><strong>singillatim</strong></span> <span class='ocrx_word' id='word_1_744' title='bbox 899 4894 1145 4964; x_wconf 85' lang='lat' dir='ltr'><strong>leguntur</strong></span> <span class='ocrx_word' id='word_1_745' title='bbox 1173 4893 1541 4964; x_wconf 89' lang='lat' dir='ltr'><strong>depositiones</strong></span> <span class='ocrx_word' id='word_1_746' title='bbox 1581 4892 1797 4947; x_wconf 89' lang='lat' dir='ltr'><strong>testium</strong></span> <span class='ocrx_word' id='word_1_747' title='bbox 1847 4906 2008 4960; x_wconf 87' lang='lat' dir='ltr'><strong>super</strong></span> <span class='ocrx_word' id='word_1_748' title='bbox 2036 4892 2142 4948; x_wconf 85' lang='lat' dir='ltr'><strong>vita</strong></span> 
     </span>
    </p>
   </div>
   <div class='ocr_carea' id='block_1_96' title="bbox 554 4981 2146 5054">
    <p class='ocr_par' dir='ltr' id='par_1_96' title="bbox 554 4981 2146 5054">
     <span class='ocr_line' id='line_1_96' title="bbox 554 4981 2146 5054; baseline -0.003 -12"><span class='ocrx_word' id='word_1_749' title='bbox 554 4998 607 5042; x_wconf 90' lang='lat' dir='ltr'><strong>et</strong></span> <span class='ocrx_word' id='word_1_750' title='bbox 648 4985 918 5040; x_wconf 90' lang='lat' dir='ltr'><strong>miraculis</strong></span> <span class='ocrx_word' id='word_1_751' title='bbox 950 4984 1356 5054; x_wconf 90' lang='lat' dir='ltr'><strong>productorum.</strong></span> <span class='ocrx_word' id='word_1_752' title='bbox 1389 4984 1570 5037; x_wconf 78' lang='lat' dir='ltr'><strong>Primo</strong></span> <span class='ocrx_word' id='word_1_753' title='bbox 1603 4982 1744 5038; x_wconf 90' lang='lat' dir='ltr'><strong>enim</strong></span> <span class='ocrx_word' id='word_1_754' title='bbox 1774 4981 2020 5051; x_wconf 85' lang='lat' dir='ltr'><strong>leguntur</strong></span> <span class='ocrx_word' id='word_1_755' title='bbox 2060 4983 2146 5037; x_wconf 57' lang='lat' dir='ltr'><strong>deo</strong></span> 
     </span>
    </p>
   </div>
   <div class='ocr_carea' id='block_1_97' title="bbox 557 5072 2146 5147">
    <p class='ocr_par' dir='ltr' id='par_1_97' title="bbox 557 5072 2146 5147">
     <span class='ocr_line' id='line_1_97' title="bbox 557 5072 2146 5147; baseline -0.002 -18"><span class='ocrx_word' id='word_1_756' title='bbox 557 5079 852 5147; x_wconf 83' lang='lat' dir='ltr'><strong>positiones</strong></span> <span class='ocrx_word' id='word_1_757' title='bbox 883 5076 1098 5131; x_wconf 88' lang='lat' dir='ltr'><strong>testium</strong></span> <span class='ocrx_word' id='word_1_758' title='bbox 1127 5090 1290 5144; x_wconf 88' lang='lat' dir='ltr'><strong>super</strong></span> <span class='ocrx_word' id='word_1_759' title='bbox 1323 5073 1425 5128; x_wconf 71' lang='lat' dir='ltr'><strong>vita</strong></span> <span class='ocrx_word' id='word_1_760' title='bbox 1459 5072 1855 5143; x_wconf 87' lang='lat' dir='ltr'><strong>productorum.</strong></span> <span class='ocrx_word' id='word_1_761' title='bbox 1891 5072 2064 5127; x_wconf 87' lang='lat' dir='ltr'><strong>Lectis</strong></span> <span class='ocrx_word' id='word_1_762' title='bbox 2092 5081 2146 5126; x_wconf 91' lang='lat' dir='ltr'><strong>et</strong></span> 
     </span>
    </p>
   </div>
   <div class='ocr_carea' id='block_1_98' title="bbox 554 5163 2143 5239">
    <p class='ocr_par' dir='ltr' id='par_1_98' title="bbox 554 5163 2143 5239">
     <span class='ocr_line' id='line_1_98' title="bbox 554 5163 2143 5239; baseline -0.003 -18"><span class='ocrx_word' id='word_1_763' title='bbox 554 5169 837 5239; x_wconf 69' lang='lat' dir='ltr'><strong>diligenter</strong></span> <span class='ocrx_word' id='word_1_764' title='bbox 876 5167 1071 5222; x_wconf 82' lang='lat' dir='ltr'><strong>auditis</strong></span> <span class='ocrx_word' id='word_1_765' title='bbox 1101 5180 1195 5235; x_wconf 89' lang='lat' dir='ltr'><strong>per</strong></span> <span class='ocrx_word' id='word_1_766' title='bbox 1224 5164 1497 5219; x_wconf 90' lang='lat' dir='ltr'><strong>dominum</strong></span> <span class='ocrx_word' id='word_1_767' title='bbox 1530 5178 1718 5232; x_wconf 89' lang='lat' dir='ltr'><strong>papam</strong></span> <span class='ocrx_word' id='word_1_768' title='bbox 1742 5174 1795 5218; x_wconf 90' lang='lat' dir='ltr'><strong>et</strong></span> <span class='ocrx_word' id='word_1_769' title='bbox 1823 5163 2143 5229; x_wconf 88' lang='lat' dir='ltr'><strong>cardinales,</strong></span> 
     </span>
    </p>
   </div>
   <div class='ocr_carea' id='block_1_99' title="bbox 557 5256 2146 5330">
    <p class='ocr_par' dir='ltr' id='par_1_99' title="bbox 557 5256 2146 5330">
     <span class='ocr_line' id='line_1_99' title="bbox 557 5256 2146 5330; baseline -0.001 -19"><span class='ocrx_word' id='word_1_770' title='bbox 557 5269 838 5330; x_wconf 84' lang='lat' dir='ltr'><strong>antequam</strong></span> <span class='ocrx_word' id='word_1_771' title='bbox 865 5260 929 5314; x_wconf 87' lang='lat' dir='ltr'><strong>ad</strong></span> <span class='ocrx_word' id='word_1_772' title='bbox 955 5258 1095 5314; x_wconf 89' lang='lat' dir='ltr'><strong>aliud</strong></span> <span class='ocrx_word' id='word_1_773' title='bbox 1125 5256 1460 5327; x_wconf 90' lang='lat' dir='ltr'><strong>procedatur,</strong></span> <span class='ocrx_word' id='word_1_774' title='bbox 1491 5257 1737 5312; x_wconf 90' lang='lat' dir='ltr'><strong>dominus</strong></span> <span class='ocrx_word' id='word_1_775' title='bbox 1769 5272 1899 5328; x_wconf 88' lang='lat' dir='ltr'><strong>papa</strong></span> <span class='ocrx_word' id='word_1_776' title='bbox 1921 5257 1988 5313; x_wconf 91' lang='lat' dir='ltr'><strong>de</strong></span> <span class='ocrx_word' id='word_1_777' title='bbox 2015 5271 2146 5311; x_wconf 86' lang='lat' dir='ltr'><strong>con-</strong></span> 
     </span>
    </p>
   </div>
   <div class='ocr_carea' id='block_1_100' title="bbox 558 5348 2144 5416">
    <p class='ocr_par' dir='ltr' id='par_1_100' title="bbox 558 5348 2144 5416">
     <span class='ocr_line' id='line_1_100' title="bbox 558 5348 2144 5416; baseline 0.004 -15"><span class='ocrx_word' id='word_1_778' title='bbox 558 5349 677 5402; x_wconf 89' lang='lat' dir='ltr'><strong>silio</strong></span> <span class='ocrx_word' id='word_1_779' title='bbox 707 5349 1056 5406; x_wconf 86' lang='lat' dir='ltr'><strong>cardinalium</strong></span> <span class='ocrx_word' id='word_1_780' title='bbox 1086 5348 1429 5416; x_wconf 89' lang='lat' dir='ltr'><strong>determinat,</strong></span> <span class='ocrx_word' id='word_1_781' title='bbox 1454 5357 1630 5404; x_wconf 89' lang='lat' dir='ltr'><strong>utrum</strong></span> <span class='ocrx_word' id='word_1_782' title='bbox 1667 5349 1789 5403; x_wconf 70' lang='lat' dir='ltr'><strong>vita:</strong></span> <span class='ocrx_word' id='word_1_783' title='bbox 1829 5351 2144 5407; x_wconf 75' lang='lat' dir='ltr'><strong>excellentia</strong></span> 
     </span>
    </p>
   </div>
   <div class='ocr_carea' id='block_1_101' title="bbox 556 5437 2145 5512">
    <p class='ocr_par' dir='ltr' id='par_1_101' title="bbox 556 5437 2145 5512">
     <span class='ocr_line' id='line_1_101' title="bbox 556 5437 2145 5512; baseline 0.005 -22"><span class='ocrx_word' id='word_1_784' title='bbox 556 5437 696 5494; x_wconf 88' lang='lat' dir='ltr'><strong>illius</strong></span> <span class='ocrx_word' id='word_1_785' title='bbox 725 5440 791 5495; x_wconf 90' lang='lat' dir='ltr'><strong>de</strong></span> <span class='ocrx_word' id='word_1_786' title='bbox 817 5456 921 5507; x_wconf 90' lang='lat' dir='ltr'><strong>quo</strong></span> <span class='ocrx_word' id='word_1_787' title='bbox 947 5443 1119 5508; x_wconf 82' lang='lat' dir='ltr'><strong>agitur</strong></span> <span class='ocrx_word' id='word_1_788' title='bbox 1142 5441 1211 5495; x_wconf 90' lang='lat' dir='ltr'><strong>sit</strong></span> <span class='ocrx_word' id='word_1_789' title='bbox 1237 5441 1394 5510; x_wconf 91' lang='lat' dir='ltr'><strong>plene</strong></span> <span class='ocrx_word' id='word_1_790' title='bbox 1421 5441 1659 5510; x_wconf 89' lang='lat' dir='ltr'><strong>probata,</strong></span> <span class='ocrx_word' id='word_1_791' title='bbox 1685 5442 1763 5495; x_wconf 88' lang='lat' dir='ltr'><strong>vel</strong></span> <span class='ocrx_word' id='word_1_792' title='bbox 1797 5451 2003 5509; x_wconf 90' lang='lat' dir='ltr'><strong>non;et</strong></span> <span class='ocrx_word' id='word_1_793' title='bbox 2032 5444 2145 5512; x_wconf 89' lang='lat' dir='ltr'><strong>ipsa</strong></span> 
     </span>
    </p>
   </div>
   <div class='ocr_carea' id='block_1_102' title="bbox 557 5530 2141 5604">
    <p class='ocr_par' dir='ltr' id='par_1_102' title="bbox 557 5530 2141 5604">
     <span class='ocr_line' id='line_1_102' title="bbox 557 5530 2141 5604; baseline 0.003 -20"><span class='ocrx_word' id='word_1_794' title='bbox 557 5530 1002 5585; x_wconf 86' lang='lat' dir='ltr'><strong>determinatione</strong></span> <span class='ocrx_word' id='word_1_795' title='bbox 1049 5534 1184 5587; x_wconf 83' lang='lat' dir='ltr'><strong>facta</strong></span> <span class='ocrx_word' id='word_1_796' title='bbox 1204 5573 1219 5599; x_wconf 92' lang='lat'><strong>,</strong></span> <span class='ocrx_word' id='word_1_797' title='bbox 1253 5532 1560 5600; x_wconf 86' lang='lat' dir='ltr'><strong>proceditur</strong></span> <span class='ocrx_word' id='word_1_798' title='bbox 1600 5533 1760 5589; x_wconf 91' lang='lat' dir='ltr'><strong>modo</strong></span> <span class='ocrx_word' id='word_1_799' title='bbox 1791 5534 2047 5604; x_wconf 68' lang='lat' dir='ltr'><strong>praedicto</strong></span> <span class='ocrx_word' id='word_1_800' title='bbox 2075 5535 2141 5589; x_wconf 90' lang='lat' dir='ltr'><strong>ad</strong></span> 
     </span>
    </p>
   </div>
   <div class='ocr_carea' id='block_1_103' title="bbox 556 5623 2145 5702">
    <p class='ocr_par' dir='ltr' id='par_1_103' title="bbox 556 5623 2145 5702">
     <span class='ocr_line' id='line_1_103' title="bbox 556 5623 2145 5702; baseline 0.004 -24"><span class='ocrx_word' id='word_1_801' title='bbox 556 5625 818 5678; x_wconf 78' lang='lat' dir='ltr'><strong>tecturam</strong></span> <span class='ocrx_word' id='word_1_802' title='bbox 841 5623 1241 5692; x_wconf 88' lang='lat' dir='ltr'><strong>miraculorum,</strong></span> <span class='ocrx_word' id='word_1_803' title='bbox 1262 5635 1315 5681; x_wconf 91' lang='lat' dir='ltr'><strong>et</strong></span> <span class='ocrx_word' id='word_1_804' title='bbox 1336 5626 1728 5696; x_wconf 85' lang='lat' dir='ltr'><strong>depositionuut</strong></span> <span class='ocrx_word' id='word_1_805' title='bbox 1753 5629 1963 5686; x_wconf 91' lang='lat' dir='ltr'><strong>testium</strong></span> <span class='ocrx_word' id='word_1_806' title='bbox 1984 5643 2145 5702; x_wconf 82' lang='lat' dir='ltr'><strong>Super</strong></span> 
     </span>
    </p>
   </div>
   <div class='ocr_carea' id='block_1_104' title="bbox 564 5712 1429 5786">
    <p class='ocr_par' dir='ltr' id='par_1_104' title="bbox 564 5712 1429 5786">
     <span class='ocr_line' id='line_1_104' title="bbox 564 5712 1429 5786; baseline 0.007 -20"><span class='ocrx_word' id='word_1_807' title='bbox 564 5712 696 5778; x_wconf 84' lang='lat' dir='ltr'><strong>ipsis</strong></span> <span class='ocrx_word' id='word_1_808' title='bbox 726 5712 994 5770; x_wconf 88' lang='lat' dir='ltr'><strong>miraculis</strong></span> <span class='ocrx_word' id='word_1_809' title='bbox 1030 5718 1429 5786; x_wconf 86' lang='lat' dir='ltr'><strong>productorum.</strong></span> 
     </span>
    </p>
   </div>
   <div class='ocr_carea' id='block_1_105' title="bbox 2254 4623 3841 4695">
    <p class='ocr_par' dir='ltr' id='par_1_105' title="bbox 2254 4623 3841 4695">
     <span class='ocr_line' id='line_1_105' title="bbox 2254 4623 3841 4695; baseline 0.003 -18"><span class='ocrx_word' id='word_1_810' title='bbox 2254 4626 2397 4695; x_wconf 83' lang='lat' dir='ltr'><strong>gina,</strong></span> <span class='ocrx_word' id='word_1_811' title='bbox 2433 4634 2491 4679; x_wconf 93' lang='lat' dir='ltr'><strong>ut</strong></span> <span class='ocrx_word' id='word_1_812' title='bbox 2518 4637 2658 4678; x_wconf 92' lang='lat' dir='ltr'><strong>unus</strong></span> <span class='ocrx_word' id='word_1_813' title='bbox 2686 4623 2922 4692; x_wconf 86' lang='lat' dir='ltr'><strong>ipsorum</strong></span> <span class='ocrx_word' id='word_1_814' title='bbox 2973 4624 3252 4692; x_wconf 87' lang='lat' dir='ltr'><strong>legendam</strong></span> <span class='ocrx_word' id='word_1_815' title='bbox 3286 4640 3381 4680; x_wconf 82' lang='lat' dir='ltr'><strong>seu</strong></span> <span class='ocrx_word' id='word_1_816' title='bbox 3413 4626 3667 4682; x_wconf 85' lang='lat' dir='ltr'><strong>lectiones</strong></span> <span class='ocrx_word' id='word_1_817' title='bbox 3698 4629 3841 4682; x_wconf 81' lang='lat' dir='ltr'><strong>ordi-</strong></span> 
     </span>
    </p>
   </div>
   <div class='ocr_carea' id='block_1_106' title="bbox 2254 4712 3840 4784">
    <p class='ocr_par' dir='ltr' id='par_1_106' title="bbox 2254 4712 3840 4784">
     <span class='ocr_line' id='line_1_106' title="bbox 2254 4712 3840 4784; baseline 0.001 -15"><span class='ocrx_word' id='word_1_818' title='bbox 2254 4729 2344 4769; x_wconf 88' lang='lat' dir='ltr'><strong>net</strong></span> <span class='ocrx_word' id='word_1_819' title='bbox 2373 4728 2536 4784; x_wconf 89' lang='lat' dir='ltr'><strong>super</strong></span> <span class='ocrx_word' id='word_1_820' title='bbox 2566 4714 2727 4767; x_wconf 90' lang='lat' dir='ltr'><strong>vitam</strong></span> <span class='ocrx_word' id='word_1_821' title='bbox 2759 4712 2899 4767; x_wconf 91' lang='lat' dir='ltr'><strong>illius</strong></span> <span class='ocrx_word' id='word_1_822' title='bbox 2932 4715 3134 4780; x_wconf 90' lang='lat' dir='ltr'><strong>sancti,</strong></span> <span class='ocrx_word' id='word_1_823' title='bbox 3169 4726 3221 4769; x_wconf 90' lang='lat' dir='ltr'><strong>et</strong></span> <span class='ocrx_word' id='word_1_824' title='bbox 3253 4715 3432 4784; x_wconf 89' lang='lat' dir='ltr'><strong>aliqua</strong></span> <span class='ocrx_word' id='word_1_825' title='bbox 3462 4716 3528 4770; x_wconf 89' lang='lat' dir='ltr'><strong>de</strong></span> <span class='ocrx_word' id='word_1_826' title='bbox 3564 4718 3840 4772; x_wconf 82' lang='lat' dir='ltr'><strong>miraculis</strong></span> 
     </span>
    </p>
   </div>
   <div class='ocr_carea' id='block_1_107' title="bbox 2256 4803 3839 4877">
    <p class='ocr_par' dir='ltr' id='par_1_107' title="bbox 2256 4803 3839 4877">
     <span class='ocr_line' id='line_1_107' title="bbox 2256 4803 3839 4877; baseline 0.001 -17"><span class='ocrx_word' id='word_1_827' title='bbox 2256 4807 2491 4877; x_wconf 79' lang='lat' dir='ltr'><strong>probatis</strong></span> <span class='ocrx_word' id='word_1_828' title='bbox 2532 4806 2585 4859; x_wconf 90' lang='lat' dir='ltr'><strong>in</strong></span> <span class='ocrx_word' id='word_1_829' title='bbox 2616 4805 2744 4874; x_wconf 86' lang='lat' dir='ltr'><strong>ipsis</strong></span> <span class='ocrx_word' id='word_1_830' title='bbox 2797 4803 3115 4859; x_wconf 87' lang='lat' dir='ltr'><strong>lectionibus</strong></span> <span class='ocrx_word' id='word_1_831' title='bbox 3165 4806 3480 4872; x_wconf 86' lang='lat' dir='ltr'><strong>recitando;</strong></span> <span class='ocrx_word' id='word_1_832' title='bbox 3532 4807 3666 4861; x_wconf 89' lang='lat' dir='ltr'><strong>alius</strong></span> <span class='ocrx_word' id='word_1_833' title='bbox 3711 4822 3839 4861; x_wconf 87' lang='lat' dir='ltr'><strong>vero</strong></span> 
     </span>
    </p>
   </div>
   <div class='ocr_carea' id='block_1_108' title="bbox 2249 4896 3838 4966">
    <p class='ocr_par' dir='ltr' id='par_1_108' title="bbox 2249 4896 3838 4966">
     <span class='ocr_line' id='line_1_108' title="bbox 2249 4896 3838 4966; baseline -0.003 -11"><span class='ocrx_word' id='word_1_834' title='bbox 2249 4899 2458 4955; x_wconf 88' lang='lat' dir='ltr'><strong>ordinet</strong></span> <span class='ocrx_word' id='word_1_835' title='bbox 2505 4896 2864 4965; x_wconf 77' lang='lat' dir='ltr'><strong>Responsoria</strong></span> <span class='ocrx_word' id='word_1_836' title='bbox 2891 4904 2945 4950; x_wconf 88' lang='lat' dir='ltr'><strong>et</strong></span> <span class='ocrx_word' id='word_1_837' title='bbox 2991 4897 3344 4966; x_wconf 71' lang='lat' dir='ltr'><strong>Antiplionis,</strong></span> <span class='ocrx_word' id='word_1_838' title='bbox 3379 4913 3441 4951; x_wconf 91' lang='lat' dir='ltr'><strong>ac</strong></span> <span class='ocrx_word' id='word_1_839' title='bbox 3486 4899 3838 4964; x_wconf 86' lang='lat' dir='ltr'><strong>Orationem,</strong></span> 
     </span>
    </p>
   </div>
   <div class='ocr_carea' id='block_1_109' title="bbox 2250 4987 3841 5058">
    <p class='ocr_par' dir='ltr' id='par_1_109' title="bbox 2250 4987 3841 5058">
     <span class='ocr_line' id='line_1_109' title="bbox 2250 4987 3841 5058; baseline 0 -13"><span class='ocrx_word' id='word_1_840' title='bbox 2250 5002 2306 5045; x_wconf 91' lang='lat' dir='ltr'><strong>ut</strong></span> <span class='ocrx_word' id='word_1_841' title='bbox 2338 4989 2439 5058; x_wconf 89' lang='lat' dir='ltr'><strong>ipsi</strong></span> <span class='ocrx_word' id='word_1_842' title='bbox 2470 4987 2700 5043; x_wconf 75' lang='lat' dir='ltr'><strong>ordinati</strong></span> <span class='ocrx_word' id='word_1_843' title='bbox 2745 4987 2872 5041; x_wconf 88' lang='lat' dir='ltr'><strong>dicti</strong></span> <span class='ocrx_word' id='word_1_844' title='bbox 2915 4989 3020 5041; x_wconf 78' lang='lat' dir='ltr'><strong>duo</strong></span> <span class='ocrx_word' id='word_1_845' title='bbox 3063 4989 3264 5043; x_wconf 91' lang='lat' dir='ltr'><strong>domini</strong></span> <span class='ocrx_word' id='word_1_846' title='bbox 3311 4990 3615 5046; x_wconf 88' lang='lat' dir='ltr'><strong>cardinales</strong></span> <span class='ocrx_word' id='word_1_847' title='bbox 3659 4995 3841 5046; x_wconf 73' lang='lat' dir='ltr'><strong>ornnia</strong></span> 
     </span>
    </p>
   </div>
   <div class='ocr_carea' id='block_1_110' title="bbox 2255 5081 3842 5154">
    <p class='ocr_par' dir='ltr' id='par_1_110' title="bbox 2255 5081 3842 5154">
     <span class='ocr_line' id='line_1_110' title="bbox 2255 5081 3842 5154; baseline 0 -16"><span class='ocrx_word' id='word_1_848' title='bbox 2255 5085 2435 5152; x_wconf 87' lang='lat' dir='ltr'><strong>legere</strong></span> <span class='ocrx_word' id='word_1_849' title='bbox 2482 5083 2713 5137; x_wconf 87' lang='lat' dir='ltr'><strong>debeant</strong></span> <span class='ocrx_word' id='word_1_850' title='bbox 2771 5081 2821 5136; x_wconf 93' lang='lat' dir='ltr'><strong>in</strong></span> <span class='ocrx_word' id='word_1_851' title='bbox 2877 5081 3200 5135; x_wconf 57' lang='lat' dir='ltr'><strong>consistorio</strong></span> <span class='ocrx_word' id='word_1_852' title='bbox 3260 5086 3590 5150; x_wconf 87' lang='lat' dir='ltr'><strong>temporibus</strong></span> <span class='ocrx_word' id='word_1_853' title='bbox 3639 5099 3842 5154; x_wconf 53' lang='lat' dir='ltr'><strong>upper.</strong></span> 
     </span>
    </p>
   </div>
   <div class='ocr_carea' id='block_1_111' title="bbox 2254 5174 2412 5228">
    <p class='ocr_par' dir='ltr' id='par_1_111' title="bbox 2254 5174 2412 5228">
     <span class='ocr_line' id='line_1_111' title="bbox 2254 5174 2412 5228; baseline 0.006 -1"><span class='ocrx_word' id='word_1_854' title='bbox 2254 5174 2412 5228; x_wconf 81' lang='lat' dir='ltr'><strong>tuuis.</strong></span> 
     </span>
    </p>
   </div>
   <div class='ocr_carea' id='block_1_112' title="bbox 2329 5261 3841 5332">
    <p class='ocr_par' dir='ltr' id='par_1_112' title="bbox 2329 5261 3841 5332">
     <span class='ocr_line' id='line_1_112' title="bbox 2329 5261 3841 5332; baseline 0 -14"><span class='ocrx_word' id='word_1_855' title='bbox 2329 5264 2592 5319; x_wconf 83' lang='lat' dir='ltr'><strong>Pervento</strong></span> <span class='ocrx_word' id='word_1_856' title='bbox 2617 5264 2793 5332; x_wconf 85' lang='lat' dir='ltr'><strong>itaque</strong></span> <span class='ocrx_word' id='word_1_857' title='bbox 2823 5262 2888 5315; x_wconf 89' lang='lat' dir='ltr'><strong>ad</strong></span> <span class='ocrx_word' id='word_1_858' title='bbox 2917 5261 3112 5316; x_wconf 91' lang='lat' dir='ltr'><strong>dictam</strong></span> <span class='ocrx_word' id='word_1_859' title='bbox 3134 5262 3276 5317; x_wconf 86' lang='lat' dir='ltr'><strong>diem</strong></span> <span class='ocrx_word' id='word_1_860' title='bbox 3305 5263 3652 5332; x_wconf 86' lang='lat' dir='ltr'><strong>assignatam,</strong></span> <span class='ocrx_word' id='word_1_861' title='bbox 3684 5280 3841 5319; x_wconf 81' lang='lat' dir='ltr'><strong>mane</strong></span> 
     </span>
    </p>
   </div>
   <div class='ocr_carea' id='block_1_113' title="bbox 2256 5353 3842 5418">
    <p class='ocr_par' dir='ltr' id='par_1_113' title="bbox 2256 5353 3842 5418">
     <span class='ocr_line' id='line_1_113' title="bbox 2256 5353 3842 5418; baseline -0.001 -9"><span class='ocrx_word' id='word_1_862' title='bbox 2256 5355 2383 5409; x_wconf 88' lang='lat' dir='ltr'><strong>hora</strong></span> <span class='ocrx_word' id='word_1_863' title='bbox 2414 5354 2718 5409; x_wconf 89' lang='lat' dir='ltr'><strong>consistorii</strong></span> <span class='ocrx_word' id='word_1_864' title='bbox 2759 5353 3077 5407; x_wconf 86' lang='lat' dir='ltr'><strong>conveniant</strong></span> <span class='ocrx_word' id='word_1_865' title='bbox 3135 5353 3202 5407; x_wconf 87' lang='lat' dir='ltr'><strong>ad</strong></span> <span class='ocrx_word' id='word_1_866' title='bbox 3249 5354 3426 5408; x_wconf 91' lang='lat' dir='ltr'><strong>locum</strong></span> <span class='ocrx_word' id='word_1_867' title='bbox 3485 5358 3796 5409; x_wconf 86' lang='lat' dir='ltr'><strong>ordinatum</strong></span> <span class='ocrx_word' id='word_1_868' title='bbox 3828 5398 3842 5418; x_wconf 85' lang='grc'>,</span> 
     </span>
    </p>
   </div>
   <div class='ocr_carea' id='block_1_114' title="bbox 2252 5445 3840 5513">
    <p class='ocr_par' dir='ltr' id='par_1_114' title="bbox 2252 5445 3840 5513">
     <span class='ocr_line' id='line_1_114' title="bbox 2252 5445 3840 5513; baseline -0.002 -11"><span class='ocrx_word' id='word_1_869' title='bbox 2252 5447 2499 5502; x_wconf 89' lang='lat' dir='ltr'><strong>dominus</strong></span> <span class='ocrx_word' id='word_1_870' title='bbox 2553 5459 2686 5513; x_wconf 88' lang='lat' dir='ltr'><strong>papa</strong></span> <span class='ocrx_word' id='word_1_871' title='bbox 2730 5459 2880 5499; x_wconf 89' lang='lat' dir='ltr'><strong>more</strong></span> <span class='ocrx_word' id='word_1_872' title='bbox 2935 5445 3334 5512; x_wconf 89' lang='lat' dir='ltr'><strong>consistoriali,</strong></span> <span class='ocrx_word' id='word_1_873' title='bbox 3400 5447 3659 5501; x_wconf 82' lang='lat' dir='ltr'><strong>videlicet</strong></span> <span class='ocrx_word' id='word_1_874' title='bbox 3715 5464 3840 5501; x_wconf 86' lang='lat' dir='ltr'><strong>cum</strong></span> 
     </span>
    </p>
   </div>
   <div class='ocr_carea' id='block_1_115' title="bbox 2254 5537 3837 5608">
    <p class='ocr_par' dir='ltr' id='par_1_115' title="bbox 2254 5537 3837 5608">
     <span class='ocr_line' id='line_1_115' title="bbox 2254 5537 3837 5608; baseline -0.003 -14"><span class='ocrx_word' id='word_1_875' title='bbox 2254 5549 2434 5594; x_wconf 88' lang='lat' dir='ltr'><strong>manto</strong></span> <span class='ocrx_word' id='word_1_876' title='bbox 2477 5551 2571 5592; x_wconf 91' lang='lat' dir='ltr'><strong>seu</strong></span> <span class='ocrx_word' id='word_1_877' title='bbox 2614 5537 2824 5605; x_wconf 84' lang='lat' dir='ltr'><strong>pluviali</strong></span> <span class='ocrx_word' id='word_1_878' title='bbox 2861 5537 3028 5592; x_wconf 81' lang='lat' dir='ltr'><strong>rub‘eo</strong></span> <span class='ocrx_word' id='word_1_879' title='bbox 3069 5546 3125 5593; x_wconf 89' lang='lat' dir='ltr'><strong>et</strong></span> <span class='ocrx_word' id='word_1_880' title='bbox 3153 5538 3310 5593; x_wconf 86' lang='lat' dir='ltr'><strong>mitra</strong></span> <span class='ocrx_word' id='word_1_881' title='bbox 3341 5539 3670 5608; x_wconf 79' lang='lat' dir='ltr'><strong>anrilrigiata</strong></span> <span class='ocrx_word' id='word_1_882' title='bbox 3715 5554 3837 5591; x_wconf 82' lang='lat' dir='ltr'><strong>cum</strong></span> 
     </span>
    </p>
   </div>
   <div class='ocr_carea' id='block_1_116' title="bbox 2255 5627 3838 5696">
    <p class='ocr_par' dir='ltr' id='par_1_116' title="bbox 2255 5627 3838 5696">
     <span class='ocr_line' id='line_1_116' title="bbox 2255 5627 3838 5696; baseline -0.002 -14"><span class='ocrx_word' id='word_1_883' title='bbox 2255 5629 2440 5696; x_wconf 87' lang='lat' dir='ltr'><strong>periis,</strong></span> <span class='ocrx_word' id='word_1_884' title='bbox 2475 5637 2527 5682; x_wconf 89' lang='lat' dir='ltr'><strong>et</strong></span> <span class='ocrx_word' id='word_1_885' title='bbox 2554 5642 2741 5681; x_wconf 89' lang='lat' dir='ltr'><strong>omnes</strong></span> <span class='ocrx_word' id='word_1_886' title='bbox 2765 5627 3068 5681; x_wconf 86' lang='lat' dir='ltr'><strong>cardinales</strong></span> <span class='ocrx_word' id='word_1_887' title='bbox 3093 5636 3147 5684; x_wconf 89' lang='lat' dir='ltr'><strong>et</strong></span> <span class='ocrx_word' id='word_1_888' title='bbox 3188 5629 3390 5696; x_wconf 74' lang='lat' dir='ltr'><strong>prmlati</strong></span> <span class='ocrx_word' id='word_1_889' title='bbox 3433 5644 3554 5682; x_wconf 88' lang='lat' dir='ltr'><strong>cum</strong></span> <span class='ocrx_word' id='word_1_890' title='bbox 3585 5629 3838 5682; x_wconf 72' lang='lat' dir='ltr'><strong>omnibus</strong></span> 
     </span>
    </p>
   </div>
   <div class='ocr_carea' id='block_1_117' title="bbox 2253 5719 3836 5791">
    <p class='ocr_par' dir='ltr' id='par_1_117' title="bbox 2253 5719 3836 5791">
     <span class='ocr_line' id='line_1_117' title="bbox 2253 5719 3836 5791; baseline -0.003 -13"><span class='ocrx_word' id='word_1_891' title='bbox 2253 5721 2604 5789; x_wconf 80' lang='lat' dir='ltr'><strong>vestimentis,</strong></span> <span class='ocrx_word' id='word_1_892' title='bbox 2647 5719 2896 5777; x_wconf 81' lang='lat' dir='ltr'><strong>videlicet</strong></span> <span class='ocrx_word' id='word_1_893' title='bbox 2945 5735 3064 5777; x_wconf 88' lang='lat' dir='ltr'><strong>cum</strong></span> <span class='ocrx_word' id='word_1_894' title='bbox 3110 5721 3292 5791; x_wconf 84' lang='lat' dir='ltr'><strong>cuppis</strong></span> <span class='ocrx_word' id='word_1_895' title='bbox 3325 5722 3535 5788; x_wconf 83' lang='lat' dir='ltr'><strong>lancis;</strong></span> <span class='ocrx_word' id='word_1_896' title='bbox 3585 5733 3639 5778; x_wconf 89' lang='lat' dir='ltr'><strong>et</strong></span> <span class='ocrx_word' id='word_1_897' title='bbox 3667 5722 3836 5776; x_wconf 74' lang='lat' dir='ltr'><strong>etim</strong></span> 
     </span>
    </p>
   </div>
  </div>
