4006 6292
153 323 297 378 1257

1339 340 1606 399 ROMANI
1648 343 1966 403 0RDINES.
2010 378 2077 392 —
2118 348 2254 406 XIV.

3294 367 3431 422 {258

157 436 341 490 clerus
375 446 430 493 et
458 440 684 509 populus
731 443 800 500 ibi
832 448 1172 506 conveniant.
1210 451 1390 509 DEctus
1419 471 1547 511 vero
1574 459 1746 514 domi-
1779 464 1823 520 A
1853 462 1917 516 ad
1959 465 2272 521 cathedram
2303 467 2630 529 eminentem
2662 483 2787 532 ante
2813 475 2984 533 altare
3032 490 3154 533 cum
3193 481 3430 537 scabello

153 541 258 580 nus
284 535 469 582 noster
497 543 630 598 papa
655 534 921 588 veniendo
943 537 1008 590 ad
1049 539 1248 595 dictum
1279 543 1476 612 locum,
1506 549 1743 601 associa-

149 625 243 670 tur
277 630 372 683 per
395 617 698 675 cardinales
727 629 852 678 tunc
876 631 1415 699 praesentes,duobus
1432 636 1744 692 diaconibus

146 706 518 763 cardinahbus
541 708 644 767 sibi
667 726 697 766 a
719 713 924 769 dextris
955 726 1008 772 et
1031 733 1057 771 a
1079 721 1333 790 sinistris,
1365 734 1417 779 ut
1442 737 1526 781 est
1552 730 1738 795 moris,

153 798 568 868 assistentibus;
595 811 649 856 et
673 804 725 857 in
753 805 895 860 dicto
920 809 1038 863 loco
1062 811 1222 868 debet
1243 830 1361 870 esse
1381 816 1740 873 faldistorium

158 905 260 946 seu
291 893 546 946 cathedra
579 909 699 948 cum
723 899 959 953 scabello
985 913 1189 970 parata,
1233 907 1285 961 in
1315 923 1418 978 qua
1450 909 1623 965 dictus
1647 912 1744 965 du-

156 981 335 1034 minus
380 996 515 1051 papa
567 986 760 1040 sedere
812 989 1004 1056 possit.
1041 991 1327 1050 Residente
1357 1012 1484 1052 vero
1527 1000 1646 1066 ipso
1691 1001 1741 1054 in

154 1069 295 1124 dicta
327 1073 610 1139 cathedra,
642 1074 702 1129 lit
725 1076 773 1130 ei
803 1083 1102 1133 reverentia
1131 1084 1288 1138 solita
1333 1102 1429 1153 per
1462 1089 1607 1144 solos
1646 1090 1743 1144 do-

163 1161 342 1215 minos
373 1163 696 1219 cardinales.
725 1166 837 1232 Qua
869 1171 1167 1224 reverentia
1223 1173 1378 1240 facta,
1414 1178 1596 1232 sedi-at
1643 1195 1742 1233 suo

158 1253 351 1308 ordine
384 1270 533 1310 more
565 1259 942 1315 consistoriali.
973 1261 1185 1317 Domini
1225 1266 1528 1322 cardinales
1548 1280 1603 1324 et
1632 1273 1738 1324 duo

153 1343 365 1398 diaconi
420 1347 722 1403 cardinales
781 1367 930 1420 papae
961 1355 1322 1420 assistant,'ut
1371 1361 1620 1429 superius
1657 1373 1742 1418 est

147 1433 261 1502 jam
314 1435 554 1503 dictum;
604 1441 812 1508 przelati
869 1459 996 1498 vero
1047 1445 1135 1499 alii
1193 1457 1336 1502 stent
1387 1465 1452 1504 ex
1493 1454 1739 1522 Opposita

153 1523 358 1580 domini
393 1542 540 1598 papae
571 1545 599 1583 a
634 1532 839 1588 dextiis
865 1547 918 1590 et
938 1550 969 1590 a
999 1536 1256 1605 sinistris,
1283 1552 1439 1609 preut
1468 1544 1616 1600 locus
1642 1561 1738 1617 pa-

153 1615 339 1670 tietur.

239 1708 442 1773 Quibus
495 1710 897 1780 residentibus,
947 1730 1167 1787 surgere
1215 1718 1372 1775 habet
1428 1734 1739 1790 procurator

152 1798 465 1867 hujusmodi
497 1804 694 1871 negotii
727 1805 963 1860 existens
991 1825 1055 1862 ex
1091 1812 1337 1878 opposito
1376 1813 1503 1867 dicti
1536 1813 1736 1867 domini
1775 1833 1814 1888 Β

157 1904 246 1957 pa,
267 1907 346 1953 te;
381 1901 433 1944 et
464 1904 732 1962 assumpta
759 1896 858 1949 sibi
889 1897 1102 1967 aliqnali
1134 1904 1471 1968 auctoritate,
1524 1919 1740 1960 narrare

153 1982 315 2035 debet
347 1984 520 2050 aliqua
549 1984 613 2037 de
651 1987 951 2053 bojuvmodi
979 1992 1212 2058 negotio,
1238 2002 1290 2046 et
1312 1994 1609 2062 supplicare
1641 1997 1736 2063 ipsi

153 2070 377 2125 domino
435 2084 654 2139 nostro,
699 2087 758 2130 ut
818 2079 1078 2133 sanctitas
1108 2096 1204 2136 sua
1256 2086 1443 2140 audire
1491 2087 1742 2156 dignetur

149 2160 360 2228 aliquos
397 2163 646 2230 praelatus
676 2167 764 2235 qui
799 2182 962 2236 super
1009 2170 1278 2238 praedictis
1310 2174 1604 2241 prtedicaze
1660 2177 1740 2230 in-

151 2252 414 2318 tendunt;
440 2264 493 2308 et
533 2257 876 2312 nihilominus
904 2262 1043 2330 quod
1073 2263 1284 2330 placeat
1326 2266 1597 2322 sanctitati
1623 2283 1734 2323 suae

146 2342 375 2398 delinire
404 2344 552 2400 illum
581 2348 742 2419 [‘22
771 2350 838 2405 de
866 2368 971 2420 quo
998 2353 1170 2423 agitur
1196 2371 1318 2412 esse
1345 2369 1592 2414 sanctum
1618 2402 1634 2427 ,
1685 2371 1741 2416 et

148 2446 457 2491 sanctorum
504 2443 746 2512 cataligo
775 2445 1175 2515 ascribendum,
1207 2462 1261 2502 et
1310 2459 1559 2520 tanquam
1607 2468 1738 2508 san-

155 2539 300 2584 ctum
330 2547 450 2587 esse
486 2549 514 2586 a
547 2535 791 2592 fidelibus
834 2541 1231 2608 venerandum;
1265 2559 1327 2598 ac
1372 2543 1564 2600 festum
1617 2547 1736 2617 ejus

151 2635 299 2676 anno
328 2627 563 2693 quolibet
606 2641 865 2698 perpetuo
913 2641 1060 2686 certa
1104 2634 1213 2700 die,
1248 2635 1314 2690 de
1345 2652 1447 2706 qua
1498 2638 1597 2705 ipsi
1633 2639 1736 2694 dn-

152 2714 299 2767 rnino
339 2727 522 2772 nostro
573 2734 722 2787 papze
766 2723 1051 2788 videbitur,
1085 2726 1488 2783 celebrandum.
1525 2729 1591 2782 Et
1642 2729 1736 2784 hu-

146 2801 385 2870 jnsmodi
451 2810 838 2877 supplicttione
907 2829 1002 2881 per
1054 2814 1253 2870 dictum
1331 2830 1735 2887 procuratorem

148 2895 311 2960 facta,
343 2909 526 2969 surgat
574 2901 662 2956 ille
695 2907 947 2971 prietatus
977 2907 1064 2973 qui
1108 2908 1282 2976 primo
1315 2911 1606 2977 [medicare
1638 2928 1733 2969 seu

144 2987 492 3045 collationem
539 3007 690 3048 suam
739 2995 918 3053 facere
945 2996 1106 3054 debet
1144 2999 1294 3068 juyta
1341 3001 1732 3062 ordinationem

137 3075 255 3144 jam
299 3079 528 3146 dictam;
560 3092 613 3138 et
661 3084 884 3154 incipiat
933 3087 1276 3144 collationem
1322 3106 1494 3158 snam,
1525 3104 1580 3148 et
1609 3109 1727 3151 eam

1852 564 2121 621 paratam;
2152 565 2207 611 et
2258 558 2331 613 ibi
2389 561 2630 618 sedendo
2671 565 2793 619 facit
2823 580 3126 623 sermonem
3151 607 3168 633 ,
3217 570 3430 624 mitram

1852 647 2080 699 tenendo
2112 648 2163 702 in
2212 650 2411 719 capite,
2468 663 2525 706 ut
2576 665 2656 709 est
2707 657 2895 724 moris,
2938 659 3251 715 Processum
3297 664 3434 717 reci-

1851 736 2012 789 tando
2035 747 2088 792 et
2112 741 2351 805 probata,
2382 759 2443 798 ac
2474 745 2773 802 inducenda
2805 751 3052 819 populum
3074 752 3138 806 ad
3167 755 3429 808 orandum

1851 841 1948 894 pro
1988 843 2053 881 eo
2081 831 2220 897 quod
2255 831 2395 887 Deus
2427 851 2534 890 non
2567 840 2841 906 permittat
2867 856 2988 897 eum
3016 859 3198 902 errare
3241 847 3296 901 in
3328 847 3428 904 hoc

1851 922 2082 986 negoﬁo.

1924 1009 2095 1066 Finito
2143 1029 2268 1069 vero
2307 1032 2555 1076 sermone
2609 1022 2936 1094 liujusmodi,
2988 1028 3240 1088 dominus
3288 1048 3422 1104 papa

1849 1103 2099 1168 pra-dicet
2128 1120 2186 1161 se
2215 1119 2525 1177 oraturum,
2570 1125 2624 1167 et
2675 1115 2919 1173 hortatur
2949 1121 3083 1176 alios
3121 1134 3179 1178 ut
3227 1135 3424 1194 orent,

1849 1201 1906 1244 ut
1935 1209 2120 1260 supra,
2155 1199 2363 1254 scilicet
2391 1204 2528 1269 quod
2571 1205 2712 1258 Deus
2763 1223 2866 1261 non
2897 1212 3168 1278 permittat
3195 1229 3315 1268 eum
3341 1231 3428 1270 er-

1848 1294 1970 1334 rare
2001 1284 2051 1335 in
2085 1283 2185 1337 hoc
2233 1291 2470 1356 negotio.
2507 1292 2709 1350 Deinde
2760 1296 2912 1352 ﬂexis
2963 1303 3185 1368 genibus
3232 1307 3288 1357 lit
3337 1307 3431 1361 de-

1847 1381 1968 1422 v0ta
2015 1371 2222 1438 Oratio,
2254 1384 2309 1428 et
2366 1391 2608 1446 papamet
2657 1384 2819 1439 debet
2871 1388 3104 1458 incipere
3157 1400 3427 1450 cantando

1845 1456 2004 1529 423
2030 1461 2290 1531 llytnnum
2330 1466 2481 1532 Veni,
2505 1481 2705 1525 creator
2736 1456 2989 1542 Spiritus.
3028 1482 3142 1547 Quo
3171 1483 3431 1556 incmpto,

1843 1551 2175 1622 gennllectit,
2206 1556 2332 1611 etin
2369 1559 2471 1613 fine
2498 1565 2650 1629 primi
2687 1564 2884 1620 Versus
2911 1585 3131 1639 surgere
3155 1551 3338 1641 debet,
3371 1551 3428 1635 et

1845 1641 2184 1697 continuatur
2209 1655 2352 1701 totus
2381 1649 2622 1720 Hymnus
2636 1654 2701 1707 ab
2717 1657 2965 1713 omnibus
2986 1661 3106 1716 aliis
3135 1669 3425 1724 c:tntando.

1844 1732 1960 1800 Quo
1991 1735 2199 1805 llymno
2228 1751 2462 1808 cantato,
2493 1745 2536 1800 si
2575 1746 2793 1804 domino
2825 1768 2974 1822 papa:
3007 1756 3199 1824 placet,
3233 1762 3418 1818 diaco-

1847 1840 1944 1878 nus
1970 1827 2254 1883 cardinaiis
2274 1833 2524 1888 adextris
2553 1853 2701 1906 papae
2739 1844 2998 1900 assistens
3041 1847 3170 1903 dicit
3219 1849 3431 1908 Flecta-

1848 1929 1958 1966 mus
1982 1932 2180 1984 genua;
2209 1929 2263 1973 et
2290 1921 2537 1978 dominus
2567 1942 2697 1996 papa
2731 1939 2786 1984 et
2834 1936 3013 1990 eteteri
3043 1938 3133 1992 alii
3177 1941 3335 1998 basse
3374 1957 3430 1999 et

1845 2018 2056 2060 secrete
2107 2011 2335 2077 genibus
2385 2016 2544 2071 tlexis
2596 2030 2779 2087 orent;
2825 2036 2880 2079 et
2935 2027 3126 2084 devota
3182 2039 3430 2092 oratione

1849 2093 2009 2158 facta,
2047 2109 2165 2162 post
2199 2104 2464 2158 morulam
2497 2107 2753 2166 diaconus
2786 2117 3092 2183 cnrdinalis,
3140 2125 3229 2192 qui
3285 2140 3363 2182 est
3399 2146 3422 2179 τ

1845 2184 2100 2254 sinistris,
2133 2189 2275 2246 dicet
2303 2192 2524 2263 Levate;
2556 2209 2610 2253 et
2652 2210 2775 2258 tunc
2807 2221 2995 2262 omnes
3027 2224 3269 2283 surgent.
3299 2219 3427 2285 Qui-

1845 2273 1943 2328 bus
1974 2277 2183 2344 levatis,
2215 2282 2462 2340 dominus
2505 2304 2639 2360 papa
2696 2298 2933 2353 tenendo
2966 2302 3177 2357 mitram
3224 2306 3276 2362 in
3327 2325 3422 2365 ca-

1847 2364 1954 2430 pite
1977 2366 2161 2423 definit
2191 2373 2403 2439 publice
2431 2376 2576 2431 illum
2600 2380 2666 2435 de
2688 2397 2793 2451 quo
2813 2389 2990 2456 agitur
3009 2404 3131 2447 esse
3152 2406 3422 2465 sanctum,

1844 2464 1900 2509 et
1921 2468 2224 2516 sanctorum
2250 2465 2493 2537 catalogo
2516 2483 2635 2525 esse
2659 2476 3061 2547 ascribendum,
3092 2493 3144 2537 et
3174 2464 3422 2558 tanquam

1842 2557 2086 2604 Sanctum
2107 2565 2227 2608 esse
2243 2553 2309 2608 ab
2323 2559 2571 2613 omnibus
2587 2576 2738 2618 vene:
2751 2566 2970 2634 andum,
2990 2569 3201 2642 ipsique
3221 2553 3427 2635 sancto—

1843 2652 1960 2692 rum
1985 2642 2228 2713 catalogo
2252 2648 2489 2716 ascribit,
2507 2660 2723 2708 satucns
2737 2658 2870 2713 utab
2888 2660 3170 2718 universali
3188 2667 3426 2727 Ecclesia

1843 2729 1894 2782 in
1919 2731 2005 2785 die
2033 2734 2123 2788 tali
2154 2737 2342 2792 festum
2369 2740 2486 2808 ejus
2517 2753 2570 2796 et
2599 2746 2836 2802 ofﬁciunt
2867 2750 3058 2809 devote
3083 2765 3137 2810 et
3161 2759 3423 2816 solemni-

1844 2829 1926 2872 ter
1970 2823 2294 2884 celebretur.
2353 2832 2521 2899 Quam
2568 2836 2937 2900 deﬁnitionem
2986 2846 3166 2908 facere
3216 2857 3418 2923 poterit

1841 2907 1957 2981 ipse
1976 2913 2228 2973 dominus
2256 2931 2441 2978 noster
2464 2941 2620 2996 papa,
2649 2940 2706 2985 ut
2728 2935 2990 3004 sequitur.

1917 3023 1937 3057 ι
1977 3007 2055 3061 Ad
2091 3011 2349 3069 honorem
2380 3019 2472 3072 Dei
2503 3021 2885 3092 omnipotentis
2931 3030 3104 3089 Patris
3129 3047 3182 3090 et
3210 3038 3327 3095 Filii
3366 3053 3424 3098 et

1838 3094 2068 3162 Spiritus
2093 3103 2287 3168 sancti,
2329 3115 2383 3160 et
2422 3109 2802 3169 exultationem
2849 3117 2974 3174 fidei
3026 3125 3304 3183 catholica:
3357 3147 3424 3188 ac

141 3179 501 3238 prosequatur
529 3176 799 3229 succincte
840 3187 894 3231 et
944 3177 1202 3234 breviter.
1250 3182 1361 3248 Qua
1399 3183 1566 3251 finita,
1597 3199 1726 3240 sur-
1758 3200 1805 3263 ε
1841 3185 2148 3244 christiana:
2195 3194 2473 3265 religionis
2513 3213 2876 3274 augmentum,
2897 3216 3214 3273 auctoritate
3256 3220 3422 3290 ipsius

144 3271 236 3290 nol
271 3263 533 3290 BAAaI-‘.'.-n
591 3275 637 3290 Α.
678 3265 834 3290 ΓΔ,.2...
869 3268 1051 3290 -!__!If.
1077 3285 1118 3290 .._
1176 3281 1218 3290 ΔΑ
1253 3271 1322 3290 ,⁸-
1374 3271 1386 3290 1
1452 3274 1554 3290 κισ-κ
1845 3274 1883 3290 δ
1924 3276 1935 3288 ο
2100 3280 2112 3290 ι
2312 3287 2321 3290 -
2385 3286 2413 3290 _
2516 3289 2523 3290 ,

143 3271 239 3331 gat
270 3263 557 3330 secundus,
588 3275 642 3320 et
677 3265 839 3322 faciat
867 3268 1140 3335 similiter,
1169 3281 1221 3324 et
1249 3271 1327 3326 sic
1355 3271 1420 3325 de
1444 3274 1583 3328 aliis.

243 3350 435 3407 Finitis
485 3371 615 3410 vero
667 3359 914 3413 omnibus
972 3362 1348 3417 eollationibus
1388 3367 1728 3435 supradictis,

142 3437 399 3496 dominus
435 3455 619 3498 noster
652 3461 781 3514 papa
816 3451 1002 3517 surgit,
1037 3460 1092 3505 et
1132 3453 1388 3508 diaconus
1440 3458 1726 3514 cardiualis

139 3531 238 3598 qui
267 3533 468 3586 assistit
498 3535 546 3588 ei
577 3549 607 3587 a
640 3538 891 3602 SiniSlliS,
923 3541 1050 3596 dicit
1081 3557 1229 3596 more
1259 3546 1418 3597 solito
1449 3546 1724 3616 Conﬁteor.

139 3622 266 3686 Quo
298 3623 463 3689 dicto,
489 3624 648 3679 datur
677 3625 1004 3696 indulgentia
1042 3646 1136 3698 per
1177 3633 1453 3690 dominum
1487 3650 1725 3695 uestrum

138 3727 337 3780 papam
367 3713 434 3767 de
458 3730 563 3767 uno
593 3716 675 3770 vel
697 3716 906 3772 duobus
933 3719 1110 3785 annis,
1154 3732 1210 3774 et
1251 3722 1398 3776 totid'
1421 3740 1471 3778 m
1499 3729 1728 3794 quadra~

139 3802 320 3868 genis,
354 3803 436 3857 vel
481 3807 621 3872 p7us,
653 3817 810 3874 prout
858 3807 1079 3862 domino
1111 3825 1261 3880 papze
1297 3814 1580 3880 placuerit.
1613 3821 1727 3884 Qua

139 3889 476 3961 indulgentia
532 3895 673 3961 data,
707 3895 953 3951 dominus
984 3914 1138 3968 papa,
1187 3900 1429 3970 deposita
1486 3907 1583 3960 sibi
1629 3912 1729 3964 mi-

140 3990 266 4046 tra,
323 3985 440 4038 lacit
492 3986 925 4054 absolutionem,
991 4000 1044 4045 et
1099 3991 1190 4046 dat
1246 3994 1722 4067 Benedictionem;

136 4074 337 4128 deinde
366 4078 738 4142 ptomtntiatur
765 4079 903 4134 dicta
958 4081 1284 4150 indulgentia
1327 4103 1420 4152 per
1449 4105 1609 4143 unum
1657 4091 1725 4146 de

129 4164 372 4220 dominis
399 4168 800 4237 cardinalibus;
826 4179 880 4225 et
903 4172 1029 4242 ipsis
1057 4175 1315 4244 expletis,
1341 4179 1632 4234 revertitur
1656 4181 1721 4236 ad

128 4269 405 4310 cameram
433 4273 606 4312 suam.

217 4345 344 4399 Post
377 4350 488 4402 hinc
522 4365 648 4404 vero
681 4350 732 4405 in
765 4354 1089 4410 consistorio
1129 4357 1406 4413 «rdinatur
1435 4370 1578 4416 certa
1607 4364 1721 4420 dies

135 4441 206 4488 ad
234 4437 464 4508 aliquam
492 4451 692 4497 certam
723 4447 1043 4515 ecclesiam,
1083 4450 1134 4503 in
1183 4467 1282 4520 qua
1311 4468 1340 4506 c
1379 4458 1597 4513 nvenire
1627 4459 1722 4512 ha-

1844 3274 1936 3330 Dei
1969 3280 2354 3350 omnipotentis
2383 3286 2558 3345 Patris
2600 3306 2652 3347 et
2684 3294 2802 3351 Filii
2835 3308 2890 3353 et
2947 3300 3181 3372 Spiritus
3225 3274 3423 3380 sa'nct—i,

1843 3364 2118 3424 bratoruin
2159 3377 2522 3442 apostolorum
2562 3381 2704 3439 Petri
2735 3395 2791 3441 et
2820 3364 3004 3460 Pauli;
3025 3403 3080 3450 et
3119 3410 3319 3472 nostra,
3351 3364 3421 3460 dd

1839 3457 2057 3514 fratrum
2075 3473 2376 3522 nostrorum
2395 3473 2641 3539 consilio,
2659 3476 3017 3554 decernimus,
3037 3501 3098 3542 ac
3114 3489 3419 3561 definimus,

1836 3547 1989 3603 boote
2018 3557 2293 3611 memoriae
2317 3557 2381 3614 N.
2417 3571 2655 3619 sanctum
2683 3581 2828 3634 esse,
2858 3580 2912 3625 et
2937 3588 3242 3634 sanctorum
3263 3592 3414 3637 cata-

1835 3635 1957 3705 logo
2004 3644 2410 3716 ascribendum;
2462 3653 2743 3728 ipsumque
2790 3660 3057 3720 dictorum
3100 3680 3409 3729 sanctorum

1834 3732 2077 3803 catalogo
2107 3739 2452 3808 ascribimus,
2483 3755 2779 3806 statuentes
2807 3764 2864 3807 ut
2891 3755 2960 3810 ab
2989 3759 3274 3818 universali
3313 3765 3417 3821 Ec-

1833 3819 2021 3887 clesia,
2053 3839 2198 3880 anno
2228 3831 2483 3898 quolibet,
2532 3837 2582 3890 in
2626 3839 2712 3894 die
2757 3845 2873 3910 tali,
2923 3848 3114 3906 lesrum
3165 3854 3332 3923 ipsius
3357 3869 3414 3914 et

1833 3912 2090 3980 officium,
2123 3919 2262 3973 sicut
2291 3938 2385 3988 pro
2416 3943 2523 3980 uno
2549 3933 2862 3990 confessore
2882 3976 2898 4003 ,
2924 3939 2968 3992 si
3015 3943 3086 3995 sit
3112 3947 3410 4015 confessor,

1834 3999 1915 4054 vel
1947 4001 2083 4057 sicut
2132 4020 2228 4075 pro
2259 4025 2365 4065 uno
2417 4027 2673 4086 martyre,
2705 4020 2749 4074 si
2782 4023 2854 4077 sit
2885 4040 3107 4099 martyr,
3140 4032 3332 4089 devote
3359 4046 3416 4091 et

1831 4091 2144 4149 solemniter
2161 4099 2480 4158 celebretur.
2514 4124 2532 4158 ι
2576 4108 2661 4174 Et,
2695 4112 2738 4164 si
2768 4111 2986 4170 domino
3019 4091 3168 4188 papa:
3199 4125 3410 4192 placue-

1830 4180 2129 4251 rit,poterit
2152 4189 2349 4244 addere
2377 4193 2473 4247 ista
2506 4197 2694 4251 verba:
2717 4219 2736 4252 ι
2760 4200 2982 4272 Insuper
3005 4180 3413 4270 eadem-aucto-

1831 4271 1984 4326 ritate
2028 4275 2273 4333 omnibns
2305 4297 2426 4336 vere
2473 4287 2856 4353 paenitentibus
2884 4271 2938 4349 et
2983 4301 3272 4369 confessis,
3317 4309 3412 4377 qui

1825 4364 1981 4419 annis
2010 4369 2235 4437 singulis
2263 4374 2327 4426 ad
2374 4378 2675 4445 sepulcrum
2703 4382 2943 4451 ejusdem
2974 4388 3025 4443 in
3063 4391 3150 4447 die
3181 4364 3269 4450 tali
3313 4364 3408 4453 de-

1830 4465 1952 4508 vote
1977 4463 2329 4532 accesserint,
2363 4482 2523 4522 unnm
2554 4485 2752 4526 annum
2782 4483 2838 4529 et
2881 4481 3228 4552 quadraginta
3255 4489 3404 4552 dies;

2314 4526 2325 4532 _
2791 4526 2836 4529 __
2884 4526 3228 4552 ,-.--...,,......
3255 4526 3404 4552 me...

127 4526 298 4581 beam
350 4528 597 4586 dominus
666 4551 836 4603 Papa,
884 4538 1208 4606 ωηιληαιεδ,
1257 4552 1308 4596 ει
1367 4549 1593 4613 ρι-ςιιιοιῑ,
1625 4551 1715 4605 alii
1749 4570 1801 4629 Β
1830 4548 2209 4607 accedentibus
2237 4570 2364 4609 vero
2390 4560 2546 4615 annis
2591 4564 2814 4633 singulis
2859 4570 2994 4626 infra
3025 4587 3241 4634 octavas
3280 4582 3410 4639 dicti

135 4618 200 4639 -.Δ
239 4619 375 4639 *Μελ
441 4637 488 4639 ν,
559 4624 568 4639 ,
765 4635 775 4639 ,
953 4631 962 4639 .
1258 4635 1267 4639 -

127 4618 203 4671 de
232 4619 404 4685 curia,
433 4637 495 4676 ac
524 4624 698 4679 clerus
728 4635 779 4679 et
807 4631 1031 4697 populus
1063 4647 1158 4698 pro
1191 4635 1530 4692 snleinnitate
1561 4655 1722 4696 rano-

128 4709 416 4766 nizationis
451 4713 753 4782 hujnsmodi
788 4719 1050 4774 facienda.
1103 4725 1215 4790 Qua
1253 4728 1467 4795 quidem
1505 4731 1589 4784 die
1627 4734 1722 4787 ad-

125 4801 402 4866 veniente,
423 4813 692 4860 sternatur
712 4811 906 4878 tapetis
923 4815 1174 4884 ecclesia,
1193 4829 1242 4870 et
1260 4829 1497 4889 paretur,
1524 4833 1576 4878 et
1599 4826 1719 4880 illu-

125 4891 404 4947 minentur
427 4895 477 4948 in
494 4911 556 4950 ea
583 4899 732 4952 cerei
753 4902 900 4954 multi
921 4920 935 4968 ;
960 4913 1008 4958 et
1028 4920 1183 4960 mane
1199 4907 1560 4968 descendente
1577 4915 1719 4973 dicto

123 4982 352 5038 domino
385 4997 569 5042 nostro
604 5006 738 5059 papa
781 4993 846 5046 ad
879 4995 1127 5051 eamdem
1156 5001 1461 5068 ecclesiam,
1489 5008 1720 5063 occurrit

119 5074 174 5128 ei
209 5073 491 5133 Processio
526 5081 655 5135 cleri
685 5083 824 5137 illius
857 5087 1124 5141 ecclesiae.
1157 5089 1288 5143 Cum
1328 5103 1503 5146 autem
1533 5106 1615 5150 est
1659 5099 1710 5153 in

119 5168 378 5235 ecclesia,
401 5181 521 5227 orat
542 5175 922 5245 altqttautulttm
941 5189 1064 5236 ante
1081 5184 1278 5249 altare;
1304 5187 1494 5242 deinde
1524 5204 1714 5244 ascen-

121 5257 207 5312 dit
240 5261 422 5315 sedem
456 5279 605 5318 suam
651 5267 703 5320 in
738 5271 912 5323 medio
970 5274 1161 5328 ecclesi
1184 5296 1208 5327 ι·
1244 5289 1503 5345 paratam,
1533 5289 1587 5333 ct
1637 5281 1708 5336 ibi

119 5350 322 5419 recipit
353 5357 652 5412 cardinales
684 5368 738 5412 et
786 5362 918 5415 alios
971 5366 1218 5432 prailatos
1249 5384 1396 5422 more
1445 5372 1601 5425 solito
1643 5373 1708 5428 ad

118 5448 515 5511 reverentiam;
549 5459 602 5504 et
632 5451 746 5520 ipsa
772 5456 1068 5510 reverentia
1110 5455 1247 5512 facta
1269 5501 1283 5523 ,
1333 5461 1631 5519 cardinales
1659 5477 1713 5520 et

121 5537 334 5602 prwlati
363 5537 453 5590 alii
485 5552 741 5606 parantur
776 5548 1105 5611 paramcntis
1135 5551 1290 5604 albis.
1326 5553 1528 5617 Quibus
1551 5571 1706 5624 pra-

122 5628 218 5696 tis,
257 5645 418 5698 papa,
449 5645 611 5702 prout
639 5635 706 5690 de
745 5653 956 5693 camera
1005 5644 1169 5710 venit,
1203 5647 1409 5700 scilicet
1437 5666 1556 5703 rum
1590 5655 1710 5719 ptu-

115 5721 248 5776 Vinii
296 5724 462 5777 ruhco
499 5736 553 5779 et
589 5728 742 5781 mitra
789 5729 1116 5801 aurifrigiata
1164 5752 1283 5794 cum
1341 5741 1531 5812 pcilis,
1567 5746 1710 5804 vadit

408 5819 677 5880 Parnm.-
728 5823 1072 5891 LXXVIII.

1828 4639 1949 4696 festi
1980 4644 2046 4698 ad
2074 4650 2381 4718 sepulcrum
2430 4654 2596 4722 ipsius
2620 4660 2970 4729 quadraginta
3005 4668 3118 4724 dies
3139 4672 3206 4727 de
3231 4674 3405 4744 injun-

1826 4736 1926 4789 etis
1944 4737 2043 4790 sibi
2079 4743 2403 4806 pcenitentiis
2435 4747 2854 4808 misericorditer
2877 4759 3196 4817 relaxamus.
3236 4785 3256 4818 s

1895 4826 2100 4893 Quibus
2127 4833 2304 4887 vcibis
2361 4851 2454 4904 per
2504 4839 2701 4895 dictum
2754 4859 2942 4915 papam
2999 4852 3237 4921 prolatis,
3292 4856 3408 4924 ipse

1825 4915 2077 4972 dominus
2143 4938 2300 4992 papa,
2361 4927 2516 4982 mitra
2573 4931 2851 5000 deposita,
2909 4915 3092 5010 incipit
3142 4915 3410 5005 cantando

1825 5007 2093 5063 Psalinum
2127 5010 2196 5067 Te
2225 5013 2388 5069 Deum
2416 5019 2717 5088 laudamus,
2747 5041 2904 5094 quem
2928 5034 3106 5086 cwteri
3141 5051 3238 5090 can
3265 5040 3406 5093 ando

1822 5111 2234 5173 prosequuntur.
2265 5108 2382 5174 Quo
2427 5111 2598 5180 linito,
2630 5115 2886 5173 diaconus
2930 5123 3218 5182 cardinalis
3245 5145 3273 5182 a
3325 5131 3415 5186 si-i

1822 5194 2004 5247 nistris
2038 5211 2186 5264 papae
2215 5199 2472 5257 assistens
2502 5203 2645 5260 dicat
2679 5207 3008 5266 Versiculutn
3054 5215 3159 5269 Ora
3184 5236 3277 5288 pro
3304 5237 3400 5274 no-

1819 5283 1917 5349 bis,
1939 5286 2079 5340 beate
2109 5287 2207 5355 N.,
2231 5292 2480 5358 alleluia;
2507 5304 2561 5349 et
2578 5301 2755 5354 caeteri
2779 5307 3109 5370 respondent
3131 5325 3145 5362 :
3165 5283 3230 5364 (lt
3259 5313 3404 5384 digni

1819 5378 2092 5447 efficiamur
2119 5385 2288 5452 gratia
2320 5385 2436 5451 Dei,
2462 5389 2694 5446 alleluia.
2722 5393 2778 5448 Si
2825 5410 2950 5450 vero
2981 5398 3280 5468 hujusmo'li
3313 5378 3405 5460 so-

1817 5468 2063 5526 lemnitas
2086 5471 2243 5529 fuerit
2269 5492 2298 5529 a
2326 5476 2725 5550 Septuagesima
2757 5502 2924 5557 usque
2968 5490 3034 5543 ad
3070 5491 3272 5549 Pascha
3293 5538 3308 5561 ,
3342 5500 3397 5554 in

1816 5563 2071 5629 praedicto
2115 5565 2392 5624 Versiculo
2447 5574 2708 5630 omittitur
2762 5577 3004 5635 Alleius'a.
3051 5582 3251 5640 De'ntle
3301 5587 3403 5644 do-

1816 5654 1994 5707 minus
2013 5671 2143 5723 papa
2166 5661 2432 5715 cantando
2445 5662 2608 5734 424
2621 5665 2757 5720 dicat
2779 5667 3028 5725 Dominus
3055 5675 3402 5743 vobiscum,ct

1813 5759 2075 5811 responso
2102 5749 2304 5806 Etcum
2335 5756 2518 5828 spiritu
2541 5767 2648 5825 tuo,
2676 5760 2821 5819 dicat
2844 5763 3089 5829 Oremus,
3130 5778 3182 5821 et
3212 5777 3395 5836 postea

3039 5855 3120 5913 to
