4006 6288
562 364 699 421 Η.ὗῦ

1275 347 1612 405 ΑιῬΕΧΙΜΧ
1656 345 1744 400 AD
1782 344 1841 399 Β.
1880 340 2158 397 CREGOR

2274 340 2456 395 IACNI
2497 337 2863 395 LITURGICA
2899 339 3153 395 OPERA.

3714 340 3738 391 1
3754 337 3855 392 ξεν»

558 480 864 532 Orationem
895 482 1012 540 quae
1044 474 1309 531 competat
1341 462 1416 515 illi
1460 468 1669 519 saneto,
1695 457 1928 511 ﬁniendo
1976 454 2144 521 ipsam
2177 455 2219 513 Α
2251 452 2467 540 quirant
2499 463 2551 505 et
2572 451 2811 540 habeant
2833 467 3031 540 eorum
3062 452 3340 540 consilium
3380 466 3546 522 super
3579 452 3857 540 pra-edictis

560 570 887 625 Drationetn,
944 560 1041 612 Per
1069 555 1329 611 Christum
1363 551 1637 605 Dominum
1680 556 1942 613 nostrum,
1975 556 2028 599 et
2060 558 2143 598 re-

557 658 882 728 spondeatur
906 652 1090 705 Amen.

629 746 736 804 Sed
769 746 881 809 ipsa
910 739 1164 795 Oratione
1194 735 1369 797 ﬁnita,
1405 732 1580 785 dictus
1606 729 1868 783 diaconus
1901 723 2147 781 cardina-

560 840 623 892 lis
653 852 681 889 a
732 832 959 889 sinistris
993 841 1143 897 papa:
1189 824 1449 878 assistens
1481 821 1625 874 dicat
1666 817 1929 885 Conﬁteor
1953 856 1969 880 ,
2011 823 2145 878 etc.,

564 939 621 982 ut
651 924 814 981 moris
842 930 954 987 est;
985 928 1038 973 et
1068 918 1196 970 locis
1226 914 1439 980 debitis,
1463 912 1667 965 scilicet
1696 906 2006 962 immediate
2030 911 2151 972 post

564 1016 860 1088 apostolos,
893 1011 1052 1065 faciat
1100 1007 1427 1063 mentionem
1478 1004 1549 1057 de
1596 1002 1740 1056 dicto
1779 1005 1987 1055 sancto.
2034 997 2150 1062 Qua

565 1107 904 1165 confessione
934 1102 1101 1165 ﬁnita,
1148 1097 1400 1153 dominus
1434 1109 1572 1165 papa
1621 1095 1713 1147 dat
1767 1090 2150 1160 indulgentiam

565 1203 852 1273 gratiosam
879 1206 1086 1264 septem
1137 1206 1399 1246 annorum
1445 1198 1499 1243 et
1525 1195 1729 1256 septem
1779 1184 2152 1254 quadragena-

571 1309 708 1347 rum.
740 1291 807 1346 Et
828 1290 952 1345 data
980 1285 1309 1355 indulgentia
1343 1299 1436 1353 per
1463 1282 1738 1338 dominum
1788 1288 2030 1333 nostrum
2058 1292 2153 1347 pa-

572 1399 812 1455 pam,ac,
842 1383 996 1437 mitra
1023 1380 1196 1434 eidetn
1232 1376 1494 1444 deposita,
1528 1376 1652 1429 facit
1674 1372 2156 1433 absolutionem,et

570 1481 659 1534 dat
690 1475 905 1533 Benedit
920 1476 1119 1530 tionem
1151 1486 1301 1526 more
1329 1477 1621 1536 censueto,
1652 1466 1877 1520 dicendo
1909 1462 2155 1517 Precibus

573 1581 617 1625 et
648 1569 867 1633 mritis,
917 1576 1056 1629 ete.,
1110 1562 1355 1617 faciendo
1412 1559 1736 1615 mentionem
1783 1557 1901 1612 loco
1948 1570 2046 1610 suo
2092 1553 2159 1608 de

577 1670 763 1717 saneto
789 1658 1125 1714 canonizato.

643 1752 850 1820 Quibus
906 1749 1089 1811 iactis,
1122 1744 1340 1801 arcedat
1380 1742 1629 1797 dominus
1674 1750 1856 1796 noster
1908 1753 2043 1810 papa
2091 1736 2155 1791 ad

2248 538 2454 592 duabus
2484 537 2896 606 quiestionibus.
2934 538 3000 591 Et
3048 539 3308 594 relatione
3349 540 3486 593 facta
3523 550 3723 609 postea
3764 538 3855 589 do-

2249 628 2393 682 mino
2424 642 2576 697 papas
2606 630 2658 682 in
2689 628 3035 696 consistorio,
3070 630 3411 685 audientibus
3433 631 3698 685 omnibus
3739 644 3857 683 caro

2248 718 2514 773 dinalibus
2556 734 2652 786 per
2701 719 2823 774 illos
2875 718 3175 775 cardinales
3226 721 3550 789 deputatas,
3597 720 3857 774 dominus

2251 822 2387 877 papa
2434 809 2772 875 postmodum
2800 808 2949 878 eligit
2980 809 3031 863 in
3061 810 3402 872 consistorio,
3433 826 3503 864 an
3534 810 3670 865 velit
3702 813 3856 879 sequi

2255 901 2542 953 consilium
2603 898 2955 953 caidinaliutn
3011 900 3320 965 dicentium,
3379 901 3523 970 quod
3563 900 3660 956 ﬁat
3714 916 3853 955 nova

2253 994 2455 1049 creatio
2485 992 2858 1057 eardinalium,
2892 1002 2948 1049 et
2973 994 3040 1047 de
3070 1004 3234 1063 quoto
3264 1010 3513 1049 numero.

2330 1085 2421 1139 Die
2454 1086 2675 1140 Veneris
2699 1102 2827 1141 vero
2854 1087 3097 1157 sequenti
3128 1087 3413 1143 mandatur
3441 1090 3607 1143 etiam
3635 1089 3691 1143 in
3725 1104 3855 1143 cnn-

2256 1176 2473 1231 sistorio
2501 1193 2595 1246 per
2623 1179 2897 1233 dominum
2955 1194 3143 1250 papam
3195 1182 3407 1237 duobus
3456 1184 3851 1244 cardinalibus,

2257 1274 2397 1338 quod
2422 1272 2617 1325 vadaut
2639 1272 2705 1326 ad
2734 1275 3112 1342 requirendum
3140 1283 3196 1329 et
3224 1274 3529 1329 habendum
3560 1277 3843 1330 consilium

2257 1362 2611 1417 eardinalium
2643 1366 2946 1420 absentium
2992 1382 3159 1436 super
3181 1370 3433 1437 personis
3464 1371 3517 1424 in
3546 1370 3855 1425 cardinales

2261 1454 2330 1508 de
2376 1470 2514 1509 novo
2544 1456 2811 1511 creandis.
2841 1458 2958 1525 Quo
3008 1460 3234 1513 consilio
3268 1460 3472 1528 babito,
3503 1464 3733 1516 veniunt
3786 1465 3850 1513 all

2260 1549 2662 1614 consistorium,
2696 1550 2821 1604 dum
2846 1551 3096 1605 dominus
3130 1567 3269 1621 papa
3302 1553 3450 1607 audit
3480 1554 3711 1608 consilia
3762 1569 3853 1607 an—

2263 1638 2510 1692 rieularia
2573 1640 2957 1708 eardiualium,
3004 1651 3059 1697 et
3094 1644 3141 1696 ei
3193 1643 3433 1699 referunt
3484 1644 3553 1699 ad
3608 1656 3845 1714 partem,

2260 1729 2390 1783 dum
2406 1741 2490 1785 est
2518 1730 2570 1785 in
2599 1732 2858 1787 cathedra
2878 1748 2975 1789 sua
3004 1735 3229 1790 consilia
3255 1737 3625 1792 cardinalium
3651 1737 3847 1794 abseno

574 1845 750 1898 locum
768 1835 1215 1900 consuetum,nbi
1234 1834 1454 1904 recipiat
1474 1830 1792 1902 pontiﬁcalia
1820 1838 2149 1899 paratnenta,
2188 1827 2231 1886 Β
2266 1824 2418 1879 tium.

573 1934 775 1989 scilicet
806 1931 960 1994 alba;
992 1936 1047 1981 et
1090 1936 1273 1995 postea
1309 1939 1457 1979 more
1487 1923 1645 1977 solito
1684 1923 1895 1976 Missam
1925 1920 2161 1975 celebret

574 2024 890 2079 solemniter
928 2020 980 2073 in
1020 2018 1225 2070 honore
1276 2013 1401 2068 dicti
1456 2014 1624 2067 sancti
1668 2010 1988 2066 canonizati.
2046 2009 2158 2076 Qua

580 2088 740 2167 Missa
770 2111 935 2171 linito,
964 2119 1016 2161 et
1042 2106 1164 2160 data
1195 2107 1387 2159 iterum
1412 2104 1739 2172 indulgentia
1773 2104 1823 2155 in
1855 2104 1959 2155 line
1988 2100 2164 2155 Missa:

578 2209 645 2259 ile
675 2213 883 2271 septem
919 2199 1072 2253 annis
1102 2207 1158 2253 et
1186 2207 1390 2266 Septem
1417 2194 1792 2265 quadragenis,
1826 2202 1879 2246 et
1909 2190 2165 2260 ιιι-ρτιείιίε

577 2292 925 2365 paratnentis.
957 2289 1022 2344 ad
1047 2302 1313 2344 cameram
1349 2302 1498 2341 suam
1519 2328 1533 2350 ,
1556 2288 1669 2340 sive
1703 2286 1767 2338 ad
1800 2284 2049 2353 pilatiutn
2083 2297 2165 2337 te-

577 2394 812 2441 vertatur
856 2398 975 2437 cuin
1024 2379 1240 2449 pluviali
1287 2389 1341 2435 et
1388 2378 1567 2443 mitra,
1604 2385 1762 2448 prout
1820 2374 2065 2445 primitus
2093 2372 2161 2427 ad

573 2474 856 2534 ecclesiam
882 2480 1122 2527 venerat.

582 2586 795 2642 'CXVI.
820 2584 1157 2641 Δ(ῖιενεηιοηὶαε
1183 2595 1231 2638 et
1260 2582 1602 2637 solemnitates
1627 2580 1789 2635 solita:
1836 2579 2023 2634 servari
2077 2578 2129 2632 in

898 2657 1157 2710 creatione
1199 2670 1445 2707 nouorum
1489 2654 1856 2706 curdinalium.

647 2748 954 2816 Sequuntur
994 2743 1331 2800 caeremonize
1369 2753 1420 2798 et
1450 2741 1823 2797 solemnitates
1852 2741 2023 2794 solitrc
2053 2754 2168 2793 ser-

582 2840 689 2895 vari
723 2839 774 2893 in
804 2838 1077 2894 creatione
1105 2851 1363 2890 novorum
1394 2833 1766 2897 cardinaliuin,
1788 2841 1841 2886 et
1869 2833 1920 2885 in
1953 2832 2168 2885 datioue

579 2932 781 2999 annuli,
809 2940 863 2987 et
889 2929 1256 3000 aSsignationc
1299 2927 1432 2982 tituli
1462 2926 1542 2981 eis
1574 2925 1837 2991 facienda,
1871 2933 1925 2977 et
1955 2924 2168 2993 quando

581 3025 895 3094 presbytero
940 3021 1199 3076 cardinali
1253 3034 1359 3073 non
1400 3019 1611 3072 noviter
1638 3026 1824 3071 creato
1855 3016 2164 3085 pri-videtnr

580 3115 646 3169 de
678 3113 830 3168 titulo
858 3111 1147 3181 ep'scopali
1191 3109 1549 3174 cardinalari,
1595 3118 1651 3162 et
1702 3108 1771 3163 de
1821 3108 2050 3162 adventu
2098 3109 2164 3162 ad

2336 1917 2448 1985 Qua
2479 1918 2565 1973 die
2591 1917 2835 1986 Veneris,
2888 1920 3025 1976 facta
3075 1923 3319 1993 primitus
3362 1927 3667 1983 reverentia
3703 1943 3851 1996 papa:

2266 2023 2363 2077 per
2382 2010 2709 2077 cardinales,
2737 2027 2872 2082 papa
2897 2014 3112 2067 mandat
3138 2017 3279 2083 quod
3321 2026 3570 2084 portetur
3604 2021 3852 2073 catbedva

2267 2104 2429 2155 nuda.
2460 2103 2577 2170 Quo
2608 2104 2775 2170 dicto,
2809 2121 2998 2160 omnes
3023 2107 3324 2164 cardinales
3353 2122 3551 2164 exeunt
3594 2114 3853 2166 consisto-

2267 2192 2429 2258 rium,
2456 2202 2511 2247 et
2543 2207 2741 2263 ponent
2774 2210 2833 2250 se
2861 2197 2912 2250 itt
2963 2198 3065 2250 line
3113 2196 3253 2251 illius
3304 2200 3443 2253 aula:
3476 2202 3561 2256 vel
3598 2218 3848 2265 cantem,

2268 2286 2355 2339 ubi
2400 2293 2611 2340 tenetur
2640 2285 3048 2353 consi~toritun;
3104 2298 3335 2358 excepto
3368 2292 3553 2359 priore
3606 2296 3854 2363 episcopo

2269 2377 2550 2443 cardinali,
2591 2378 2677 2448 qui
2707 2392 2949 2433 remanet
2977 2379 3078 2445 ibi,
3104 2390 3158 2434 et
3188 2382 3336 2448 ponit
3363 2399 3421 2435 sn
3450 2382 3523 2436 ad
3555 2386 3850 2439 sedendum

2268 2483 2427 2536 supra
2459 2468 2771 2523 cathedram
2805 2472 3000 2524 nudant
3025 2512 3040 2538 ,
3095 2487 3213 2542 quae
3258 2473 3420 2528 debet
3465 2490 3591 2531 esse
3622 2476 3690 2531 ad
3722 2478 3853 2532 latus

2270 2574 2419 2629 papa:
2441 2558 2685 2614 devtrum
2719 2569 2921 2630 parata.

2344 2650 2599 2705 Dominus
2629 2667 2756 2707 vero
2789 2667 2922 2721 papa
2968 2653 3251 2710 consuevit
3294 2654 3477 2711 dicere
3510 2657 3586 2711 illi
3616 2658 3858 2713 cardina-

2270 2742 2305 2797 li
2336 2785 2349 2806 ,
2388 2755 2444 2798 et
2466 2744 2587 2798 aliis
2612 2752 2730 2813 po~t
2767 2760 2888 2800 eum
2931 2748 3268 2803 venientibus
3292 2751 3592 2804 ~ecuttdutu
3617 2753 3854 2807 ord=ne<n

2268 2846 2456 2887 suum:
2493 2835 2606 2890 Nos
2628 2837 2913 2906 cogitamus
2941 2838 3006 2892 de
3025 2839 3213 2893 talibus
3237 2844 3491 2907 personis,
3508 2859 3649 2913 quas
3677 2846 3747 2899 ibi
3771 2862 3856 2897 no-

2272 2927 2464 2992 minat,
2493 2927 2680 2982 d'catis
2710 2929 2837 2999 quid
2868 2930 3004 2983 vobis
3033 2932 3096 2984 de
3124 2932 3253 2999 istis,
3286 2933 3365 2985 vel
3412 2934 3477 2986 de
3523 2935 3579 2987 al
3599 2935 3643 2988 is
3672 2937 3859 2989 mdetnr

2270 3035 2379 3073 esse
2408 3021 2656 3087 ﬂendum.
2704 3020 2852 3076 Tunc
2900 3022 3191 3078 cardinalis
3237 3025 3326 3078 ille
3354 3036 3409 3080 et
3440 3026 3532 3079 alii
3563 3030 3859 3081 successive

2273 3122 2454 3181 postea
2489 3128 2582 3179 per
2606 3112 2847 3166 ordinem
2878 3127 3034 3166 suum
3062 3115 3335 3169 venientes
3360 3117 3695 3185 respondent
3723 3122 3855 3188 quod

580 3210 780 3269 curiam
810 3224 1066 3265 novorum
1092 3206 1464 3271 cardinalium,
1494 3206 1536 3259 si
1566 3220 1676 3260 sua:
1700 3206 1991 3261 creatioiiis
2023 3214 2159 3261 tein-
2191 3190 2242 3256 Ο
2271 3203 2348 3259 eis
2369 3204 2600 3271 videtur,
2632 3206 2922 3261 secundum
2964 3207 3104 3275 quod
3136 3207 3276 3263 Deus
3306 3209 3386 3263 eis
3419 3209 3781 3276 ministravit;
3808 3222 3857 3264 et

583 3320 712 3375 pore
739 3320 766 3358 a
795 3303 939 3360 curia
966 3303 1071 3359 sint
1095 3303 1366 3358 absentes.

657 3397 721 3451 Et
752 3395 924 3465 primo
946 3393 1013 3449 de
1045 3394 1129 3459 iis,
1163 3393 1253 3463 qui
1286 3392 1643 3447 interveniunt
1679 3391 1731 3445 in
1760 3390 2032 3446 creatione
2071 3406 2166 3446 no-

579 3503 765 3543 vorum
786 3486 1158 3543 cardinalium.

652 3577 943 3633 Sciendum
975 3575 1115 3645 quod
1141 3575 1193 3629 in
1222 3575 1497 3630 creatione
1520 3590 1781 3629 novorum
1811 3574 2163 3630 eartlinalium

582 3674 770 3730 modus
795 3674 883 3743 qui
912 3673 1153 3743 sequitur
1174 3672 1453 3727 consuevit
1475 3671 1698 3727 servari.

655 3766 752 3821 Die
801 3765 1045 3820 Mercurii
1077 3772 1306 3833 quatuor
1337 3771 1637 3832 temporum
1670 3761 1918 3815 dominus
1949 3777 2080 3831 papa
2112 3761 2165 3817 in

581 3856 903 3911 consistorio
953 3856 1231 3910 consuevit
1294 3867 1539 3922 quaerere
1601 3868 1631 3906 a
1688 3852 2052 3907 cardinalibns
2097 3867 2165 3907 an

582 3945 832 4016 expediat
867 3943 979 3999 ﬁeri
1017 3946 1343 4000 creationem
1376 3959 1634 3999 novorum
1682 3944 2054 4013 cardinalium,
2089 3944 2167 3998 l'a-

581 4036 772 4092 ciendo
800 4036 874 4091 ibi
918 4034 1164 4106 primitus
1194 4035 1478 4106 aliqualetn
1511 4035 1880 4089 brevissimam
1929 4035 2166 4090 collatio-

584 4145 729 4194 nem,
761 4127 903 4199 quod
952 4126 1199 4195 expediat
1226 4141 1413 4181 creare
1437 4141 1603 4180 novos
1626 4125 1948 4179 cardinales.
1982 4123 2167 4180 Cardi-

581 4219 730 4277 nales
758 4233 890 4274 vero
918 4226 1104 4287 postea
1136 4232 1327 4272 omnes
1348 4218 1570 4288 quilibet
1593 4218 1889 4274 secundum
1917 4217 2163 4273 ordinem

578 4325 734 4367 suum
777 4309 939 4382 425
980 4321 1373 4364 consueverunt
1422 4309 1752 4376 respondere
1796 4318 1846 4363 et
1884 4309 2166 4363 consulere

579 4417 647 4455 an
673 4400 923 4472 expediat
968 4399 1102 4466 ﬁeri,
1134 4402 1216 4453 vel
1250 4413 1377 4451 non.
1401 4397 1519 4465 Quo
1561 4397 1721 4465 facto,
1753 4397 2001 4452 dominus
2033 4413 2112 4466 pa,
2134 4414 2163 4453 a

577 4504 852 4547 consuevn
908 4489 1088 4545 dicere
1138 4505 1151 4541 :
1194 4487 1308 4542 Nos
1360 4490 1619 4557 sequimur
1664 4488 1937 4543 consilium
1992 4491 2165 4543 diecu—

2271 3310 2389 3352 eum
2413 3313 2601 3353 omnes
2619 3300 2919 3354 cardinales
2946 3300 3111 3372 426
3135 3301 3439 3357 successive
3461 3304 3755 3358 secundum
3776 3319 3859 3357 or-

2270 3388 2451 3443 dinem
2505 3403 2660 3444 Snum
2717 3390 3111 3460 responderint,
3142 3406 3332 3446 omnes
3385 3393 3618 3449 redeunt
3671 3376 3859 3449 adse-

2268 3480 2500 3535 dendum
2544 3481 2596 3536 in
2623 3483 2943 3538 eoosistorio
2966 3484 3257 3539 secundum
3289 3486 3540 3540 ordinem
3574 3502 3753 3542 suum.

2340 3574 2459 3637 Quo
2511 3560 2672 3639 facto,
2706 3572 2956 3628 dominus
3008 3590 3141 3643 papa
3191 3579 3477 3632 consuevit
3524 3579 3608 3633 eis
3650 3580 3856 3635 dice'e:

2273 3660 2379 3715 Deo
2426 3664 2659 3733 gratias,
2711 3680 2807 3718 nos
2851 3664 3096 3718 habemus
3145 3665 3207 3719 de
3259 3668 3489 3733 personis
3539 3670 3858 3723 concordiam

2270 3757 2495 3809 omnium
2525 3758 2768 3827 fratrum,
2799 3758 2879 3812 vel
2920 3758 3009 3827 qui
3039 3757 3353 3822 minimtun,
3378 3762 3462 3814 vel
3494 3761 3723 3830 majoris
3750 3777 3857 3831 par-

2272 3846 2339 3900 tis
2367 3848 2659 3900 secundutn
2708 3847 2849 3915 quod
2888 3847 3108 3918 fuerint,
3139 3848 3271 3903 nihil
3305 3859 3482 3904 tamen
3526 3851 3677 3906 aliud
3707 3867 3857 3921 supra

2270 3939 2385 4007 ipsa
2413 3939 2700 3994 concordia
2731 3938 2986 4009 specitice
3032 3942 3417 4010 exprimendo;
3461 3956 3511 3998 et
3559 3946 3859 4000 immediate

2270 4027 2392 4098 ipse
2440 4028 2510 4083 ibi
2564 4040 2712 4084 creat
2762 4030 3066 4085 cardinales
3098 4039 3206 4085 tam
3261 4045 3557 4101 pra-sentes
3619 4036 3674 4089 in
3723 4038 3855 4090 cuii:

2268 4134 2428 4189 quam
2450 4119 2722 4186 absentes,
2754 4122 2823 4176 dit
2843 4124 2984 4177 endo
3014 4140 3027 4175 :
3064 4142 3083 4175 t
3124 4126 3463 4181 Auctoritate
3489 4127 3587 4183 Dei
3618 4130 3859 4198 omnipo-

2277 4213 2475 4278 tentis,
2509 4228 2814 4270 sanctorum
2866 4218 3231 4285 apostolorum
3281 4219 3424 4274 Petri
3464 4230 3521 4275 et
3584 4220 3773 4286 Pauli,
3812 4233 3862 4275 et

2274 4315 2481 4377 nostra,
2514 4309 2673 4364 talem
2697 4350 2713 4377 ,
2757 4312 2801 4364 si
2830 4310 2900 4365 sit
2930 4311 3206 4381 priuatus,
3237 4311 3566 4369 absolvimus
3593 4329 3624 4368 a
3656 4314 3861 4369 vinculo

2273 4413 2379 4467 quo
2411 4402 2691 4456 tenebatur
2716 4401 2961 4457 ecclesia:
2984 4416 3125 4468 sua);
3168 4410 3223 4457 et
3250 4405 3425 4473 ipsum
3456 4405 3785 4459 assumimus
3811 4409 3858 4459 iu

2276 4491 2643 4559 presbyterum
2694 4502 2892 4547 sancta!
2921 4493 3177 4549 Romana:
3210 4495 3465 4550 Ecclesia:
3497 4499 3846 4552 cardinaletn.

580 4583 708 4634 ιίυηι
735 4620 750 4644 ν
805 4579 942 4649 ιιηοά
995 4579 1154 4646 ﬁam.
1196 4578 1279 4631 νει
1328 4594 1431 4630 ηοη
1470 4577 1630 4646 βαηθ,
1684 4578 1976 4632 secundum
2027 4579 2166 4647 Quod
2200 4579 2254 4640 D
2283 4583 2379 4638 Ubi
2409 4599 2535 4638 vero
2562 4586 2651 4641 ille
2698 4602 2802 4641 non
2834 4596 2978 4642 esset
3021 4588 3295 4656 praelatus,
3344 4588 3517 4644 dicit:
3549 4590 3737 4645 Talem
3779 4606 3862 4643 as-

585 4672 775 4727 tnelius
824 4670 1091 4724 videbitur
1138 4668 1185 4722 ei
1238 4669 1561 4724 faciendum.
1598 4670 1663 4723 Et
1691 4670 1778 4724 ubi
1835 4670 1984 4739 eligit
2024 4670 2164 4726 viam

581 4764 719 4833 quod
780 4763 909 4815 ﬁant
970 4759 1316 4825 immediate,
1371 4760 1670 4829 interrogat
1741 4762 2045 4817 cardinales
2097 4761 2165 4817 de

576 4868 777 4923 quanto
811 4867 1035 4907 numero
1063 4852 1277 4905 videtur
1302 4851 1380 4906 eis
1404 4852 1728 4907 faciendum.
1760 4854 1877 4920 Quo
1898 4865 2007 4921 res.
2028 4868 2163 4908 onso

577 4961 670 5019 per
693 4960 787 5002 eos
809 4957 864 5001 ut
901 4960 1086 5014 supra,
1118 4946 1368 5000 dominus
1399 4960 1530 5015 papa
1556 4945 1683 5000 dicit
1714 4964 1726 4998 :
1768 4946 1877 5000 Nos
1904 4948 2162 5015 sequimur

572 5043 841 5096 consilium
871 5040 1150 5094 dicentium
1178 5040 1313 5108 quod
1339 5039 1467 5107 [iant
1496 5056 1651 5108 usque
1694 5040 1761 5093 ad
1805 5043 1956 5093 talem
1985 5057 2162 5094 nume-

572 5152 709 5190 rum.
746 5113 945 5190 Deinde
984 5132 1177 5187 ibidem
1211 5132 1341 5186 dicit
1372 5149 1386 5186 :
1417 5129 1789 5205 Cagitabimus,
1833 5143 1882 5188 et
1934 5137 2163 5205 cogitetis

571 5232 633 5282 de
661 5229 890 5300 personis
918 5226 1265 5289 nominandis,
1303 5234 1352 5280 et
1397 5226 1479 5280 die
1520 5225 1724 5281 Veneris
1752 5230 1988 5299 proxima
2034 5244 2157 5299 age-

572 5336 684 5373 mus
712 5336 864 5388 super
892 5318 953 5371 iis
976 5316 1083 5371 Deo
1107 5316 1279 5370 dante.

644 5411 743 5463 Ista
765 5418 913 5466 .snnt
942 5424 1096 5470 vera,
1125 5408 1339 5477 quando
1383 5408 1684 5464 catdinales
1713 5420 1839 5463 sunt
1869 5426 2055 5465 omnes
2103 5412 2152 5466 in

573 5499 893 5551 consistorio
927 5508 1243 5565 prmsentes.
1266 5497 1322 5552 Si
1353 5509 1530 5554 autem
1560 5501 1665 5554 sint
1704 5501 1865 5569 al-qoi
1901 5502 1954 5555 in
1983 5505 2152 5557 domi-

572 5587 670 5640 bos
697 5587 810 5639 suis
862 5588 1175 5643 inﬁrmitate
1214 5587 1441 5654 detenti,
1471 5600 1553 5646 est
1600 5603 1910 5647 consuetum
1943 5593 1994 5647 in
2026 5609 2155 5648 cou-

571 5676 795 5730 sistorio
828 5690 924 5743 per
944 5676 1213 5729 dominum
1240 5692 1431 5746 papam
1466 5683 1702 5735 mandari
1733 5682 1939 5737 duobus
1978 5685 2153 5739 cardi-

573 5764 800 5828 ualibus,
825 5764 964 5835 quod
998 5764 1189 5817 vadunt
1217 5767 1283 5818 ad
1331 5768 1634 5825 cardinales
1678 5774 1946 5841 absentes,
1982 5785 2033 5829 et
2066 5790 2147 5832 re-

2274 4676 2535 4732 sumimus
2588 4678 2641 4731 in
2704 4678 3113 4749 presbyterum,
3173 4680 3257 4735 vel
3323 4681 3609 4745 diaconum
3662 4694 3861 4736 Sancta:

2275 4770 2531 4826 Romanae
2568 4770 2823 4827 Ecclesia:
2865 4772 3227 4839 cardinalem;
3274 4774 3571 4829 secundum
3614 4776 3756 4843 quod
3786 4777 3862 4828 εἰς

2272 4863 2394 4929 dem
2422 4863 2638 4918 domino
2679 4878 2829 4934 papie
2876 4865 3047 4935 magis
3096 4865 3327 4935 placebit
3362 4880 3527 4936 super
3572 4866 3675 4923 boc
3719 4867 3860 4922 ordi-

2273 4969 2419 5010 nare.
2468 4975 2488 5008 ι

2342 5047 2547 5115 Quibus
2595 5046 2957 5103 cardinalibus
2983 5048 3202 5114 creatis,
3245 5048 3500 5105 dominus
3548 5066 3685 5120 papa
3722 5052 3863 5107 vadit

2270 5138 2334 5192 ad
2369 5153 2640 5193 cameram
2672 5155 2848 5204 suam,
2880 5151 2935 5194 et
2980 5141 3283 5196 cardinales
3326 5141 3527 5198 ibidem
3587 5144 3862 5213 publicant

2269 5231 2634 5298 prot-isinnem
2669 5246 2931 5286 novorum
2980 5231 3355 5300 cardinatinm,
3395 5236 3594 5303 quibus
3629 5237 3715 5291 eis
3750 5238 3862 5306 pla-

2265 5330 2370 5376 cet.
2404 5321 2658 5376 Dominus
2690 5338 2819 5377 vero
2848 5338 2983 5393 papa
3037 5324 3306 5379 interdum
3359 5325 3582 5392 ibidem,
3614 5342 3658 5380 c-
3684 5343 3740 5382 In
3793 5330 3857 5380 ad

2266 5427 2534 5466 cameram
2559 5427 2708 5466 suam
2733 5413 2974 5481 redierit,
3005 5415 3287 5468 consuevit
3307 5417 3466 5470 novis
3493 5417 3860 5471 cardinalibus

2268 5504 2595 5579 creationem
2624 5504 2692 5559 de
2743 5507 2824 5560 cis
2856 5506 3111 5560 mandate
3161 5520 3257 5575 per
3285 5505 3629 5563 domicellum
3674 5524 3858 5577 suum,

2262 5593 2531 5649 interdum
2558 5612 2688 5649 non.

2337 5689 2428 5747 Die
2449 5688 2677 5743 Sabbato
2698 5700 2955 5759 sequente
2997 5690 3247 5746 dominus
3269 5705 3428 5762 papa,
3457 5692 3595 5747 facta
3626 5692 3675 5747 ei
3702 5708 3860 5747 reve-

2262 5778 2434 5835 rentia
2461 5778 2517 5836 in
2547 5779 2867 5835 consistorio
2916 5794 3010 5847 per
3040 5779 3341 5836 cardinales
3364 5822 3381 5847 ,
3434 5781 3655 5860 mandat
3697 5779 3850 5849 quod
