4006 6298
219 363 352 419 12(ἰί

1399 351 1656 408 ROMANI
1697 346 2018 403 OilDlNES.
2063 381 2131 391 ——
2174 350 2303 405 XIV.

3355 363 3373 415 l
3386 360 3490 414 ξω

231 476 542 546 aperiantur
590 481 754 541 porta:
794 469 951 534 anlrr,
987 468 1072 520 ubi
1131 475 1341 520 tenetur
1387 463 1762 518 consistorium
1791 500 1806 525 ,
1841 461 1887 516 Λ
1915 460 2071 514 debet
2096 463 2273 516 dicere
2303 463 2565 516 submissa
2599 477 2724 517 voce
2747 462 2902 517 Pater
2929 472 3130 530 noster;
3158 475 3339 535 psstea
3361 484 3482 524 can-

219 568 468 622 omnibns
520 564 718 617 intrare
749 560 1080 623 volentibus;
1114 569 1166 612 et
1207 558 1405 612 ibidem
1439 557 1596 609 debet
1623 556 1806 607 venire

221 660 286 713 ad
315 654 713 717 consistorium,
746 662 799 706 et
829 653 962 705 intra
1010 651 1387 704 consistorium
1437 648 1571 700 intra
1615 645 1806 699 sedere

223 748 575 809 camct'aritts,
611 755 666 801 et
717 744 931 809 notarii,
965 753 1016 798 et
1073 743 1340 811 capellani
1397 740 1596 793 domini
1633 754 1691 798 ia
1733 753 1800 794 αξ,

225 851 279 896 et
311 840 588 894 auditores
620 835 831 904 palatii,
881 845 934 888 et
981 834 1163 888 clerici
1209 847 1437 885 cumet-ie
1476 829 1674 882 domini
1710 844 1804 897 pa-

227 949 339 1001 p:e;
380 931 471 985 alii
523 943 652 983 vero
690 927 889 981 debent
935 935 1077 981 stare
1135 925 1301 994 pedes
1348 934 1498 976 extra
1546 923 1806 976 consisto-

227 1026 386 1079 rium.

295 1117 498 1170 Omnes
545 1129 674 1166 vero
720 1109 1026 1167 cardinales
1075 1111 1196 1162 novi
1240 1108 1440 1161 debent
1497 1117 1621 1159 tunc
1675 1115 1807 1158 tem-

229 1211 375 1278 poris
411 1220 531 1260 esse
580 1213 733 1258 extra
790 1201 1163 1256 consistorium
1211 1200 1262 1252 in
1303 1200 1419 1251 aula
1474 1199 1557 1250 vel
1598 1211 1806 1249 camera

230 1302 298 1354 ibi
321 1300 453 1353 satis
481 1312 665 1368 prOpe,
697 1310 972 1365 quousque
1010 1293 1256 1348 dominus
1287 1308 1418 1362 pupa
1455 1293 1677 1344 mandet
1715 1306 1807 1345 eos

234 1389 433 1445 vocari.

303 1482 559 1536 Dominus
582 1493 711 1535 vero
743 1493 874 1548 papa
901 1475 1030 1531 facit
1060 1476 1129 1531 ibi
1162 1475 1214 1530 in
1248 1475 1527 1542 prmscntia
1570 1475 1808 1527 omnium

231 1589 397 1630 unum
450 1573 669 1627 brevem
725 1583 1065 1632 sermonem;
1099 1567 1151 1622 in
1208 1568 1312 1621 line
1365 1580 1494 1621 V810
1550 1565 1813 1620 sermonis

231 1664 506 1721 descendit
557 1679 652 1733 per
701 1661 943 1716 ordinem
992 1659 1058 1714 ad
1108 1659 1523 1713 nominationem
1565 1653 1812 1709 cardina-

233 1755 388 1816 lium,
429 1761 538 1806 tam
592 1750 937 1820 prmsentititu
983 1749 1034 1803 in
1085 1749 1253 1815 curia,
1303 1761 1460 1817 quam
1516 1746 1812 1800 absentium

1915 557 2073 607 tando
2104 556 2424 610 versiculum
2454 554 2521 607 Et
2550 573 2611 608 ne
2641 573 2731 608 nos
2777 557 2992 610 inducas
3046 558 3097 612 in
3143 561 3485 626 tentationem,

1914 646 2261 712 resiiondelur
2285 645 2390 698 Sed
2415 646 2573 698 libera
2615 662 2705 698 nos
2737 663 2766 698 a
2797 646 2955 701 malo.
2996 647 3148 702 Vers.
3179 647 3360 704 Salvos
3407 652 3493 719 {ac

1913 754 2079 790 servos
2109 747 2257 801 tuos;
2288 738 2644 800 resiiondctur
2679 739 2813 792 Deus
2843 756 2989 794 meus
3019 753 3284 807 sperantes
3327 745 3380 797 in
3421 755 3488 798 te.

1916 830 2065 883 Vcrs.
2103 829 2177 883 Mi
2201 839 2248 883 te
2269 832 2339 883 eis
2368 832 2618 884 auxilium
2652 833 2714 884 de
2740 844 2946 896 sancto;
2970 835 3321 902 respondetur
3343 835 3408 889 Et
3431 840 3494 890 de

1913 924 2042 977 Sion
2099 933 2236 976 tuere
2287 940 2391 978 eos.
2453 925 2599 977 \‘ers.
2659 925 2908 992 Domine,
2948 931 3136 982 exaudi
3192 930 3490 985 Orationem

1916 1017 2490 1085 meam;respondelur
2537 1015 2602 1068 Et
2650 1020 2844 1072 clamor
2891 1037 2937 1072 m
2971 1038 3029 1073 us
3084 1023 3151 1075 ad
3209 1025 3490 1078 ιελῑσεηὶηι.

1918 1106 2068 1160 \‘crs.
2099 1106 2347 1159 Dominus
2367 1107 2660 1173 vobiscum;
2690 1111 3043 1177 respondetur
3073 1111 3140 1164 Et
3166 1129 3282 1165 cum
3307 1116 3492 1181 spiritu

1915 1209 2020 1250 tuo.

1984 1291 2146 1360 428
2188 1292 2420 1344 Oremus.
2451 1322 2518 1333 -—
2553 1293 2883 1361 Omnipotens
2900 1295 3200 1361 sempiterna
3232 1296 3494 1360 Deus,nii-

1916 1399 2080 1436 serere
2106 1384 2312 1451 famulis
2344 1385 2463 1444 tuis,
2490 1395 2536 1437 et
2566 1385 2731 1453 dn'ige
2759 1401 2841 1438 eos
2870 1387 3150 1440 secundum
3176 1388 3494 1442 clementiam

1918 1482 2054 1525 tuam
2081 1473 2131 1526 in
2155 1474 2288 1525 viam
2316 1472 2496 1527 salutis
2516 1486 2738 1539 ueterum,
2769 1484 2822 1528 ut
2863 1486 2910 1530 te
2941 1478 3166 1532 donante
3195 1481 3284 1534 tibi
3312 1484 3496 1550 placita

1919 1564 2145 1632 cupiant,
2169 1574 2216 1617 et
2237 1573 2344 1617 tota
2365 1566 2547 1618 virtute
2569 1567 2853 1635 perﬁciant.

1990 1657 2107 1710 Alia
2127 1658 2326 1711 Orario.
2347 1688 2413 1696 —
2433 1658 2669 1712 Aviones
2691 1669 2911 1727 nostras,
2933 1676 3236 1732 quaesumus,
3264 1665 3495 1722 Domine.

1922 1749 2200 1816 aspirando
2227 1749 2465 1819 prwvrni,
2495 1757 2540 1801 et
2568 1751 2864 1820 ndjuvando
2893 1769 3214 1822 prosequere,
3244 1766 3299 1808 ut
3320 1765 3499 1811 cuncta

231 1858 368 1910 quos
408 1842 640 1905 creavit,
693 1839 988 1908 quemlibet
1033 1853 1219 1891 eorum
1263 1835 1689 1890 eommemlaudo
1745 1835 1813 1888 dc
1848 1824 1892 1884 Β
1921 1848 2094 1894 nostra
2124 1840 2348 1908 Operatio
2374 1852 2422 1893 et
2443 1841 2606 1893 oratio
2634 1857 2665 1892 a
2691 1851 2738 1894 te
2761 1859 2960 1908 semper
2992 1846 3227 1915 incipiat,
3261 1858 3308 1901 et
3336 1865 3424 1918 per
3455 1861 3502 1903 te

231 1931 472 1990 scientia,
505 1929 785 1992 ﬁdelitate,
829 1926 1143 1998 prudentia,
1175 1935 1226 1979 et
1254 1924 1390 1987 alia,
1439 1932 1598 1993 prout
1628 1924 1816 1978 merita

230 2021 517 2090 ciijuslibet
541 2020 848 2089 requirent;
882 2028 938 2073 et
970 2019 1022 2072 in
1048 2021 1153 2071 line
1180 2016 1661 2072 commendationis
1691 2014 1820 2068 dicit

229 2113 454 2167 cuitibet
483 2127 741 2165 novorum
769 2110 1124 2165 cardinalium
1147 2111 1224 2163 sic
1260 2128 1271 2160 :
1312 2109 1485 2162 Tutem
1509 2107 1819 2161 absolvimus

232 2223 265 2258 α
294 2203 628 2273 vinculo,quo
651 2204 880 2257 ecclesia:
911 2220 1017 2257 sua:
1036 2203 1512 2264 tenebatur,eteum
1542 2201 1822 2271 assumpsi-

233 2313 347 2349 mus
362 2307 406 2350 et
429 2298 732 2353 assumimus
758 2297 808 2351 in
832 2297 1177 2366 presbyterum
1192 2295 1348 2366 427
1362 2304 1552 2349 sanctw
1578 2293 1821 2347 Romanas

235 2386 484 2442 Ecclesia!
518 2387 850 2440 cardin:.lem.
882 2386 936 2441 Si
964 2402 1092 2442 vero
1120 2403 1226 2440 non
1255 2389 1362 2440 sint
1393 2385 1616 2454 pt'aalati,
1642 2399 1746 2438 non
1767 2383 1818 2437 lit

238 2478 440 2531 mentio
468 2477 535 2530 de
557 2478 882 2538 absolvimus.
913 2477 1006 2531 sed
1035 2476 1122 2530 die
1147 2485 1164 2528 t
1199 2493 1210 2528 :
1243 2477 1625 2546 Assumpsimus
1654 2485 1698 2528 ct
1739 2492 1822 2528 as-

233 2570 483 2622 sumimus
512 2570 563 2622 in
593 2569 962 2638 presbyterum,
1010 2569 1088 2622 vel
1136 2569 1436 2633 diaconum,
1475 2576 1666 2622 sanctie
1719 2565 1822 2620 lio-

236 2678 403 2715 ηιιιηιε
434 2660 679 2715 Ecclesia:
706 2660 1038 2714 cardinalem.

308 2753 423 2820 Quo
466 2753 626 2819 facto,
658 2751 907 2806 dominus
953 2767 1082 2821 papa
1123 2751 1247 2806 facit
1293 2751 1472 2806 vocari
1520 2749 1823 2805 cardinales

237 2859 428 2910 navos,
447 2845 535 2914 qui
570 2845 768 2899 debent
797 2846 981 2898 venire
1009 2844 1075 2899 ad
1099 2859 1220 2900 eum
1251 2844 1547 2899 secundum
1576 2843 1819 2898 ordinem

234 2951 396 3004 quem
427 2936 675 2990 dominus
706 2951 838 3005 papa
878 2936 1103 2990 dederat
1143 2936 1194 2990 in
1247 2950 1341 2990 eos
1393 2935 1738 2995 nominando.
1766 2943 1821 2988 et

237 3038 382 3082 stare
415 3028 575 3097 pedes
606 3039 752 3084 retro
783 3028 1178 3094 consistorium,
1211 3037 1259 3083 et
1313 3029 1527 3083 tirmare
1569 3043 1627 3082 se
1679 3036 1822 3082 retro

235 3124 461 3178 bancam
491 3139 608 3192 qua:
639 3132 722 3178 est
752 3124 819 3177 ab
840 3123 1090 3192 Opposita
1116 3124 1264 3176 sedis
1293 3121 1564 3176 cathedra:
1620 3120 1821 3174 domini

1922 1940 2084 1999 rapta
2111 1931 2340 1998 ﬁniatur.
2369 1930 2469 1985 Per
2505 1931 2764 1986 Christum
2799 1933 3072 1990 Dominum
3116 1949 3367 1993 nostrum.
3395 1940 3499 1996 lle-

1923 2021 2221 2089 Spondetur
2250 2023 2427 2077 Amen.

1998 2110 2257 2165 Praedicta
2291 2120 2465 2165 tamen
2524 2111 2719 2167 debent
2746 2112 2850 2168 dici
2897 2129 2992 2184 per
3032 2117 3337 2186 episcopum
3371 2135 3507 2186 pra:-

1924 2203 2123 2259 dictum
2155 2204 2209 2257 in
2239 2203 2380 2259 libro
2403 2205 2493 2274 qui
2526 2218 2687 2274 supra
2731 2207 2901 2262 altare
2930 2207 3236 2265 debetcsse
3267 2221 3499 2280 paratus.

1923 2294 2131 2360 Quibus
2157 2294 2340 2362 ﬁnitis,
2372 2296 2636 2365 capellani
2660 2297 2864 2353 domini
2899 2314 3069 2370 papze,
3103 2301 3216 2357 bini
3261 2311 3317 2357 et
3358 2302 3500 2366 bini,

1925 2388 2189 2457 recipiunt
2218 2401 2385 2442 novos
2424 2386 2746 2455 cardinales,
2774 2398 2828 2445 et
2871 2405 2968 2446 eos
3021 2390 3221 2447 faciunt
3273 2394 3504 2449 osculari

1925 2479 2345 2546 altare;deinde
2392 2481 2535 2549 ipsos
2583 2480 2851 2536 adducunt
2902 2484 3195 2538 secundum
3255 2485 3498 2541 ordinem

1925 2585 2076 2626 suum
2105 2571 2168 2624 ad
2217 2570 2462 2625 osculum
2495 2570 2606 2624 oris
2643 2570 2995 2627 cardinalium
3043 2574 3405 2643 antiquorum.
3441 2576 3508 2628 Et

1928 2665 2099 2734 primo
2127 2663 2344 2719 veniunt
2372 2664 2437 2718 ad
2467 2663 2767 2734 episcopos,
2789 2665 3028 2720 secundo
3048 2665 3114 2720 ad
3140 2667 3501 2736 presbyteros,

1924 2754 2314 2825 subsequentcr
2339 2754 2402 2807 ad
2440 2754 2695 2809 diaconos
2731 2756 3050 2822 cardinales,
3079 2756 3371 2826 quemlibet
3398 2772 3493 2813 eo-

1926 2860 2042 2901 rum
2068 2846 2358 2900 secuudum
2389 2845 2628 2900 ordinem
2659 2862 2812 2902 suum
2842 2847 3154 2903 osculando.

1997 2936 2113 3004 Quo
2141 2936 2305 2999 facto,
2336 2937 2539 3005 antiqui
2571 2937 2872 2992 cardinales
2904 2938 3010 2992 bini
3053 2947 3110 2993 et
3143 2939 3249 2994 bini
3283 2939 3510 2995 redeunt

1925 3027 1992 3081 ad
2037 3027 2415 3082 consistorium
2463 3026 2530 3080 ad
2577 3027 2872 3081 sedendum
2917 3028 3209 3083 secundum
3261 3031 3502 3086 ordinem

1926 3114 2364 3178 suum;diaconi
2398 3130 2528 3169 vero
2577 3115 2878 3170 cardinales
2926 3117 3257 3186 antiquiores
3308 3120 3509 3174 ducunt

239 3231 413 3285 papm,
449 3217 535 3272 ubi
569 3216 760 3272 si-dent
788 3216 876 3270 alii
919 3216 1122 3285 antiqui
1165 3214 1367 3269 domini
1410 3212 1744 3276 cardinales;
1769 3221 1823 3266 et
1849 3193 1898 3259 ο
1931 3210 2122 3264 iterum
2152 3208 2261 3264 bini
2293 3217 2348 3262 et
2377 3208 2486 3262 bini
2513 3221 2688 3262 novos
2719 3207 3021 3263 cardinales
3041 3211 3334 3265 secundum
3360 3214 3510 3267 ordi-

235 3316 368 3362 tunc
388 3307 638 3362 dominus
664 3323 796 3378 papa
836 3307 996 3361 debet
1038 3307 1218 3362 dicere
1267 3307 1422 3361 novis
1464 3305 1823 3360 cardinalibus

233 3399 413 3467 aliqua
443 3398 509 3451 ad
536 3399 937 3454 instructionem
961 3413 1165 3461 eorum,
1191 3398 1375 3466 quales
1402 3398 1597 3452 debent
1624 3411 1743 3452 esse
1769 3396 1822 3449 iu

233 3488 502 3552 consiliis,
531 3497 586 3541 et
622 3488 741 3542 aliis
789 3490 1030 3558 agendis.
1076 3490 1280 3555 Quibus
1321 3489 1499 3556 dict’s,
1530 3498 1684 3542 voczit
1728 3502 1824 3542 eos

234 3579 385 3648 quod
415 3578 632 3630 veniant
659 3577 723 3630 ad
755 3592 908 3641 cum;
939 3587 994 3631 et
1032 3578 1084 3632 in
1114 3579 1333 3632 introitu
1373 3578 1674 3633 consistorii
1717 3577 1823 3631 duo

235 3666 452 3722 diaconi
480 3666 781 3720 cardinales
807 3666 1132 3734 antiquiores
1177 3667 1437 3734 recipiunt
1482 3682 1675 3720 novum
1706 3682 1824 3721 car-

231 3761 476 3815 dinalem
511 3758 682 3828 primo
712 3759 1041 3813 nominatum
1072 3773 1164 3828 per
1194 3756 1465 3812 dominum
1499 3773 1711 3827 papam,
1733 3759 1821 3812 alii

238 3869 374 3909 vero
402 3855 508 3910 duo
535 3853 748 3909 diaconi
773 3852 1078 3908 cardinales
1103 3852 1427 3920 antiquiores
1451 3861 1570 3920 post
1592 3852 1822 3919 primum

238 3948 508 4016 recipiunt
537 3948 685 4001 illum
726 3946 1056 4001 cardinalem
1096 3945 1338 4001 secundo
1379 3948 1827 4012 nominatum;et

239 4040 320 4092 sic
344 4039 598 4106 deinceps
630 4037 833 4091 iaciunt
861 4036 955 4090 alii
990 4035 1293 4091 cardinales
1319 4038 1528 4092 diacoiii
1563 4053 1661 4106 per
1695 4039 1811 4093 ordi

239 4145 369 4186 nem
398 4144 575 4192 suum,
613 4128 658 4183 si
682 4128 792 4182 sint
825 4127 1002 4196 plures
1030 4127 1330 4182 cardinales
1360 4129 1428 4182 de
1460 4142 1599 4181 novo
1631 4129 1823 4196 creati,

239 4231 302 4280 ct
323 4222 388 4277 ad
407 4236 499 4275 eos
521 4220 791 4274 adducunt
819 4219 884 4273 ad
904 4218 1148 4273 osculum
1172 4218 1321 4286 pedis
1352 4218 1552 4272 domini
1584 4235 1754 4288 papae.

318 4314 516 4381 Quibus
546 4328 639 4381 per
668 4327 856 4380 papam
888 4311 953 4364 ad
981 4311 1223 4366 osculum
1253 4311 1404 4380 pedis
1444 4314 1697 4380 receptis,
1729 4313 1828 4368 im-

241 4407 475 4462 mediate
503 4420 690 4460 omnes
715 4403 1017 4458 cardinales
1064 4403 1264 4472 antiqui
1322 4414 1376 4459 et
1432 4403 1614 4458 caeteri
1666 4419 1825 4474 supra

243 4496 506 4552 nominati
554 4505 808 4567 surgunt,
842 4505 897 4551 et
936 4497 987 4550 in
1038 4495 1300 4565 capellam
1350 4511 1498 4564 papa:
1547 4495 1824 4550 venientes

1928 3316 2050 3355 netu
2080 3300 2441 3368 supradictum
2473 3300 2539 3352 ad
2566 3298 2806 3354 osculum
2851 3299 3002 3367 pedis
3046 3309 3101 3354 et
3150 3302 3260 3356 oris
3305 3302 3507 3359 domini

1928 3408 2111 3462 papa};
2141 3400 2196 3447 et
2229 3400 2413 3461 postea
2443 3406 2537 3446 eos
2564 3391 2767 3446 ducunt
2797 3407 2964 3461 usque
2993 3393 3057 3447 ad
3099 3395 3281 3450 sedem
3325 3397 3377 3451 in
3409 3414 3510 3466 qua

1926 3485 2124 3540 debent
2150 3485 2342 3540 sedere
2375 3485 2428 3540 in
2457 3485 2799 3551 consistorio,
2826 3487 3122 3542 secundum
3147 3488 3390 3544 ordinem
3416 3507 3509 3555 ter

1933 3575 2212 3630 dominum
2246 3590 2435 3646 papam
2465 3575 2516 3629 in
2551 3575 2914 3632 nominatione
2959 3592 3144 3632 eorum
3195 3579 3276 3634 eis
3306 3579 3509 3636 datum.

2001 3667 2191 3720 Postea
2222 3680 2413 3721 omnes
2447 3667 2534 3721 alii
2585 3683 2690 3722 non
2739 3667 3037 3723 cardinales
3068 3669 3361 3735 recedunt;
3393 3684 3510 3738 post.

1928 3773 2157 3827 quorum
2185 3773 2454 3813 recessum
2482 3759 2736 3815 dominus
2788 3776 2924 3830 para
2975 3762 3201 3830 imponit
3243 3764 3509 3818 silentium

1929 3852 2158 3905 dominis
2185 3853 2541 3907 cardinalibus
2584 3855 2757 3919 novis,
2787 3870 3066 3924 quousque
3109 3856 3222 3926 ipse
3262 3857 3366 3912 do-i
3392 3858 3512 3912 inus

1933 3958 2065 4011 papa
2096 3944 2162 3996 de
2193 3945 2427 3998 consilio
2456 3945 2797 4014 antiquorum
2826 3947 3180 4002 cardinalium
3215 3965 3276 4002 os
3299 3950 3512 4006 duxenit

1929 4036 2010 4091 eis
2029 4036 2260 4105 aperire.
2293 4035 2360 4090 Et
2389 4045 2515 4091 tune
2539 4036 2669 4091 dicit
2694 4037 2773 4091 eis
2811 4056 2831 4090 ι
2868 4037 3101 4106 qualiter
3144 4038 3344 4094 debent
3387 4054 3509 4094 cum

1931 4127 2236 4183 reverentia
2265 4129 2408 4198 loqui
2437 4129 2489 4183 in
2517 4129 2865 4197 consistorio,
2897 4145 3018 4185 cum
3065 4131 3351 4201 loquentur
3393 4134 3510 4188 aliis

1931 4216 2307 4283 cardinalibus,
2338 4226 2446 4272 etc.
2468 4237 2482 4284 ;
2505 4234 2626 4273 cum
2656 4219 2968 4288 loquentur,
3002 4228 3109 4275 tam
3136 4220 3189 4275 in
3219 4222 3356 4276 viam
3383 4238 3512 4278 (ιου-

1932 4313 2057 4377 silii,
2089 4328 2244 4380 quam
2272 4313 2325 4367 in
2351 4313 2490 4366 viam
2515 4313 2952 4378 collationismon
2982 4316 3395 4371 contradicendo
3417 4332 3513 4373 seu

1933 4405 2294 4474 impugnando
2321 4405 2465 4460 dicta
2497 4405 2727 4461 aliorum
2757 4407 3111 4462 cardinalium
3131 4450 3146 4473 ,
3178 4408 3403 4464 sed’alia
3433 4411 3513 4463 ili-

1934 4499 2105 4554 ccndo
2137 4498 2428 4565 prudenter
2456 4510 2508 4554 et
2536 4515 2658 4554 cum
2703 4501 3025 4565 revisrentia,
3048 4501 3186 4571 quod
3217 4501 3296 4557 eis
3329 4503 3511 4556 Domi-

239 4589 319 4644 .Te
353 4587 515 4643 Deum
545 4588 810 4641 laudamus
851 4587 1111 4655 incipiunt
1138 4586 1244 4639 alta
1270 4601 1418 4650 voce,
1442 4593 1496 4640 et
1521 4584 1822 4639 cardinales
1853 4565 1908 4628 Ῑ)
1936 4608 2037 4647 nus
2067 4591 2422 4658 ministrabit;
2471 4602 2526 4647 ei
2568 4594 2800 4662 qualiter
2827 4592 2986 4648 etiam
3037 4594 3512 4650 alioscardinales

237 4679 448 4749 antiqui
473 4678 764 4734 secundum
793 4678 1036 4732 ordinem
1063 4691 1218 4732 suum
1246 4676 1357 4731 bini
1399 4685 1455 4732 et
1499 4676 1610 4732 bini
1654 4675 1825 4745 primo

243 4771 451 4824 vadunt
479 4770 545 4823 ad
575 4770 743 4823 altare
771 4768 912 4838 quod
945 4768 1102 4824 debet
1153 4767 1206 4822 in
1246 4769 1391 4832 aula,
1439 4767 1526 4821 ubi
1573 4767 1823 4822 dominus

234 4875 377 4929 papa
411 4859 971 4924 tenetconsistorium,
992 4867 1117 4912 tunc
1136 4859 1390 4928 temporis
1413 4873 1533 4913 esse
1557 4867 1821 4927 paratum,

238 4955 366 5005 sine
395 4966 554 5006 cruce
583 4962 760 5005 tamen
782 4992 797 5017 ,
827 4961 881 5005 et
909 4959 1027 5019 post
1049 4964 1144 5004 eos
1169 4950 1273 5004 duo
1295 4950 1500 5004 diaconi
1525 4951 1825 5005 cardinales

241 5042 584 5113 antiquiores
614 5043 818 5097 ducunt
845 5057 1039 5096 novum
1068 5041 1392 5096 cardinalem
1424 5042 1489 5095 ad
1523 5043 1694 5098 altare
1717 5043 1826 5112 pri—

234 5153 332 5192 mo
359 5139 689 5192 nominatum
721 5154 816 5204 per
842 5137 1118 5192 dominum
1149 5153 1371 5207 papam;
1405 5137 1495 5191 alii
1549 5153 1679 5192 vero
1718 5138 1825 5191 duo

241 5229 454 5283 diaconi
480 5230 778 5284 cardinales
805 5232 1000 5294 alium;
1040 5243 1094 5284 et
1121 5232 1199 5284 sic
1228 5231 1482 5298 deinceps
1513 5231 1710 5284 faciunt
1734 5230 1823 5283 alii

239 5321 350 5375 duo
379 5322 586 5376 diaconi
613 5322 914 5376 cardinales
934 5362 950 5387 ,
977 5322 1020 5375 si
1061 5332 1185 5376 sunt
1227 5322 1400 5389 pluves
1429 5322 1730 5376 cardinales
1760 5322 1827 5376 de

237 5427 386 5470 novo
411 5418 574 5472 creati
605 5419 900 5472 secundum
931 5417 1170 5473 ordinem
1195 5417 1593 5484 snpradictum;
1619 5426 1675 5471 et
1705 5432 1826 5471 cum

241 5511 585 5575 pervenerint
617 5511 681 5564 ad
713 5511 910 5575 altare,
941 5511 1239 5565 cardinales
1274 5512 1394 5563 novi
1439 5510 1641 5564 debent
1685 5519 1830 5565 stare

245 5599 401 5652 ﬂexis
431 5600 652 5668 genibus
682 5609 807 5655 ante
833 5601 1004 5657 altare
1027 5601 1303 5671 prostrati,
1331 5603 1560 5670 quandin
1584 5610 1829 5656 cantatur

248 5690 322 5745 Τε
351 5692 510 5744 Deum
531 5693 828 5761 laudamus,
855 5704 960 5748 etc.

319 5786 438 5850 Quo
488 5788 791 5855 compti-to,
841 5787 987 5856 prior
1043 5787 1420 5857 epfsc0porum
1478 5786 1824 5842 carlinalium

1934 4683 2164 4738 debeant
2197 4683 2497 4747 honorare;
2527 4684 2760 4752 qualiter
2789 4684 2949 4739 etiam
2983 4685 3034 4738 in
3061 4686 3301 4741 consiliis
3321 4686 3513 4742 dandis

1931 4775 2164 4830 debeant
2194 4775 2360 4829 Deum
2395 4789 2502 4840 pra:
2533 4774 2704 4828 oculis
2733 4774 2955 4839 habere,
2978 4784 3030 4828 et
3059 4777 3107 4829 in
3141 4785 3319 4830 mente
3362 4785 3420 4831 et
3459 4777 3510 4830 in

1936 4881 2030 4930 ore
2063 4874 2188 4920 tunc
2219 4864 2476 4932 temporis
2519 4865 2856 4918 sanctitatem
2884 4873 2938 4918 et
2975 4865 3260 4933 puritatem
3295 4866 3513 4928 habere.

1935 4963 2143 5012 remota
2183 4954 2422 5010 omnium
2453 4953 2776 5024 partialitate
2802 4955 3020 5021 amoris,
3066 4956 3198 5021 odii,
3234 4957 3314 5011 vel
3367 4956 3509 5011 lavo-

1935 5049 2028 5103 ris.
2070 5065 2088 5098 ι
3073 5031 3075 5033 ί

2008 5138 2310 5212 Aliquando
2329 5137 2604 5193 consuevit
2630 5145 2806 5190 tamen
2837 5136 2914 5189 eis
2935 5135 3205 5191 silentium
3236 5138 3512 5206 imponere

1938 5234 2033 5288 illo
2057 5244 2204 5297 tunc,
2226 5241 2281 5286 et
2311 5230 2511 5298 reliqua
2543 5227 2782 5296 proxime
2814 5226 3168 5296 prmcedcntia
3200 5231 3279 5282 eis
3306 5227 3512 5292 dicere,

1935 5328 2061 5381 dum
2089 5326 2168 5378 eis
2190 5322 2490 5378 decreverit
2511 5334 2571 5373 os
2602 5319 2830 5389 aperire.

2005 5418 2170 5489 429
2205 5416 2408 5483 Quibus
2437 5411 2616 5476 dictis,
2649 5424 2782 5479 papa
2812 5410 2980 5479 surgit
3028 5418 3083 5464 et
3135 5408 3277 5462 vadit
3313 5407 3379 5461 ad
3424 5423 3517 5462 ca-

1937 5525 2138 5564 meram
2170 5522 2346 5572 suam,
2376 5514 2432 5560 et
2452 5503 2752 5558 cardinales
2772 5517 2958 5556 omnes
2990 5515 3265 5555 remanere
3285 5515 3513 5554 consue-

1938 5610 2128 5658 verunt
2157 5600 2208 5653 in
2235 5598 2397 5651 domo
2425 5609 2595 5664 νίψω,
2627 5607 2904 5662 quousque
2933 5606 3132 5645 mensae
3167 5606 3260 5658 pro
3291 5590 3514 5660 prandio

1938 5695 2044 5748 sint
2067 5698 2302 5759 paratae;
2334 5695 2386 5740 ct
2420 5685 2509 5739 illa
2558 5683 2648 5738 die
2690 5697 2875 5736 onzni-s
2901 5681 3195 5734 cardinales
3232 5679 3518 5731 comedunt

1940 5787 1990 5841 in
2019 5784 2137 5838 aula
2160 5794 2281 5834 cum
2313 5791 2466 5849 papa.
2499 5775 2712 5832 Etcum
2755 5773 3001 5829 dominus
3035 5786 3166 5840 papa
3193 5770 3301 5823 exit
3325 5769 3393 5820 de
3429 5781 3518 5819 ca-
