4006 6290
535 336 679 394 1263
727 329 731 333 ’

1208 330 1554 388 APPENDIX
1597 331 1688 389 an
1729 330 1787 387 s.
1817 290 2155 387 rcnsconn
2197 327 2411 389 MAGNI
2440 327 2817 386 .Ltrunctca
2857 325 3108 385 orsus.

3679 334 3826 394 19.Βῦ

530 460 703 519 lim.
734 457 788 505 ει
828 447 972 502 Ven“
1006 444 1076 501 ad
1104 444 1380 515 Prandium
1403 484 1419 510 ο
1468 446 1737 499 θςεοείειηῑ
1784 444 1956 513 ipsum
2007 443 2114 535 ἀυο
2142 442 2191 502 Α
2219 473 2402 532 postea
2425 462 2803 534 perrjuniorem
2818 464 3093 534 antiquum
3106 464 3458 535 cardinalem,
3481 468 3552 525 de
3565 472 3825 529 mandato

530 539 1060 599 diaconicardinales
1091 535 1418 606 antiquiores
1446 550 1612 603 tlSque
1639 536 1705 589 ad
1755 549 1995 590 mensam
2026 534 2108 603 ip.

532 649 650 691 sum
679 629 1061 703 pratcedendo;
1085 639 1140 683 et
1171 636 1291 697 post
1319 626 1596 695 pranditm
1630 626 1790 681 sitniLi
1823 626 1982 679 modo
2026 641 2114 679 as-

531 724 876 779 socianteum
907 734 1073 788 usque
1093 719 1159 772 ad
1183 733 1469 773 cameram.
1504 718 1566 771 Et
1594 717 1785 772 sedent
1811 716 2113 771 cardinales

530 817 585 868 in
618 826 801 867 mensa
843 812 1014 878 primo
1039 810 1331 865 secundum
1385 810 1627 863 ordinem
1658 825 1845 871 suum,
1875 823 1901 859 a
1963 818 2113 875 parte

528 905 716 961 dextra
748 917 894 972 papae
938 902 1175 970 episcopi
1222 909 1277 955 et
1325 900 1626 970 presbyteri
1657 900 1977 958 cardinales,
2002 908 2110 951 tam

528 995 756 1064 antiqui,
786 1010 944 1062 quant
973 993 1097 1048 novi
1122 1009 1136 1058 ;
1158 1009 1189 1047 a
1216 1001 1366 1062 parte
1391 1006 1520 1045 vero
1566 991 1780 1044 sinistra
1813 988 1997 1043 sedent
2026 1001 2115 1041 se-

524 1088 760 1144 cundum
791 1086 1219 1142 ordiuemsuutn
1254 1093 1372 1139 tam
1420 1083 1623 1152 antiqui
1653 1099 1810 1152 quam
1842 1081 1963 1135 novi
1992 1079 2111 1133 dia-

520 1181 647 1236 coni
674 1178 976 1233 cardinales
1001 1178 1149 1246 juxta
1191 1191 1279 1230 mo
1300 1179 1406 1230 lum
1435 1172 1756 1229 consistor.i.

600 1271 728 1327 Post
756 1271 1037 1339 pramlinm
1080 1284 1210 1322 νει-0
1232 1268 1480 1323 eumdem
1526 1266 1771 1321 ordinem
1812 1274 2026 1319 servant
2058 1263 2109 1317 in

522 1364 784 1428 sedendo,
819 1371 922 1416 tam
953 1361 1186 1428 antiqui,
1213 1377 1371 1429 quam
1401 1358 1521 1412 novi
1547 1356 1876 1419 cardinales;
1908 1364 1962 1409 et
1989 1370 2110 1407 cum

525 1454 686 1509 luerit
732 1462 940 1521 tempus
965 1451 1271 1516 recedendi,
1303 1449 1552 1503 dominus
1595 1462 1728 1515 papa
1781 1444 2028 1499 sedendo
2056 1446 2110 1497 in

524 1543 780 1600 cathedra
800 1558 893 1596 sua
916 1542 1003 1595 dat
1023 1541 1287 1609 capellum
1306 1539 1527 1594 rubeam
1548 1536 1699 1591 Ittn'is
1722 1533 2110 1599 cardinalibns,

522 1637 818 1694 secundum
849 1636 1092 1689 ordinem
1129 1648 1221 1704 per
1248 1648 1370 1687 eum
1421 1631 1473 1686 itt
1524 1629 1849 1684 nominando
1892 1642 1986 1681 eos
2035 1626 2113 1679 eis

527 1729 748 1793 datum;
782 1738 834 1782 et
864 1728 1037 1795 ipsum
1079 1725 1342 1795 capellum
1394 1721 1682 1792 enjuslibet
1727 1720 1962 1788 ipsorum
2016 1732 2110 1770 ca-

2219 570 2368 624 papze
2395 567 2656 610 vocentur
2699 556 2843 624 quod
2886 556 3108 611 redeant
3153 557 3219 611 ad
3247 560 3657 618 consistorium.
3691 563 3826 631 Qui-

2217 645 2318 699 bus
2349 646 2603 710 reversis,
2632 661 2765 715 papa
2793 646 3072 701 consuevit
3100 646 3180 702 eis
3207 663 3267 702 os
3289 651 3521 716 aperire.

2289 736 2430 804 l'apa
2462 751 2591 791 vero
2620 737 2845 806 singulis
2884 736 3035 791 novis
3064 737 3423 794 cardinalibus
3451 739 3505 795 in
3536 742 3819 800 consisto-

2217 828 2320 894 rio,
2354 829 2442 884 die
2470 843 2569 897 qua
2599 830 2676 884 eis
2705 843 2766 884 os
2790 830 3022 899 aperuit,
3062 830 3192 885 dare
3233 834 3513 887 consuevit
3552 836 3740 889 titulos
3771 846 3826 890 et

2217 921 2442 976 annnlos
2462 922 2511 975 in
2534 922 2635 975 line
2658 920 2991 986 consistorii;
3016 931 3070 975 et
3091 922 3311 992 quilibet
3336 938 3507 978 novus
3528 928 3824 983 eardinalis

2220 1012 2504 1066 consuevit
2533 1020 2661 1066 tunc
2687 1012 2969 1081 temporis,
2995 1011 3120 1066 dum
3147 1028 3279 1082 papa
3303 1014 3530 1083 imponit
3557 1017 3821 1073 annulum

2218 1100 2385 1169 digito
2415 1100 2602 1170 ipsius,
2622 1117 2794 1173 genua
2827 1102 3133 1168 ﬂeetere,et
3167 1104 3476 1160 immediate
3505 1118 3627 1176 po~t
3647 1108 3825 1162 datin—

2221 1206 2341 1247 trem
2364 1192 2546 1246 annuli
2571 1208 2785 1248 manum
2804 1201 2865 1248 et
2880 1191 3076 1262 pedem
3100 1194 3227 1249 dicti
3250 1194 3454 1251 domini
3485 1214 3637 1267 papae
3659 1214 3825 1254 ascu-

2219 1281 2353 1348 lari;
2392 1292 2447 1337 et
2473 1285 2660 1339 osculo
2691 1301 2785 1354 per
2810 1301 2933 1339 eum
2966 1300 2996 1339 a
3027 1285 3244 1340 domino
3274 1302 3408 1358 papa
3452 1302 3675 1359 recepto
3720 1307 3820 1361 po—

2219 1383 2332 1425 stea
2367 1374 2541 1429 redire
2568 1376 2631 1427 ad
2665 1376 2846 1429 sedem
2878 1390 3054 1430 suam.

2290 1461 2421 1515 Novi
2453 1477 2580 1516 vero
2603 1465 2907 1518 cardinales
2931 1466 3159 1518 annulos
3202 1481 3235 1535 p
3258 1477 3416 1522 ‘rtsre
3446 1485 3553 1522 non
3595 1469 3818 1536 debent,

2218 1554 2430 1608 etiamsi
2458 1568 2752 1624 antequam
2779 1558 3084 1612 cardinales
3116 1560 3342 1624 fuerint,
3382 1563 3569 1630 praelat
3617 1567 3816 1618 existe-

2226 1655 2367 1712 rent,
2401 1661 2678 1715 quousque
2720 1648 2967 1701 dominus
2999 1665 3128 1718 papa
3166 1652 3215 1704 in
3246 1654 3571 1705 consistorio
3604 1656 3690 1707 det
3738 1655 3815 1710 eis

2225 1735 2409 1791 titulos
2435 1748 2485 1791 et
2512 1738 2756 1803 annnlos,
2785 1748 2838 1793 ut
2866 1750 2950 1793 est
2983 1742 3213 1804 dictum;
3256 1757 3354 1796 nec
3383 1744 3587 1797 debent
3630 1743 3683 1798 in
3725 1760 3816 1799 ca-

529 1825 625 1892 piti
684 1822 909 1891 imponit
988 1821 1117 1889 ipsis
1180 1817 1541 1873 cardinalibus
1620 1817 1771 1869 novis
1848 1813 2106 1869 stantibus

2224 1827 2405 1896 pellis,
2454 1829 2538 1882 vel
2590 1829 2836 1883 domibus
2883 1832 3113 1900 prop'iis
3160 1833 3290 1887 due
3342 1836 3816 1901 benedictionem,

532 1931 718 1970 coram
784 1930 849 1968 eo
915 1912 1257 1982 geuullexis;
1334 1919 1388 1965 et
1455 1909 1761 1964 immediate
1831 1905 2109 1960 familiaris

521 2008 724 2063 domini
758 2020 930 2076 papae,
956 2003 1045 2074 qtti
1075 2002 1235 2057 debet
1282 2016 1402 2056 esse
1452 2011 1688 2070 paratus,
1729 2000 1991 2068 capelltttn
2042 2000 2111 2053 de

520 2101 698 2168 capite
728 2098 892 2166 ipsius
921 2095 1208 2149 cardinalis
1251 2093 1474 2161 recipit;
1504 2102 1557 2146 ct
1589 2102 1713 2146 tunc
1751 2092 1973 2161 quilibet
2018 2104 2111 2144 co-

523 2206 643 2244 rum
676 2197 795 2258 post
817 2188 1124 2257 praedictam
1154 2186 1551 2255 itnpositionem
1576 2184 1768 2253 capelli
1799 2183 2111 2238 immediate

519 2281 815 2338 secundum
840 2281 1081 2336 ordinem
1110 2295 1266 2335 suum
1294 2280 1358 2348 pe
1381 2282 1480 2333 lem
1506 2278 1883 2348 dontinipapa:
1907 2276 2111 2331 oscula-

522 2383 635 2442 tur,
661 2383 716 2430 et
758 2382 942 2444 postea
992 2372 1240 2427 dominus
1290 2388 1421 2442 papa
1471 2372 1762 2443 quemlibet
1810 2387 1995 2425 corum
2040 2371 2106 2424 ad

529 2465 772 2519 osculum
806 2468 915 2518 oris
939 2466 1131 2533 recipit
1154 2463 1449 2519 secundum
1480 2465 1722 2518 ordinem
1759 2464 2105 2531 ιιι-ωιιὶσιυιης

521 2569 579 2612 et
625 2557 849 2625 qnidbet
874 2571 1137 2611 novorttm
1170 2556 1545 2621 cardinalittm,
1579 2556 1764 2610 osculo
1795 2570 1888 2624 per
1914 2570 2036 2609 eum
2071 2570 2102 2610 a

518 2646 740 2701 domino
770 2662 902 2715 papa
933 2656 1168 2717 recepto,
1198 2647 1263 2700 ad
1292 2647 1474 2701 sedem
1505 2662 1656 2700 suant
1690 2647 1758 2700 ibi
1790 2647 1949 2700 redit.

594 2740 712 2805 Quo
740 2738 901 2806 facto,
925 2738 1175 2792 dominus
1202 2753 1334 2808 papa
1380 2738 1577 2807 surgit,
1605 2747 1658 2792 et
1707 2739 1869 2792 etiam
1918 2752 2108 2793 omnes

524 2828 862 2895 cardinales;
894 2839 947 2883 et
976 2839 1180 2898 postea,
1212 2830 1254 2881 si
1299 2830 1529 2883 eccles'a
1574 2829 1897 2883 catltedralis
1939 2831 2007 2883 sit
2037 2829 2106 2884 ibi

520 2935 723 2992 prope,
760 2921 880 2974 novi
914 2920 1217 2975 cardinales
1260 2920 1543 2989 aliquoties
1573 2919 1637 2974 ad
1669 2922 1926 2976 orandum
1978 2938 2109 2976 con-

524 3025 813 3072 sueverunt
832 3014 1135 3069 immediate
1150 3014 1251 3080 ire,
1269 3014 1461 3068 deinde
1477 3014 1541 3067 ad
1562 3013 1750 3068 domos
1770 3029 1891 3067 snas
1907 3015 2101 3070 redire.

596 3104 852 3175 Sequenti
894 3114 1072 3159 autem
1105 3104 1190 3158 die
1220 3105 1343 3158 novi
1376 3104 1679 3158 cardinales
1714 3105 1911 3160 debent
1941 3106 2101 3160 simul

2215 1933 2493 1988 quousque
2515 1921 2724 1974 titulum
2742 1932 2795 1976 et
2814 1922 3066 1976 annulum
3090 1925 3479 1993 receperintmt
3495 1926 3695 1981 dictum
3715 1937 3817 1983 est.

2294 2007 2489 2062 Norma
2521 2024 2649 2064 vero
2678 2025 2799 2079 qua:
2843 2012 3135 2078 antiquitus
3177 2012 3456 2067 consuevit
3508 2018 3712 2069 servari
3764 2017 3816 2071 in

2221 2103 2496 2167 apertione
2522 2102 2631 2154 oris
2670 2117 2927 2155 novotum
2971 2102 3342 2170 cardinaiium,
3370 2115 3424 2157 et
3449 2106 3817 2175 assignatinne

2220 2191 2522 2258 titulorum,
2552 2207 2618 2247 ac
2644 2192 2860 2247 datione
2890 2195 3207 2248 annulorum
3227 2236 3241 2260 ,
3279 2206 3366 2249 est
3416 2197 3552 2251 infra
3595 2199 3816 2267 scripta,

2212 2283 2459 2338 videlicet
2488 2284 2627 2352 quod
2670 2297 2950 2355 pos'qnam
2980 2287 3215 2341 sederint
3249 2288 3556 2343 cardinales
3585 2300 3691 2342 tam
3714 2308 3809 2343 an-

2214 2375 2368 2444 tiqui,
2403 2391 2560 2444 qnam
2595 2370 2755 2443 novi,
2790 2378 2839 2431 in
2872 2378 3062 2432 ordine
3089 2394 3187 2431 suo
3218 2379 3269 2432 in
3309 2379 3661 2442 Consistorio,
3688 2391 3811 2437 tunc

2210 2466 2651 2533 qttattdudotnino
2666 2483 2812 2537 papae.
2828 2468 3071 2537 placebit,
3088 2469 3281 2524 dicitur
3295 2486 3521 2539 pereunt
3538 2475 3690 2525 novis
3703 2488 3816 2527 car-

2212 2557 2479 2611 dinalibns
2507 2560 2646 2627 quod
2672 2560 2893 2615 sedeant
2914 2560 2978 2613 ad
3005 2570 3241 2629 partem;
3271 2572 3325 2616 et
3343 2563 3470 2628 ipsis
3496 2564 3807 2620 absentibus

2210 2647 2409 2703 dantur
2428 2651 2651 2705 consilia
2674 2653 2959 2707 circularia
2990 2669 3085 2723 per
3115 2655 3415 2709 cardinales
3437 2657 3714 2723 antiquos,
3738 2676 3805 2713 an

2214 2752 2308 2792 ora
2342 2739 2581 2807 ipsorum
2616 2756 2874 2796 novorum
2927 2744 3277 2799 cardinalium
3327 2746 3435 2800 sint
3482 2749 3810 2817 aperienla;

2215 2838 2268 2883 et
2291 2829 2337 2884 si
2362 2832 2653 2886 consulant
2672 2833 2814 2902 quod
2838 2835 2966 2899 sint,
2989 2844 3310 2889 revocantur
3333 2839 3398 2889 ad
3428 2839 3806 2893 consismriunt

2217 2923 2378 2977 iidem
2420 2921 2723 2977 cardinales
2756 2924 3027 2993 absentes,
3058 2925 3217 2996 431
3242 2937 3306 2981 et
3347 2929 3540 2982 sedent
3587 2929 3640 2983 in
3686 2931 3810 2984 locis

2212 3015 2346 3070 suis.
2372 3015 2436 3069 Et
2460 3024 2587 3070 tunc
2616 3014 2868 3070 dominus
2894 3031 3055 3086 papa,
3083 3020 3351 3087 proposita
3398 3021 3578 3090 aliqua
3631 3032 3813 3075 aut-ta-

2216 3107 2396 3173 ritate,
2426 3104 2470 3160 si
2503 3105 2698 3175 placet,
2733 3120 2852 3160 cum
2886 3106 3039 3161 brevi
3095 3108 3174 3163 vel
3208 3110 3442 3173 modica,
3470 3112 3677 3179 absque
3706 3114 3806 3165 ulla

522 3199 763 3269 incipere
793 3197 1154 3253 visitationem
1181 3196 1420 3250 omnium
1462 3196 1813 3251 cardinalium
1854 3198 2107 3265 antiquo-
2133 3186 2182 3250 C
2218 3196 2383 3264 ipsius
2430 3198 2808 3265 prosecutione
2848 3211 2949 3251 ora
3006 3198 3240 3267 ipsorum
3290 3208 3479 3268 apert,
3525 3202 3559 3255 d
3583 3203 3753 3257 cendo
3791 3220 3806 3258 :

523 3306 682 3357 rnm,
726 3288 1020 3358 quemiibet
1064 3288 1302 3357 ipsorum
1337 3288 1390 3343 in
1419 3288 1669 3351 domibus
1721 3304 1853 3360 quas
1899 3292 2108 3346 inhabi-

520 3393 662 3451 tant,
694 3380 982 3449 visitando,
1013 3399 1116 3437 non
1143 3382 1470 3438 attendendo
1500 3382 1551 3437 itt
1585 3383 1893 3437 visitatione
1930 3385 2109 3439 Cardi-

522 3477 723 3531 nalium
757 3473 1229 3545 antiquorum,qui
1257 3475 1477 3541 fuerint,
1512 3474 1595 3529 vel
1626 3475 1737 3528 sint
1766 3474 2104 3545 antiquiores

519 3569 844 3633 cardinales,
873 3567 969 3623 sed
1012 3567 1306 3622 secundum
1358 3567 1500 3637 quod
1545 3567 1909 3622 cardinalibus
1951 3570 2108 3623 notris

534 3660 711 3732 magis
738 3659 1002 3730 placebit;
1027 3668 1090 3716 et
1120 3659 1218 3729 ipsi
1238 3660 1535 3715 cardinales
1564 3659 1764 3731 antiqui
1795 3660 1989 3715 debent
2014 3677 2108 3715 no-

522 3762 621 3805 vos
648 3748 947 3804 cardinales
970 3757 1124 3813 tunc,
1151 3747 1279 3803 dum
1309 3748 1609 3816 visitantur,
1646 3749 1701 3804 in
1751 3764 1964 3804 camera
2008 3764 2103 3805 sua

524 3850 734 3897 secrete
767 3843 1034 3898 instruere
1061 3843 1332 3910 quomodo
1361 3842 1639 3898 dominum
1672 3859 1861 3914 papam
1892 3856 1947 3899 et
1987 3862 2107 3901 car-

522 3934 736 3991 dinales
761 3936 1011 4004 antiquos
1037 3936 1268 3991 debeant
1295 3937 1458 3991 vet-bo
1486 3945 1538 3990 et
1563 3939 1701 3992 Iacto
1724 3938 2012 4005 boum-are,
2040 3956 2107 3995 ae

524 4029 688 4082 etiam
713 4029 987 4094 revereri;
1019 4039 1071 4083 et
1110 4044 1268 4094 quem
1301 4029 1542 4097 modum,
1572 4034 1787 4097 quando
1816 4030 2106 4095 loquentur

522 4120 580 4175 itt
624 4120 944 4175 consistorio
985 4128 1039 4175 et
1087 4120 1235 4185 alibi,
1262 4135 1380 4175 cum
1412 4121 1632 4176 domino
1665 4137 1795 4191 papa
1829 4122 1990 4194 [‘30
2019 4123 2101 4177 vel

527 4212 915 4277 cardinalibns,
965 4213 1017 4268 in
1068 4213 1205 4267 viam
1253 4213 1496 4279 consilii,
1532 4214 1615 4269 vel
1669 4215 1721 4269 itt
1763 4216 2101 4281 collationcs,

521 4308 621 4362 Scit
643 4307 744 4361 alia
775 4306 1163 4377 loqttendo,vcl
1182 4306 1235 4360 in
1253 4306 1514 4374 sedendo,
1535 4306 1763 4360 debeant
1789 4307 2097 4363 obsonare.

526 4399 812 4470 Postquam
846 4414 975 4453 vero
1001 4398 1301 4453 cardinales
1344 4398 1465 4452 novi
1508 4399 1807 4454 cardinales
1854 4399 2103 4470 antiquus

522 4491 857 4546 visitaverint
901 4489 954 4544 in
1003 4489 1117 4544 suis
1142 4490 1420 4554 domibus,
1445 4490 1745 4545 cardinales
1775 4493 1976 4560 antiqui
2007 4494 2101 4545 de-

2216 3283 2328 3339 Nos
2349 3286 2609 3353 aperimus
2639 3285 2731 3339 tibi
2760 3302 2837 3349 os,
2871 3287 2953 3341 vel
2986 3288 3149 3352 vobis,
3182 3289 3227 3343 si
3260 3290 3369 3344 sint
3397 3293 3599 3358 plures,
3631 3303 3732 3345 tam
3752 3295 3807 3348 is

2213 3376 2598 3442 collationibus,
2635 3392 2788 3447 quam
2828 3379 3078 3444 consiliis,
3109 3388 3156 3432 et
3201 3381 3254 3432 in
3298 3380 3547 3435 electione
3595 3382 3810 3437 Romani

2215 3466 2499 3536 pontiﬁcis,
2535 3476 2583 3520 et
2608 3468 2661 3519 in
2682 3466 2916 3521 omnibus
2944 3467 3093 3532 actis,
3112 3480 3215 3521 tam
3242 3470 3291 3521 in
3317 3485 3394 3522 co:
3414 3472 3645 3535 s’storio,
3662 3488 3808 3541 quatit

2212 3569 2381 3627 extra,
2419 3575 2534 3626 qua:
2560 3559 2629 3612 ad
2653 3559 2945 3614 cardinales
2975 3569 3226 3631 spectant,
3260 3572 3309 3614 et
3337 3579 3467 3630 quos
3513 3576 3636 3618 sunt
3673 3566 3808 3621 κιὶιὶ

2210 3667 2460 3708 exercere.
2495 3652 2596 3722 Ipsi
2629 3666 2758 3706 vero
2785 3651 2850 3704 ad
2884 3652 3153 3721 proposita
3182 3668 3288 3706 non
3324 3655 3678 3723 respondent.

2285 3747 2412 3802 Post
2443 3746 2554 3801 lt;cc
2586 3747 2637 3801 in
2669 3747 2773 3801 line
2787 3745 3125 3811 consistorii,
3156 3747 3239 3801 vel
3269 3746 3467 3801 ibidem
3502 3756 3625 3817 post
3654 3763 3810 3818 aper-

2211 3841 2407 3895 tionem
2457 3855 2492 3909 p
2524 3840 2794 3907 :ndictatn,
2843 3837 3137 3893 secundum
3185 3838 3329 3908 quod
3385 3838 3611 3893 domino
3662 3854 3808 3910 papae

2209 3934 2498 3996 videbitur,
2542 3929 2740 4001 singuli
2791 3930 3093 3986 cardinales
3122 3931 3267 3994 novi,
3298 3932 3647 3999 singulariter
3674 3950 3807 3989 unus

2210 4038 2330 4096 ptest
2358 4026 2543 4090 aliam,
2567 4040 2705 4096 genu
2736 4025 2905 4078 ﬂectit
2943 4037 3123 4077 coram
3153 4024 3375 4077 domino
3401 4039 3571 4092 papa;
3602 4034 3658 4078 et
3686 4033 3808 4078 tune

2208 4119 2459 4173 dominus
2490 4108 2622 4186 papa
2648 4117 2842 4187 recipit
2875 4132 3039 4170 unum
3063 4131 3127 4169 ex
3156 4117 3371 4169 annulis
3401 4119 3721 4186 praeparatis
3744 4121 3805 4171 ad

2210 4212 2333 4276 bac,
2364 4225 2415 4266 et
2447 4212 2689 4266 immittit
2719 4212 2886 4279 digito
2917 4208 3205 4264 cardinalis
3238 4210 3386 4273 novi,
3418 4209 3654 4263 dicendo
3686 4220 3807 4265 tunc

2210 4305 2326 4360 haec
2358 4306 2436 4359 vel
2465 4304 2659 4358 similia
2681 4303 2845 4357 verba
2873 4318 2995 4372 quae
3023 4311 3344 4372 sequuntur.

2280 4396 2360 4449 Ad
2404 4398 2643 4449 [tonarent
2692 4394 2789 4447 Dei
2844 4395 3222 4461 onmipotettis,
3253 4402 3545 4446 sanctorum
3593 4402 3801 4459 aposto-

2209 4488 2376 4541 lorum
2419 4486 2562 4541 Petri
2591 4496 2637 4539 et
2674 4485 2848 4551 Pauli,
2894 4496 2941 4539 et
2981 4496 3173 4537 sancite
3224 4483 3440 4544 Prisrt‘e,
3475 4485 3558 4536 vel
3590 4484 3803 4538 alterius

524 4579 656 4636 bent
692 4581 993 4636 cardinales
1041 4596 1207 4635 novos
1252 4580 1593 4649 singulariter
1620 4590 1676 4636 et
1702 4583 1894 4651 singuli
1924 4584 1974 4637 in
2006 4599 2101 4637 ευ-
2133 4573 2430 4647 υεεηεειω,
2480 4579 2564 4633 vel
2616 4579 2809 4640 sancti,
2858 4577 2923 4630 ad
2955 4578 3105 4644 cujus
3153 4575 3414 4629 honorem
3464 4585 3550 4630 est
3594 4576 3801 4628 fundata

521 4658 642 4728 rum
682 4670 931 4727 domibus
973 4670 1210 4736 visitare,
1240 4678 1296 4725 et
1346 4670 1609 4726 interdum
1656 4687 1721 4727 ex
1775 4671 2103 4742 specialitate

523 4766 731 4835 aliquos
756 4780 922 4821 novos
948 4765 1247 4820 cardinales
1287 4774 1337 4820 et
1372 4764 1424 4819 itt
1472 4765 1721 4819 domibus
1751 4766 1978 4836 prapriis
2007 4769 2106 4821 im-

518 4856 774 4922 mediate,
801 4871 921 4910 cum
952 4857 1062 4911 sint
1089 4856 1251 4911 creati
1284 4870 1377 4925 per
1405 4870 1615 4926 papam.

597 4946 857 5003 Dominus
885 4961 1020 5019 papa
1053 4948 1104 5002 in
1133 4948 1456 5004 consistorio
1484 4948 1723 5005 secundo
1748 4949 1889 5018 quod
1912 4958 2106 5006 tenne-

524 5038 598 5092 rit
624 5038 710 5094 vel
739 5039 805 5093 ad
835 5039 1039 5094 tardius
1068 5039 1120 5094 itt
1153 5040 1331 5103 tertio,
1357 5039 1635 5093 consuevit
1658 5053 1719 5093 os
1743 5041 2105 5097 cardinalibns

523 5130 699 5195 novis,
731 5129 802 5184 de
829 5128 1052 5185 consilio
1080 5128 1435 5183 cardinalium
1480 5130 1823 5197 antiquorum
1869 5131 2103 5200 aperire,

523 5231 581 5277 et
611 5230 737 5276 tunc
761 5233 857 5276 eos
884 5219 1085 5274 hortari
1119 5218 1391 5289 quomodo
1419 5218 1649 5273 debeant
1681 5221 1732 5275 itt
1781 5223 2106 5277 consistorio

522 5313 667 5382 loqui
696 5323 1027 5375 reverenter,
1052 5321 1106 5367 et
1136 5311 1238 5366 alia
1271 5311 1407 5366 bona
1434 5313 1619 5377 verba,
1652 5324 1802 5383 prout
1832 5328 1992 5383 supra
2018 5315 2102 5369 di-

520 5412 667 5459 ctum
696 5412 797 5466 est,
830 5415 957 5459 tunc
981 5404 1234 5474 tett‘tporis
1259 5404 1337 5458 eis
1366 5402 1609 5459 dicendo.

600 5496 999 5551 Advertendum
1046 5506 1223 5550 tamen
1283 5504 1366 5552 est
1422 5497 1566 5567 quod
1614 5496 1740 5550 dum
1793 5498 2101 5567 pra-dictum

522 5584 807 5641 consilium
833 5586 1052 5653 petitur,
1081 5586 1383 5642 cardina'es
1411 5589 1531 5642 novi
1561 5589 1758 5643 debent
1785 5590 1933 5645 exire
1970 5605 2103 5645 con-

521 5678 816 5740 sistorium,
837 5688 891 5731 et
914 5690 1058 5734 stare
1081 5681 1133 5734 in
1161 5682 1334 5751 aliqua
1357 5699 1567 5739 camera
1596 5685 1665 5738 ibi
1696 5702 1879 5755 prope,
1904 5686 2103 5752 donec,

526 5770 665 5824 datis
716 5770 984 5840 pra-dictis
1038 5771 1277 5831 consiliis
1329 5791 1425 5847 per
1468 5775 1774 5836 cardinales
1826 5780 2101 5850 antiquos,

2212 4673 2437 4727 ecclesia
2491 4687 2646 4738 quam
2691 4670 2952 4725 cardinali
2998 4684 3135 4723 novo
3183 4668 3472 4722 committit
3499 4708 3514 4733 ,
3575 4670 3802 4721 commit-

2213 4765 2363 4817 timus
2389 4764 2478 4817 tibi
2505 4761 2792 4816 Ecclesium
2835 4770 3025 4815 sancte
3074 4759 3266 4814 Frisia:
3306 4777 3418 4813 cum
3459 4760 3597 4813 clero
3639 4770 3687 4811 et
3718 4777 3805 4826 po-

2213 4857 2337 4928 pulo
2379 4864 2425 4909 et
2456 4853 2744 4924 capellam‘s
2786 4854 2912 4918 suis,
2937 4852 2984 4907 si
3031 4861 3115 4906 est
3138 4854 3190 4905 in
3223 4855 3599 4922 presbyterum
3631 4852 3803 4905 cardi-

2212 4950 2387 5004 nalem
2425 4959 2768 5017 assumptus;
2817 4957 2871 5003 et
2910 4948 2987 5002 sic
3035 4949 3088 5001 in
3120 4948 3409 5012 similibus,
3450 4955 3506 5000 et
3537 4946 3799 5000 interdum

2210 5042 2454 5097 additur:
2476 5042 2771 5099 Secundum
2797 5041 3038 5109 foratum.
3063 5058 3161 5110 qua
3181 5041 3431 5094 committi
3452 5040 3800 5093 rardinalibas

2210 5136 2490 5200 consuevit,
2522 5135 2609 5203 qui
2627 5134 2856 5188 eamdem
2878 5135 3138 5187 ecclesiam
3161 5134 3216 5186 in
3248 5132 3503 5185 titulatam
3537 5148 3635 5201 pro
3680 5142 3803 5185 tent-

2211 5240 2333 5295 pore
2348 5224 2652 5278 habuerunt.

2283 5316 2339 5372 Si
2374 5330 2501 5370 vero
2532 5325 2675 5370 esset
2700 5315 2753 5369 itt
2797 5316 3080 5370 diaconum
3107 5313 3432 5368 cardinalem
3462 5321 3792 5380 assumptus,

2210 5406 2405 5462 dicitur
2426 5408 2536 5462 :Ad
2557 5411 2824 5471 honorem,
2854 5416 2986 5469 etc.,
3012 5417 3071 5460 ut
3090 5423 3273 5474 supra,
3306 5406 3670 5458 committimus
3702 5402 3800 5456 Ec-

2210 5501 2419 5553 clesium
2447 5510 2635 5554 sancta:
2664 5497 2736 5553 Ν.
2769 5516 2884 5553 cum
2911 5501 3047 5555 clero
3072 5509 3119 5555 et
3144 5498 3338 5570 populo
3359 5500 3492 5563 suis,
3519 5508 3575 5553 et
3603 5513 3669 5553 οη
3694 5496 3796 5551 itti-

2210 5600 2296 5646 tur
2315 5590 2630 5660 Capellanis.

2278 5685 2578 5740 Cardinalis
2625 5701 2753 5740 vero
2807 5685 2894 5753 qtti
2952 5684 3078 5751 reci,
3102 5683 3142 5737 it
3192 5683 3468 5746 annulum,
3525 5681 3795 5735 osculatur

2208 5793 2425 5836 manum
2467 5787 2521 5834 et
2564 5778 2751 5849 pedi-tn
2796 5776 2998 5833 domini
3049 5792 3221 5848 papa',
3272 5786 3327 5831 et
3370 5774 3621 5829 dominus
3660 5783 3792 5842 papa
