4006 6296
210 350 358 407 12ὔῦ

1395 340 1657 400 ROMANI
1696 341 2015 398 ORDINES.
2056 370 2123 381 ——
2166 340 2302 401 κεν,

3345 330 3489 388 ηδε

208 479 388 532 ipsum
417 470 536 533 post
566 460 631 515 ad
656 459 897 516 osculum
919 458 1031 513 oris
1060 457 1271 527 recipit,
1302 456 1454 512 et-sie
1476 469 1809 523 consequen-
1840 458 1885 513 Α
1914 454 2142 523 repulsis
2171 452 2312 517 aliis,
2346 450 2592 505 dominus
2622 463 2755 518 papa
2785 446 3107 503 allocutione
3132 453 3183 501 et
3204 443 3495 499 collatione

211 563 299 609 ter
350 553 419 608 de
471 552 591 607 aliis
634 553 791 605 novis
838 548 1195 605 cardinalibus
1240 548 1574 601 observatur.
1605 545 1834 612 Quibus’

209 644 524 715 completis,
567 643 767 696 vadunt
816 641 1067 710 praedicti
1095 640 1294 695 domini
1337 638 1635 693 cardinales
1685 636 1804 689 novi

216 736 412 791 sedere
457 734 510 789 in
538 734 673 788 locis
699 733 833 796 suis,
879 748 976 786 nrc
1008 743 1133 785 tunc
1157 734 1316 786 etiam
1359 729 1656 782 cardinales
1684 725 1807 781 uoti

211 824 418 896 aliquid
449 824 717 893 pra-dictis
744 823 921 877 verbis
944 830 999 875 et
1024 822 1172 875 factis
1199 819 1538 887 respondent.

296 913 689 972 Attendendum
723 914 881 965 etiam
912 911 1051 980 quod
1076 911 1324 962 dominus
1352 923 1434 977 pag
1457 922 1485 959 a
1520 916 1642 960 tunc
1676 920 1809 974 prat-

215 1006 463 1061 seutibus
510 1004 761 1058 omnibus
792 1001 1152 1054 cardinalibus
1188 998 1401 1051 erili-tat
1442 1012 1575 1064 quos
1626 995 1811 1047 titulus

220 1095 423 1150 habere
475 1093 706 1147 d.bvaut
755 1091 881 1144 novi
931 1088 1230 1144 cardinales
1270 1087 1542 1151 absentes,
1595 1095 1652 1139 ut
1689 1083 1812 1137 inde

218 1184 530 1241 sollicitudo
566 1182 803 1236 tollazur.

295 1275 692 1332 Atteudcndum
733 1285 819 1327 est
852 1271 1011 1326 etiam
1055 1268 1195 1340 quod
1227 1265 1528 1337 prmmissa,
1555 1272 1811 1334 quantum

220 1372 289 1427 ad
352 1371 681 1439 apertionem
724 1369 854 1427 oris,
899 1375 953 1420 et
994 1362 1295 1419 donationis
1332 1358 1516 1414 annuli
1559 1367 1613 1411 et
1651 1356 1812 1423 t.tuli,

223 1462 491 1518 interdum
552 1465 949 1512 consueverunt
1000 1453 1113 1509 lieri
1167 1460 1317 1508 extra
1384 1447 1763 1503 consistorium
1792 1486 1809 1511 ,

222 1553 441 1623 quando
483 1549 731 1604 dominus
772 1562 905 1617 papa
950 1555 1105 1601 vocat
1153 1559 1342 1599 omnes
1395 1543 1519 1598 card
1547 1543 1696 1597 nales
1748 1542 1811 1595 ad

223 1657 493 1698 cameram
524 1657 674 1696 suam
712 1655 807 1709 pro
831 1640 1058 1694 consilio
1082 1653 1242 1707 super
1269 1638 1495 1706 negotiis
1526 1634 1771 1690 habendo
1797 1650 1811 1701 ;

222 1745 279 1792 et
327 1744 453 1790 tunc.
506 1747 697 1788 omnes
747 1732 1040 1802 pra'missaa
1086 1730 1457 1786 solemnitates
1498 1743 1594 1798 per
1635 1726 1815 1781 omnia

1909 546 2235 616 aliquabbet,
2253 554 2406 600 utcst
2424 544 2610 612 moris,
2634 542 2792 613 533
2824 541 2974 595 factis
3000 539 3065 593 ad
3088 537 3493 593 instructionem

1910 640 2101 708 ip.ius,
2130 650 2187 693 ut
2212 654 2369 707 supra
2398 637 2467 693 de
2496 637 2855 691 t-ardinalibus
2882 632 3235 704 pra~sentibus
3260 628 3314 683 in
3346 627 3495 682 curia

1910 731 1954 785 Il
1994 746 2147 785 mana
2172 732 2379 785 noviler
2406 732 2601 784 creatis
2630 727 2909 783 recitatum
2926 733 3031 789 est,
3057 719 3326 780 silentium
3356 729 3499 772 novo

1910 821 2167 875 cardinali
2196 820 2437 890 imponit,
2466 832 2741 888 quousque
2772 817 2839 871 de
2867 814 3093 869 consilio
3120 813 3347 867 aliorum
3370 823 3497 864 car-

1912 912 2169 967 dinalium
2186 910 2544 966 ost-Moserit
2572 908 2788 975 aperiri.
2825 907 3223 975 Subsequenter
3249 904 3501 960 dominus

1915 1017 2048 1071 papa
2073 1016 2195 1055 cum
2223 1000 2471 1055 omnibus
2494 999 2873 1058 cardinalibus,
2916 1012 3035 1053 cum
3083 996 3240 1051 fuerit
3289 1004 3499 1065 tempus

1916 1091 2219 1159 recedendi,
2244 1092 2338 1147 dat
2367 1093 2417 1145 in
2455 1106 2665 1145 camera
2696 1090 2932 1144 sedendo
2961 1102 3105 1143 novo
3124 1088 3379 1143 cardinali
3409 1102 3501 1142 ca-

1916 1181 2112 1249 pellum
2139 1182 2381 1245 rubeam,
2413 1180 2495 1236 vel
2526 1189 2650 1234 ante
2677 1178 2978 1245 prandium,
3027 1177 3075 1232 si
3105 1193 3211 1232 non
3259 1189 3403 1234 esset
3447 1177 3501 1232 in

1918 1281 2073 1325 statu
2106 1271 2190 1323 illa
2226 1273 2317 1326 die
2354 1274 2596 1327 solemne
2645 1272 2923 1340 prandium
2983 1270 3229 1325 faciendi.
3282 1270 3501 1337 Reliqua

1917 1377 2047 1417 vero
2076 1361 2271 1416 debent
2302 1378 2398 1429 per
2434 1362 2711 1416 dominum
2744 1376 2930 1432 papam
2975 1360 3027 1415 in
3074 1360 3352 1429 apertioue
3392 1362 3503 1417 oris

1917 1462 1971 1511 et
2019 1454 2235 1509 datione
2266 1454 2402 1508 tituli
2440 1462 2497 1509 et
2532 1454 2715 1507 annuli
2749 1453 2877 1519 dici,
2914 1452 3029 1507 fieri
3069 1460 3125 1505 et
3168 1452 3370 1507 servari
3418 1452 3504 1507 isti

1917 1560 2058 1601 novo
2085 1544 2365 1610 cardinali,
2412 1553 2467 1598 et
2518 1559 2614 1614 per
2656 1543 2903 1599 eumdem
2935 1541 3258 1597 cardinalem
3297 1541 3349 1596 in
3373 1541 3507 1596 visi-

1920 1642 2120 1695 tatione
2147 1648 2203 1693 et
2238 1639 2356 1693 aliis
2395 1636 2685 1706 prtemissis
2740 1651 2835 1705 per
2882 1650 3006 1690 eum
3046 1634 3317 1701 faciendis,
3350 1642 3508 1703 prout

1923 1731 1974 1785 in
2013 1730 2375 1785 cardinalibus
2406 1729 2558 1783 novis
2585 1728 2780 1783 creatis
2798 1727 2862 1783 .in
2883 1726 3026 1782 curia
3054 1724 3402 1795 praesentibus
3430 1724 3511 1778 eis

222 1837 515 1881 servantur
546 1825 839 1880 secundum
883 1823 1108 1877 modum—
1139 1831 1265 1876 ante
1302 1821 1526 1884 dictum,
1557 1826 1718 1887 prort
1743 1819 1818 1870 fa-
1849 1829 1898 1887 Β.
1924 1838 2017 1890 per
2038 1820 2310 1875 dominum
2352 1836 2570 1890 papam,
2596 1828 2650 1874 et
2679 1834 2774 1890 per
2799 1833 2894 1873 eos
2918 1816 3045 1883 dici,
3078 1816 3191 1872 fieri
3220 1827 3274 1871 et
3303 1814 3510 1871 servari

222 1928 369 1973 ctum
402 1916 501 1971 fuit
526 1915 687 1987 432
717 1929 861 1969 anno
887 1928 918 1968 a
948 1913 1224 1968 uativitate
1256 1912 1460 1966 Domini
1496 1919 1521 1945 ιι
1555 1908 1713 1971 1339,
1748 1907 1817 1961 I6

225 2011 429 2065 mensis
495 2010 777 2074 Januar.i,-
809 2006 1101 2073 Avinione,
1130 2002 1249 2076 'per
1300 2005 1577 2060 dominum
1628 2015 1830 2072 papam-

226 2100 574 2155 Benedictum
605 2098 718 2164 XII,
742 2098 795 2152 iu
828 2110 1086 2167 personas
1111 2096 1448 2151 dominorum
1470 2094 1817 2148 cardiualium

228 2188 654 2253 Ehreduncnsis,
687 2190 771 2241 cui
803 2197 928 2241 tunc
954 2186 1055 2240 fuit
1080 2185 1400 2240 commissus
1435 2182 1617 2238 titulus
1649 2180 1821 2236 sancti

228 2278 430 2345 Marci;
458 2288 514 2332 et
541 2278 683 2341 Albi,
707 2276 790 2331 cui
824 2285 951 2330 tunc
974 2275 1135 2331 etiam
1167 2274 1489 2330 commissus
1518 2271 1616 2326 fuit
1638 2271 1824 2325 titulus

227 2375 459 2436 quatuor
480 2367 867 2421 Coronatorum
890 2383 905 2432 ;
928 2374 982 2421 et
1001 2366 1199 2420 montis
1214 2364 1375 2427 Olivi,
1397 2364 1480 2419 cui
1503 2359 1823 2416 commissus

228 2456 328 2509 fuit
348 2463 477 2510 tunc
497 2457 657 2511 etiam
690 2456 875 2510 titulus
898 2454 1067 2511 sancti
1097 2453 1352 2524 Stephani
1378 2454 1429 2508 in
1451 2450 1623 2507 Caelio
1645 2457 1826 2506 monte

232 2549 287 2604 in
315 2564 530 2605 camera
561 2549 797 2620 prmdicti
824 2549 1028 2605 domuu
1059 2563 1210 2619 papae
1242 2545 1543 2603 Benedicti.

301 2658 587 2715 Sciendum
634 2657 775 2728 quod
829 2657 1044 2728 quando
1091 2665 1309 2713 creatur
1336 2652 1626 2710 cardinalis
1656 2666 1827 2707 novus

231 2750 446 2821 aliquis,
496 2749 587 2820 qui
631 2758 713 2803 est
758 2758 907 2804 extra
960 2748 1189 2812 curiam,
1243 2755 1299 2802 et
1346 2746 1441 2800 fuit
1468 2754 1679 2800 creatus
1705 2758 1825 2799 cum

231 2843 358 2898 aliis
388 2842 443 2895 in
474 2843 619 2897 cmia
669 2842 905 2896 Romana
935 2840 1310 2911 praesentibus,
1358 2839 1447 2895 die
1492 2853 1593 2908 qua
1630 2838 1830 2894 intrare

239 2933 401 2989 debet
421 2933 645 2999 curiam,
678 2948 865 2988 omnes
896 2932 1196 2987 cardinales
1222 2940 1277 2986 et
1301 2930 1629 2986 camerarius
1654 2944 1826 3001 papte,

232 3038 356 3078 cum
378 3024 587 3081 clericis
609 3039 835 3080 camerae
859 3034 912 3079 et
928 3023 1280 3080 servientibus
1301 3038 1568 3077 armorum
1586 3022 1827 3093 ejusdem

235 3114 441 3168 domini
473 3130 644 3184 papm,
679 3125 877 3169 exeunt
905 3114 1006 3169 sibi
1036 3114 1244 3168 obviam
1272 3124 1423 3169 extra
1448 3112 1661 3179 villam;
1693 3122 1745 3165 et
1773 3112 1827 3168 in

1919 1924 1998 1968 eet
2028 1913 2275 1981 superius
2300 1913 2603 1965 recitatum.

1998 2004 2127 2059 Item
2157 2002 2432 2059 sciendum
2456 2012 2539 2057 est
2566 2000 2704 2070 quod
2732 2000 2775 2055 si
2800 2009 3014 2055 vacaret
3042 1998 3198 2054 sedes
3220 1994 3512 2066 apostolica

1925 2105 2167 2162 tempore
2194 2102 2301 2164 qua
2332 2093 2535 2149 rediret
2565 2092 2631 2147 ad
2673 2093 2875 2146 curiam
2911 2090 3196 2146 cardinalis
3239 2087 3511 2156 antiquus,

1924 2186 2038 2241 sive
2065 2184 2277 2240 noviter
2304 2195 2534 2249 creatus,
2562 2186 2648 2253 qui
2679 2184 2863 2238 fuisset
2891 2182 3095 2252 legatus
3144 2190 3235 2235 aut
3272 2179 3511 2245 nuntius,

1926 2285 2052 2332 tunc
2090 2276 2390 2332 cardinales
2415 2275 2524 2341 alii,
2554 2274 2762 2331 etiamsi
2805 2289 2912 2328 non
2951 2282 3135 2328 essent
3172 2272 3224 2326 in
3272 2268 3515 2325 conclavi

1928 2383 2025 2438 pro
2074 2368 2341 2423 electione
2386 2367 2548 2422 futuri
2593 2366 2788 2421 summi
2836 2366 3123 2436 pontificis,
3183 2379 3288 2418 Itun
3319 2362 3518 2415 vadunt

1928 2458 2186 2514 cardinali
2216 2459 2430 2512 obviam
2463 2456 2713 2522 venienti,
2744 2471 2847 2527 pro
2869 2472 2955 2521 eo,
2989 2455 3112 2525 quia
3142 2452 3269 2508 sede
3297 2462 3519 2506 vacante

1930 2564 2212 2620 personam
2248 2563 2395 2618 papa:
2425 2547 2819 2620 quodammodo
2846 2531 3246 2616 reprazseutant.

2004 2641 2295 2698 Sciendum
2340 2643 2482 2712 quod
2525 2641 2569 2697 si
2608 2641 2694 2697 die
2735 2656 2838 2710 qua
2869 2640 3155 2696 cardinalis
3185 2651 3351 2693 novus
3378 2645 3518 2690 tem-

1930 2747 2061 2802 pore
2097 2748 2208 2787 sua:
2234 2732 2519 2788 creationis
2560 2733 2756 2787 absens
2788 2731 2951 2785 intrat
2996 2730 3220 2794 curiam,
3271 2727 3519 2782 dominus

1933 2839 2065 2895 papa
2095 2826 2434 2882 discretiatus
2458 2840 2563 2882 non
2590 2834 2767 2882 teneat
2795 2823 3197 2892 consistorium,
3228 2823 3279 2877 in
3307 2835 3520 2877 camera

1931 2917 2024 2972 dat
2048 2918 2315 2985 capellam
2341 2918 2560 2973 rubeum
2584 2918 2686 2988 ipsi
2709 2932 2845 2974 novo
2872 2916 3146 2982 cardinali,
3168 2914 3520 2984 prtesentibus

1932 3009 2320 3074 cardinalibus;
2368 3018 2423 3065 et
2468 3009 2813 3079 ipsadietos
2853 3024 2957 3062 non
2990 3007 3274 3072 clauditur,
3324 3002 3419 3060 sed
3463 3004 3518 3058 in

1935 3098 2108 3169 primo
2136 3099 2369 3154 venienti
2399 3099 2718 3154 consistorio
2747 3096 3043 3152 consuevit.

234 3205 544 3259 obviatione
586 3203 877 3258 cardinalis
905 3203 1018 3267 alii,
1052 3201 1244 3256 amotis
1283 3217 1363 3268 ca;
1383 3202 1506 3257 ellis
1533 3209 1585 3255 et
1616 3201 1826 3269 biretis,
1856 3198 1904 3262 G
2009 3189 2344 3258 Regularilcr
2369 3200 2545 3246 autem
2583 3188 2839 3245 cardinali
2868 3202 3005 3242 novo
3050 3186 3253 3241 absenti
3282 3200 3380 3253 cap
3401 3185 3519 3239 llus

235 3296 506 3364 recipiunt
534 3296 702 3361 ipsum
731 3296 797 3349 ad
822 3294 1213 3362 osculum.Quo
1241 3295 1400 3361 facto,
1427 3292 1827 3349 retrocedentes

236 3387 445 3441 vadunt
473 3385 538 3438 ad
566 3388 968 3451 consistorium,
1010 3386 1218 3441 duobus
1266 3394 1469 3439 tantum
1520 3385 1829 3439 diaconibus

189 3472 604 3544 .cardinalibus
650 3470 952 3540 junioribus
1024 3487 1145 3525 eum
1200 3472 1315 3542 ipso
1367 3470 1621 3525 cartlinali
1692 3485 1833 3525 novo

235 3560 667 3623 remanentibus,
698 3572 752 3614 et
775 3574 895 3613 eum
925 3560 1314 3614 associantibus
1339 3576 1507 3629 usque
1538 3561 1603 3613 ad
1632 3561 1831 3627 aulam,

244 3651 334 3705 ubi
368 3658 678 3719 papa-tenet
702 3649 1100 3703 consistorium.
1125 3649 1190 3703 Et
1216 3664 1335 3703 cum
1361 3649 1487 3703 illuc
1510 3652 1829 3719 pervenvrit,

239 3750 296 3795 ct
323 3749 499 3812 postea
521 3738 768 3793 dominus
784 3753 916 3807 papa
941 3738 1008 3793 de
1028 3753 1238 3792 camera
1259 3753 1352 3793 sua
1369 3741 1433 3793 ad
1451 3741 1831 3794 consistorium

241 3833 471 3895 venerit,
531 3832 736 3899 antiqui
792 3830 1096 3885 cardinales
1153 3838 1350 3898 praeter
1395 3829 1530 3884 duos
1579 3830 1837 3886 diaconus

243 3923 546 3978 cardinales
576 3922 813 3986 iuniores
840 3936 961 3977 cum
995 3935 1133 3975 novo
1162 3920 1417 3975 cardinali
1466 3931 1613 3975 extra
1660 3923 1839 3976 consi-

244 4016 466 4073 storium
489 4016 542 4069 in
566 4015 672 4069 fine
692 4014 852 4082 aulae,
882 4013 967 4068 ubi
994 4021 1203 4069 tenetur
1228 4013 1632 4077 consistorium,
1665 4028 1838 4069 rema-

246 4118 456 4168 nentes,
483 4104 684 4160 faciunt
706 4105 1062 4161 reverentiam
1082 4120 1233 4159 more
1252 4105 1406 4159 solito
1423 4104 1643 4158 domino
1666 4120 1837 4173 papae.

247 4200 377 4265 Qua»
393 4197 553 4261 facta,
586 4198 694 4251 duo
722 4197 1052 4266 antiquiores
1083 4196 1295 4251 diaconi
1323 4195 1621 4251 cardinales
1647 4211 1839 4251 occur-

250 4299 432 4343 rentes
459 4303 652 4342 novum
687 4287 1019 4342 cardinalem
1050 4288 1100 4341 in
1133 4287 1348 4342 introitu
1374 4288 1676 4342 consismrii
1704 4288 1840 4341 reci-

250 4382 438 4452 piunt;
484 4391 536 4437 et
586 4379 824 4450 prtedicti
874 4380 981 4436 duo
1020 4380 1229 4436 diaconi
1256 4380 1552 4436 cardinales
1573 4380 1841 4450 iuniores,

249 4474 339 4540 qui
378 4488 499 4528 eum
540 4471 957 4537 associaverant,
987 4486 1110 4527 eum
1142 4471 1433 4535 dimittunt,
1479 4478 1535 4525 et
1576 4471 1836 4525 accedunt

1932 3280 2132 3336 rubeus
2162 3296 2258 3350 per
2284 3281 2558 3336 dominum
2591 3296 2779 3350 papam
2810 3294 2915 3334 non
2959 3278 3121 3333 mittit
3144 3294 3206 3332 .r.
3249 3276 3520 3353 Interdum

1933 3382 2110 3426 tamen
2139 3371 2205 3426 de
2226 3372 2393 3441 gratia
2425 3370 2644 3439 speciali
2674 3370 2811 3425 mitti
2840 3370 2886 3424 ei
2914 3383 3007 3438 per
3028 3367 3298 3422 dominum
3327 3382 3517 3436 papam

1932 3464 2231 3527 consuevit,
2263 3462 2659 3532 quandoantea
2690 3461 2884 3516 missus
2914 3461 3136 3528 legatus,
3167 3459 3251 3513 Vel
3279 3456 3524 3523 nuntius,

1936 3570 2032 3625 per
2077 3572 2200 3612 eum
2245 3556 2415 3611 fuerat
2460 3571 2560 3625 pro
2598 3570 2724 3623 pace
2748 3554 2891 3610 inter
2921 3566 3095 3624 reges,
3128 3550 3209 3606 vel
3250 3565 3429 3620 regem
3469 3556 3525 3603 et

1938 3648 2227 3718 principes,
2250 3649 2548 3714 tractanda,
2571 3662 2634 3702 ac
2647 3647 2806 3701 etiam
2823 3643 3260 3707 consummanda,
3279 3642 3345 3698 ad
3364 3643 3525 3696 liuent

1936 3738 2078 3805 quod
2106 3740 2220 3808 ipse
2239 3739 2527 3795 cardinalis
2557 3754 2651 3809 per
2673 3741 2818 3810 ipsos
2838 3740 2890 3793 in
2917 3736 3102 3808 majori
3116 3735 3413 3791 reverentia
3432 3734 3529 3788 ba-

1938 3828 2152 3895 beatur,
2165 3837 2218 3883 et
2233 3844 2299 3883 ex
2316 3829 2418 3883 hoc
2436 3831 2499 3883 ad
2522 3844 2704 3899 pacem
2730 3831 2919 3884 melius
2933 3838 2987 3883 et
3003 3828 3210 3883 facilius
3227 3826 3524 3881 inducatur.

1943 3950 1958 3978 ,ε
2012 3917 2144 3973 Item
2191 3919 2486 3973 notandmn
2528 3920 2683 3988 quod
2720 3920 3006 3975 cardinalis
3055 3920 3263 3975 noviter
3290 3930 3527 3984 creatus,

1940 4019 2222 4080 antequam
2259 4014 2526 4081 receperit
2547 4013 2783 4079 titulum,
2813 4012 2857 4066 si
2889 4027 3021 4082 papa
3050 4012 3362 4067 solemniter
3389 4010 3531 4065 cele-

1940 4101 2081 4166 bret,
2121 4102 2206 4157 vel
2249 4102 2429 4156 audiat
2456 4101 2722 4172 Vesperas
2767 4101 3058 4167 solemnes,
3092 4100 3240 4155 venit
3267 4099 3334 4153 ad
3370 4114 3529 4153 reve-

1942 4191 2168 4246 rentiam
2213 4206 2364 4261 papa:
2406 4191 2699 4247 secundum
2744 4191 2965 4261 gradum
3011 4204 3195 4255 suum;
3240 4197 3296 4244 et
3344 4196 3530 4257 postea

1942 4284 2134 4353 recipit
2148 4290 2399 4353 etportat
2421 4293 2724 4353 parameuta
2745 4296 2861 4347 sua,
2880 4283 3016 4337 sicut
3030 4281 3208 4336 caeteri
3229 4280 3528 4335 cardinales

1941 4378 2137 4448 gradus
2163 4380 2269 4444 sui,
2286 4378 2332 4433 si
2348 4379 2614 4449 receperit
2637 4379 2878 4435 ordinem
2899 4378 2966 4432 ad
2983 4392 3140 4449 quem
3169 4386 3249 4433 est
3276 4376 3483 4433 electus
3510 4393 3529 4445 ;

1945 4468 2101 4523 aliter
2128 4483 2261 4525 non.

248 4564 316 4617 ad
360 4564 711 4619 reverentiam
758 4562 972 4617 solitam
1019 4562 1350 4626 faciendam;
1383 4571 1436 4616 et
1463 4561 1716 4625 ea-facta,
1750 4576 1836 4616 re-
1870 4567 1919 4627 ι)
2013 4558 2179 4631 434
2193 4559 2489 4615 Notandum
2510 4561 2646 4631 quod
2669 4560 2882 4632 quando
2902 4560 3192 4617 cardinalis
3208 4559 3296 4632 qui
3317 4568 3532 4615 creatur

249 4654 413 4708 dcunt
446 4654 511 4708 ad
537 4655 832 4710 sedendum
861 4653 923 4708 in
941 4653 1261 4709 consistorio
1303 4653 1353 4708 iu
1381 4654 1513 4708 locis
1542 4654 1835 4709 consuetis.

255 4744 451 4799 Postea
501 4759 623 4799 eum
664 4743 924 4799 dietiduo
951 4743 1282 4813 antiquiores
1308 4744 1519 4798 diaconi
1542 4742 1842 4797 cardinales

250 4835 545 4890 deducunt
559 4834 624 4889 ad
653 4835 932 4889 dominum
978 4848 1188 4905 papam,
1239 4835 1327 4904 qui
1355 4849 1482 4887 eum
1505 4832 1569 4887 ad
1600 4834 1841 4887 osculum

252 4927 512 4997 pedisret
539 4926 880 4993 postmodum
911 4926 1041 4991 oris,
1078 4925 1285 4995 recipit.
1322 4925 1519 4979 Deinde
1549 4923 1707 4979 iidem
1736 4923 1843 4979 duo

256 5014 474 5071 diaconi
500 5014 1165 5086 casd;nales.antiquiores
1192 5030 1313 5070 cum
1343 5015 1544 5069 ducunt
1567 5013 1842 5069 adusedeut

252 5107 519 5181 debitam,
564 5123 657 5175 per
700 5106 974 5161 dominum
1022 5120 1210 5175 papam
1250 5105 1354 5160 sibi
1390 5105 1684 5160 sectmdum
1733 5119 1849 5160 sua:

252 5200 548 5255 creationis
575 5198 795 5268 gradum
822 5208 877 5253 et
902 5198 1146 5253 ordinem
1182 5198 1526 5268 assignatam.

330 5290 620 5362 Postquam
640 5290 890 5345 omnibus
909 5289 1274 5345 cardinalibus
1287 5289 1849 5355 sedentibus,c:eteris

334 5440 359 5483 ‘-
388 5446 641 5502 Onufrius
692 5446 830 5499 banc
880 5445 1204 5500 creationem
1254 5451 1470 5500 revocat
1525 5443 1590 5498 ad
1642 5459 1845 5497 annum

261 5516 424 5581 I337,
456 5528 510 5572 et
537 5517 750 5587 quidem
778 5516 843 5569 ad
876 5532 942 5569 xv
963 5515 1072 5587 Ital.
1124 5515 1380 5587 Januarii,
1430 5529 1531 5584 qua
1585 5515 1672 5587 die
1720 5514 1849 5567 Ber-

260 5588 483 5642 trandus
512 5585 579 5640 de
609 5587 803 5640 Iteueiu
827 5586 1261 5655 archiepiscopus
1280 5585 1852 5655 Ebredunensisapre-

258 5659 443 5726 sbyter
468 5657 756 5710 cardinalis
774 5656 911 5726 tituli
930 5652 1098 5709 sancti
1118 5656 1309 5717 Marci;
1345 5655 1509 5708 frater
1531 5652 1852 5708 Guillelmus

261 5725 413 5781 (litui
443 5728 511 5782 de
542 5727 763 5793 Divano,
804 5725 970 5781 abbas
995 5726 1202 5781 montis.
1222 5726 1693 5796 Olivi,.presbytcr
1733 5738 1853 5777 caro

1947 4665 2041 4721 per
2069 4666 2256 4720 papam
2284 4651 2344 4706 in
2366 4654 2852 4724 presbyterum,vel
2876 4651 3156 4707 diaconum
3178 4651 3529 4717 cardinalem,

1949 4750 2165 4797 nonest
2192 4742 2491 4813 presbyter,
2523 4744 2605 4799 vel
2627 4744 2903 4812 diaconus,
2926 4744 2969 4798 si
2998 4745 3133 4799 sitin
3162 4746 3530 4813 presbyterum

1948 4833 2171 4901 electus,
2204 4850 2307 4888 non
2339 4843 2513 4905 portat
2540 4835 2591 4889 in
2625 4835 2875 4905 Vesperis
2912 4835 3206 4899 veldbﬁssa,
3235 4848 3369 4904 quas
3398 4848 3534 4905 papa

1949 4924 2412 4980 solemniter-facit
2433 4935 2488 4981 et
2507 4926 2639 4981 dicit
2662 4925 3011 4996 praesentibus
3035 4927 3156 4980 aliis
3174 4923 3534 4979 cardinalibus

1949 5016 2203 5083 antiquis,
2236 5026 2565 5086 paramenta,
2593 5032 2713 5087 qua!
2741 5016 2835 5071 alii
2860 5016 3159 5073 cardinales
3180 5013 3384 5085 antiqui
3413 5029 3537 5083 por-

1952 5113 2063 5158 tant
2097 5114 2222 5161 tunc
2251 5108 2529 5175 temporis,
2560 5123 2840 5175 quousque
2860 5109 2929 5162 de
2942 5106 3195 5163 manibus
3217 5122 3366 5177 papa:
3386 5120 3537 5161 rece-

1953 5194 2093 5264 perit
2138 5196 2380 5250 ordinem
2424 5196 2758 5269 presbyteri;
2788 5207 2846 5252 et
2865 5198 2911 5252 si
2938 5203 3007 5253 sit
3032 5202 3084 5254 in
3114 5200 3395 5254 diaconum
3419 5198 3537 5252 ele-

1948 5296 2087 5352 eius,
2120 5284 2193 5340 ita
2219 5302 2325 5341 nou
2359 5295 2864 5356 portatparamenta
2892 5288 3123 5355 diaconi,
3159 5302 3436 5358 quousque
3464 5286 3537 5343 de

1951 5439 2142 5513 dinalis
2189 5441 2325 5496 tituli
2375 5451 2677 5497 sanctorum
2730 5453 2958 5513 quatuor
3008 5442 3424 5511 Coronatorum,
3479 5450 3538 5499 et

1953 5510 2271 5583 Gnillelnius
2297 5513 2484 5579 Albus,
2527 5510 2807 5583 presbyter
2833 5514 3123 5569 cardinalis
3176 5515 3310 5569 tituli
3358 5510 3537 5570 sancti

1955 5580 2296 5648 Stephani-in
2327 5583 2499 5638 leio
2527 5580 2724 5638 'tnont'e
2769 5585 3056 5644 renuntiati
3105 5585 3365 5639 dicuntur
3411 5598 3536 5639 cunt

1954 5650 2292 5777 :iil8.:l‘;bllso‘
2328 5654 2433 5709 Sed
2463 5653 2791 5723 preferenda
2823 5654 2977 5726 hujus
3004 5653 3406 5711 Cmremouialis
3434 5666 3535 5707 au-

2012 5737 2090 5776 on
2117 5737 2144 5775 ει
2181 5762 2197 5777 .

2012 5736 2197 5778 ornas.
