4006 6328
469 320 603 375 i207

1145 315 1489 370 Al‘l‘ENDlX
1533 316 1624 369 AD
1665 314 1723 369 S.
1767 310 2094 368 CRECOllll
2140 311 2350 366 MACNI
2396 311 2760 368 LITURGICA
2805 311 3054 366 OI‘EIH.

3615 314 3751 370 ηδε

464 436 708 494 manibus
738 448 885 502 papa:
908 431 1167 498 receperit
1187 430 1430 485 ordinem
1456 431 1799 493 diaconatus;
1831 426 1923 482 sed
1948 436 2054 480 stat
2084 432 2130 488 Α
2158 438 2207 481 et
2231 428 2291 482 P.
2323 429 2393 484 de
2441 427 2680 497 lloblayo
2723 426 3029 496 presbyteri
3053 426 3355 482 cardinales
3381 428 3757 494 prmrederent

471 527 688 581 ultimus
719 526 856 579 inter
885 521 1182 576 cardinales
1210 522 1406 590 gradus
1434 523 1515 576 sui
1540 520 1754 575 indutus
1782 533 1950 588 cappa
1982 517 2050 572 de

463 619 715 673 scarleto.

533 708 762 763 Minores
787 704 1003 760 ordines
1023 713 1420 759 consueverunt
1447 705 1562 759 dari
1591 705 1855 774 prrcdictis
1877 709 2053 764 cardi-

464 798 672 853 nalibus
710 797 862 851 novis
894 811 988 864 per
1013 796 1320 866 episcopum
1349 797 1674 853 cardinalem
1704 814 1768 853 ex
1797 803 2051 856 eorumis-

464 892 617 943 siono
659 902 809 958 papae
857 898 1008 941 extra
1055 897 1281 956 quatuor
1334 897 1594 957 tempora.
1646 890 1876 946 Minores
1926 907 2056 946 vero

465 979 681 1034 ordines
724 993 819 1047 per
865 994 1055 1046 papam
1106 978 1426 1045 regulariter
1458 981 1507 1033 in
1539 992 1765 1050 quatuor
1804 983 2056 1051 tempori-

463 1072 580 1136 bus,
627 1078 683 1125 et
725 1069 992 1124 interdum
1032 1077 1179 1123 extra
1210 1081 1434 1140 quatuor
1465 1079 1703 1139 tempora
1735 1081 1788 1126 et
1817 1083 2052 1137 secreto,

465 1163 818 1233 praesentibus
867 1171 1072 1216 tantum
1106 1162 1276 1216 tribus
1306 1164 1538 1230 antiquis
1579 1163 1960 1229 cardinalihus,
1999 1174 2057 1219 et

467 1253 666 1320 paratis
695 1253 806 1308 suis
835 1254 1164 1321 paramentis
1201 1267 1309 1307 uno
1355 1253 1608 1322 episc0po
1632 1254 1713 1308 vel
1744 1256 2057 1325 presbytero

462 1354 517 1400 ιιι
545 1344 755 1400 duobus
801 1344 1133 1400 diaconibus.
1189 1344 1595 1399 Consueveruut
1616 1347 1776 1400 etiam
1806 1348 1920 1400 dari
1963 1363 2056 1416 per

468 1450 660 1505 papam
707 1435 864 1489 simul
922 1450 1110 1490 ontnes
1152 1435 1370 1492 ordines
1412 1436 1644 1505 majores
1695 1438 2056 1494 cardinalibus

466 1527 805 1598 supradictis.

462 1638 673 1695 CXVII.
705 1639 1030 1711 (Ja'rcmonite
1057 1640 1224 1693 solilw
1248 1639 1450 1711 seruari,
1470 1640 1523 1692 in
1568 1639 1822 1692 creatione
1851 1642 2059 1711 presby-

537 1722 757 1765 terorum
785 1709 1149 1774 cardinalium,
1180 1710 1387 1779 quando
1407 1710 1479 1763 eis
1507 1709 1858 1765 committitur
1880 1709 2060 1765 titulus

537 1780 868 1849 episcopalis,
893 1781 1119 1834 rubrica.

541 1893 764 1960 Quando
797 1908 922 1946 vero
963 1891 1144 1946 titulus
1169 1889 1456 1947 cardinalis
1476 1891 1712 1960 episcopi
1746 1899 1897 1946 vacat
1924 1901 2059 1947 tem-

469 1997 601 2051 pore
629 1997 734 2052 quo
755 1982 874 2036 novi
903 1979 1205 2035 cardinales
1234 1995 1328 2049 per
1355 1980 1630 2034 dominum
1655 1995 1839 2048 papam
1866 1995 2056 2035 crean-

473 2085 580 2139 tur,
611 2075 882 2127 consucvit
913 2071 1176 2126 interdum
1206 2070 1454 2126 dominus
1481 2086 1612 2140 papa
1640 2072 1797 2126 alicui
1828 2074 1895 2128 de
1921 2073 2061 2127 anti-

469 2162 590 2230 quis
621 2160 947 2232 presbyteris
969 2159 1326 2216 cardinalibus
1368 2160 1421 2216 in
1457 2162 1600 2217 curia
1651 2162 1886 2217 Romana
1928 2180 2064 2231 pra:-

471 2251 732 2317 sentibus,
762 2252 829 2306 de
859 2252 954 2306 illo
987 2267 1080 2321 per
1106 2252 1321 2306 modum
1360 2252 1451 2320 qui
1487 2253 1729 2322 sequitur
1761 2253 2062 2320 ptuvidere.

472 2352 526 2395 et
564 2342 616 2396 in
647 2341 736 2396 die
763 2340 1012 2405 Veneris,
1050 2340 1262 2410 quando
1284 2339 1585 2395 cardinales
1614 2341 1681 2394 de
1713 2356 1850 2394 novo
1876 2356 2065 2396 crean—

473 2433 570 2484 dos
592 2431 852 2496 nominat,
875 2431 1107 2500 antiquis
1132 2446 1212 2485 cat
1228 2431 1494 2486 dinalibus
1524 2446 1618 2498 per
1641 2432 1881 2486 ordinem
1906 2447 2062 2486 suum

473 2508 811 2579 venientibus
842 2538 936 2592 pro
962 2524 1188 2579 consilio
1228 2524 1295 2578 ad
1325 2523 1659 2588 cathedram,
1698 2523 1851 2593 juxta
1882 2525 2062 2580 cathe-

474 2619 623 2672 dram
670 2617 872 2674 domini
927 2632 1075 2686 papas
1123 2632 1222 2686 pro
1249 2617 1377 2686 ipsis
1421 2616 1788 2671 cardinalibus
1829 2617 2062 2686 antiqu‘s

475 2718 736 2777 paratam,
767 2725 861 2767 eos
887 2710 1230 2779 singulariter
1259 2709 1576 2780 interrogat,
1609 2709 1676 2764 de
1703 2725 1812 2779 quo
1842 2710 2064 2777 antiquo

476 2801 792 2870 presbytero
837 2799 1092 2855 cardinali
1123 2801 1202 2857 eis
1228 2800 1500 2858 videretur
1540 2800 1806 2865 ecclesiat,
1840 2813 1894 2852 ut
1927 2816 2062 2867 pne-

476 2897 718 2962 ntittitur,
752 2895 959 2949 vacanti
989 2893 1104 2950 fore
1134 2893 1541 2964 providendum,
1587 2892 1858 2947 neminem
1883 2902 2061 2946 tamen

468 2992 535 3042 de
557 2987 912 3043 cardinalibus
931 2987 1012 3042 eis
1042 2987 1403 3050 nominando;
1435 2995 1489 3041 ct
1512 3000 1771 3054 responso
1800 3001 1894 3055 per
1915 2989 2062 3040 ordi-

476 3093 596 3132 nem
624 3093 715 3144 per
738 3092 854 3144 eos,
888 3077 1012 3130 dum
1050 3086 1236 3145 postea
1266 3091 1456 3133 omnes
1478 3077 1780 3131 cardina'es
1819 3078 1884 3131 ad
1931 3093 2060 3131 con-

2156 532 2302 586 eum,
2331 530 2384 573 et
2413 528 2594 573 essent
2621 520 2954 588 antiquiores
2983 520 3035 573 in
3061 518 3426 583 eardiualatu;
3458 530 3511 573 et
3547 528 3733 583 teinpn

2159 627 2216 665 re
2242 610 2443 666 domini
2475 611 2770 667 Clementis
2800 627 2952 681 papae
2979 612 3040 666 Vl
3059 654 3072 674 ,
3105 611 3320 682 quando
3347 612 3605 664 dominus
3640 611 3735 662 Ital

2159 703 2266 769 bia,
2320 704 2408 772 qui
2454 705 2626 759 fuerat
2667 705 2951 773 epiSCOpus
2993 703 3372 766 Ruthencnsis,
3426 700 3528 756 fuit
3584 702 3754 754 factus

2158 794 2444 862 episcopus
2499 794 2842 858 Parmensis;
2892 806 2946 850 et
2974 794 3222 850 dominus
3250 794 3546 850 cardinalis
3578 793 3758 848 Bono-

2159 885 2383 950 niensis,
2414 886 2501 955 qui
2532 886 2704 940 fuerat
2733 897 3079 942 consecratus
3125 887 3566 956 archiepiscopus
3615 887 3760 953 Lug-

2159 975 2438 1040 dunensis,
2470 976 2641 1029 lactus
2673 975 2764 1029 fuit
2794 975 3079 1045 episcOpus
3116 976 3463 1037 Parmensis;
3497 986 3554 1030 et
3585 975 3761 1029 donti-

2165 1081 2266 1118 nus
2293 1065 2582 1119 cardinalis
2609 1066 3068 1123 Claromontensis
3094 1108 3112 1132 ,
3155 1067 3244 1136 qui
3275 1075 3458 1135 po~tea
3491 1066 3593 1121 fuit
3621 1081 3759 1136 papa

2162 1155 2498 1210 Innocentius
2551 1157 2637 1221 VI,
2687 1157 2785 1212 fuit
2826 1157 3035 1212 habitus
3057 1158 3340 1226 episcopus
3370 1155 3663 1220 Ostiensis,
3697 1155 3760 1209 li-

2161 1256 2246 1301 cet
2274 1247 2525 1303 dominus
2567 1249 2855 1304 cardinalis
2877 1250 3074 1304 montis
3104 1249 3240 1305 Olivi
3271 1249 3608 1319 praecederet
3639 1263 3758 1312 eos,

2163 1347 2217 1392 et
2266 1348 2409 1393 esset
2434 1340 2702 1409 ant’quior
2731 1340 2859 1410 ipsis
2901 1340 2954 1395 in
2999 1339 3350 1396 cardinalatu.
3401 1341 3474 1396 At
3519 1351 3763 1408 tempore

2164 1429 2364 1483 domini
2394 1429 2688 1485 Innocentii
2717 1446 2865 1500 papa:
2895 1430 2982 1496 VI,
3009 1444 3118 1498 quo
3157 1429 3410 1485 dominus
3437 1429 3760 1483 Atrabateu-

2167 1522 2242 1576 sis
2266 1523 2542 1592 presbyter
2569 1523 2859 1578 cardinalis
2897 1522 2996 1578 fuit
3036 1524 3203 1577 lactus
3232 1522 3516 1591 episcopus
3547 1522 3758 1576 Ostien-

2165 1613 2261 1678 sis,
2291 1622 2346 1668 et
2374 1613 2624 1670 dominus
2666 1614 2888 1683 [spanos
2929 1614 3089 1671 etiam
3123 1615 3400 1685 presbyter
3441 1613 3753 1676 cardinalis,

2165 1709 2256 1775 qui
2298 1716 2422 1761 tunc
2452 1717 2567 1762 erat
2611 1708 2819 1776 legatus
2860 1707 2912 1762 in
2964 1705 3278 1762 Lombardia
3307 1748 3320 1771 ,
3353 1706 3758 1774 initepiscnpus

2089 1807 2135 1866 Β
2167 1797 2498 1864 Sabinensis,
2513 1800 2758 1865 quamvis
2775 1798 3023 1853 dominus
3051 1800 3248 1853 mantis
3274 1796 3440 1863 Olivi,
3464 1797 3554 1866 qui
3589 1798 3758 1850 fuerat

2165 1890 2332 1942 abbas
2360 1891 2560 1944 montis
2619 1890 2758 1945 Olivi
2789 1889 3202 1952 Benedictinus;
3246 1899 3299 1944 et
3326 1888 3622 1942 cardinalis
3655 1888 3759 1942 Suo

2164 1980 2424 2035 cellensis
2467 1990 2678 2035 creatus
2720 1978 2871 2035 dicti'
2897 1979 3101 2034 domini
3149 1979 3450 2034 Clementis
3493 1994 3642 2047 papae
3672 1978 3756 2042 \l,

2166 2076 2254 2143 qui
2289 2074 2461 2129 fuerat
2491 2074 2700 2129 electus
2724 2071 3047 2129 Sueeilensis
3073 2111 3089 2136 ,
3137 2082 3190 2127 et
3221 2085 3326 2127 non
3358 2071 3536 2124 fuerat
3565 2084 3758 2122 conse-

2170 2175 2369 2229 cratus,
2406 2165 2776 2234 pnecederent
2800 2179 3023 2227 omnes;
3053 2171 3112 2218 et
3133 2164 3529 2231 subsequenter
3559 2170 3764 2216 creant

2175 2256 2313 2308 alios
2345 2270 2512 2310 novos
2541 2254 2843 2310 cardinales
2874 2269 2968 2323 per
2992 2252 3205 2308 modum
3235 2255 3628 2320 supradictum.

2237 2344 2402 2415 5.36
2431 2345 2527 2400 Die
2556 2360 2692 2399 vero
2718 2344 2940 2401 Sabhati
2967 2344 3211 2414 sequenti
3253 2343 3432 2397 dictus
3472 2340 3762 2398 cardinalis

2167 2434 2450 2503 antiquus,
2498 2435 2581 2488 cui
2611 2433 2702 2489 die
2753 2434 2978 2489 Veneris
3023 2433 3348 2504 praecedenti
3378 2434 3656 2503 prmisum
3679 2442 3762 2487 est

2176 2524 2242 2577 de
2273 2525 2426 2578 titulo
2458 2523 2778 2580 cardiualari
2799 2524 3114 2595 episcopali,
3133 2525 3291 2580 debet
3312 2539 3434 2579 esse
3457 2536 3610 2580 extra
3637 2541 3762 2579 con-

2169 2614 2442 2668 sistorium
2494 2630 2614 2669 cum
2670 2614 2792 2669 aliis
2825 2615 2980 2670 novis
3026 2615 3384 2670 cardinalith
3415 2615 3505 2670 die
3539 2615 3758 2671 \‘eneris

2170 2706 2493 2774 prtecedcnti
2522 2706 2754 2771 creatis,
2778 2721 3057 2777 quousque
3083 2723 3147 2764 et
3200 2719 3347 2775 parte
3376 2707 3584 2762 domini
3609 2724 3758 2778 papa:

2166 2808 2384 2852 vocetur
2412 2797 2550 2867 quod
2589 2798 2762 2853 ieniat
2799 2798 2866 2852 ad
2913 2813 3038 2852 eum
3078 2813 3202 2853 cum
3233 2798 3350 2852 alis
3394 2798 3760 2852 cardinalibus

2166 2888 2234 2943 de
2262 2903 2398 2943 novo
2428 2889 2652 2954 creatis;
2685 2897 2739 2943 et
2779 2897 2910 2943 tunc
2941 2889 3186 2956 primitus
3230 2890 3393 2944 debet
3423 2893 3608 2944 venire
3637 2905 3756 2944 cum

2167 2981 2244 3036 eis
2270 3022 2285 3044 ,
2337 2991 2392 3034 ct
2426 2991 2572 3036 stare
2610 2981 2813 3050 primus
2840 2981 3004 3050 pedes
3033 2997 3154 3037 cum
3194 2983 3345 3037 novis
3374 2983 3758 3049 cardinalibus,

2168 3085 2222 3129 et
2253 3074 2428 3127 omnia
2473 3073 2576 3128 alia
2626 3074 2724 3129 fact
2745 3090 2805 3130 re
2853 3090 2972 3129 cum
3019 3078 3098 3131 eis
3147 3091 3266 3144 qua:
3307 3077 3432 3130 novi
3462 3076 3756 3130 cardinales

473 3166 745 3221 pistorium
803 3166 870 3222 ad
929 3166 1222 3220 sedendum
1273 3166 1564 3221 secundum
1608 3168 1740 3222 ordii
1765 3183 1849 3222 ein
1903 3183 2056 3223 suum
2090 3172 2136 3233 ο
2173 3166 2347 3221 fact-re
2376 3166 2569 3221 debent
2600 3167 2750 3236 juxta
2782 3167 3000 3222 modum
3035 3169 3281 3236 superius
3311 3167 3592 3222 recitatum
3613 3209 3628 3230 ,
3657 3169 3755 3221 hoc

477 3257 755 3321 redierint,
789 3255 1038 3314 dominus
1068 3271 1201 3327 papa
1221 3258 1442 3327 antiquo
1463 3258 1721 3314 cardinali
1749 3260 2062 3330 presbytero

472 3346 672 3401 ibidem
705 3347 952 3416 praesenti
979 3348 1060 3402 vel
1082 3347 1291 3402 absenti
1335 3347 1578 3416 providet
1604 3351 1671 3404 de
1696 3351 1919 3405 CCtieaia
1947 3352 2061 3419 epi-

471 3437 694 3507 scopali,
747 3448 804 3492 ut
860 3439 1219 3508 praemittitur,
1277 3448 1521 3508 vacante,
1579 3451 1862 3512 antequam
1914 3456 2065 3500 creet-

470 3533 604 3586 aiios
635 3548 800 3587 novos
822 3534 1144 3589 cardinales.

541 3624 703 3696 5.35
732 3626 1090 3680 Ριωῑθςιιιιιιιι·
1123 3636 1299 3682 tamen
1335 3627 1496 3699 aliqui
1538 3631 1747 3687 ratione
1777 3631 2059 3702 legationis

473 3716 755 3770 novissimi
803 3716 1105 3786 presbyteri
1135 3717 1434 3774 cardinales
1479 3719 1530 3774 in
1579 3723 1882 3790 provisione
1921 3724 2058 3780 tituli

469 3807 788 3876 episcopalis
847 3807 1238 3878 antiquioribus
1295 3811 1622 3880 presbyteris
1668 3815 2054 3882 cardinalibus,

471 3909 628 3963 prout
687 3899 883 3955 factum
935 3903 1032 3956 fuit
1089 3913 1332 3974 tempore
1378 3906 1584 3962 domini
1626 3909 1850 3967 Joannis
1905 3928 2054 3982 papa:

468 3990 614 4046 XXII
639 4032 655 4057 ,
706 4008 814 4063 quo
862 4003 1099 4064 tempore
1126 4007 1242 4052 erat
1281 3998 1490 4067 legatus
1529 4002 1778 4058 dominus
1809 4005 2058 4060 Bertrau-

466 4088 567 4140 dus
594 4085 662 4141 de
691 4085 877 4152 Poeto,
908 4089 997 4158 qui
1030 4089 1224 4144 stando
1252 4091 1303 4145 in
1329 4105 1425 4146 sua
1470 4092 1735 4164 legatione
1759 4095 1857 4150 fuit
1885 4097 2056 4154 factus

461 4178 748 4246 episcopus
790 4177 1091 4245 Ostiensis,
1137 4180 1261 4238 licet
1306 4183 1886 4248 dominusSantelmus
1919 4189 2049 4261 [Al.,

467 4268 792 4341 Santelinus]
822 4270 1089 4340 Joannes,
1121 4274 1211 4344 qui
1261 4285 1447 4344 postea
1493 4278 1644 4345 lapsu
1674 4282 1928 4349 temporis
1959 4282 2055 4338 fuit

469 4359 754 4426 episcopus
785 4360 1104 4418 Albanensis
1129 4402 1145 4428 ,
1196 4373 1250 4419 et
1279 4365 1340 4420 P.
1373 4366 1442 4421 de
1467 4366 1728 4440 lloblayo,
1761 4371 1850 4440 qui
1877 4371 2054 4428 fuerat

469 4450 815 4506 cancellarius
860 4451 1102 4509 Francia:
1128 4495 1143 4521 ,
1195 4456 1490 4527 presbyteri
1521 4459 1818 4518 cardinales
1845 4480 2050 4534 prace-

464 4539 654 4594 derent
676 4554 827 4596 eum.

543 4632 904 4689 Prml'eruntur
933 4636 1091 4690 etiam
1125 4636 1401 4692 novissimi
1429 4641 1723 4712 presbyteri
1758 4652 1781 4679 ο
1809 4645 2052 4702 cardina-

468 4722 550 4779 les
579 4723 630 4777 in
678 4725 980 4792 provisione
1023 4727 1092 4780 ὁὶ(
1113 4726 1148 4780 ιί
1195 4727 1332 4782 tituli
1363 4733 1680 4801 episcopalis
1709 4735 1780 4790 illi
1812 4739 1898 4805 qui
1929 4749 2052 4795 ante

467 4812 860 4878 promotioncm
882 4816 947 4868 ad
988 4815 1373 4872 cardinalatum
1417 4822 1610 4876 fuerint
1639 4825 2048 4898 archiepiscopi,

467 4907 548 4960 vel
575 4907 813 4976 episcOpi
832 4911 1150 4975 consecrati,
1176 4911 1294 4966 aliis
1316 4915 1652 4982 antiquorum
1676 4919 2050 4988 cardinalium,

465 4997 556 5064 qui
608 5012 715 5054 non
745 4998 963 5054 inerunt
1005 5001 1244 5071 episcopi
1275 5007 1573 5060 consecrati
1604 5019 1727 5063 ante
1758 5014 2051 5078 promotio-

468 5105 588 5144 nem
614 5091 970 5148 cardinalatus
996 5138 1010 5160 ,
1058 5103 1116 5148 ut
1145 5104 1384 5164 tempore
1415 5097 1619 5165 praefati
1650 5099 1849 5155 domini
1882 5103 2048 5158 Joan-

468 5181 550 5233 nis
583 5195 732 5252 papas
756 5222 770 5247 ,
817 5199 924 5253 quo
972 5195 1214 5256 tempore
1241 5186 1491 5242 dominus
1542 5186 1734 5245 Petrus
1761 5193 1826 5245 de
1854 5193 2048 5257 Piatis.

469 5275 598 5322 tunc
626 5271 906 5341 presbyter
931 5273 1216 5328 cardinalis
1238 5315 1253 5339 ,
1283 5277 1372 5344 qui
1416 5276 1588 5331 fuerat
1623 5279 2055 5351 archiepiscopus

468 5370 810 5414 consecratus
841 5366 1102 5432 Aquensis
1129 5407 1142 5429 ,
1179 5365 1277 5419 fuit
1315 5366 1484 5423 factus
1532 5369 1815 5438 episc0pus
1846 5373 2057 5429 Priene-

469 5445 753 5516 stinensis,
806 5452 931 5506 licet
984 5456 1223 5523 pra'dicti
1257 5457 1460 5512 domini
1491 5457 1798 5515 Santelmus
1822 5463 2056 5520 Joannes

544 5555 871 5642 '.Qttando_
905 5561 1132 5642 primum
1193 5565 1676 5642 diacoui‘quidam
1726 5571 2050 5642 cardinales,

467 5626 703 5708 mtiusis
735 5626 1094 5708 presbyteris,
1139 5637 1348 5708 prmlati
1390 5626 1500 5693 sini
1529 5639 1594 5693 ad
1631 5642 1813 5695 titulos
1844 5626 2053 5708 epist-o1

472 5697 654 5781 pales,
706 5697 823 5781 vide
864 5697 1229 5781 Augustini-nn“
1254 5705 1538 5781 Patricium
1561 5750 1574 5769 ,
1603 5711 1683 5764 tit.
1713 5711 1769 5781 β,
1805 5697 1924 5777 cap.
1962 5716 2047 5781 l7,

470 5768 558 5825 ubi
590 5771 830 5841 quaedam
855 5775 1099 5838 exempla
1141 5773 1302 5829 refert
1335 5791 1396 5832 ex
1423 5768 1678 5850 Gregorio
1709 5768 1770 5834 Xi
1792 5825 1805 5852 ,
1841 5768 1928 5852 qui
1954 5768 2059 5840 car-

2165 3270 2414 3330 excepto,
2455 3263 2594 3324 quo]
2645 3273 2767 3314 cum
2815 3275 3004 3314 omnes
3049 3261 3420 3315 solemnitates
3466 3261 3754 3328 prmtnissa:

2167 3353 2270 3406 sint
2297 3353 2579 3420 complete
2609 3392 2624 3415 ,
2672 3354 2813 3423 quod
2865 3369 2964 3424 per
3009 3355 3142 3411 duos
3170 3355 3429 3410 diaconos
3459 3356 3753 3408 cardinales

2165 3445 2496 3516 antiquiores
2525 3446 2730 3515 primus
2758 3446 2973 3502 ducitur
3002 3447 3070 3503 ad
3092 3448 3385 3503 sedendum
3416 3449 3468 3502 iu
3492 3449 3753 3504 consisto.

2167 3537 2246 3592 rio
2288 3538 2597 3593 immediate
2640 3538 2793 3607 justa
2843 3538 3086 3594 ultimum
3132 3541 3412 3610 antiquum
3444 3541 3750 3610 episcopum

2167 3627 2520 3682 tardinalem.
2563 3629 2844 3684 Silentium
2869 3629 3030 3685 etiam
3061 3630 3112 3686 ei
3135 3646 3238 3685 non
3274 3632 3588 3701 imponitur,
3618 3632 3750 3700 quod

2165 3725 2316 3776 novis
2341 3722 2702 3776 cardinalibus
2749 3731 2832 3777 est
2873 3723 3072 3792 imponi
3122 3733 3477 3788 consuetum;
3532 3739 3631 3780 nec
3659 3740 3750 3794 per

2165 3829 2354 3883 pzqairi
2381 3815 2612 3868 annulus
2644 3815 2694 3870 ei
2736 3824 2921 3885 postea
2965 3817 3142 3880 datur,
3186 3831 3285 3872 nec
3313 3817 3632 3871 exhortatur
3659 3831 3750 3885 per

2166 3921 2375 3974 papam,
2409 3907 2680 3975 quomodo
2708 3907 2900 3964 debeat
2940 3923 3003 3964 se
3030 3908 3229 3964 habere
3269 3909 3323 3964 in
3352 3909 3676 3963 consistorio
3703 3921 3753 3963 et

2164 4010 2351 4063 extra;
2379 4013 2477 4053 nec
2506 3999 2743 4067 capellus
2774 4000 2970 4055 robeus
2991 4001 3039 4055 ei
3058 4016 3151 4068 per
3178 4015 3370 4071 papam
3396 4001 3581 4054 datur.
3618 4001 3752 4055 Visi-

2167 4099 2240 4143 tat
2272 4099 2450 4143 tamen
2482 4103 2674 4144 omnes
2701 4090 3098 4155 cardinales,ut
3123 4092 3192 4147 de
3212 4091 3366 4146 novis
3393 4091 3756 4145 animalibus

2162 4181 2410 4248 superius
2437 4190 2519 4234 est
2542 4180 2656 4250 jam
2701 4181 2925 4236 dictum.
2965 4181 3021 4238 Si
3053 4197 3182 4237 vero
3210 4194 3294 4237 est
3316 4183 3512 4238 absens
3535 4197 3566 4236 a
3588 4183 3754 4243 curia,

2158 4273 2372 4341 quando
2401 4272 2650 4328 dominus
2680 4286 2816 4341 papa
2843 4275 2891 4328 ei
2921 4274 3186 4342 providet,
3206 4273 3366 4328 debet
3393 4290 3518 4330 cum
3540 4275 3756 4328 redierit

2158 4381 2346 4420 omnes
2413 4364 2713 4420 cardinales
2771 4366 2824 4420 in
2874 4380 3071 4434 eorum.
3121 4365 3373 4421 domibus
3413 4365 3758 4435 singulariter

2159 4458 2399 4512 visitare.

2086 4547 2137 4608 D
2233 4547 2524 4603 Sciendum
2547 4557 2629 4604 est
2655 4559 2831 4604 autem
2862 4549 3003 4619 quod
3025 4549 3213 4604 titulus
3244 4549 3754 4620 episcopaliscardi-

2163 4639 2370 4694 natatus
2382 4656 2485 4694 non
2500 4641 3048 4696 consuevitcommitti
3067 4641 3222 4698 alicui
3237 4642 3630 4707 cardinalimisi
3659 4643 3753 4711 pri.

2131 4731 2135 4735 Α
2164 4748 2252 4787 mo
2270 4732 2429 4787 fuerit
2449 4734 2731 4803 episcopus
2747 4745 3112 4802 consecratus,
3146 4737 3320 4801 posito
3339 4735 3486 4804 quod
3517 4745 3753 4804 tempore

2163 4839 2269 4890 quo
2294 4825 2414 4879 talis
2444 4825 2627 4879 titulus
2647 4826 2962 4895 episcopalis
2993 4835 3169 4896 vacat,
3203 4828 3274 4882 sit
3303 4828 3449 4894 prior
3476 4830 3753 4898 presbyte-

2162 4931 2340 4969 rorum
2353 4914 2699 4971 cardinalium
2717 4917 2937 4987 primus.
2953 4917 3043 4988 qui
3075 4920 3295 4973 nonfuit
3317 4921 3606 4989 episcopus
3626 4935 3754 4974 con-

2161 5018 2403 5062 secratus
2445 5019 2572 5064 ante
2622 5012 3012 5076 promotionem
3059 5025 3210 5066 suam
3246 5014 3312 5065 ad
3341 5013 3749 5066 cardinalatum.

2164 5099 2228 5152 Et
2261 5105 2326 5152 ‘t-t
2360 5099 2554 5154 factum
2588 5099 2708 5166 l‘uit,
2741 5100 2955 5169 quando
2973 5100 3224 5156 dominus
3251 5103 3540 5156 cardlnalis
3565 5104 3635 5157 de
3656 5103 3750 5156 Bn-

2164 5191 2303 5245 lonia
2337 5191 2432 5244 fuit
2477 5189 2652 5246 factus
2678 5193 2960 5262 episeopus
2989 5191 3298 5248 Ponitensis
3323 5235 3337 5258 ,
3368 5197 3455 5264 qui
3481 5207 3595 5249 eat
3627 5195 3756 5248 sub-

2162 5287 2307 5353 prior
2339 5285 2775 5355 presbyterorum
2818 5285 3170 5339 cardinaliurn
3194 5325 3210 5352 ,
3255 5288 3398 5354 quod
3434 5286 3607 5341 luerat
3631 5296 3752 5343 ante

2162 5376 2545 5430 cardiualatum
2578 5375 3018 5445 archiepiscopus
3067 5378 3440 5447 Lugdunensis
3469 5395 3748 5436 consecrao

2166 5476 2286 5535 tus;
2331 5478 2384 5524 et
2432 5469 2682 5523 dominus
2729 5467 3014 5524 cardinalis
3064 5473 3264 5526 montis
3296 5473 3431 5527 Olivi
3461 5481 3577 5526 erat
3607 5474 3745 5542 print

2160 5578 2392 5632 dinalem
2437 5578 2879 5654 l._omovicensem
2933 5581 3215 5638 diaconum
3248 5585 3513 5654 promovit
3546 5585 3612 5637 ad
3639 5585 3747 5650 epi-

2157 5661 2431 5724 scopatum
2468 5650 2992 5724 l’rtenestineusem;
3029 5669 3092 5709 ex
3124 5655 3216 5709 Pio
3247 5650 3305 5718 ll,
3345 5657 3435 5724 qui
3486 5656 3746 5708 Joannem

2154 5717 2401 5772 Curvusal
2454 5723 2625 5779 sancti
2700 5721 2890 5791 Angcli
2943 5717 3010 5779 ad
3071 5717 3438 5796 episcopatum
3489 5726 3746 5782 [‘Ul’illt'll‘

2166 5803 2302 5857 sem,
2327 5800 2430 5846 etc.
