4006 6294
567 289 705 345 ΙΞῊ

1283 291 1629 348 ΑΡΡΕΝΟΙΧ
1670 293 1761 348 AD
1801 295 1859 351 S.
1902 293 2230 351 GREGORII
2269 294 2483 353 )IAGNI
2525 295 2896 356 LITURSICA
2933 299 3189 360 OPERA.

3713 305 3858 364 1271

559 421 646 459 eos
676 405 816 473 talis,
847 405 927 459 vel
953 406 1099 470 tales,
1129 404 1174 459 si
1209 404 1315 458 sint
1341 405 1448 461 duo
1476 407 1559 462 vel
1589 408 1768 477 plures
1791 449 1808 475 ,
1850 411 2051 464 vadetis
2074 410 2141 462 ad
2168 415 2217 471 Α
2252 415 2400 463 ctare
2425 409 2597 476 ipsum
2625 451 2641 474 ,
2685 411 2756 465 ab
2782 427 2849 468 eo
2881 414 3018 468 facto
3048 417 3294 483 primitus
3320 420 3548 488 osculo,
3583 423 3858 490 depositis

562 496 689 551 (ala
719 507 910 566 partes.
942 507 987 551 ct
1014 497 1204 567 patetis
1236 514 1322 551 vos
1348 498 1416 551 ad
1447 501 1666 553 eundum
1687 545 1703 569 ,
1733 514 1838 556 etc.
1870 502 2137 558 Interdum

563 603 693 642 vero
720 603 853 656 papa
872 588 1153 642 consuevit
1180 588 1378 644 addere
1409 600 1529 659 post
1557 592 1776 647 Verbum
1803 593 2140 663 Ordinamus,

562 680 632 733 Et
658 681 996 749 injungimus.
1015 680 1131 745 Quo
1161 681 1304 734 dicto
1331 696 1423 751 per
1452 699 1666 752 papam,
1693 687 1984 742 cardinalis
2013 688 2139 742 mit-

570 768 763 822 tendus
794 768 990 823 ibidem
1019 773 1298 825 consuevit
1327 785 1543 829 sumere
1583 775 1812 844 aliquam
1845 779 2140 832 auctorita-

561 868 671 911 tem
699 896 715 920 ,
758 867 812 911 et
843 858 1142 927 aliqualiter
1169 876 1229 915 se
1271 876 1531 918 excusare
1556 905 1571 929 ,
1603 867 1742 933 quod
1779 867 1889 935 ipse
1921 883 2026 922 non
2058 877 2140 925 est

554 946 830 1000 sufficiens
871 947 936 1002 ad
989 948 1039 1002 id
1088 951 1226 1018 quod
1257 950 1508 1008 dominus
1552 969 1684 1024 papa
1712 973 1834 1011 eum
1876 958 2140 1013 ordinavit

559 1035 879 1090 mittendum
909 1054 924 1102 ;
975 1039 1068 1093 sed
1094 1040 1208 1109 eius
1253 1046 1600 1100 excusatione
1631 1062 1737 1100 nou
1786 1049 2017 1108 admissa
2047 1066 2142 1120 per

555 1139 771 1194 papam,
798 1128 1082 1183 eardinalis
1107 1130 1221 1198 ipse
1248 1133 1396 1187 venit
1416 1134 1482 1187 ad
1507 1135 1750 1190 osculum
1783 1139 1933 1206 pedis
1955 1147 2008 1193 et
2029 1141 2140 1195 oris

563 1230 755 1284 papae,
804 1218 1067 1275 ea'dinali
1108 1221 1394 1290 antiquiori
1429 1223 1655 1279 diacono
1684 1228 1931 1294 primitus
1976 1230 2139 1298 pedes

564 1319 716 1374 papa:
743 1305 1211 1378 discoopericndo.
1238 1313 1440 1379 Quibus
1468 1314 1618 1369 factis
1645 1358 1660 1384 ,
1691 1332 1824 1386 papa
1851 1319 2020 1389 surgit
2039 1361 2054 1383 ,
2087 1331 2140 1376 et

557 1397 706 1450 vadit
735 1397 802 1451 ad
823 1412 1115 1453 cameram.
1141 1401 1274 1455 Alia:
1305 1403 1671 1459 solemnitates
1703 1423 1806 1460 non
1837 1408 2008 1473 fiunt,
2041 1425 2141 1465 nec

554 1484 808 1540 dicuntur
829 1527 844 1551 ,
895 1488 995 1542 nisi
1027 1491 1166 1558 quod
1197 1491 1242 1544 si
1267 1493 1556 1548 cardinalis
1581 1497 1772 1566 aliquis
1816 1512 1897 1553 est
1942 1501 2139 1556 absens

554 1586 774 1646 propter
803 1577 1170 1636 iulirmitatem
1195 1624 1212 1649 ,
1270 1585 1552 1640 mittuntur
1589 1587 1699 1642 duo
1741 1591 2042 1648 cardinales
2072 1595 2139 1648 ad

551 1661 801 1724 eumdem
833 1687 928 1740 pro
971 1675 1196 1728 consi'io
1244 1676 1362 1745 ejus
1388 1679 1637 1735 habendo
1667 1724 1681 1746 ,
1729 1684 1877 1750 juxta
1920 1688 2136 1742 modum

2245 499 2463 561 capellis
2492 510 2544 554 et
2577 500 2749 555 liireto
2785 519 2880 571 per
2908 506 3146 560 eosdem.
3179 509 3232 562 Si
3273 524 3401 566 vero
3432 513 3540 566 sint
3569 513 3685 566 duo
3709 555 3726 579 ,
3763 515 3852 569 vel

2245 590 2426 660 plures
2449 591 2640 660 legati,
2677 595 2756 648 vel
2791 597 2980 658 nuntii,
3008 598 3204 654 debent
3233 599 3331 670 ipsi
3361 605 3657 660 convenire
3690 607 3840 662 bene

2243 694 2400 734 mane
2431 680 2481 733 in
2507 682 2735 736 ecclesia
2765 685 2950 750 majori
2979 687 3211 742 civitatis
3238 731 3253 754 ,
3283 691 3369 744 vel
3400 691 3506 746 loci
3536 735 3550 755 .
3586 695 3677 748 υῑιί
3713 697 3852 750 resi-

2243 772 2374 826 dent
2402 788 2534 841 papa
2559 783 2616 827 et
2639 775 2962 842 cardinales,
2995 788 3052 834 et
3073 781 3214 834 idem
3243 784 3485 850 recipere
3507 787 3671 841 simu.
3704 793 3850 842 viam

2243 876 2417 925 suam,
2452 875 2501 914 et
2533 864 2720 919 venire
2751 868 2816 918 ad
2847 869 3153 924 cardinales
3181 882 3333 926 extra
3364 876 3572 941 vil!am,
3601 889 3653 930 nl
3679 893 3849 947 supra

2242 953 2441 1006 dictum
2472 964 2574 1019 est,
2603 967 2979 1024 exspectantes
3007 977 3104 1030 pro
3133 975 3438 1020 commeatu
3467 967 3811 1036 recipiendo.

2311 1046 2443 1100 Cum
2459 1058 2635 1102 autem
2651 1049 2957 1118 liujnsmodi
2973 1053 3152 1122 legati,
3175 1056 3254 1110 vel
3274 1060 3442 1112 nuntii
3457 1062 3681 1116 redeunt
3699 1063 3772 1119 de
3785 1065 3849 1121 le~

2240 1136 2456 1204 gatione
2481 1152 2598 1202 sua,
2615 1149 2667 1193 et
2693 1141 2876 1196 volunt
2902 1143 3101 1200 intrare
3118 1148 3340 1213 curiam,
3362 1165 3551 1206 omnes
3575 1155 3835 1210 cardiaa-

2243 1226 2322 1282 les
2343 1227 2410 1282 de
2430 1230 2581 1283 curia
2613 1230 2810 1286 debent
2838 1235 2986 1290 exire
3013 1238 3094 1290 eis
3123 1238 3333 1294 obviam
3362 1251 3510 1297 extr:
3545 1246 3751 1312 villain,
3781 1263 3834 1302 et

2242 1318 2461 1374 eosdem
2489 1320 2712 1389 legatos,
2741 1327 2820 1379 vel
2839 1327 3054 1382 nuntios
3076 1340 3389 1399 exspectare
3411 1334 3464 1388 in
3486 1340 3836 1393 convenienti

2242 1423 2458 1478 campo,
2491 1422 2545 1466 ut
2574 1414 2821 1482 superius
2848 1416 2898 1470 in
2931 1433 3149 1474 recessu
3177 1431 3260 1475 est
3287 1424 3528 1491 dictum;
3563 1439 3618 1479 et
3643 1429 3841 1486 deinde

2242 1513 2431 1556 omnes
2477 1503 2782 1560 cardinales
2809 1521 2930 1561 cum
2961 1509 3120 1564 dictis
3154 1511 3338 1580 legatis
3377 1516 3458 1569 vel
3509 1529 3644 1570 nunt
3670 1520 3715 1570 is
3748 1522 3837 1575 de-

2245 1590 2374 1645 bent
2417 1595 2710 1650 ascendere
2737 1596 2990 1664 palatium
3016 1641 3032 1664 ,
3088 1600 3175 1654 ubi
3227 1603 3565 1670 recipiuntur
3595 1609 3741 1675 pned
3767 1613 3835 1664 cti

2243 1682 2443 1750 legati,
2500 1684 2586 1739 vel
2615 1687 2786 1741 nuntii
2819 1689 2872 1742 in
2899 1690 3220 1746 consistorio
3264 1708 3360 1762 per
3409 1695 3617 1750 dictum
3652 1713 3836 1767 rapam

552 1773 827 1818 servatum
863 1765 916 1819 in
958 1768 1316 1823 creationibus
1344 1785 1604 1825 novorum
1636 1776 2007 1832 cardinalinm.
2046 1781 2132 1834 llla
2169 1801 2217 1860 Β
2243 1776 2307 1829 ad
2336 1779 2580 1834 osculum
2612 1783 2761 1850 pedis
2791 1793 2843 1837 et
2870 1786 3015 1850 oris;
3039 1796 3093 1839 et
3118 1787 3163 1840 si
3197 1803 3300 1840 non
3331 1789 3402 1843 sit
3432 1805 3573 1844 unus
3607 1793 3832 1858 legatus,

550 1867 682 1907 vero
723 1854 810 1910 die
843 1869 946 1924 qua
970 1857 1046 1910 sic
1077 1857 1395 1913 ordinantur
1418 1861 1644 1930 legatus,
1675 1866 1754 1919 vel
1786 1866 1961 1934 legati,
1999 1886 2135 1924 nun-

553 1943 683 2008 tius,
716 1945 795 1999 vel
829 1947 1000 2000 nuntii
1028 1947 1355 2018 cardinales,
1388 1952 1701 2021 mittendus,
1735 1958 1820 2011 vel
1850 1960 2094 2016 mittendi
2119 2004 2134 2028 ,

554 2049 658 2088 non
681 2047 1072 2092 consueverunt
1103 2053 1290 2096 omnes
1320 2043 1620 2100 cardinales
1645 2062 1767 2102 cum
1815 2064 1944 2119 papa
1983 2068 2134 2108 com-

549 2125 806 2192 medere;
837 2128 928 2181 sed
963 2137 1166 2184 tantum
1199 2131 1318 2197 ille,
1353 2134 1434 2188 vel
1469 2136 1570 2201 illi,
1601 2137 1717 2206 quis
1743 2179 1757 2202 ,
1789 2142 1871 2196 vel
1903 2143 2016 2208 qui,
2046 2145 2137 2198 le-

544 2222 746 2282 gatus,
800 2215 882 2269 vel
918 2216 1120 2287 legati,
1172 2223 1430 2290 nuntius,
1479 2227 1560 2281 vel
1606 2230 1778 2284 nuntii
1828 2233 2132 2304 ordinatur,

548 2304 632 2358 vel
655 2303 999 2362 ordinantur.

616 2396 1014 2454 Attendendum
1043 2411 1124 2457 est
1160 2404 1320 2459 etiam
1351 2409 1490 2475 quod
1537 2410 1580 2464 si
1614 2410 1746 2465 forte
1777 2414 1879 2468 sint
1914 2415 2021 2469 duo
2053 2414 2132 2470 lc-

541 2487 694 2557 gati,
746 2490 830 2544 vel
875 2491 1043 2547 nuntii
1093 2495 1293 2561 creati,
1327 2507 1383 2552 et
1431 2516 1568 2556 unus
1618 2502 1831 2558 illorum
1876 2487 2128 2574 processu

543 2578 803 2648 temporis
832 2579 1056 2636 forsitan
1092 2598 1152 2638 se
1176 2595 1416 2650 excuset,
1453 2591 1533 2645 vel
1566 2606 1699 2660 papa
1721 2608 1844 2648 eum
1871 2607 2125 2663 excuset,

545 2680 725 2724 utrum
752 2670 826 2725 illi
851 2672 940 2741 qui
971 2684 1234 2743 remanet,
1269 2679 1341 2732 sit
1362 2679 1500 2734 alius
1525 2680 1731 2753 legatus
1756 2725 1769 2748 ,
1803 2686 1885 2739 vel
1916 2691 2127 2744 nuntius

542 2757 948 2829 adjungendus,
985 2763 1069 2817 vel
1103 2780 1208 2818 non
1261 2767 1658 2839 adjungendns,
1707 2783 1761 2828 et
1799 2775 1868 2830 de
1901 2793 2128 2845 persona

541 2849 880 2921 adjuugenda
910 2867 1075 2923 super
1099 2855 1202 2912 hoc
1222 2857 1292 2912 sit
1321 2861 1625 2919 auriculare
1651 2867 1959 2936 consilium,
1989 2872 2125 2926 sicut

547 2943 730 3009 prius;
762 2952 817 3000 et
848 2944 948 3000 boc
975 2957 1196 3018 pr0pter
1217 2952 1363 3007 illum
1399 2956 1570 3023 primo
1599 2970 1832 3014 creatum
1861 3005 1876 3030 ,
1925 2978 1984 3019 se
2017 2981 2122 3020 non

541 3044 914 3102 excusantem,
946 3040 1037 3106 qui
1063 3053 1306 3097 remanet
1334 3047 1550 3102 nuntius
1574 3090 1590 3114 ,
1636 3053 1719 3104 vel
1753 3053 1956 3121 legatus
1984 3096 1997 3119 ,
2030 3059 2121 3127 qni

537 3120 594 3173 in
621 3121 786 3193 5&0
813 3125 917 3180 lioc
946 3135 1148 3182 tantum
1179 3133 1524 3189 eardinalium
1571 3149 1693 3192 vota
1724 3120 1860 3196 scire
1891 3160 1995 3199 non
2026 3120 2120 3201 de-

543 3212 652 3266 bet.
678 3212 746 3267 Et
768 3215 839 3267 ita
863 3215 959 3270 fuit
980 3218 1326 3277 observatum
1345 3232 1587 3293 tempore
1613 3229 1810 3284 domini
1832 3233 2119 3293 Clementis

542 3312 694 3369 papa:
717 3299 802 3363 Vl,
835 3305 1173 3371 pontificatus
1201 3310 1282 3364 sui
1321 3325 1463 3367 anno
1492 3313 1786 3385 4,quando
1817 3321 1989 3378 dictus
2019 3326 2120 3379 do-

538 3393 715 3450 minus
746 3411 879 3467 papa
901 3404 1176 3457 excusavit
1222 3405 1498 3462 dominum
1546 3412 1870 3469 cardinalem
1915 3417 1981 3472 de
2014 3419 2119 3472 Bo-

2244 1869 2326 1920 vel
2365 1870 2614 1936 nuntius,
2666 1871 2823 1944 441
2854 1875 2942 1929 ille
2970 1878 3267 1930 associatnr
3295 1892 3323 1929 a
3354 1877 3475 1932 loco
3501 1882 3587 1932 ulti
3620 1883 3712 1934 fuit
3747 1898 3842 1950 per

2237 1959 2538 2016 cardinales
2585 1973 2833 2032 receptus
2863 1975 3012 2020 extra
3043 1968 3221 2021 villain
3263 1984 3431 2038 usque
3477 1972 3544 2025 ad
3578 1972 3838 2039 palatium

2247 2065 2396 2119 papae
2427 2068 2522 2122 per
2550 2054 2682 2108 duos
2704 2056 2949 2125 juniores
2977 2057 3230 2114 diaconos
3258 2061 3585 2117 cardinales.

2314 2140 2371 2195 Si
2395 2157 2522 2196 vero
2553 2143 2660 2198 sint
2689 2146 2796 2200 duo
2829 2148 2984 2218 legati
3015 2149 3094 2202 vel
3123 2151 3314 2215 nuntii,
3349 2151 3596 2219 ipsorum
3627 2156 3830 2224 legato.

2237 2246 2353 2284 rum
2384 2234 2468 2287 vel
2499 2238 2806 2290 nuntiorum
2835 2240 2978 2306 prior
3011 2239 3063 2294 in
3096 2241 3286 2296 ordine
3335 2245 3709 2299 rardinalatus
3742 2261 3827 2300 as-

2234 2325 2470 2380 sociatur
2495 2343 2521 2379 a
2554 2328 2675 2383 loco
2705 2329 2960 2396 praedicto
2983 2347 3076 2400 per
3106 2332 3240 2387 duos
3267 2334 3515 2403 iuniores
3543 2338 3824 2403 diaconos,

2233 2425 2283 2468 et
2334 2417 2625 2485 legatorum
2682 2423 2761 2474 vel
2810 2423 3113 2478 nuntiorum
3167 2425 3302 2480 alter
3337 2428 3642 2482 associatnr
3672 2435 3826 2485 modo

2244 2508 2501 2574 przedicto
2533 2524 2627 2577 per
2649 2512 2782 2564 alios
2812 2511 2950 2566 duos
2969 2515 3290 2582 penultimos
3306 2517 3552 2585 juniores
3573 2520 3827 2576 diiemn-s

2231 2597 2530 2654 eardinales
2551 2643 2566 2664 ,
2600 2603 2888 2658 secundum
2929 2620 3041 2659 sua:
3073 2607 3361 2674 prioritatis
3389 2611 3643 2666 ordinen
3679 2615 3822 2667 inec~

2241 2686 2440 2743 dendo.
2475 2690 2678 2757 Quibus
2703 2693 2889 2761 legatis
2918 2697 2999 2750 vel
3045 2699 3246 2754 nunziis
3273 2702 3502 2768 receptis
3526 2718 3623 2770 per
3647 2719 3830 2772 papam

2235 2777 2302 2831 ad
2327 2780 2572 2836 osculum
2599 2784 2748 2850 pedis
2773 2795 2826 2839 et
2855 2787 2985 2855 oris,
3019 2790 3213 2843 vadunt
3236 2792 3332 2859 ipsi
3364 2795 3524 2862 legati
3551 2797 3636 2848 vel
3667 2799 3830 2851 nuntii

2229 2871 2294 2926 ad
2325 2874 2620 2929 sedendum
2657 2877 2708 2930 in
2733 2879 2864 2933 sede
2892 2895 2986 2933 sua
3019 2884 3311 2938 secundum
3343 2887 3596 2941 ordinem
3626 2904 3818 2951 suum;

2230 2962 2330 3029 ipsi
2362 2979 2491 3018 vero
2522 2966 2732 3021 diaconi
2762 2970 3064 3026 cardinales
3089 3012 3104 3037 ,
3135 2976 3220 3042 qni
3250 2976 3470 3030 eo~dem
3507 2977 3592 3048 leg
3612 2988 3714 3031 itus
3737 2983 3817 3033 vel

2229 3055 2446 3106 nun'ios
2475 3057 2863 3112 a~sociavcrint
2890 3101 2905 3123 ,
2943 3072 3061 3129 post
3089 3077 3184 3116 eos
3212 3066 3434 3119 veniunt
3464 3066 3533 3118 ad
3569 3084 3821 3122 reveren-

2146 3184 2191 3243 Ο
2232 3142 2355 3196 tiam
2385 3159 2558 3211 papae,
2593 3156 2748 3213 prout
2771 3159 2847 3202 est
2883 3148 2996 3202 fieri
3025 3164 3339 3208 consuetum
3366 3171 3382 3220 ;
3411 3165 3465 3209 et
3492 3155 3711 3211 demum
3735 3174 3820 3211 va—

2226 3229 2358 3286 dunt
2385 3233 2448 3285 ad
2473 3234 2766 3288 sedendum
2801 3239 2853 3290 in
2884 3237 3005 3292 loco
3035 3255 3154 3294 suo.

2294 3324 2496 3388 Quibus
2528 3326 2884 3380 residentibus
2907 3369 2922 3392 ,
2956 3345 3089 3398 papa
3124 3332 3308 3400 recipit
3339 3333 3560 3401 aliquoi
3592 3337 3795 3407 thema,

2223 3422 2274 3469 et
2306 3414 2432 3469 facit
2473 3418 2759 3486 quamdam
2805 3419 3148 3475 collationem
3179 3422 3242 3475 ad
3279 3429 3800 3486 commemlationem

537 3483 710 3551 lonia,
765 3489 853 3552 qui
890 3489 1061 3545 fuerat
1112 3493 1315 3550 electus
1346 3497 1551 3568 legatus
1583 3517 1686 3557 una
1728 3518 1848 3559 cum
1897 3507 2117 3565 domino

542 3574 801 3629 cardinali
835 3578 1200 3638 Ebredunensi
1227 3600 1324 3654 per
1354 3588 1601 3646 eumdem
1633 3592 1697 3646 ad
1729 3604 1910 3664 partes
1949 3597 2114 3654 italia:

532 3673 588 3718 et
617 3665 764 3734 regni
785 3667 1004 3723 Siciliae.

2220 3513 2276 3560 ct
2300 3506 2510 3562 laudem
2543 3509 2779 3576 ipsormn
2813 3511 3106 3580 legatorum
3144 3516 3223 3570 vel
3249 3519 3562 3573 nuntiorum
3588 3565 3604 3588 ,
3665 3537 3812 3591 prout

2222 3598 2435 3654 videtur
2464 3616 2653 3669 papzc;
2690 3601 2739 3656 in
2767 3620 2867 3669 qua
2895 3607 3179 3661 collatione
3201 3609 3298 3677 ipsi
3333 3610 3492 3680 legati
3525 3616 3603 3667 vel
3635 3620 3801 3670 nuntii

2217 3692 2408 3747 sedent
2450 3691 2501 3746 in
2536 3693 2669 3748 locis
2695 3694 2805 3748 suis
2830 3735 2845 3759 ,
2875 3711 2956 3761 ca;
2979 3698 3138 3752 itilius
3169 3702 3393 3755 omnino
3419 3703 3800 3772 discocticrtis,

2217 3786 2377 3837 etiam
2425 3783 2629 3853 absque
2677 3785 2900 3852 birctis;
2951 3797 3003 3841 et
3053 3791 3131 3843 sic
3169 3800 3251 3844 est
3299 3793 3544 3860 quandiu
3595 3797 3712 3850 laus
3758 3809 3810 3852 et

2213 3877 2605 3930 commendatio
2648 3877 2790 3933 illius
2836 3879 3138 3934 collationis
3182 3882 3315 3950 ipsis
3361 3885 3672 3955 diriguntur
3720 3907 3808 3956 per

2216 3979 2442 4033 papam;
2486 3975 2538 4019 et
2567 3966 2677 4033 ipsa
2722 3969 3013 4024 collatione
3061 3973 3241 4038 linita,
3294 3987 3578 4031 remanent
3608 3978 3695 4031 illa
3727 3981 3807 4034 die

2211 4070 2400 4112 omnes
2445 4058 2745 4113 cardinales
2776 4061 2841 4114 ad
2888 4064 3279 4118 comedendum
3308 4082 3429 4120 cum
3465 4084 3627 4135 papa.
3667 4073 3804 4125 Dicta

2211 4163 2441 4217 namque
2470 4151 2709 4218 collatio,
2743 4169 2860 4219 qum
2887 4155 2940 4206 lit
2977 4170 3070 4224 per
3102 4172 3291 4226 papam
3323 4157 3373 4210 in
3401 4161 3646 4214 adVentu
3675 4180 3804 4215 nun-

2204 4240 2432 4307 t‘iornm,
2463 4246 2544 4298 vel
2568 4245 2862 4314 leguorum
2883 4289 2897 4308 ,
2933 4249 3032 4300 l'uit
3063 4250 3366 4304 introducta
3396 4267 3493 4321 per
3529 4254 3804 4308 dominum

525 4346 651 4387 men
681 4332 732 4386 in
768 4337 1201 4402 pronuntiatione
1227 4340 1464 4408 ipsorum
1492 4343 1820 4412 legatorum,
1853 4348 1937 4402 vel
1967 4366 2102 4404 nun-

2236 4337 2556 4391 Benedictum
2590 4354 2778 4406 papam
2811 4339 2901 4394 Xll
2929 4380 2944 4405 ,
2996 4351 3051 4395 et
3073 4342 3355 4398 observata
3398 4360 3492 4412 per
3525 4345 3800 4401 dominum

523 4423 717 4477 ιίοινυη,
748 4424 864 4494 ipse
891 4428 1054 4484 (hbet
1094 4440 1310 4499 portare
1337 4433 1568 4502 pluviale
1600 4436 2016 4506 aurifrigiamm,
2050 4449 2104 4497 ε(
2207 4427 2544 4483 Clementem
2594 4429 2681 4484 Vl.
2718 4432 2916 4488 Tamen
2949 4436 3280 4503 temporibus
3313 4437 3516 4491 domini
3551 4439 3794 4494 Clemen-

524 4513 740 4568 ιηίιιιτηη
786 4517 1210 4575 ροηείδιοιιίθιθπη
1262 4536 1643 4590 nuncupatam.
1674 4525 1732 4580 Si
1775 4534 1985 4597 tempus
2033 4529 2104 4583 εει
2136 4551 2180 4608 D
2211 4518 2276 4572 tis
2309 4518 2349 4572 V
2378 4528 2432 4572 et
2453 4519 2654 4573 domini
2684 4521 2905 4576 Joannis
2934 4524 3076 4578 XXII
3110 4541 3216 4579 non
3250 4527 3666 4584 observabatur.

527 4603 688 4658 nimis
713 4603 988 4674 frigidum,
1021 4622 1155 4678 papa
1179 4610 1228 4664 in
1261 4611 1446 4666 eadem
1475 4615 1910 4684 pronuntiatione
1927 4628 2100 4688 potest
2136 4603 2170 4608 ⁷
2281 4608 2336 4661 ln
2370 4610 2540 4676 primo
2582 4626 2709 4664 vero
2755 4614 3075 4666 consistorio
3121 4627 3307 4670 secuto
3338 4617 3467 4672 dicti
3512 4623 3689 4674 nuntii
3721 4633 3798 4677 vel

520 4697 767 4766 κείρει-θ
799 4699 1030 4768 pluviale
1059 4701 1126 4756 de
1155 4705 1347 4759 Sami“,
1397 4705 1590 4760 [υιηιο
1634 4707 1702 4761 de
1747 4708 1976 4776 pellibus
1999 4751 2016 4776 ,
2045 4719 2099 4765 ει
2209 4697 2367 4768 legati
2402 4699 2679 4767 referunt,
2713 4717 2807 4755 seu
2837 4704 3148 4758 relationem
3181 4706 3375 4761 fatiunt
3406 4708 3472 4761 de
3500 4713 3674 4779 gestis
3711 4727 3799 4778 per

527 4788 800 4856 capuli...“
829 4790 896 4845 de
933 4790 1145 4846 eodem.
1179 4792 1295 4859 Quo
1329 4793 1546 4862 pluviali
1571 4805 1817 4864 τερθριο,
1842 4808 1967 4853 ante
2016 4799 2099 4852 di-
2207 4805 2300 4842 eos
2331 4791 2383 4843 in
2435 4791 2790 4859 legationibus
2834 4792 2973 4858 suis;
3008 4804 3061 4848 et
3093 4795 3193 4850 hoc
3242 4813 3335 4865 per
3381 4800 3602 4853 modum
3635 4803 3798 4854 colla-

523 4884 668 4930 ctam
699 4876 995 4948 legatorum
1024 4880 1105 4935 vel
1136 4884 1440 4939 nuntiorum
1471 4888 1956 4955 pronuntiationem
1983 4904 2098 4942 om-
2208 4881 2399 4947 ιίοηίει
2427 4882 2735 4951 τεείβίθηάο
2765 4883 2939 4937 meum
2969 4885 3219 4954 ali‘l‘li‘le-
3258 4888 3322 4941 El
3351 4888 3488 4943 ίδιυά
3516 4902 3790 4960 δετηίυτν

525 4981 624 5022 nes
664 4967 967 5024 cardinales
996 4969 1194 5026 debent
1222 4974 1408 5030 venire
1437 4975 1502 5029 ad
1536 4975 1890 5031 reverentiam
1923 4992 2096 5048 papae,
2204 4974 2413 5030 etiamsi
2460 4975 2568 5028 sint
2610 4975 2717 5029 duo
2746 4976 2900 5045 legati
2950 4978 3033 5032 vel
3065 4979 3260 5045 nuntii,
3292 4980 3406 5035 sive
3445 4982 3632 5050 plures
3655 5024 3672 5048 ,
3704 5001 3795 5053 pro

513 5068 673 5127 prout
700 5070 784 5115 est
810 5072 1147 5120 consuetum.
2204 5067 2395 5136 quibus
2423 5066 2547 5121 facit
2570 5082 2721 5122 suam
2754 5069 3066 5123 relationem
3102 5085 3196 5138 per
3221 5071 3440 5126 modum
3468 5075 3788 5133 collationis.

588 5153 720 5208 Item
752 5157 1041 5212 notandum
1062 5159 1204 5229 quod
1230 5159 1518 5215 cardinalis
1549 5160 1629 5214 vel
1660 5161 1881 5217 nuntius
1905 5204 1919 5228 ,
1971 5172 2095 5218 ante
2203 5158 2260 5214 Si
2288 5167 2467 5213 autem
2497 5158 2600 5226 ipsi
2641 5160 2799 5230 legati
2832 5162 2919 5216 vel
2953 5163 3122 5216 nuntii
3155 5180 3261 5218 non
3293 5175 3449 5219 erunt
3485 5170 3660 5236 parati
3706 5188 3786 5225 re-

514 5257 786 5302 rocessum
810 5263 966 5304 suum
1004 5250 1074 5307 de
1101 5252 1248 5306 curia
1274 5291 1292 5319 ,
1343 5252 1504 5308 debet
1531 5267 1721 5308 omnes
1757 5262 1812 5308 et
1853 5256 2090 5323 singulos
2203 5249 2346 5305 ferre
2376 5251 2428 5305 in
2461 5251 2704 5320 proximo
2740 5253 3060 5307 consistorio
3085 5263 3204 5322 post
3234 5269 3420 5310 eorum
3464 5260 3784 5322 adventum.

517 5338 818 5396 cardinales
848 5341 902 5395 in
929 5357 1116 5398 eorum
1146 5342 1395 5400 domibus
1421 5343 1677 5411 visitare;
1711 5353 1766 5399 et
1795 5343 1922 5399 illud
1950 5346 2090 5401 idem
2199 5345 2476 5399 consuevit
2503 5344 2581 5399 eis
2607 5344 2872 5416 designari
2912 5362 3007 5417 per
3047 5363 3236 5417 papam
3279 5357 3426 5404 certa
3455 5349 3578 5406 dies
3606 5351 3674 5404 al
3705 5368 3762 5406 re

515 5430 867 5490 debetfacere
881 5435 932 5489 in
951 5451 1216 5505 regressu.
1234 5437 1351 5504 Ipse
1363 5451 1489 5493 vero
1504 5437 1729 5507 legatus,
1743 5439 1827 5493 vel
1847 5439 2089 5507 nuntius,
2199 5433 2498 5489 ferendum.

513 5534 622 5573 non
657 5525 936 5578 consuevit
969 5525 1036 5579 ab
1071 5527 1149 5581 eis
1183 5526 1386 5581 visitari
1414 5567 1429 5590 ,
1486 5527 1585 5581 nisi
1621 5542 1716 5596 per
1755 5527 1963 5598 aliquos
1989 5529 2090 5582 sibi
2272 5528 2365 5582 Est
2389 5528 2547 5582 etiam
2581 5528 2867 5582 notandum
2894 5572 2907 5595 ,
2957 5528 3097 5598 quod
3127 5529 3417 5584 cardinalis
3455 5532 3663 5600 legatus
3693 5551 3781 5587 va-

511 5608 777 5674 speciales
803 5628 818 5676 ;
847 5614 941 5666 sed
972 5614 1024 5667 in
1053 5613 1142 5669 die
1174 5629 1422 5669 recessus
1451 5615 1616 5684 ipsius
1640 5632 1828 5672 omnes
1847 5618 2092 5673 cardina-
2201 5619 2334 5674 dens
2362 5619 2428 5675 ad
2461 5621 2776 5689 legationem
2805 5636 2976 5686 suam,
3002 5635 3122 5675 cum
3155 5622 3266 5676 exit
3293 5623 3616 5678 territorium
3648 5627 3775 5679 civi-

509 5701 596 5760 les
618 5704 817 5764 debent
847 5715 996 5764 extra
1027 5709 1206 5765 villam
1238 5710 1292 5766 in
1313 5710 1653 5767 convenienti
1680 5726 1868 5783 campo
1895 5726 2086 5783 exspc-
2201 5711 2326 5768 tatis
2359 5712 2440 5769 vel
2471 5711 2572 5770 loci
2604 5711 2657 5768 in
2710 5725 2816 5784 quo
2838 5726 2970 5782 papa
2995 5726 3115 5768 cum
3148 5712 3512 5772 cardiualibus
3536 5715 3770 5787 residet,

608 3777 909 3837 Notandum
952 3792 1036 3839 est
1084 3786 1243 3842 etiam
1296 3792 1438 3860 quod
1487 3793 1737 3852 dominus
1781 3814 1911 3868 papa
1955 3802 2114 3860 debet

533 3868 787 3926 ordinare
813 3883 868 3928 et
895 3874 1102 3945 facere,
1149 3890 1204 3934 ut
1233 3894 1394 3950 supra
1420 3882 1618 3940 dictum
1652 3898 1774 3958 est,
1809 3890 2108 3961 huiusmodi

538 3963 767 4034 legatos,
801 3969 885 4024 vel
915 3972 1133 4027 nuntios
1159 3974 1210 4028 in
1243 3975 1583 4034 consistorio.
1618 3981 1887 4038 Interdum
1936 3995 2110 4042 tamen

527 4057 805 4113 consuevit
850 4058 996 4129 ipsos
1025 4064 1278 4121 ordinare
1306 4077 1360 4121 et
1404 4069 1581 4126 facere
1626 4071 1680 4126 in
1714 4087 1926 4129 camera
1967 4093 2060 4131 sna
2092 4121 2104 4143 ,

523 4150 732 4204 vocatis
787 4154 1040 4210 omnibus
1081 4158 1478 4228 cardinalibus;
1528 4170 1581 4218 et
1621 4165 1664 4218 si
1707 4165 1845 4221 forte
1874 4183 2008 4237 papa
2052 4170 2106 4224 in

525 4236 664 4293 dicta
686 4240 1023 4298 ordinatione
1053 4261 1157 4300 non
1191 4257 1370 4316 portat
1402 4251 1635 4318 pluviale
1663 4264 1719 4308 et
1748 4236 1995 4322 mitram;
2029 4268 2107 4310 ta-
