4006 6304
548 320 691 378 19,75
1225 309 1570 367 APPENDIX
1614 310 1702 365 AD
1743 311 1801 367 S.
1846 306 2174 366 GIiECORll
2217 308 2430 364 MAGNI
2474 310 2843 369 LITURGICA
2882 314 3129 374 OPElH.
3164 338 3167 339 '
3697 326 3844 385 ’ἓἷεῖ

539 434 666 490 tifex
714 431 931 488 indutus
959 428 1102 491 alba,
1131 425 1289 490 stola,
1322 434 1378 479 et
1416 426 1635 494 pluviali
1687 427 1855 482 rubeo
1895 426 2119 496 simplici
2150 426 2197 484 Α
2229 425 2451 480 veniunt
2477 441 2664 480 omnes
2683 428 2989 486 cardinales
3013 434 3203 489 ordine
3231 450 3333 492 suo
3353 438 3433 495 ad
3458 448 3835 500 reverentiam

540 536 593 578 οι
620 526 737 580 sine
766 522 924 591 perlis
946 560 961 583 ,
993 527 1047 571 et
1072 530 1194 570 cum
1227 515 1383 569 mitra
1412 517 1554 583 alba,
1587 520 1730 571 venit
1760 520 1824 571 ad
1871 519 2119 585 Missam;
2228 532 2380 585 papa:
2410 534 2559 574 more
2582 520 2763 574 solito.
2792 521 2973 576 Primo
2997 527 3142 593 prior
3168 531 3545 601 cpiscopurnm
3571 538 3840 591 cardine-

541 626 595 668 cl
636 614 794 670 sic-in
837 606 1125 663 ουιηίηίυίε
1156 605 1426 661 Adventus
1471 618 1523 661 ει
1555 609 2021 679 ρειααιιειερεῑιιιτρ;
2070 622 2125 665 et
2227 608 2388 674 lium;
2420 618 2539 677 post
2581 625 2701 662 eum
2733 612 3052 679 patriarcha.
3086 617 3132 670 si
3171 628 3255 672 cst
3296 623 3404 685 ibi;
3437 628 3685 680 secundo
3714 629 3837 681 loco

542 717 825 770 antequam
855 706 1019 753 exeat
1043 710 1330 758 cameram,
1366 709 1655 755 occurrunt
1692 717 1737 755 ei
1780 703 1845 755 ad
1875 704 2119 757 osculum
2226 698 2474 765 subprior
2526 700 2900 772 episcoporum
2964 707 3355 776 cardinalium;
3407 727 3465 770 et
3523 730 3645 786 post
3704 736 3832 776 eum

546 807 732 847 manus
759 805 879 843 cum
910 788 1179 843 aur”,qu
1208 788 1451 857 pluvia“,
1488 806 1646 860 supra
1691 809 1905 847 ηιεηηιω
1935 795 2127 849 deme-
2223 791 2360 844 alius
2407 793 2727 859 patriarcha,
2774 797 2818 849 si
2863 808 2949 851 est
2988 799 3091 864 ibi;
3138 812 3195 857 et
3227 804 3308 860 sic
3341 806 3600 880 deinec-ps
3629 826 3837 868 secun—

546 899 658 936 ram
706 883 809 935 duo
851 881 1061 936 diaconi
1115 878 1352 932 minores
1398 883 1731 947 cardinales,
1779 886 1867 953 qui
1926 885 2120 940 ibidem

542 978 680 1041 sint,
713 976 795 1030 Vel
830 977 1148 1047 presbyteri,
1182 980 1227 1035 si
1256 995 1360 1035 non
1390 980 1498 1033 sint
1532 978 1769 1042 diaconi;
1797 990 1848 1033 et
1878 996 1998 1033 cum
2029 995 2123 1033 an-

535 1068 790 1123 tecedunt
817 1085 985 1138 usque
1012 1072 1076 1124 ad
1118 1074 1401 1141 capellam.
1434 1072 1488 1126 In
1520 1073 1618 1126 ista
1661 1073 1814 1127 Missa
1844 1068 2126 1128 descendit

540 1157 607 1210 dc
635 1158 895 1212 cathedra
927 1174 1044 1225 sua,
1078 1170 1130 1214 et
1157 1162 1301 1215 vadit
1330 1161 1398 1215 ad
1427 1161 1586 1214 aliam
1613 1173 1738 1216 ante
1767 1162 1955 1223 altare,
1990 1162 2120 1217 dum

538 1249 725 1303 dicitur
750 1248 904 1303 Hanc
926 1252 1104 1322 igitur,
1127 1261 1184 1307 et
1203 1252 1267 1307 ad
1293 1262 1319 1290 ι
1345 1251 1567 1306 ιωιαιιιε
1594 1269 1704 1305 sum
1729 1254 2118 1307 tantummodo.

947 1344 1010 1397 ΙΙ.
1055 1343 1129 1399 De
1159 1342 1429 1399 Dominica
1466 1344 1705 1398 secunda.

614 1434 671 1490 In
716 1436 949 1490 secunda
999 1436 1274 1492 Dominica
1320 1438 1595 1492 Adventus
1636 1450 1815 1490 sermo
1857 1444 1912 1489 et
1964 1434 2119 1489 Missa

545 1527 883 1593 mandantur,
911 1538 967 1581 ut
996 1528 1097 1583 alia
1129 1544 1311 1597 supra.
1344 1529 1473 1583 Item
1497 1528 1774 1583 sciendum
1805 1528 1947 1597 quod
1971 1526 2118 1583 curia

545 1618 780 1672 Romana
806 1619 859 1673 in
901 1617 1190 1674 Dominicis
1220 1619 1516 1683 Adventus,
1551 1633 1756 1672 nccnon
1799 1619 1850 1672 in
1882 1618 2121 1685 Quadra-

540 1711 777 1777 gesima,
820 1723 1286 1782 quantumcunque
1325 1712 1399 1767 'sit
1449 1713 1639 1767 icstum
1687 1712 1920 1779 duplex,
1969 1723 2016 1765 et
2067 1711 2120 1764 in

2224 883 2351 937 dum
2380 884 2622 939 ordinem
2653 901 2833 942 suum.

2399 975 2484 1031 Vl.
2530 978 2673 1031 Ordo
2702 979 3115 1048 Antiphoncrnm
3144 989 3364 1042 animali
3392 992 3647 1052 adurunt.

2294 1070 2413 1136 Quo
2442 1070 2613 1135 facto,
2647 1088 2778 1142 papa
2809 1079 3010 1145 surgit;
3049 1082 3241 1135 stando
3278 1084 3474 1140 ibidem
3495 1130 3511 1152 ,
3544 1100 3602 1145 et
3646 1094 3824 1160 depa-

2223 1161 2325 1215 sita
2354 1162 2510 1216 tnitra
2538 1179 2631 1230 per
2660 1165 2803 1219 illum
2832 1168 2918 1236 qui
2944 1179 3047 1224 stat
3077 1187 3106 1224 a
3146 1172 3373 1240 dextris,
3404 1194 3557 1234 versa
3590 1182 3731 1239 facie
3756 1191 3824 1240 ad

2224 1253 2413 1319 altare,
2437 1254 2697 1323 signando
2716 1271 2775 1311 se
2797 1259 2981 1328 incipit
3004 1261 3159 1329 Deus,
3190 1265 3245 1319 iit
3284 1269 3607 1338 ndjntorium
3646 1294 3825 1331 meum

2225 1344 2517 1409 intende,et
2536 1345 2679 1400 dicto
2699 1346 2878 1403 Gloria
2896 1349 3064 1420 Patri,
3078 1356 3434 1414 subdiaconus
3459 1378 3612 1432 papa:
3624 1369 3829 1424 Stando

2223 1437 2396 1506 capite
2434 1439 2685 1494 inclinato
2709 1442 2973 1499 submissa
3003 1461 3134 1502 voce
3174 1450 3357 1517 incipit
3392 1452 3505 1508 Res
3540 1460 3819 1527 paciﬁcus,

2226 1537 2281 1581 et
2328 1539 2511 1598 postea
2561 1532 2722 1587 ﬂectit
2767 1549 2943 1599 genus
2987 1547 3117 1594 ante
3159 1556 3302 1606 eum,
3332 1553 3387 1598 et
3435 1545 3631 1599 iterum
3679 1565 3820 1620 papa

2225 1618 2474 1689 reincipit
2497 1623 2890 1692 Antiphonam;
2920 1642 3027 1697 qua
3049 1629 3210 1697 dicta,
3242 1634 3415 1689 sedet.
3454 1636 3647 1691 Statim

2227 1726 2321 1765 rus
2348 1713 2629 1783 reincipit;
2660 1728 2713 1771 et
2742 1718 2957 1786 ponitur
2978 1720 3081 1775 sibi
3108 1723 3264 1777 mitra
3307 1740 3402 1794 per
3430 1743 3596 1782 unum
3628 1732 3817 1786 diaco-

542 1800 675 1868 ipsis
708 1802 884 1868 cadat,
915 1818 1181 1871 nunquam
1213 1802 1499 1857 consuevit
1525 1802 1593 1857 de
1624 1800 1763 1856 festo
1791 1802 1876 1855 illa
1916 1800 2003 1855 die
2045 1800 2125 1854 fa-
2158 1793 2200 1850 B
2226 1815 2351 1856 num
2373 1803 2715 1872 eardinalem,
2738 1808 2829 1877 qui
2851 1808 2950 1863 sibi
2972 1821 3111 1865 astat
3135 1828 3166 1866 a
3190 1793 3484 1879 destris,et
3508 1822 3821 1891 peralinm,

542 1908 686 1957 cere,
718 1894 810 1949 sed
843 1894 1159 1950 transfertur
1183 1896 1234 1949 in
1261 1906 1574 1964 sequentem
1598 1894 1824 1957 feriam;
1854 1908 1951 1948 nec
1974 1907 2125 1947 com-

545 1986 1027 2052 metnorationem,
1086 1985 1342 2056 quoniam
1392 1987 1515 2042 ista:
1572 1985 1861 2041 Dominica:
1924 1984 2125 2039 habent

547 2074 796 2130 historias
824 2076 1083 2144 proprias.

766 2165 832 2221 ΙΙΙ
858 2174 909 2221 ct
939 2166 1024 2220 IV.
1060 2165 1135 2220 De
1168 2168 1316 2221 tertia
1352 2166 1618 2222 Dominica
1639 2176 1686 2222 et
1707 2175 1912 2233 quarta.

618 2255 673 2309 lu
724 2259 873 2309 tert’a
919 2256 1191 2311 Dominica
1230 2257 1503 2312 Adventus
1539 2266 1594 2312 et
1637 2257 1793 2311 Missa
1842 2268 1895 2311 et
1945 2270 2125 2310 sermo

546 2345 882 2400 mandantur.
904 2347 959 2400 Si
990 2348 1312 2402 Camerarius
1338 2364 1440 2402 non
1467 2349 1597 2403 dicit
1626 2348 1835 2403 Missam
1869 2348 1921 2402 in
1954 2349 2124 2416 prima

547 2438 839 2504 Dominica,
866 2439 1020 2493 istam
1049 2440 1204 2495 debet
1237 2441 1544 2507 celebrare,
1576 2441 1678 2497 nisi
1707 2441 1998 2496 cardinalis
2027 2450 2122 2496 aut

546 2530 737 2600 aliquis
786 2531 1032 2597 pra-latus
1078 2531 1276 2587 faceret
1317 2547 1644 2598 sermonem,
1696 2535 1946 2602 quoniam
1997 2544 2123 2589 tunc

544 2621 664 2676 talis
687 2622 839 2676 faciet
862 2622 1096 2677 officium
1122 2633 1313 2678 totum.
1339 2625 1396 2679 In
1422 2626 1522 2678 bac
1551 2625 1638 2680 die
1668 2626 1921 2693 prmla'us
1959 2626 2124 2681 utitur

546 2714 701 2766 mitra
739 2730 858 2768 cum
892 2715 1053 2784 perlis
1092 2725 1148 2771 et
1189 2719 1514 2786 paramentis
1561 2718 1811 2787 pretiosis
1849 2720 2119 2774 viulaceis.

543 2808 729 2865 l’ortat
756 2810 1005 2865 dominus
1030 2827 1161 2880 papa
1184 2814 1343 2867 etiam
1368 2813 1596 2882 pluviale
1620 2814 1687 2870 de
1712 2813 1875 2885 449
1895 2813 2123 2868 sindone

541 2914 635 2953 seu
665 2901 857 2954 samito
879 2916 999 2956 cum
1028 2902 1314 2972 aurifrigiis
1341 2903 1409 2959 de
1435 2904 1617 2974 perlis,
1641 2914 1697 2961 et
1725 2904 1881 2959 mitra
1903 2905 2121 2959 aurifri-

541 2993 681 3053 giata
726 3006 845 3045 cum
888 2994 1048 3060 perlis
1089 2994 1279 3060 utitur;
1325 2994 1377 3049 in
1425 2996 1593 3063 prima
1630 2995 1882 3052 Oratione
1925 2996 2121 3052 dicitur

542 3077 664 3133 Pas:
688 3081 843 3147 vobis,
872 3093 925 3137 et
952 3099 1056 3136 non
1094 3085 1340 3138 Dominus
1360 3086 1631 3141 vobiscum.

2227 1898 2373 1944 retro
2393 1892 2594 1947 caudas
2622 1904 2890 1962 aptantes.
2915 1898 3215 1955 Secundam
3237 1902 3601 1973 Antiphonem
3629 1910 3819 1981 incipit

2228 1978 2491 2035 diaconus
2519 1982 2608 2050 qui
2628 1994 2731 2038 stat
2758 1999 2788 2037 a
2819 1984 3057 2051 dextris;
3083 1990 3293 2045 tertiam
3316 1993 3507 2062 incipit
3527 1978 3819 2068 cpiscopus

2225 2069 2533 2138 cardinalis,
2564 2075 2653 2145 qui
2681 2079 2847 2131 servit
2895 2078 2949 2132 in
2985 2080 3165 2136 ofﬁcio
3193 2084 3525 2157 presbyteri;
3568 2102 3817 2160 quartam

2226 2159 2412 2227 incipit
2451 2164 2593 2231 prior
2639 2168 3077 2236 presbyterorum
3126 2173 3513 2242 cardinalium;
3572 2159 3817 2248 quintam

2224 2250 2485 2308 diaconus
2510 2256 2801 2312 cardinalis
2825 2262 2916 2330 qui
2944 2270 3048 2316 stat
3079 2278 3111 2315 a
3148 2263 3417 2334 sinistris;
3444 2280 3500 2325 et
3540 2274 3645 2327 iste
3682 2278 3821 2331 ordo

2224 2341 2537 2399 observatur
2562 2348 2984 2420 quandocunque
3025 2366 3152 2409 sunt
3183 2354 3432 2425 Vespere
3472 2364 3711 2430 tapetes.

2293 2432 2458 2505 450
2486 2435 2619 2491 Nota
2650 2441 2793 2509 quod
2821 2443 3181 2501 subdiaconus
3217 2462 3339 2504 eum
3383 2466 3493 2507 uno
3538 2459 3820 2527 acolythu-

2225 2541 2347 2582 rum
2399 2530 2675 2589 denuntiat
2724 2539 3086 2607 Antipbonam
3136 2559 3289 2615 papa
3333 2557 3385 2602 et
3423 2552 3814 2609 cardinalibus.

2224 2616 2523 2687 Capitulum
2569 2624 2698 2679 dicit
2742 2628 3129 2699 subdiaconus;
3182 2634 3449 2705 llytunum
3480 2640 3671 2709 incipit
3714 2644 3816 2697 ali-

2224 2709 2343 2778 quis
2368 2710 2437 2765 de
2468 2714 2770 2772 senioribus
2798 2722 3127 2779 auditoribus
3156 2728 3239 2781 Vcl
3283 2730 3589 2802 acolytltis;
3623 2743 3678 2787 et
3704 2744 3816 2789 sta-

2225 2803 2318 2857 tim
2343 2819 2477 2875 papa
2504 2809 2750 2865 eumdem
2770 2811 3033 2884 llymmtm
3060 2818 3324 2889 reincipit.
3351 2824 3654 2890 Deponitur
3674 2844 3815 2880 sem-

2225 2910 2325 2965 per
2364 2899 2463 2953 sibi
2512 2901 2668 2956 mitra
2698 2906 2911 2973 quando
2939 2919 3133 2964 cantat.
3174 2912 3548 2970 Sulidiaconus
3576 2933 3707 2971 vero
3734 2920 3813 2973 in-

2222 2987 2351 3056 cipit
2382 2990 2740 3060 Antipltonatn
2771 2996 2839 3052 de
2870 2997 3203 3069 ﬂagiti/irai;
3230 3014 3282 3058 et
3311 3007 3494 3061 statim
3526 3025 3661 3078 papa
3691 3027 3809 3065 eam

2223 3077 2489 3147 reincipit.
2535 3081 2816 3154 Postquam
2863 3097 3109 3144 cantores
3159 3092 3427 3153 incipiunt
3474 3077 3807 3169 Magniﬁca,

625 3168 675 3221 In
706 3180 888 3237 quarta
920 3170 1191 3227 Dominica
1213 3174 1490 3230 Adventus
1514 3191 1692 3231 sermo
1711 3186 1764 3232 et
1787 3177 1948 3232 Missa
1968 3194 2120 3233 man-
2148 3175 2198 3237 C
2228 3180 2363 3234 ρδιιθ
2401 3167 2678 3225 δοξεθιιιηι
2718 3174 2784 3227 (ιθ
2832 3177 2983 3239 θυαε»
3008 3187 3067 3234 ει
3094 3180 3241 3235 Vadit
3278 3184 3701 3243 ιιιυΐὶίίεευκῑυω
3729 3192 3811 3245 δι’

542 3258 760 3316 dantur.
789 3260 974 3315 Omnia
1005 3274 1056 3317 et
1088 3262 1291 3332 singula
1323 3275 1379 3320 ιιι
1400 3281 1558 3336 supra
1583 3269 1633 3321 in
1664 3267 1855 3336 prima.

858 3349 919 3405 V.
949 3350 1022 3404 De
1042 3352 1214 3423 vigilia
1249 3353 1540 3409 Nativitatis
1566 3356 1790 3411 Domini.

611 3436 665 3492 In
712 3439 889 3508 vigilia
935 3441 1236 3498 Nativitatis
1284 3444 1491 3500 Domini
1539 3462 1643 3501 non
1686 3459 1769 3503 est
1810 3464 1989 3503 sermo
2019 3465 2117 3506 nec

544 3528 722 3583 Missa.
748 3530 995 3602 Vespera:
1023 3531 1051 3569 ι’
1075 3536 1415 3591 mandantur.
1449 3537 1610 3595 Polus
1649 3539 1708 3594 lit
1748 3543 1803 3595 in
1838 3542 1957 3595 aula
1997 3552 2120 3611 post

539 3617 825 3688 Vt-speras.

613 3709 669 3761 lu
718 3710 897 3776 primis
928 3711 1178 3783 Vesperis
1207 3718 1428 3773 sacrista
1477 3735 1625 3789 papa:
1652 3720 1788 3776 bona
1833 3724 1961 3777 liora
1991 3724 2115 3781 facit

540 3815 730 3868 parare
760 3801 986 3870 pluviale
1010 3806 1189 3862 album
1231 3810 1519 3877 pretiosum
1548 3827 1669 3867 cum
1707 3814 2032 3884 imaginibus
2058 3826 2114 3873 et

539 3889 721 3958 perlis,
772 3895 1001 3959 aquilam
1046 3906 1100 3950 et
1141 3898 1353 3954 mitram
1403 3903 1686 3969 pretiosam
1733 3919 1852 3959 cum
1905 3908 2112 3976 magnis

533 3980 819 4049 sappltiris,
844 3986 922 4038 vel
952 3986 1107 4042 aliam
1141 3989 1290 4058 juxta
1318 3992 1643 4050 voluntatem
1677 4011 1825 4066 papa:
1859 4015 1871 4051 :
1911 4000 2107 4066 quibus

534 4070 747 4127 indutus
776 4076 1009 4142 pontifex
1039 4078 1105 4133 ad
1140 4079 1401 4151 Vesperas
1439 4085 1618 4152 venit;
1648 4096 1704 4143 et
1736 4087 1842 4142 duo
1872 4088 2104 4157 diaconi,

532 4170 814 4231 antequam
856 4176 1014 4221 exeat
1043 4182 1333 4239 cameram,
1379 4174 1576 4231 faciant
1610 4177 1710 4232 sibi
1750 4181 2104 4235 reverentiam

533 4251 825 4307 osculando
856 4271 1066 4311 manum
1097 4271 1350 4329 coeperto
1378 4264 1644 4321 aurifrisio
1664 4267 1907 4336 pluvialis
1930 4285 2100 4340 papte.

533 4338 597 4392 Et
621 4340 721 4394 isto
754 4344 913 4399 modo
939 4360 1151 4416 semper
1173 4350 1489 4407 observatur
1512 4338 1941 4427 quandocunque
1969 4338 2099 4428 papa

530 4427 741 4485 indutus
766 4436 875 4487 exit
903 4449 1188 4494 cameram.
1235 4441 1296 4495 Et
1327 4440 1464 4496 facta
1490 4447 1786 4501 reverentia
1827 4427 1983 4503 [lexis
2010 4465 2106 4519 ge-

532 4521 687 4576 nibus
716 4533 840 4579 ante
864 4527 1053 4594 altare,
1083 4545 1241 4600 supra
1268 4536 1523 4591 cathedra
1554 4538 1708 4593 mitra
1737 4540 1972 4609 deposita
2006 4560 2101 4610 per
2130 4533 2179 4592 υ
2205 4521 2325 4619 pter

526 4613 878 4679 antiquiorem
914 4618 1193 4675 diaconum
1227 4623 1427 4692 primo;
1457 4628 1549 4681 sed
1590 4628 1697 4682 duo
1727 4632 1957 4687 minores
1985 4635 2100 4688 dia-

524 4704 646 4756 ea-ni
690 4704 740 4758 in
781 4710 963 4778 cappis
1006 4710 1173 4766 laneis
1221 4727 1496 4772 remanent
1537 4734 1655 4774 cum
1704 4738 1869 4791 papa;
1911 4735 1965 4780 et
2011 4727 2099 4781 alii

524 4810 712 4850 omnes
755 4800 1057 4855 cardinales
1104 4805 1288 4873 cappis
1327 4807 1582 4877 depositis
1630 4827 1779 4868 sacra
1836 4816 2101 4883 recipiunt

527 4898 854 4957 paramentn,
899 4893 1102 4947 scilicet
1127 4897 1402 4964 amictum,
1436 4902 1597 4955 latum
1630 4906 2016 4974 superpliceum
2044 4917 2099 4963 et

525 4976 786 5045 pluviale;
818 4989 873 5034 et
901 4982 978 5038 sic
1005 4996 1342 5041 revertuntur
1362 4989 1471 5044 duo
1499 4993 1825 5062 antiquiores
1852 4996 2099 5052 cardina-

525 5067 619 5119 les.
657 5068 721 5122 Et
749 5085 974 5141 surgens
1002 5075 1068 5128 ab
1109 5077 1380 5147 Oratione,
1416 5082 1521 5135 duo
1557 5083 1767 5139 diaconi
1798 5088 2097 5144 cardinales

520 5157 849 5227 antiquiores
872 5178 900 5215 a
925 5165 1150 5233 dextris,
1167 5177 1220 5221 et
1240 5169 1330 5223 alii
1355 5186 1383 5223 a
1406 5170 1640 5228 sinistris
1662 5176 1921 5241 recipiunt
1946 5193 2095 5234 oram

526 5247 790 5317 pluvialis,
821 5265 875 5307 et
903 5256 1005 5309 alia
1034 5271 1191 5311 manu
1226 5259 1485 5315 fimbriam
1513 5274 1688 5329 retro;
1717 5274 1770 5319 et
1796 5268 1875 5321 sic
1895 5268 2096 5323 ducunt

523 5351 645 5392 eum
686 5343 752 5395 ad
793 5345 1101 5403 cathedram
1149 5351 1441 5407 solemnem
1474 5355 1628 5425 longe
1655 5356 1723 5410 ab
1750 5357 1901 5414 altari
1944 5375 2098 5428 para-

526 5435 668 5495 tam;
700 5443 753 5488 et
783 5435 898 5503 ipso
928 5443 1168 5505 sedente,
1198 5443 1469 5512 antiquior
1491 5456 1594 5501 stet
1615 5464 1643 5501 a
1675 5449 1875 5505 dextris
1902 5451 2095 5521 ipsius,

516 5538 696 5589 pauor
744 5543 774 5580 a
818 5533 1080 5601 sinistris,
1128 5536 1389 5604 capitibus
1434 5539 1803 5609 diSf‘OOpCl‘llS.
1856 5544 1923 5599 Et
1971 5556 2096 5601 tunc

591 5648 613 5672 ⁸³
649 5640 887 5731 maritis
920 5644 1140 5724 ιςυιιιιηε
1169 5667 1278 5731 sunt
1309 5652 1582 5711 dicebatur
1609 5666 1734 5714 ante
1762 5660 2090 5716 communio-
2120 5727 2123 5731 γ

522 5719 665 5772 Item,
699 5708 937 5778 inferius,
966 5714 1015 5767 in
1044 5732 1160 5784 cap.
1196 5717 1283 5773 (35.

2225 3266 2358 3327 tare.
2388 3260 2501 3316 lloc
2541 3262 2701 3332 facto,
2735 3270 3024 3324 revertitur
3050 3272 3115 3327 ad
3147 3275 3352 3342 sedem,
3383 3288 3439 3332 et
3471 3281 3810 3337 tlturiﬁcatur

2224 3364 2317 3418 per
2346 3353 2650 3422 episcopum
2692 3358 3019 3417 cardinalcm
3061 3365 3113 3418 iu
3142 3365 3285 3421 dicta
3327 3371 3488 3436 sede;
3544 3383 3599 3426 et
3630 3386 3806 3443 postea

2222 3441 2335 3510 ipse
2382 3446 2685 3517 episcotius,
2727 3450 2855 3508 dicti
2896 3454 3001 3508 duo
3026 3456 3234 3513 diaconi
3273 3475 3305 3513 a
3349 3461 3560 3519 dextris
3589 3480 3643 3519 et
3678 3481 3708 3519 a
3734 3467 3807 3520 si-

2221 3534 2438 3604 nistris,
2492 3549 2545 3593 et
2593 3553 2777 3609 postea
2826 3547 3215 3615 subsequentur
3264 3567 3455 3608 omnes
3507 3558 3806 3613 cirdinales

2219 3623 2387 3680 induti
2418 3628 2732 3695 pluvialibus
2765 3649 2861 3703 per
2889 3651 3051 3693 unum
3080 3640 3492 3712 acolytliorum;
3535 3658 3590 3701 et
3626 3661 3805 3718 postea

2216 3712 2346 3768 dicit
2379 3717 2708 3775 Orationem.

2284 3806 2421 3860 Nota
2461 3811 2601 3878 quod
2643 3812 2913 3871 Matutinte
2947 3833 3067 3873 .uon
3114 3823 3455 3891 mandantur,
3491 3828 3589 3882 sed
3619 3842 3807 3883 omnes

2215 3907 2324 3954 trcs
2354 3900 2547 3969 Missa,
2578 3920 2749 3975 neque
2775 3919 2859 3964 est
2885 3924 3086 3966 sermo.

2726 4017 2837 4075 VII.
2880 4020 2958 4076 De
2988 4023 3277 4082 Matutim's.

2281 4100 2337 4155 ln
2384 4103 2656 4163 Matutinis
2679 4125 2809 4165 vero
2835 4130 2967 4183 papa
2997 4119 3145 4174 venit
3171 4122 3388 4175 indutus
3416 4136 3592 4191 eappa
3625 4128 3797 4183 lanea.

2207 4189 2479 4249 Modernis
2513 4200 2840 4268 temporibus
2867 4213 2947 4258 est
2976 4206 3043 4262 de
3072 4210 3252 4264 velato
3276 4189 3613 4282 cretnosino,
3648 4217 3798 4273 fude-

2204 4290 2315 4333 rata
2343 4283 2411 4338 de
2436 4288 2731 4346 ermelinis.
2754 4292 2862 4348 lloc
2882 4295 3151 4354 adiuvenit
3181 4301 3485 4359 Bonifacius
3510 4306 3605 4362 IX.
3623 4309 3797 4377 Capps

2203 4370 2357 4427 lanea
2402 4376 2469 4430 de
2506 4380 2733 4434 scarleto
2772 4384 2957 4453 rubeo,
2996 4387 3174 4445 clausa
3220 4407 3393 4462 usque
3438 4396 3507 4449 ad
3566 4370 3798 4454 median

2204 4465 2456 4529 pectoris,
2490 4481 2610 4521 cum
2643 4469 2812 4526 bireta
2849 4477 3147 4532 connodata
3177 4482 3367 4536 subtus
3398 4485 3626 4539 barbam
3672 4504 3796 4555 prn-

2354 4553 2546 4625 frigus;
2579 4567 2633 4613 et
2675 4562 2791 4617 sine
2832 4567 2986 4621 mitra
3018 4569 3168 4625 sctlet
3216 4572 3267 4625 itt
3301 4573 3459 4629 dictis
3488 4553 3796 4647 Matutinis,

2208 4657 2339 4710 quas
2371 4645 2482 4712 ipse
2511 4647 2698 4718 incipit
2728 4668 2876 4709 more
2904 4658 3082 4713 solito.
3113 4659 3222 4716 Nec
3248 4671 3391 4717 stant
3420 4678 3552 4721 ante
3593 4645 3792 4736 ipsum,

2208 4749 2304 4788 nec
2329 4738 2393 4790 ad
2423 4741 2586 4795 latera
2616 4746 2917 4803 cardinales
2944 4752 3177 4821 diaconi,
3199 4757 3293 4811 scd
3317 4759 3506 4815 sedent
3536 4762 3596 4817 in
3622 4780 3796 4819 scaur-

2205 4829 2289 4882 nis
2310 4831 2422 4884 suis
2446 4833 2598 4900 juxta
2632 4837 2874 4892 ordinem
2904 4855 3079 4897 suum.

2572 4926 2706 4983 Vill.
2740 4928 2814 4983 De
2841 4932 3139 4991 lecticiiibtts
3170 4939 3416 5009 legendis.

2279 5010 2416 5066 Duas
2448 5013 2649 5082 primas
2689 5018 2944 5076 lectiones
2991 5024 3174 5096 legunt
3211 5030 3447 5099 acolytbi
3493 5033 3581 5085 vel
3606 5034 3792 5089 clerici

2201 5101 2456 5168 capellae;
2499 5105 2704 5161 tertiam
2744 5108 2868 5180 legit
2905 5111 3085 5179 junior
3131 5116 3476 5173 thesaurarize
3524 5123 3790 5188 clericus;

2201 5201 2445 5257 quartam
2473 5196 2648 5250 minor
2691 5201 2972 5271 presbyter
2998 5206 3313 5270 cardinalis;
3356 5210 3598 5277 quintam
3634 5215 3742 5266 nuli
3766 5245 3794 5255 -

2201 5276 2300 5331 linr
2342 5280 2392 5334 in
2433 5298 2650 5350 genere,
2693 5289 2783 5357 qui
2816 5299 2942 5346 tunc
2978 5294 3047 5348 sit
3077 5296 3127 5349 in
3169 5298 3347 5362 curia;
3376 5276 3607 5356 sextam
3642 5303 3791 5369 prior

2196 5368 2674 5443 subdiaconorum;
2713 5380 2992 5449 septimam
3023 5384 3205 5452 junior
3242 5388 3496 5443 diaconus
3531 5395 3793 5446 cardina-

2197 5455 2281 5523 lis,
2325 5461 2411 5528 qui
2441 5472 2547 5516 stat
2584 5480 2612 5517 a
2659 5469 2888 5525 sinistris
2919 5488 3097 5542 paptc;
3121 5484 3362 5531 octavam
3407 5480 3557 5547 prior
3594 5483 3791 5538 duco-

2197 5563 2387 5603 norum
2434 5554 2806 5625 cardinalium,
2838 5562 2925 5631 qui
2968 5573 3111 5618 stant
3152 5583 3180 5620 a
3219 5567 3423 5621 dextris
3457 5586 3649 5644 papae;
3686 5595 3790 5632 ito-

2268 5663 2293 5702 δ
2326 5666 2381 5720 id
2413 5677 2489 5721 cst
2516 5668 2879 5740 signiﬁcantur
2916 5676 3289 5749 cardinalibus,
3316 5693 3421 5737 etc.
