4006 6294
116 330 263 384 1277⁸

1304 330 1569 388 ROMANI
1606 331 1931 390 OIKDINES.
1967 364 2038 376 —
2074 334 2190 391 XV.

3263 338 3397 397 {278

112 457 239 495 nam
282 454 440 507 papa,
484 439 537 494 iu
578 454 683 508 qua
725 439 850 496 dicit
899 441 1239 497 solummolo
1282 442 1435 513 lube,
1477 445 1703 511 domine,
1732 452 1785 509 Α
1813 443 1982 513 Deus,
2024 446 2078 500 in
2106 446 2426 519 adjutorium
2466 463 2628 501 meum
2668 448 2899 514 intrude,
2933 459 2985 504 ct
3019 452 3304 505 revertitur
3330 458 3397 508 ad

106 531 428 596 lvnedicere,
459 540 516 583 et
541 540 787 586 cantores
815 534 1136 602 respondent
1162 536 1343 590 Amen.

180 622 320 676 Nota
370 622 512 691 quod
569 622 869 679 cardinales
922 626 1012 693 qui
1065 626 1243 694 legunt
1290 627 1553 683 lectiones
1600 626 1702 682 ista

105 720 294 778 nocte,
340 720 460 780 post
499 711 785 767 lectionem
834 727 938 767 non
978 715 1203 769 veniunt
1244 716 1311 769 ad
1353 717 1700 771 osculandum

104 802 307 868 pedem
356 816 535 871 papa};
578 802 674 856 sed
715 803 807 860 alii
853 804 1094 860 dicentes
1122 807 1378 862 lectiones
1409 809 1608 861 vadunt
1636 807 1701 863 ad

100 894 460 951 o~culandnm
510 894 697 963 pedem
750 910 923 964 papae,
972 899 1066 950 sed
1118 914 1223 951 non
1267 898 1597 965 cardinales;
1646 908 1702 955 et

101 986 327 1054 quando
354 986 540 1039 dicunt
570 984 848 1049 lectiones,
881 1000 1072 1039 omnes
1117 986 1316 1042 habent
1353 987 1699 1057 superplicia,

104 1088 473 1145 praeterquam
498 1075 818 1141 cardinales,
848 1077 939 1147 qui
969 1086 1115 1132 stant
1139 1094 1264 1132 cum
1291 1081 1496 1148 cappis,
1518 1081 1704 1135 dicen-

101 1176 192 1222 tes
222 1168 517 1233 lectioncs;
539 1178 592 1222 et
624 1168 853 1225 lectione
881 1168 1018 1224 lecta
1044 1183 1139 1237 per
1177 1184 1393 1239 papam,
1419 1170 1703 1225 subdiaco-

104 1273 215 1311 IIIIS
254 1258 441 1326 incipit
468 1268 594 1312 ante
623 1274 840 1328 papam,
867 1258 938 1314 Te
964 1258 1127 1314 Deum
1157 1262 1449 1326 laudamus,
1482 1272 1536 1317 et
1567 1278 1711 1332 papa

104 1351 309 1406 iterum
351 1352 576 1406 resumit
608 1351 677 1405 Te
702 1351 906 1417 Deum;
938 1363 992 1407 et
1024 1364 1274 1409 cantores
1310 1355 1591 1420 perficiunt
1621 1365 1700 1408 to-

104 1452 248 1496 tum.
296 1442 428 1498 Dum
469 1452 717 1498 cantatur
757 1441 827 1497 Te
872 1441 1061 1508 Deum,
1104 1444 1329 1499 sacrists
1372 1442 1496 1500 facit
1528 1446 1698 1510 parari

105 1544 420 1605 paramcnta
451 1550 616 1603 super
653 1535 822 1590 altare
850 1535 953 1590 albi
981 1536 1195 1601 coloris,
1221 1536 1395 1606 primo
1440 1536 1696 1603 casulam,

100 1626 346 1681 secundo
365 1627 734 1692 dalmaticam;
759 1640 921 1696 super
944 1638 1094 1698 parte
1118 1629 1331 1687 sinistra
1352 1628 1656 1684 tuuicellam
1679 1646 1695 1695 ;

46 1766 49 1769 λ
96 1732 270 1790 super
309 1726 455 1788 parte
496 1718 681 1774 dextra
722 1719 917 1774 stolam
959 1719 1309 1789 pectoralem,
1334 1719 1693 1785 chirotbeas,

1805 535 2201 602 revestiariutn,
2243 538 2332 592 ubi
2373 539 2531 594 debet
2558 554 2773 608 semper
2806 541 2971 595 indui.
3012 542 3066 596 Si
3097 557 3228 612 papa
3269 544 3398 599 velit

1805 626 2081 682 celebrare
2104 631 2394 685 secundam
2414 631 2625 685 Missam
2651 633 2768 687 sine
2791 633 3089 700 intervallo,
3118 652 3222 690 non
3245 639 3395 693 exuit

1803 734 1883 785 se,
1912 720 2009 774 sed
2041 721 2178 776 dicta
2209 737 2304 791 per
2323 738 2445 776 eum
2467 724 2741 791 Oratione,
2774 736 2826 779 et
2847 726 2969 780 data
2998 727 3393 795 Benedictione,

1803 810 1964 866 vadat
2006 812 2072 866 ad
2114 814 2302 868 altare.
2348 814 2401 870 Si
2429 827 2611 870 autem
2663 831 2757 884 per
2791 817 2954 870 alium
2995 818 3313 881 celebratur.
3344 832 3392 874 et

1804 904 2113 960 immediate
2136 947 2151 970 ,
2186 922 2293 961 non
2324 921 2573 977 cappam,
2605 908 2698 962 sed
2743 909 2974 975 pluviale
3001 910 3243 979 deponit,
3271 925 3393 965 cum

1802 994 2178 1049 aurifrisiatam
2231 997 2442 1050 mitram
2483 999 2693 1069 recipit.
2733 998 2791 1053 Si
2823 1011 2906 1054 est
2945 1001 3081 1055 infra
3110 1003 3391 1069 capellam,

1804 1094 1859 1140 et
1904 1086 1975 1140 ibi
2020 1088 2289 1155 exspoliat
2337 1103 2398 1143 se
2438 1093 2606 1146 sacris
2640 1092 2876 1146 vestibus
2922 1092 3147 1162 legendo
3188 1092 3396 1148 Laudes

1804 1191 1925 1232 cum
1967 1180 2261 1248 capellanis
2308 1183 2453 1247 suis;
2504 1192 2558 1237 et
2602 1183 2796 1238 ibidem
2848 1186 3217 1239 tantummodo
3263 1184 3395 1239 dicit

1804 1267 2116 1333 Collectam,
2146 1280 2202 1325 et
2229 1272 2321 1326 dat
2350 1274 2541 1329 iterum
2576 1275 3031 1342 Benedictiouem,
3056 1285 3271 1331 cantato
3298 1291 3396 1345 per

1802 1370 2052 1415 cantores
2082 1361 2453 1418 Βεηιάὶεαηιιω
2484 1362 2725 1419 Domino.
2754 1366 2903 1433 Quod
2928 1365 2979 1419 si
3013 1383 3116 1421 non
3148 1368 3215 1421 sit
3242 1382 3394 1421 reve-

1802 1449 2068 1516 stiarium,
2105 1451 2202 1505 ista
2234 1454 2371 1506 fiunt
2398 1453 2453 1506 in
2475 1453 2731 1508 cathedra
2762 1469 2877 1509 sua.
2909 1455 3146 1510 Resumit
3167 1470 3389 1524 cappam

1802 1543 2036 1597 clausam
2068 1559 2227 1613 quam
2263 1545 2409 1614 prius
2438 1546 2782 1614 deposuerat,
2814 1558 2867 1602 et
2898 1549 3184 1602 reri-nitur
3211 1548 3275 1601 ad
3302 1561 3391 1602 ca-

1801 1648 2026 1699 meram,
2063 1635 2107 1688 si
2153 1633 2253 1689 sibi
2305 1635 2500 1704 placet,
2546 1651 2715 1706 usque
2750 1637 2823 1692 sit
2853 1648 3063 1707 tempus
3108 1635 3393 1708 incipiendi

1800 1725 2016 1781 Missam
2040 1725 2109 1780 de
2133 1741 2349 1783 aurora.

97 1812 356 1878 annulus,
403 1811 644 1880 pallium,
677 1820 787 1865 tres
832 1826 960 1866 acus
1000 1813 1117 1866 sive
1157 1811 1413 1880 spinulas.
1458 1811 1692 1867 sandalla
1728 1819 1772 1877 Β
1868 1828 2002 1883 Nota
2041 1829 2183 1899 quod
2221 1832 2274 1884 in
2306 1831 2405 1885 hac
2434 1830 2592 1887 Missa
2625 1847 2724 1887 nec
2764 1834 2817 1889 ίη
2859 1834 3093 1890 secunda
3123 1849 3228 1890 non
3254 1833 3393 1889 dici.

95 1917 267 1969 super
292 1901 478 1957 eadem
527 1912 705 1971 parte;
736 1903 1068 1971 manipulum
1113 1902 1249 1957 infra
1294 1902 1487 1958 librum
1520 1905 1701 1957 Evan-

92 1992 398 2059 geliorum;
435 1994 486 2047 in
516 1994 733 2048 sinistra
766 2002 915 2061 parte
941 1993 1177 2058 mitram,
1209 1993 1260 2047 in
1302 1992 1479 2048 medio
1506 1992 1693 2048 altaris

92 2082 277 2137 albam
329 2083 649 2151 simplicem,
694 2093 748 2138 et
784 2082 853 2137 ab
883 2097 987 2138 una
1030 2092 1177 2151 parte
1221 2084 1539 2139 cinctorium
1571 2099 1694 2140 eum

97 2174 467 2229 succinctorio
490 2189 675 2230 versus
703 2175 939 2242 mitram,
962 2186 1014 2229 et
1036 2176 1215 2230 fanum
1244 2193 1273 2229 a
1303 2188 1450 2244 parte
1470 2177 1653 2233 dextra
1679 2193 1694 2243 ;

94 2272 160 2317 et
196 2262 275 2318 sic
322 2264 463 2318 idem
492 2264 717 2320 sacrista
748 2264 1053 2320 successive
1091 2276 1147 2320 et
1174 2265 1420 2321 ordinate
1446 2281 1566 2320 cum
1599 2264 1700 2320 ho-

102 2366 314 2411 nestate
341 2354 501 2426 451
527 2354 687 2411 tradit
714 2364 770 2412 et
791 2354 1059 2411 distribuit
1084 2358 1397 2424 capellauis,
1421 2372 1699 2412 commen-

97 2444 332 2510 salibus,
358 2445 712 2511 auditoribus,
738 2453 793 2500 et
815 2444 1244 2517 acolythisjuxta
1270 2445 1515 2503 ordinem
1537 2462 1696 2503 suum

95 2549 315 2590 smumo
343 2550 445 2603 pou
472 2535 576 2590 ilici
609 2534 935 2590 deferendis.

174 2625 454 2695 Completo
478 2642 606 2681 vero
631 2626 699 2681 Te
727 2625 915 2693 Deum,
940 2635 1218 2695 portantur
1236 2626 1345 2683 duo
1373 2627 1704 2700 candelabra

101 2732 229 2771 cum
256 2718 443 2772 faculis
473 2733 569 2788 per
596 2718 877 2788 acolythos
904 2730 1030 2773 ante
1053 2734 1267 2788 papam,
1291 2728 1347 2775 et
1371 2721 1580 2776 Missale
1602 2738 1697 2792 per

95 2810 337 2877 aliquem
362 2813 672 2878 episcopum
695 2810 763 2864 de
792 2809 892 2863 sibi
916 2810 1247 2876 astantibus;
1277 2820 1331 2866 et
1359 2812 1507 2880 ponit
1532 2827 1695 2878 super

96 2909 263 2968 caput
296 2900 450 2969 primi
480 2902 914 2971 presbyterorum
944 2902 1032 2969 qui
1056 2900 1157 2955 sibi
1198 2901 1403 2957 servire
1452 2901 1611 2957 debet
1640 2904 1695 2959 in

98 2990 206 3043 hac
232 2990 412 3055 Missa,
454 2999 508 3044 et
548 3005 679 3060 papa
711 2990 841 3046 dicit
879 2990 1190 3046 Culleotam.
1228 2992 1340 3059 Qua
1383 2992 1550 3058 finita,
1588 3007 1695 3047 non

97 3083 262 3136 datur
293 3083 619 3148 Benedictio,
647 3083 743 3137 sed
790 3081 1022 3153 acoly:bi
1062 3094 1280 3138 cantant
1326 3083 1696 3140 Bmeu’icamus

100 3172 350 3227 Domino.
394 3172 461 3227 Et
499 3173 710 3228 interim
747 3188 880 3243 papa
923 3174 1112 3228 stando
1138 3175 1246 3229 duo
1284 3175 1495 3230 diaconi
1524 3178 1697 3232 cardi-
1722 3167 1769 3229 C

96 3265 252 3320 uales
278 3264 552 3335 deponunt
579 3266 681 3320 sibi
717 3266 801 3321 illa
831 3266 1150 3321 vestimenta
1182 3268 1403 3332 praecise
1434 3284 1600 3337 usque
1628 3271 1695 3324 ad

94 3357 376 3411 camisiam
403 3373 496 3409 seu
525 3356 697 3415 albam
731 3356 1050 3423 Romanam,
1083 3368 1140 3413 et
1165 3358 1388 3413 induunt
1412 3361 1582 3429 ipsmn
1605 3376 1692 3417 sa-

92 3447 209 3501 cris
243 3447 506 3512 vestibus,
536 3459 689 3514 prout
726 3450 919 3518 scripti
964 3459 1086 3502 sunt
1114 3458 1169 3504 et
1207 3458 1386 3505 notata
1417 3454 1690 3521 superius,

94 3539 295 3594 ordine
340 3540 634 3600 contrario.
680 3541 803 3608 qu'a
857 3541 1030 3607 primo
1075 3541 1301 3596 traditur
1339 3542 1388 3597 ei
1432 3543 1551 3597 alba
1597 3559 1692 3612 per

96 3631 254 3687 illum
288 3628 379 3701 qui
411 3629 573 3685 habet
605 3630 781 3699 legere
816 3630 1183 3701 Eva-vgclium,
1216 3634 1305 3703 qui
1345 3634 1507 3689 etiam
1536 3637 1697 3690 debet

88 3738 217 3779 esse
258 3723 312 3778 in
350 3720 536 3777 habitu
570 3721 782 3779 diaconi
819 3737 849 3777 a
888 3736 1034 3790 parte
1060 3724 1246 3780 dextra
1293 3742 1472 3795 papae;
1500 3738 1556 3782 et
1601 3743 1695 3798 per

93 3816 492 3871 subdiaconum
516 3830 581 3869 ex
628 3824 776 3882 parte
817 3816 1052 3870 sinistra.
1086 3816 1259 3870 Ambo
1285 3818 1438 3871 simul
1471 3818 1697 3874 induunt

88 3921 312 3977 papam.
361 3905 617 3961 Secundo
667 3904 984 3960 cinctorium
1025 3921 1157 3960 cum
1195 3907 1584 3974 succinctorio;
1641 3918 1698 3963 et

92 4007 296 4054 caveat
323 3999 463 4067 quod
498 3998 624 4053 illud
655 3998 884 4068 pendeat
908 3999 978 4052 ad
1007 3999 1144 4053 latus
1179 3999 1479 4054 sinistrum.
1512 4001 1695 4055 Tertio

87 4108 313 4148 crucem
346 4092 688 4161 pectoralem,
719 4104 908 4164 quarto
938 4094 1139 4157 lanum,
1164 4102 1221 4148 et
1242 4095 1320 4150 sic
1342 4094 1621 4162 deinceps.

315 4182 407 4238 IX.
441 4183 515 4238 De
535 4186 700 4254 prima
730 4183 894 4239 Missa
922 4182 1221 4237 Nativiuuis
1245 4183 1480 4238 Domini.

169 4275 233 4329 In
258 4275 355 4330 hac
383 4276 539 4330 Missa
572 4276 782 4330 veniunt
809 4291 958 4347 papa:
980 4277 1217 4342 obviam,
1240 4290 1307 4330 eo
1328 4276 1697 4332 descendente

88 4369 163 4424 de
199 4368 478 4434 cathedra,
523 4376 631 4423 tres
667 4367 910 4436 jtminres
942 4366 1238 4436 presbyteri
1264 4366 1585 4432 cardinales,
1610 4366 1692 4420 in-

88 4460 214 4514 duti
244 4459 507 4525 rochetto,
536 4460 755 4525 amictu,
785 4457 1130 4528 superplicio,
1155 4464 1212 4512 et
1238 4457 1454 4525 planeta
1476 4471 1569 4511 seu
1597 4471 1691 4510 ca-

1802 1932 1891 1978 tur
1920 1922 2146 1976 Laelatus
2174 1940 2305 1978 sum.
2335 1924 2466 1978 Item
2496 1928 2547 1978 in
2581 1926 2830 1991 prmsenti
2860 1927 3014 1981 Missa
3042 1929 3189 1981 solus
3217 1926 3393 1996 ponti-

1801 2010 1888 2066 fex
1909 2015 2291 2078 communicat,
2319 2024 2374 2068 et
2401 2029 2562 2084 super
2582 2017 2783 2080 altare;
2811 2027 2865 2070 et
2889 2018 3006 2072 sine
3025 2017 3232 2070 calamo
3257 2016 3391 2070 bibit

1802 2106 2139 2175 sanguinem,
2161 2115 2216 2161 et
2236 2106 2365 2161 nihil
2391 2116 2417 2144 ιι
2439 2106 2605 2175 aliud,
2631 2110 2751 2176 quia
2776 2107 2935 2163 habet
2956 2108 3225 2163 celebrare
3246 2105 3388 2161 illam

1801 2194 1870 2248 de
1917 2196 2118 2262 tertiis;
2157 2196 2250 2251 sed
2290 2212 2412 2251 cum
2448 2198 2625 2267 digitis
2667 2200 2805 2254 bene
2854 2209 3023 2268 tet-gat
3065 2199 3307 2264 calicem,
3336 2207 3391 2251 et

1801 2299 1923 2340 cum
1952 2301 2087 2355 aqua
2122 2286 2257 2341 infra
2288 2288 2452 2361 452
2492 2290 2631 2345 lavet
2662 2290 2875 2361 digitos,
2910 2301 3068 2361 prout
3106 2289 3269 2345 moris
3306 2295 3392 2343 est

1801 2377 1853 2433 in
1886 2379 2062 2448 parvis
2089 2379 2284 2436 Missis.

1872 2493 2171 2549 Notandum
2208 2496 2368 2551 etiam
2411 2497 2555 2566 quod
2589 2498 2877 2566 imperator
2906 2497 2985 2552 vel
3012 2513 3124 2564 rex,
3152 2495 3196 2549 si
3236 2494 3304 2549 sit
3333 2493 3387 2549 in

1801 2587 1948 2642 curia
1981 2590 2081 2643 hac
2108 2600 2265 2645 nocte
2297 2589 2365 2643 de
2388 2605 2533 2655 sero,
2565 2592 2788 2646 clericus
2818 2592 3040 2660 capellae
3083 2599 3259 2660 portat
3289 2589 3389 2645 sibi

1803 2677 1993 2732 librum
2045 2679 2410 2750 legendarum,
2466 2681 2518 2736 in
2572 2698 2678 2753 quo
2723 2683 2884 2737 debet
2934 2683 3111 2753 legere
3148 2682 3388 2751 quintam

1803 2769 2117 2835 lectionem;
2150 2780 2204 2825 et
2244 2786 2364 2825 cum
2416 2772 2640 2829 honeste
2692 2773 2907 2827 instruit
2951 2773 3019 2828 de
3056 2771 3388 2828 caeremoniis

1801 2862 2151 2917 observandis
2195 2866 2245 2917 in
2279 2864 2509 2932 petendo
2540 2866 2973 2921 Beuedictionem
2993 2906 3008 2931 ,
3042 2867 3092 2919 in
3122 2863 3388 2934 cingendo

1800 2969 1987 3011 ensem
2027 2972 2149 3010 cum
2190 2957 2402 3025 vagina,
2430 2959 2785 3024 extrahendo,
2818 2969 2872 3014 et
2902 2958 3074 3025 ipsum
3107 2957 3388 3023 vibrundo,

1802 3047 1942 3116 pileo
1966 3056 2021 3101 et
2059 3047 2199 3100 aliis.
2239 3047 2367 3101 Item
2407 3049 2719 3113 notandum,
2760 3059 2976 3117 paretur
3015 3063 3112 3116 per
3143 3061 3391 3101 camera-

1802 3138 1939 3191 rium
1969 3146 2023 3191 et
2052 3138 2278 3193 clericos
2306 3139 2450 3193 ensis
2479 3154 2601 3193 cum
2639 3141 2849 3209 vagina,
2880 3139 3133 3208 corrigia,
3173 3148 3227 3192 et
3256 3138 3392 3204 pileo

1800 3226 2092 3281 secundum
2129 3227 2460 3282 nobilitatem
2501 3230 2769 3298 principis.
2812 3229 2941 3283 Item
2981 3230 3107 3282 dum
3149 3237 3393 3283 cantatur

1799 3328 2048 3388 quartmn
2078 3320 2524 3388 Resiionsorium,
2552 3323 2594 3376 si
2624 3323 2692 3377 sit
2727 3325 3017 3389 imperator
3042 3322 3124 3378 vel
3155 3336 3271 3389 rex,
3302 3335 3395 3375 ca-

1800 3413 2079 3474 merarius,
2132 3414 2354 3466 sacrista
2399 3422 2452 3468 et
2500 3415 2681 3469 clerici
2727 3414 2948 3484 capella:
2995 3422 3184 3482 parant
3228 3426 3389 3466 unum

1800 3502 2086 3573 pulchrum
2121 3502 2346 3569 pluviale
2387 3503 2589 3570 album,
2630 3513 2684 3558 et
2725 3515 2850 3558 ante
2878 3503 3136 3573 pulpitum
3167 3502 3264 3557 sibi
3296 3500 3393 3554 de-

1801 3604 2003 3663 ponunt
2052 3598 2367 3663 caputium,
2419 3605 2475 3651 et
2523 3596 2696 3665 ipsum
2754 3595 2983 3649 induunt
3032 3594 3098 3647 ad
3156 3592 3389 3647 medium

1797 3686 2093 3757 chlamydis
2116 3685 2245 3741 illud
2273 3688 2521 3756 pluviale,
2547 3688 2621 3742 ita
2643 3688 2783 3758 quod
2810 3687 2998 3742 fissura
3026 3684 3055 3723 δ
3088 3688 3153 3740 sit
3180 3685 3249 3739 ad
3278 3698 3392 3739 ma-

1800 3790 1926 3830 num
1961 3776 2077 3845 ejus
2104 3777 2417 3845 dexteram;
2449 3790 2499 3833 et
2528 3779 2749 3850 cingunt
2780 3780 2827 3834 ei
2852 3792 3059 3844 ensem,
3089 3788 3143 3833 et
3169 3777 3395 3847 ipsemet

1798 3865 2032 3921 extrahit
2063 3874 2117 3920 et
2149 3866 2273 3921 facit
2309 3868 2525 3923 vibrare
2552 3885 2567 3934 ;
2598 3880 2653 3923 et
2686 3882 2891 3938 ponunt
2912 3869 3014 3923 sibi
3042 3883 3204 3937 super
3234 3878 3394 3935 caput

1800 3957 2020 4024 pileum,
2049 3966 2105 4011 et
2137 3960 2251 4025 ipse
2283 3957 2500 4012 inclinat
2528 3969 2690 4027 caput
2715 3960 2781 4013 ad
2814 3974 3026 4029 papam,
3059 3970 3109 4013 et
3136 3961 3266 4027 petit
3294 3959 3392 4013 Be-

1799 4048 2179 4111 nedictionem,
2210 4057 2265 4104 et
2293 4050 2419 4120 legit
2449 4050 2730 4104 lectionem
2770 4052 2871 4106 sibi
2908 4050 3175 4121 pranlictis
3213 4061 3393 4102 astun-

1799 4140 1959 4195 tibus.
1990 4140 2103 4208 Qua
2134 4141 2295 4205 lceta,
2326 4143 2527 4197 ducunt
2558 4158 2679 4197 eum
2709 4145 2792 4198 sic
2828 4142 3067 4197 indutum
3099 4158 3221 4197 cum
3252 4142 3392 4210 pileo

1797 4247 1960 4303 super
1999 4241 2179 4301 caput,
2221 4247 2353 4288 ense
2398 4244 2641 4289 extracto
2668 4233 2732 4287 ad
2778 4248 3013 4297 manum,
3048 4234 3114 4286 ad
3145 4233 3393 4301 osculum

1798 4326 1946 4396 pedss
1972 4340 2151 4398 papas;
2180 4335 2235 4382 et
2261 4326 2487 4397 quilibet
2518 4327 2806 4382 revertitur
2836 4326 2903 4379 ad
2933 4325 3107 4380 locum
3138 4341 3316 4379 suum.

1871 4439 2173 4495 Notandum
2222 4443 2385 4497 etiam
2434 4441 2577 4512 quod
2621 4440 2666 4496 si
2716 4456 2853 4511 papa
2892 4440 2961 4495 sit
3002 4439 3210 4504 Romae,
3254 4439 3393 4496 hanc

90 4552 251 4617 sula;
282 4561 338 4606 et
365 4550 557 4607 eodem
591 4550 752 4605 modo
781 4551 834 4605 in
877 4548 1127 4604 omnibus
1160 4547 1340 4603 missis
1369 4546 1694 4603 solemnibus

1805 4530 2014 4586 Missam
2046 4531 2206 4587 debet
2238 4532 2512 4588 celebrare
2549 4532 2616 4586 ad
2666 4547 2909 4602 praesepe
2955 4531 3189 4595 Domini,
3222 4541 3277 4586 et
3319 4531 3390 4586 de

92 4642 401 4713 papalihus,
424 4649 581 4711 prout
603 4649 814 4696 notatur
842 4643 894 4695 in
921 4640 1112 4694 ordine
1146 4639 1408 4707 ipsorum,
1431 4650 1484 4694 et
1511 4638 1563 4693 in
1589 4639 1695 4695 line

92 4731 405 4787 continetur
449 4732 592 4786 libri.
641 4731 770 4787 Post
806 4729 1258 4786 thuriiicationem
1309 4730 1520 4794 altaris,
1560 4744 1692 4799 papa

90 4832 280 4879 stante
310 4824 392 4877 vel
423 4822 645 4877 sedente
673 4821 731 4876 in
754 4821 882 4876 sede
909 4836 1029 4889 sua;
1061 4834 1249 4875 onmes
1286 4820 1587 4875 cardinales
1616 4821 1693 4875 fa-

89 4914 254 4969 ciunt
292 4912 642 4969 reverentiam
680 4926 852 4983 papas,
884 4920 941 4966 et
966 4925 1072 4965 non
1110 4912 1167 4964 In
1196 4909 1489 4966 Matutinis.
1541 4911 1687 4966 Dicta

88 5007 294 5068 Missa,
338 5012 393 5059 et
431 5006 556 5059 data
600 5003 982 5059 Benedictione
1032 5003 1237 5071 papali,
1278 5013 1335 5057 et
1379 5004 1689 5060 denuntiata

91 5095 455 5166 indulgentia,
487 5110 582 5166 per
618 5094 944 5150 cardinalem
994 5096 1086 5163 qui
1130 5095 1179 5148 ei
1220 5095 1387 5149 servit
1428 5095 1480 5149 in
1510 5095 1691 5150 ofticio

87 5188 384 5259 Capellalli,
411 5188 480 5243 de
508 5202 579 5242 vn
624 5187 782 5242 annis
822 5196 878 5242 et
912 5195 1115 5257 septem
1146 5187 1522 5256 quadragenis,
1556 5203 1690 5257 papa

91 5282 394 5337 revertitur
422 5282 490 5336 ad
522 5297 771 5352 magnam
802 5280 1149 5342 cathedram;
1181 5289 1237 5333 et
1264 5280 1419 5333 mitra
1448 5281 1690 5349 deposita

92 5389 195 5444 per
224 5373 557 5428 cardinalem
585 5373 675 5442 qui
699 5373 797 5429 sibi
823 5379 962 5427 astat
990 5388 1019 5425 a
1048 5371 1271 5437 dextris,
1307 5371 1490 5440 incipit
1512 5375 1699 5429 laudes

171 5497 195 5524 ⁸
245 5489 359 5543 IIuc
402 5498 609 5554 spectat
656 5488 871 5542 rubrica
916 5486 1327 5541 Sacramentarii
1374 5486 1686 5555 Gregoriaui

96 5562 152 5614 in
187 5560 362 5629 vigilia
406 5560 771 5629 tposl-lorum
822 5559 963 5611 Petri
1009 5568 1060 5610 et
1112 5557 1283 5629 l_‘a_uli,
1315 5557 1518 5609 scilicet
1546 5561 1686 5627 quod

91 5625 455 5697 simefolicus,
483 5630 688 5697 quando
716 5628 933 5681 celebrat
959 5629 1087 5680 duas
1112 5625 1298 5679 Missas
1325 5643 1424 5678 una
1450 5625 1687 5693 diefnon

95 5704 237 5754 turn!
262 5717 321 5752 os
352 5700 447 5752 nisi
482 5711 592 5766 post
618 5701 727 5769 offic
749 5715 855 5751 nm.

170 5774 198 5811 υ
234 5769 291 5823 Id
333 5786 436 5824 non
472 5766 669 5841 passus
701 5781 781 5825 est
810 5766 1122 5824 Frcdericus
1162 5775 1230 5822 te:
1248 5768 1350 5823 tius
1381 5767 1690 5838 imperator,

1798 4638 1924 4679 sero
1946 4622 2145 4678 ibidem
2177 4634 2392 4679 cantare
2426 4625 2708 4695 Vesperas,
2738 4632 2794 4680 et
2821 4634 3004 4694 potum
3026 4640 3147 4679 cum
3176 4622 3394 4679 clericis

1797 4725 1855 4769 et
1881 4714 2149 4769 nobilibus
2178 4715 2338 4771 Urbis
2368 4717 2544 4770 facere
2567 4717 2623 4770 in
2651 4716 2794 4772 aula.

1870 4825 2002 4879 Item
2041 4824 2299 4894 quidquid
2336 4825 2559 4881 offertur
2594 4827 2715 4883 sive
2755 4826 2823 4881 ad
2873 4841 3064 4882 manus
3115 4841 3265 4896 papa:
3294 4824 3384 4881 vel

1795 4916 1983 4986 pedes,
2003 4918 2089 4971 vel
2117 4932 2281 4987 super
2303 4918 2496 4982 altare,
2518 4919 2916 4989 capellanorum
2941 4918 3382 4974 commeusalium

1794 5021 1897 5077 eat,
1924 5019 2154 5079 excepto
2185 5026 2327 5080 parte
2351 5023 2407 5066 et
2440 5012 2588 5078 vino,
2630 5012 2773 5080 quod
2802 5012 3175 5082 acolythorum
3202 5020 3305 5073 est,
3333 5016 3391 5063 et

1794 5100 2049 5170 quidquid
2088 5101 2235 5156 venit
2283 5117 2379 5170 per
2420 5110 2589 5156 totam
2634 5101 2851 5155 Missam
2898 5114 3060 5170 super
3096 5100 3284 5155 altare.
3321 5098 3387 5152 Et

1794 5192 1899 5248 iste
1921 5193 2112 5247 modus
2134 5195 2295 5248 debet
2313 5207 2427 5248 sem
2437 5208 2531 5261 per
2551 5194 2825 5247 observari
2858 5192 2913 5247 in
2937 5191 3183 5246 omnibus
3206 5190 3385 5246 Missis

1800 5284 2098 5355 papalihus,
2139 5293 2297 5353 prout
2336 5284 2639 5337 continetur
2684 5282 2736 5337 in
2781 5282 2923 5335 libro
2953 5292 2975 5320 ο
3011 5280 3254 5344 Politico,
3303 5295 3390 5334 se-

1798 5375 2030 5432 cundum
2061 5374 2202 5445 quod
2236 5374 2365 5430 dicit
2406 5372 2639 5429 lactibus
2680 5372 2959 5441 Gaietani;
2990 5382 3046 5427 et
3086 5371 3385 5445 presbyteri

1797 5490 1852 5545 in
1886 5491 2049 5544 Musei
2081 5491 2248 5545 Italii-i
2279 5501 2423 5543 turno
2455 5491 2494 5555 l,
2524 5506 2640 5558 pag.
2670 5489 2798 5544 283.

1869 5572 1891 5600 ο
1925 5563 1977 5614 ld
2018 5569 2102 5616 est
2143 5564 2191 5615 in
2238 5562 2374 5615 libro
2399 5562 2578 5615 Cencii
2619 5558 2900 5613 ramerarii
2940 5560 3185 5625 superius
3214 5559 3382 5622 edito,

1794 5630 1887 5700 qui
1932 5634 1983 5684 iu
2035 5633 2135 5685 hoc
2182 5633 2552 5685 Carreanouiali
2603 5634 2798 5700 passim
2847 5628 3133 5691 Publicus,
3187 5631 3383 5686 rectius

1800 5699 2166 5772 Polyptyrlms,
2184 5702 2471 5774 aliquando
2493 5699 2817 5758 Camerarius
2849 5701 3168 5771 appellatur.

2616 5877 2682 5887 ιτα
2699 5879 2711 5888 ο
