4006 6356
539 367 676 422 1279
1218 352 1564 413 ᾹῬΡΕΝΟΙΧ
1603 350 1694 408 AD
1733 351 1792 408 S.
1839 345 2165 405 CREGORII

2293 339 2421 397 .GNI
2461 333 2836 394 LITURGICA
2869 330 3123 390 OI‘ERA.
3688 321 3828 378 128:)

538 490 659 529 cum
690 469 983 541 capellatiis
1032 467 1288 537 rccipiunt
1338 480 1411 518 su
1459 463 1712 517 denarios
1758 477 1788 515 a
1828 475 1980 529 papa,
2025 457 2112 527 qui
2143 461 2192 518 Α
2218 449 2569 507 osculandum
2603 446 2790 541 pedem
2821 459 3007 541 papzn,
3037 439 3180 541 ducti
3221 435 3834 541 perntlerilcnmca-re:

539 527 1263 630 vocatur'presbyteritnn,de
1284 557 1478 627 quibus
1497 555 1756 609 medietas
1775 563 1856 608 ext
1883 551 2120 608 sacrista:
2226 543 2547 598 moniarum.
2577 541 2665 593 Sic
2694 538 2856 591 etiam
2887 533 3080 603 legitur
3104 530 3459 630 Ιξνιιιξβθῐὶξιη
3491 527 3836 630 Οἷπεευπιξι

539 614 960 724 Iustaordinetn
990 614 1212 704 Urbani.
1303 614 1317 627 .
2227 633 2498 724 Latinum.
2540 630 2803 724 Diaconus
2843 639 2974 679 vero
3011 620 3300 724 cardinalis
3338 619 3490 724 dicto
3538 614 3835 724 [Csar-ﬁgulis

613 746 668 798 In
713 743 814 796 hac
856 743 1015 796 Missa
1049 757 1145 795 nec
1177 743 1227 793 in
1262 739 1501 808 sequenti
1526 737 1825 792 cardinales
1857 751 1960 788 non
1990 749 2120 788 con.
2228 721 2514 780 revertitur
2552 721 2616 772 ad
2659 720 2848 808 altare,
2891 731 2990 770 nec
3029 720 3302 808 exspectat
3341 705 3840 808 diaconumErzc-

542 843 832 887 sueverunt
860 833 1040 886 venire
1086 831 1151 884 ad
1188 832 1538 885 reverentiam
1569 844 1737 897 papae,
1766 827 2012 897 quoniam
2045 825 2134 878 bis
2227 830 2347 869 cum
2372 856 2386 879 ,
2416 812 2537 865 licet
2567 811 2778 864 iverunt
2801 807 2989 870 simul,
3017 804 3108 858 sed
3136 804 3354 859 Graecus
3381 816 3627 870 sequens
3660 798 3830 897 illum.

544 924 594 977 in
627 923 716 977 die
761 936 865 975 non
912 931 1158 976 tenentur
1187 922 1301 991 (scd
1334 921 1474 991 qttod
1503 889 1841 974 observatum
1890 918 1957 971 sit
2004 915 2126 969 alibi
2233 906 2312 961 Ad
2349 902 2690 995 Evangelium
2723 899 2968 995 Latinum
3002 905 3283 995 portantur
3317 905 3530 995 septem
3575 889 3838 944 candela-

546 1015 809 1083 tnveuies)
853 1014 953 1068 nisi
999 985 1365 1067 tantum‘modd
1408 1013 1480 1066 illi
1539 1021 1648 1065 [res
1689 1010 1931 1078 juniorcs
1982 1021 2132 1075 pres-
2232 995 2360 1056 bra,
2390 1002 2445 1048 et
2474 992 2781 1046 immediate
2808 987 3003 1042 dicllllt‘
3033 986 3380 1087 Evangelitzni
3408 985 3672 1087 (Paucum
3719 996 3836 1032 cum

545 1105 739 1173 byteri,
786 1078 860 1157 illi
884 1111 1177 1173 r'nunquam
1225 1102 1430 1155 fallunt.
1478 1099 1817 1154 Contrarium
1864 1096 2132 1150 ordinavit
2233 1088 2445 1142 duobus
2473 1083 2808 1139 tandclabris
2835 1081 3076 1136 accensis
3097 1120 3112 1144 ,
3143 1087 3200 1177 et
3349 1078 3591 1145 quinque
3624 1084 3844 1177 portan-

548 1172 797 1249 dnminus
847 1172 1092 1251 Urbanus
1136 1208 1340 1250 sextus.
1386 1193 1490 1248 Sed
1524 1195 1575 1246 in
1617 1192 1848 1246 secunda
1881 1191 2035 1244 Μᾶκερ
2065 1188 2134 1243 de
2237 1194 2322 1238 tur
2351 1184 2403 1236 in
2431 1181 2606 1237 altari.
2640 1179 2697 1233 In
2731 1180 2829 1232 hac
2855 1177 2944 1231 die
2971 1190 3103 1245 papa
3149 1173 3202 1270 in
3444 1172 3741 1270 consuerit
3773 1173 3848 1218 la-

549 1300 741 1342 aurora
770 1302 875 1344 nou
905 1290 1147 1355 veniunt,
1180 1289 1272 1343 sed
1304 1290 1356 1342 in
1382 1288 1551 1357 prima
1575 1297 1627 1340 et
1659 1286 1833 1341 tertia.
1863 1284 2028 1339 Bene.
2237 1288 2362 1330 cere
2390 1272 2601 1341 aliquas
2627 1270 2910 1324 novitates.
2943 1267 3133 1357 Quaere
3163 1261 3645 1357 Ill-ftItIIIEOIIi-Ilus.
3730 1346 3741 1356 .

1020 1379 1090 1434 Χ.
1133 1347 1215 1433 ὀε
1242 1347 1466 1434 secunda
1486 1378 1672 1432 Missa.
2311 1364 2447 1418 Nota
2476 1361 2618 1432 quod
2649 1361 2693 1413 si
2725 1374 2858 1427 papa
2889 1366 2993 1412 stet
3023 1356 3075 1409 in
3107 1353 3352 1409 laudibus
3382 1351 3558 1405 sacris
3600 1347 3846 1404 vestibus

625 1471 778 1527 Missa
809 1472 878 1527 de
905 1487 1099 1526 aurora
1133 1472 1435 1536 mandatur,
1486 1485 1644 1539 quam
1689 1469 1962 1523 Romanus
2005 1478 2150 1533 νοω-ν
2242 1456 2492 1523 indutus,
2539 1455 2825 1511 cardinalis
2868 1452 2956 1521 qui
2994 1450 3095 1506 sibi
3133 1448 3299 1505 servit
3341 1447 3511 1501 debet
3556 1446 3846 1500 iucensare

556 1562 704 1627 tiles,
729 1565 770 1617 si
794 1565 866 1618 sit
890 1565 940 1616 in
967 1563 1130 1628 Urbe,
1155 1563 1435 1617 consuevit
1454 1561 1749 1617 celebrare.
1777 1561 1840 1613 Et
1861 1557 2143 1628 egrediens
2244 1551 2439 1604 altare.

557 1655 627 1706 de
657 1664 840 1709 sancta
873 1655 1035 1709 Maria
1070 1655 1255 1722 Majori
1282 1669 1494 1708 summo
1523 1667 1678 1706 mane
1708 1651 1924 1705 indutus
1954 1648 2146 1703 missa-
2729 1639 2824 1695 XI.
2865 1639 2944 1694 De
2978 1639 3127 1716 tertia
3166 1635 3347 1690 Missa.

557 1743 695 1800 libus
723 1745 1075 1811 ves'imentis,
1120 1745 1264 1799 Vadit
1308 1743 1374 1797 ad
1421 1751 1664 1797 sanctam
1700 1738 2050 1803 Anastasiatn,
2091 1745 2146 1792 et

2321 1740 2377 1796 in
2408 1740 2509 1796 hac
2537 1740 2699 1794 Missa
2741 1736 3140 1793 communicant
3185 1747 3375 1788 omnes
3418 1730 3636 1785 diaconi
3677 1729 3850 1782 cardi.

559 1835 634 1889 illi
683 1838 936 1892 celebrat.
994 1838 1051 1891 In
1093 1837 1190 1890 hac
1239 1835 1399 1890 Missa
1441 1835 1636 1888 dicitur
1680 1832 1843 1887 Credo
1887 1832 1940 1883 in
1988 1846 2144 1882 unum
2175 1829 2223 1889 Β
2252 1837 2433 1899 nales,
2468 1836 2856 1906 ριιοιοηοίτηιίῇ⁹
2890 1832 3313 1897 ροωιηεηεθῖθε,
3355 1838 3413 1883 ει
3451 1827 3767 1888 auditores,
3800 1833 3847 1878 el

561 1926 748 1994 Deum,
801 1941 855 1983 et
901 1930 1079 1983 Gloria
1121 1930 1174 1982 in
1215 1928 1448 1982 excelsis.
1498 1926 1612 1981 Non
1666 1926 1863 1980 dicitur
1919 1924 2156 1979 Laetatus
2254 1943 2443 1983 omnes
2474 1929 2525 1981 in
2555 1927 2768 1982 Christo
2799 1940 2926 1980 vere
2965 1924 3315 1985 famulantes,
3359 1919 3449 1988 qui
3488 1920 3541 1972 in
3588 1918 3848 1985 dignitate

559 2034 702 2082 sum;
735 2028 788 2072 et
814 2018 1116 2072 oblationes
1148 2025 1205 2071 ut
1244 2017 1299 2072 in
1325 2018 1428 2072 alia
1465 2016 1624 2071 Missa
1655 2016 1722 2071 de
1757 2016 1930 2070 media
1972 2025 2149 2069 nocte.
2255 2021 2554 2092 episcopali
2585 2037 2688 2075 non
2724 2027 2848 2074 sunt
2877 2017 3182 2085 constituti,
3214 2015 3466 2088 quoniam
3500 2014 3639 2068 tales
3671 2028 3770 2082 per
3797 2027 3849 2067 se

565 2108 737 2160 Etiam
787 2122 918 2176 papa
964 2107 1113 2162 Solus
1160 2109 1525 2163 communicat
1576 2122 1737 2178 super
1785 2108 1957 2162 altare
2001 2116 2058 2161 ut
2097 2108 2164 2161 in
2255 2114 2532 2169 celebrare
2564 2113 2761 2181 populo
2792 2119 3059 2166 tenentur.

567 2213 761 2267 pruna,
792 2209 899 2253 etc.

636 2288 746 2352 Qua
765 2289 931 2353 (inita,
949 2289 1023 2343 sic
1050 2290 1334 2344 revertitur
1352 2286 1567 2344 indutus
1598 2288 1661 2342 ad
1680 2296 1917 2342 sanctam
1938 2287 2162 2342 Mariam-

566 2378 856 2449 Majorem;
887 2390 940 2434 et
965 2380 1127 2452 453
1158 2381 1414 2448 depositis
1445 2381 1769 2450 paramentis
1790 2379 2012 2449 quiescit
2037 2394 2156 2433 mo-

568 2470 743 2525 dicum
775 2472 825 2525 in
861 2487 1071 2527 camera
1097 2489 1213 2537 sua,
1244 2482 1298 2528 et
1327 2473 1458 2527 hora
1489 2483 1824 2542 competente
1863 2474 2024 2526 intrat
2065 2487 2156 2527 sa-

569 2569 801 2622 crarium
847 2585 940 2624 seu
975 2571 1282 2625 vestiarium
1328 2585 1449 2625 cum
1489 2570 1776 2639 episcopis,
1805 2569 2154 2638 presbyteris,

569 2661 809 2716 diaconis
840 2663 1224 2730 cardinalibus,
1258 2663 1571 2732 capellanis,
1603 2659 1942 2717 subdiaconis
1987 2669 2042 2716 et
2069 2675 2157 2716 re-

576 2751 734 2820 liquis
779 2753 1092 2818 ordinibus;
1142 2762 1197 2806 et
1239 2762 1460 2807 cantant
1508 2753 1766 2807 Tertiam.
1820 2751 1932 2816 Qua
1984 2749 2157 2817 dicta,

575 2843 798 2896 induunt
826 2858 948 2898 eum
979 2844 1292 2899 solemniter
1318 2844 1486 2899 sacris
1517 2845 1753 2899 veStibus
1779 2843 1936 2910 albis,
1966 2851 2024 2898 et
2045 2841 2161 2912 qni.-

575 2932 703 2989 libet
727 2935 778 2990 in
807 2934 995 2990 ordine
1024 2950 1152 3001 suo;
1183 2945 1238 2990 et
1261 2937 1338 2990 sic
1369 2935 1839 3006 processionaliter
1870 2934 2166 3005 procedunt

576 3025 644 3078 ad
675 3025 843 3080 altare
886 3042 1006 3081 cum
1035 3042 1196 3083 cruce
1237 3037 1291 3082 et
1319 3038 1524 3098 septem
1552 3028 1765 3094 faculis;
1800 3037 1854 3083 et
1881 3030 2028 3082 curia
2073 3027 2169 3082 de-

584 3116 672 3168 bet
700 3117 828 3172 dare
852 3119 1266 3188 presbyterium,
1290 3129 1396 3176 etc.

2327 2203 2492 2275 454.
2529 2202 2659 2257 Nota
2709 2202 2848 2271 quod
2902 2201 2955 2255 in
3008 2201 3107 2254 ista
3153 2196 3533 2252 communione
3579 2203 3634 2248 et
3678 2194 3730 2246 in
3773 2194 3851 2246 die

2261 2297 2480 2351 Pa-cha:
2513 2305 2764 2364 parantur
2795 2302 2902 2348 tres
2933 2294 3128 2347 calices
3158 2291 3333 2360 magni
3361 2306 3375 2343 :
3411 2305 3552 2342 ututs
3596 2304 3697 2356 pro
3729 2302 3852 2340 con-

2261 2388 2596 2453 secratione,
2640 2387 2780 2440 alius
2819 2401 2937 2440 cum
2975 2399 3080 2454 quo
3125 2398 3254 2452 papa
3299 2384 3479 2435 vinum
3513 2380 3651 2434 bibit
3675 2423 3690 2443 ,
3726 2378 3853 2431 alius

2261 2495 2358 2548 pro
2387 2477 2902 2532 communicantibus
2930 2487 3048 2544 post
3078 2473 3435 2542 sumptioncin
3474 2470 3849 2524 Etrcbaristis.

2265 2567 2460 2635 Vinum
2489 2575 2708 2620 sumunt
2733 2565 2802 2620 de
2831 2580 2992 2619 manu
3021 2563 3244 2632 alicujus
3270 2563 3645 2632 acolythorum
3669 2601 3687 2626 ,
3716 2559 3859 2612 obla-

2267 2664 2441 2720 tioncs
2471 2676 2600 2717 vero
2628 2660 2937 2714 dividantur
2966 2669 3022 2713 ut
3054 2659 3105 2712 in
3139 2657 3328 2724 prima.

2650 2748 2765 2806 XII.
2818 2749 2891 2803 De
2929 2749 3163 2803 secundis
3209 2745 3465 2815 I’csperis.

2337 2843 2397 2897 In
2423 2841 2672 2898 secundis
2694 2839 2946 2909 Vesperis
2976 2853 3109 2908 papa
3137 2837 3278 2890 venit
3300 2851 3420 2890 cum
3454 2831 3672 2900 pluviali
3701 2831 3858 2885 rubea

2267 2937 2334 2992 de
2379 2935 2573 2989 samito
2624 2943 2678 2987 et
2725 2933 2880 2987 mitra
2931 2929 3256 2984 aurifrisata.
3309 2925 3692 2980 Subdiaconus
3743 2921 3860 2975 dicit

2268 3027 2557 3098 capitulum
2580 3067 2594 3090 ,
2626 3033 2874 3080 cantores
2905 3023 3169 3093 llymnum
3190 3059 3207 3085 ,
3236 3033 3369 3089 papa
3397 3016 3711 3072 Orationes.

2339 3118 2617 3187 Completa
2650 3115 2839 3179 Missa,
2867 3115 2910 3168 si
2944 3114 3010 3167 sit
3037 3112 3089 3166 itt
3122 3109 3288 3174 Urbe,
3323 3109 3513 3175 recipit
3544 3121 3769 3175 regnum
3797 3103 3855 3157 de

650 3205 799 3269 Quod
831 3204 874 3258 si
901 3219 1033 3274 papa
1059 3223 1161 3260 non
1190 3210 1260 3261 sit
1290 3208 1342 3261 in
1376 3208 1538 3274 Urbe,
1567 3207 1854 3263 cardinalis
1883 3207 1974 3277 qui
2004 3208 2165 3263 habet
2189 3208 2236 3272 C
2268 3226 2428 3266 manu
2461 3225 2546 3263 ma
2578 3207 2809 3262 escalchi
2844 3203 3092 3274 majoris,
3125 3212 3178 3258 et
3205 3211 3375 3271 gestat
3405 3199 3538 3253 illud
3585 3212 3760 3265 usque
3801 3196 3857 3249 ad

584 3292 795 3347 titulum
822 3305 1020 3349 sancta:
1046 3293 1339 3349 Anastasizn
1368 3299 1644 3350 consuevit
1677 3297 1812 3352 hanc
1835 3298 2047 3351 Missam
2079 3312 2169 3352 ce-

585 3381 828 3444 lebrare,
861 3393 914 3438 et
944 3383 996 3436 in
1025 3384 1139 3451 ejus
1168 3384 1445 3450 absentia,
1479 3387 1523 3440 si
1570 3400 1702 3456 papa
1748 3401 1854 3439 non
1897 3386 2168 3454 celebret,

588 3473 734 3541 prior
765 3473 1199 3545 presbyterorum
1229 3475 1608 3531 cardinaliutn.

660 3565 956 3620 Notandum
990 3566 1130 3636 quod
1160 3567 1206 3621 si
1239 3583 1371 3636 papa
1399 3568 1558 3622 vellet
1585 3567 1681 3622 bas
1708 3568 1844 3622 duas
1872 3569 2058 3623 Missas
2083 3584 2172 3624 ce-

590 3657 820 3724 Iehrare,
851 3659 896 3712 si
929 3659 1123 3724 vellet,
1159 3668 1336 3728 posset
1363 3659 1548 3713 ambas
1576 3659 1779 3723 dicere,
1807 3660 2005 3727 absque
2031 3659 2175 3730 quod

589 3745 882 3815 deponeret
915 3758 1092 3802 vestes
1123 3762 1303 3804 sacras
1332 3765 1346 3815 ;
1381 3749 1474 3803 scd
1510 3759 1729 3818 prapter
1757 3749 2091 3804 honestatem
2121 3759 2177 3805 et

593 3844 910 3890 nocturnam
943 3836 1306 3907 fatigationem
1337 3838 1651 3892 rationabile
1678 3848 1761 3894 est
1785 3840 1926 3906 quod
1961 3840 2050 3894 ﬁat
2078 3841 2176 3896 ali-

594 3927 768 3996 qualis
793 3928 1132 3997 interpolatio
1153 3930 1449 3984 secundum
1474 3932 1731 3999 temporis
1752 3934 2177 4001 congruentiam,

595 4028 652 4074 et
681 4030 837 4088 prout
866 4020 1078 4090 expedit
1112 4033 1332 4090 propter
1360 4021 1680 4078 brevitatem
1708 4025 1964 4092 ttmporis
1991 4035 2042 4078 et
2068 4026 2179 4079 die-

596 4126 713 4165 rum
734 4151 752 4178 ,
785 4112 925 4182 quod
956 4114 1116 4167 etiam
1147 4113 1438 4168 notandum
1466 4123 1567 4168 est.
1596 4114 1713 4180 Quo
1743 4115 1884 4169 dicto
1911 4114 1983 4169 Te
2013 4114 2180 4169 Deum

597 4203 871 4258 laudamus
890 4244 906 4270 ,
935 4204 1040 4260 duo
1066 4205 1370 4260 ceroferarii
1396 4206 1659 4261 accedunt
1687 4217 1812 4261 ante
1843 4222 2028 4276 papam
2059 4223 2180 4262 cum

529 4310 533 4313 '
598 4298 936 4354 cande'abris
965 4308 1017 4354 et
1046 4299 1283 4353 candelis
1311 4299 1588 4367 accensis,
1627 4307 1680 4353 ct
1708 4314 1843 4368 papa
1872 4298 2004 4353 dicit
2044 4301 2181 4353 Ura-

601 4389 829 4454 tionem,
865 4401 919 4444 et
949 4391 1021 4443 illi
1053 4389 1430 4445 Benedicamus
1465 4389 1690 4445 Domino
1711 4429 1728 4458 ,
1756 4391 2044 4444 cantando.
2076 4389 2183 4445 Nec

603 4497 737 4552 papa
766 4483 856 4536 dat
890 4483 1322 4538 Benedictiouem
1349 4493 1657 4538 consuetam
1678 4523 1692 4547 ,
1740 4483 1836 4537 sed
1880 4491 1997 4551 post
2041 4482 2178 4536 Latio

602 4577 717 4629 des.
742 4575 1024 4630 Sciendum
1049 4573 1187 4643 quod
1212 4575 1258 4628 si
1279 4574 1473 4628 dictam
1496 4574 1783 4628 secundam
1809 4574 2020 4628 Missam
2043 4575 2186 4628 cele-
2219 4587 2272 4645 1)

606 4664 763 4718 hrare
793 4666 952 4730 velit,
987 4665 1124 4719 dicta
1155 4665 1345 4734 prima,
1374 4679 1554 4719 sacras
1586 4676 1764 4720 vestes
1799 4682 1901 4720 non
1931 4666 2182 4733 deponit,

605 4755 699 4808 Sed
729 4769 848 4808 cum
881 4755 984 4809 illis
1014 4755 1140 4808 dicit
1176 4754 1426 4821 Laudes;
1457 4755 1650 4825 quibus
1679 4756 1834 4811 dictis
1854 4796 1867 4817 ,
1901 4757 1991 4810 dat
2023 4757 2188 4811 Bene-

607 4847 902 4902 dic-tionem
925 4885 942 4912 ,
974 4855 1029 4901 et
1059 4846 1254 4901 i°erum
1288 4848 1536 4918 reincipit
1563 4849 1850 4903 secundam
1881 4849 2116 4902 Missam.

681 4937 819 4992 llura
849 4952 978 5005 ergo
1008 4943 1347 5003 competente
1371 4937 1588 4992 indutus
1610 4937 1926 4991 solemniter
1950 4951 2190 4993 summus

612 5031 851 5100 pontifex
879 5044 1000 5084 cum
1029 5029 1342 5098 capellanis,
1372 5030 1742 5094 subdiaconis,
1767 5031 2032 5100 acolythis
2062 5045 2188 5099 pro-

610 5121 983 5176 cessionaliter
1011 5135 1131 5177 cum
1161 5131 1370 5192 septem
1414 5121 1637 5185 faculis,
1685 5136 1845 5176 cruce
1883 5132 1937 5176 et
1975 5122 2196 5177 incenso

616 5218 800 5285 incipit
832 5218 1069 5273 Missam.
1103 5219 1163 5274 Ei
1194 5230 1480 5275 occurrunt
1503 5229 1609 5275 tres
1631 5218 1870 5289 juniores
1897 5217 2197 5272 cardinales

619 5309 918 5379 presbyteri
958 5310 1025 5364 ad
1065 5310 1307 5365 osculum
1353 5311 1464 5365 oris
1511 5320 1564 5364 et
1608 5312 1860 5379 pectoris.
1909 5307 2197 5364 Sciendum

617 5400 759 5466 quod
790 5401 924 5455 lecta
956 5401 1212 5458 Oratione
1239 5412 1633 5458 consueverunt
1663 5402 1845 5456 laudes
1888 5401 2004 5469 ejus
2043 5400 2156 5455 tieri
2179 5440 2196 5467 ,

618 5490 757 5542 sicut
788 5491 1012 5545 habetur
1049 5491 1102 5545 in
1145 5493 1396 5558 Politico,
1423 5503 1478 5549 et
1515 5502 1726 5548 notatur
1752 5493 1803 5547 in
1828 5490 1946 5562 ejus
1969 5506 2197 5545 corona-

619 5583 786 5636 tione.
808 5579 997 5638 Finitis
1026 5583 1131 5640 illis
1159 5583 1401 5639 laudibus
1418 5628 1432 5654 ,
1458 5593 1703 5640 cantatur
1727 5583 1962 5654 Epistula
1987 5582 2196 5648 Latina,

622 5671 962 5740 postmodum
1002 5673 1208 5730 Graeca.
1253 5676 1625 5733 Subdiacnnus
1665 5675 1887 5732 Latinus
1925 5682 2200 5743 exspectat

622 5767 1010 5830 subdiaconum
1049 5770 1331 5839 Grzccum;
1372 5780 1426 5829 et
1465 5781 1655 5844 postea
1692 5772 1850 5828 ambo
1891 5772 2088 5827 vadunt
2128 5769 2196 5828 ad

2272 3302 2471 3373 gradus
2500 3303 2702 3371 palatii.
2731 3302 2883 3356 Tunc
2923 3300 3129 3370 judices
3170 3309 3224 3353 et
3263 3296 3510 3350 advocati
3559 3293 3782 3346 veniunt
3819 3292 3858 3343 ei

2275 3393 2487 3449 obviam
2533 3395 2632 3447 sub
2677 3393 2930 3461 gradibus
2978 3392 3029 3444 in
3078 3389 3317 3458 porticu,
3351 3394 3405 3439 τι
3436 3385 3645 3438 faciunt
3685 3385 3861 3436 iterum

2275 3484 2491 3552 laudes,
2541 3492 2698 3553 prout
2741 3485 2792 3537 in
2838 3482 2975 3536 libro
3006 3479 3228 3535 Politico
3266 3477 3530 3544 scriptum
3565 3486 3648 3529 est
3678 3492 3691 3539 ;
3723 3484 3773 3527 et
3803 3472 3864 3523 ibi

2277 3574 2526 3630 dominus
2557 3589 2688 3643 papa
2717 3572 3031 3637 descendit,
3075 3580 3126 3626 et
3169 3567 3415 3638 deposito
3464 3580 3638 3633 regno
3682 3561 3864 3630 accipit

2277 3667 2513 3723 mitram.
2543 3667 2673 3734 Qum
2703 3666 2790 3719 hic
2819 3665 3165 3719 continentur
3193 3677 3298 3715 non
3331 3669 3627 3713 servantur
3671 3655 3866 3709 moder-

2277 3758 2362 3814 nis
2389 3757 2741 3826 temporibus.
2773 3754 2974 3810 Deinde
2997 3752 3206 3821 judices
3229 3752 3432 3804 ducunt
3459 3763 3585 3800 eum
3619 3761 3788 3814 usque
3817 3744 3867 3794 ad

2276 3850 2454 3906 locum
2501 3849 2553 3903 in
2600 3864 2706 3917 quo
2747 3848 2907 3901 datur
2954 3844 3372 3914 presbyterium.
3424 3840 3584 3892 Tunc
3639 3835 3867 3904 depo~ita

2280 3949 2529 4011 ptaneta,
2563 3948 2618 3993 et
2645 3937 2888 4008 apposito
2929 3945 3114 3990 manto
3153 3948 3314 4002 super
3356 3930 3648 3996 scapulas,
3694 3927 3868 3980 sedens

2281 4035 2335 4088 in
2366 4031 2652 4097 cathedra,
2687 4030 2931 4084 manibus
2977 4025 3204 4094 prapriis
3231 4025 3322 4078 dat
3351 4021 3761 4092 presbyterium
3790 4031 3864 4068 ca.

2283 4125 2537 4198 pellanis.
2569 4122 3018 4180 commensalibus
3040 4162 3054 4185 ,
3087 4128 3144 4174 et
3185 4117 3335 4180 aliis,
3370 4124 3533 4183 prout
3576 4112 3636 4165 in
3670 4124 3871 4164 cornua-

2285 4221 2452 4274 tione.
2499 4217 2635 4270 Dato
2676 4212 3042 4284 presbyterio,
3083 4210 3160 4264 sic
3202 4207 3418 4263 indutus
3463 4204 3616 4256 vadit
3648 4201 3716 4255 ad
3747 4215 3870 4253 mea-

2287 4323 2400 4364 sam
2425 4351 2440 4377 ,
2475 4317 2529 4362 et
2559 4307 2820 4361 diaconus
2848 4302 3134 4358 cardinalis
3166 4301 3292 4370 legit
3319 4299 3370 4352 in
3404 4310 3594 4350 mensa
3628 4308 3756 4347 cum
3784 4291 3874 4356 plu-

2286 4399 2444 4462 viali,
2478 4407 2532 4453 et
2566 4398 2619 4452 in
2650 4398 2756 4452 line
2783 4406 3032 4451 cantores
3061 4399 3284 4447 cantant
3321 4389 3686 4458 Sequentiant
3728 4383 3874 4438 Litiu-

2289 4491 2505 4547 bundus.

2686 4579 2827 4634 XIII.
2865 4577 2944 4632 De
2979 4584 3156 4631 sancto
3196 4573 3490 4643 Stephano.

2370 4673 2425 4728 In
2457 4671 2544 4727 die
2574 4673 2739 4725 sancti
2771 4669 3027 4740 Stephani
3061 4668 3218 4723 Missa
3247 4677 3302 4721 et
3327 4678 3510 4719 sermo
3545 4661 3872 4715 mandantur.

2294 4765 2565 4821 Interdum
2614 4762 2838 4816 Romani
2883 4759 3162 4830 pontifices
3203 4763 3610 4811 consueverunt
3655 4751 3758 4806 ista
3802 4750 3870 4801 die

2294 4859 2590 4914 celebrare.
2628 4856 2751 4910 Ideo
2780 4864 2902 4909 nota
2935 4855 2977 4908 si
3011 4866 3143 4922 papa
3173 4851 3245 4903 sit
3272 4848 3327 4902 in
3359 4845 3533 4902 Urbe.

2369 4949 2590 5004 Summo
2612 4961 2740 5015 ergo
2767 4959 2924 5000 mane
2947 4940 3274 4999 conveniunt
3299 4954 3490 4993 omnes
3515 4935 3770 4997 ordines,
3793 4941 3874 4984 tam

2297 5036 2512 5102 cli-rici,
2540 5051 2698 5105 quam
2732 5035 2885 5101 laici,
2917 5032 3089 5089 induti
3117 5031 3313 5100 pannis
3337 5028 3529 5083 sericis
3560 5028 3614 5079 in
3649 5023 3875 5082 basilica,

2296 5130 2504 5185 diaconi
2547 5129 2846 5182 cardinales
2884 5137 2938 5182 et
2982 5123 3329 5186 subdiaconi,
3372 5121 3622 5187 exceptis
3665 5116 3776 5169 illis
3813 5112 3877 5180 qui

2306 5222 2478 5277 induti
2518 5222 2754 5276 vestibus
2784 5218 3156 5275 consimilibus
3183 5217 3241 5271 in
3271 5227 3483 5269 camera
3518 5223 3681 5279 parun
3705 5253 3721 5273 ,
3756 5218 3810 5262 et
3833 5213 3879 5255 de

2301 5330 2409 5384 quo
2436 5313 2641 5368 ducunt
2685 5315 2858 5380 ipsum
2900 5313 2966 5365 ad
3014 5308 3327 5373 basilicam,
3370 5303 3466 5358 ubi
3506 5302 3878 5357 cardinalesel

2301 5421 2490 5461 omnes
2521 5407 2722 5476 przrlati
2754 5415 2954 5461 exeunt
2981 5413 3035 5458 et
3064 5402 3284 5457 veniunt
3310 5399 3376 5454 ad
3405 5397 3783 5453 reverentiam
3815 5407 3878 5458 pa-

2302 5512 2419 5568 lm;
2449 5498 2627 5567 ibique
2656 5498 2827 5552 induit
2854 5512 2915 5552 se
2944 5495 3155 5566 planeta
3184 5494 3303 5549 alba
3328 5507 3343 5556 ;
3375 5498 3430 5546 et
3458 5486 3806 5542 descendens
3831 5483 3878 5532 de

2303 5588 2500 5656 palatio
2529 5603 2695 5659 usque
2722 5589 2789 5642 ad
2822 5587 3150 5656 porticellam
3175 5626 3191 5651 ,
3222 5585 3399 5653 ibique
3428 5579 3677 5636 inveniet
3708 5587 3878 5643 etiam!

2305 5677 2614 5744 falcratum,
2643 5679 2737 5735 sed
2771 5695 2876 5734 non
2905 5678 3102 5734 collum
3128 5676 3312 5748 ipsius,
3341 5672 3435 5730 sed
3462 5680 3619 5726 nates
3649 5669 3732 5723 de
3763 5678 3869 5721 sw-

2304 5773 2443 5843 leto;
2473 5785 2528 5832 et
2555 5773 2854 5833 ascendens
2883 5789 3110 5847 equum,
3142 5781 3197 5829 et
3233 5771 3300 5827 de
3342 5783 3504 5826 manu
3549 5763 3778 5820 diaconi
3814 5770 3877 5827 qui
