  <div class='ocr_page' id='page_1' title='image "/cluster/home/n/w/nwhite01/storage/ocr_20150623/78/uva.x000827090/648.png"; bbox 0 0 3990 6298; ppageno 0'>
   <div class='ocr_carea' id='block_1_1' title="bbox 71 333 220 391">
    <p class='ocr_par' dir='ltr' id='par_1_1' title="bbox 71 333 220 391">
     <span class='ocr_line' id='line_1_1' title="bbox 71 333 220 391; baseline 0.013 -2"><span class='ocrx_word' id='word_1_1' title='bbox 71 333 220 391; x_wconf 65' lang='grc' dir='ltr'><strong>’ΞΜ</strong></span> 
     </span>
    </p>
   </div>
   <div class='ocr_carea' id='block_1_2' title="bbox 1286 330 2174 389">
    <p class='ocr_par' dir='ltr' id='par_1_2' title="bbox 1286 330 2174 389">
     <span class='ocr_line' id='line_1_2' title="bbox 1286 330 2174 389; baseline 0.003 -3"><span class='ocrx_word' id='word_1_2' title='bbox 1286 330 1544 387; x_wconf 73' lang='lat' dir='ltr'><strong>ROMANI</strong></span> <span class='ocrx_word' id='word_1_3' title='bbox 1581 330 1902 388; x_wconf 76' lang='lat' dir='ltr'><strong>ORDINES.</strong></span> <span class='ocrx_word' id='word_1_4' title='bbox 1945 360 2014 376; x_wconf 77' lang='grc' dir='ltr'><strong>σ-</strong></span> <span class='ocrx_word' id='word_1_5' title='bbox 2053 332 2174 389; x_wconf 82' lang='lat' dir='ltr'><strong>XV.</strong></span> 
     </span>
    </p>
   </div>
   <div class='ocr_carea' id='block_1_3' title="bbox 3230 342 3369 399">
    <p class='ocr_par' dir='ltr' id='par_1_3' title="bbox 3230 342 3369 399">
     <span class='ocr_line' id='line_1_3' title="bbox 3230 342 3369 399; baseline 0.022 -3"><span class='ocrx_word' id='word_1_6' title='bbox 3230 342 3369 399; x_wconf 54' lang='lat'><strong>128$</strong></span> 
     </span>
    </p>
   </div>
   <div class='ocr_carea' id='block_1_4' title="bbox 69 443 3365 516">
    <p class='ocr_par' dir='ltr' id='par_1_4' title="bbox 69 443 3365 516">
     <span class='ocr_line' id='line_1_4' title="bbox 69 443 3365 516; baseline 0.002 -14"><span class='ocrx_word' id='word_1_7' title='bbox 69 459 190 504; x_wconf 74' lang='lat' dir='ltr'><strong>stat</strong></span> <span class='ocrx_word' id='word_1_8' title='bbox 236 464 266 502; x_wconf 90' lang='lat' dir='ltr'><strong>a</strong></span> <span class='ocrx_word' id='word_1_9' title='bbox 314 445 552 513; x_wconf 76' lang='lat' dir='ltr'><strong>dextris,</strong></span> <span class='ocrx_word' id='word_1_10' title='bbox 601 460 823 516; x_wconf 81' lang='lat' dir='ltr'><strong>regnum</strong></span> <span class='ocrx_word' id='word_1_11' title='bbox 873 444 1142 515; x_wconf 82' lang='lat' dir='ltr'><strong>recipiens</strong></span> <span class='ocrx_word' id='word_1_12' title='bbox 1167 484 1182 509; x_wconf 86' lang='lat'><strong>,</strong></span> <span class='ocrx_word' id='word_1_13' title='bbox 1233 443 1405 499; x_wconf 91' lang='lat' dir='ltr'><strong>induit</strong></span> <span class='ocrx_word' id='word_1_14' title='bbox 1457 446 1670 513; x_wconf 85' lang='lat' dir='ltr'><strong>ipsum;</strong></span> <span class='ocrx_word' id='word_1_15' title='bbox 1705 446 1752 505; x_wconf 78' lang='grc' dir='ltr'><strong>Α</strong></span> <span class='ocrx_word' id='word_1_16' title='bbox 1779 458 1899 498; x_wconf 90' lang='lat' dir='ltr'><strong>cum</strong></span> <span class='ocrx_word' id='word_1_17' title='bbox 1930 457 1995 498; x_wconf 93' lang='lat' dir='ltr'><strong>eo</strong></span> <span class='ocrx_word' id='word_1_18' title='bbox 2024 452 2284 513; x_wconf 88' lang='lat' dir='ltr'><strong>quatenus</strong></span> <span class='ocrx_word' id='word_1_19' title='bbox 2316 443 2483 512; x_wconf 78' lang='lat' dir='ltr'><strong>possit</strong></span> <span class='ocrx_word' id='word_1_20' title='bbox 2509 444 2785 502; x_wconf 87' lang='lat' dir='ltr'><strong>celebrare</strong></span> <span class='ocrx_word' id='word_1_21' title='bbox 2816 461 2977 516; x_wconf 90' lang='lat' dir='ltr'><strong>super</strong></span> <span class='ocrx_word' id='word_1_22' title='bbox 3014 462 3160 502; x_wconf 91' lang='lat' dir='ltr'><strong>aram</strong></span> <span class='ocrx_word' id='word_1_23' title='bbox 3195 455 3365 508; x_wconf 90' lang='lat' dir='ltr'><strong>sancti</strong></span> 
     </span>
    </p>
   </div>
   <div class='ocr_carea' id='block_1_5' title="bbox 71 535 1678 609">
    <p class='ocr_par' dir='ltr' id='par_1_5' title="bbox 71 535 1678 609">
     <span class='ocr_line' id='line_1_5' title="bbox 71 535 1678 609; baseline -0.002 -16"><span class='ocrx_word' id='word_1_24' title='bbox 71 541 274 609; x_wconf 89' lang='lat' dir='ltr'><strong>sicque</strong></span> <span class='ocrx_word' id='word_1_25' title='bbox 315 540 459 593; x_wconf 66' lang='lat' dir='ltr'><strong>vadit</strong></span> <span class='ocrx_word' id='word_1_26' title='bbox 498 538 564 592; x_wconf 89' lang='lat' dir='ltr'><strong>ad</strong></span> <span class='ocrx_word' id='word_1_27' title='bbox 613 538 896 593; x_wconf 76' lang='lat' dir='ltr'><strong>ecclesiam</strong></span> <span class='ocrx_word' id='word_1_28' title='bbox 943 536 1112 592; x_wconf 82' lang='lat' dir='ltr'><strong>sancti</strong></span> <span class='ocrx_word' id='word_1_29' title='bbox 1143 537 1397 606; x_wconf 85' lang='lat' dir='ltr'><strong>Stephani</strong></span> <span class='ocrx_word' id='word_1_30' title='bbox 1429 535 1481 590; x_wconf 90' lang='lat' dir='ltr'><strong>in</strong></span> <span class='ocrx_word' id='word_1_31' title='bbox 1510 537 1678 591; x_wconf 65' lang='lat' dir='ltr'><strong>Coelio</strong></span> 
     </span>
    </p>
   </div>
   <div class='ocr_carea' id='block_1_6' title="bbox 69 626 1677 696">
    <p class='ocr_par' dir='ltr' id='par_1_6' title="bbox 69 626 1677 696">
     <span class='ocr_line' id='line_1_6' title="bbox 69 626 1677 696; baseline -0.005 -10"><span class='ocrx_word' id='word_1_32' title='bbox 69 630 267 686; x_wconf 70' lang='lat' dir='ltr'><strong>Home</strong></span> <span class='ocrx_word' id='word_1_33' title='bbox 295 639 584 684; x_wconf 86' lang='lat' dir='ltr'><strong>coronatus</strong></span> <span class='ocrx_word' id='word_1_34' title='bbox 614 644 740 682; x_wconf 91' lang='lat' dir='ltr'><strong>cum</strong></span> <span class='ocrx_word' id='word_1_35' title='bbox 786 628 1065 682; x_wconf 92' lang='lat' dir='ltr'><strong>ordinibus</strong></span> <span class='ocrx_word' id='word_1_36' title='bbox 1097 626 1588 696; x_wconf 79' lang='lat' dir='ltr'><strong>processioualiter,</strong></span> <span class='ocrx_word' id='word_1_37' title='bbox 1624 638 1677 679; x_wconf 90' lang='lat' dir='ltr'><strong>ut</strong></span> 
     </span>
    </p>
   </div>
   <div class='ocr_carea' id='block_1_7' title="bbox 70 719 1680 793">
    <p class='ocr_par' dir='ltr' id='par_1_7' title="bbox 70 719 1680 793">
     <span class='ocr_line' id='line_1_7' title="bbox 70 719 1680 793; baseline -0.004 -14"><span class='ocrx_word' id='word_1_38' title='bbox 70 727 346 793; x_wconf 86' lang='lat' dir='ltr'><strong>scriptum</strong></span> <span class='ocrx_word' id='word_1_39' title='bbox 379 732 461 776; x_wconf 89' lang='lat' dir='ltr'><strong>est</strong></span> <span class='ocrx_word' id='word_1_40' title='bbox 494 723 546 775; x_wconf 91' lang='lat' dir='ltr'><strong>in</strong></span> <span class='ocrx_word' id='word_1_41' title='bbox 581 721 824 776; x_wconf 83' lang='lat' dir='ltr'><strong>Pnti.ico.</strong></span> <span class='ocrx_word' id='word_1_42' title='bbox 866 720 999 774; x_wconf 90' lang='lat' dir='ltr'><strong>Cum</strong></span> <span class='ocrx_word' id='word_1_43' title='bbox 1043 721 1108 773; x_wconf 91' lang='lat' dir='ltr'><strong>ad</strong></span> <span class='ocrx_word' id='word_1_44' title='bbox 1157 719 1466 788; x_wconf 57' lang='lat' dir='ltr'><strong>pra&#39;dit-tam</strong></span> <span class='ocrx_word' id='word_1_45' title='bbox 1507 725 1680 773; x_wconf 82' lang='lat' dir='ltr'><strong>eccle-</strong></span> 
     </span>
    </p>
   </div>
   <div class='ocr_carea' id='block_1_8' title="bbox 72 809 1679 880">
    <p class='ocr_par' dir='ltr' id='par_1_8' title="bbox 72 809 1679 880">
     <span class='ocr_line' id='line_1_8' title="bbox 72 809 1679 880; baseline -0.002 -12"><span class='ocrx_word' id='word_1_46' title='bbox 72 815 220 868; x_wconf 85' lang='lat' dir='ltr'><strong>siam</strong></span> <span class='ocrx_word' id='word_1_47' title='bbox 254 815 592 880; x_wconf 79' lang='lat' dir='ltr'><strong>pervenerit,</strong></span> <span class='ocrx_word' id='word_1_48' title='bbox 624 811 871 880; x_wconf 89' lang='lat' dir='ltr'><strong>deposito</strong></span> <span class='ocrx_word' id='word_1_49' title='bbox 897 826 1061 880; x_wconf 84' lang='lat' dir='ltr'><strong>regno</strong></span> <span class='ocrx_word' id='word_1_50' title='bbox 1092 810 1250 863; x_wconf 81' lang='lat' dir='ltr'><strong>intrat</strong></span> <span class='ocrx_word' id='word_1_51' title='bbox 1279 809 1594 874; x_wconf 72' lang='lat' dir='ltr'><strong>ecclesiam,</strong></span> <span class='ocrx_word' id='word_1_52' title='bbox 1627 818 1679 864; x_wconf 90' lang='lat' dir='ltr'><strong>ct</strong></span> 
     </span>
    </p>
   </div>
   <div class='ocr_carea' id='block_1_9' title="bbox 76 901 1678 968">
    <p class='ocr_par' dir='ltr' id='par_1_9' title="bbox 76 901 1678 968">
     <span class='ocr_line' id='line_1_9' title="bbox 76 901 1678 968; baseline -0.004 -12"><span class='ocrx_word' id='word_1_53' title='bbox 76 906 226 958; x_wconf 71' lang='lat' dir='ltr'><strong>facta</strong></span> <span class='ocrx_word' id='word_1_54' title='bbox 256 904 514 958; x_wconf 78' lang='lat' dir='ltr'><strong>Oratione</strong></span> <span class='ocrx_word' id='word_1_55' title='bbox 548 903 691 955; x_wconf 86' lang='lat' dir='ltr'><strong>vadit</strong></span> <span class='ocrx_word' id='word_1_56' title='bbox 727 902 791 955; x_wconf 92' lang='lat' dir='ltr'><strong>ad</strong></span> <span class='ocrx_word' id='word_1_57' title='bbox 824 903 1117 956; x_wconf 74' lang='lat' dir='ltr'><strong>sacrarium</strong></span> <span class='ocrx_word' id='word_1_58' title='bbox 1146 919 1160 967; x_wconf 89' lang='lat'><strong>;</strong></span> <span class='ocrx_word' id='word_1_59' title='bbox 1192 912 1245 957; x_wconf 91' lang='lat' dir='ltr'><strong>et</strong></span> <span class='ocrx_word' id='word_1_60' title='bbox 1275 902 1517 967; x_wconf 72' lang='lat' dir='ltr'><strong>ili-posita</strong></span> <span class='ocrx_word' id='word_1_61' title='bbox 1564 901 1678 968; x_wconf 80' lang='grc' dir='ltr'><strong>ι›Ιι-</strong></span> 
     </span>
    </p>
   </div>
   <div class='ocr_carea' id='block_1_10' title="bbox 75 992 1680 1058">
    <p class='ocr_par' dir='ltr' id='par_1_10' title="bbox 75 992 1680 1058">
     <span class='ocr_line' id='line_1_10' title="bbox 75 992 1680 1058; baseline 0.001 -12"><span class='ocrx_word' id='word_1_62' title='bbox 75 1003 210 1047; x_wconf 64' lang='grc' dir='ltr'><strong>ιιειει</strong></span> <span class='ocrx_word' id='word_1_63' title='bbox 245 995 365 1046; x_wconf 89' lang='lat' dir='ltr'><strong>alba</strong></span> <span class='ocrx_word' id='word_1_64' title='bbox 407 994 576 1047; x_wconf 86' lang='lat' dir='ltr'><strong>induit</strong></span> <span class='ocrx_word' id='word_1_65' title='bbox 619 993 872 1058; x_wconf 76' lang='lat' dir='ltr'><strong>rubeant,</strong></span> <span class='ocrx_word' id='word_1_66' title='bbox 906 1007 960 1047; x_wconf 90' lang='lat' dir='ltr'><strong>et</strong></span> <span class='ocrx_word' id='word_1_67' title='bbox 992 993 1230 1047; x_wconf 81' lang='lat' dir='ltr'><strong>celebrat</strong></span> <span class='ocrx_word' id='word_1_68' title='bbox 1257 992 1508 1058; x_wconf 67' lang='lat' dir='ltr'><strong>Dii-Sum,</strong></span> <span class='ocrx_word' id='word_1_69' title='bbox 1542 992 1680 1047; x_wconf 75' lang='lat' dir='ltr'><strong>sicut</strong></span> 
     </span>
    </p>
   </div>
   <div class='ocr_carea' id='block_1_11' title="bbox 83 1085 1680 1152">
    <p class='ocr_par' dir='ltr' id='par_1_11' title="bbox 83 1085 1680 1152">
     <span class='ocr_line' id='line_1_11' title="bbox 83 1085 1680 1152; baseline 0.001 -15"><span class='ocrx_word' id='word_1_70' title='bbox 83 1086 341 1139; x_wconf 87' lang='lat' dir='ltr'><strong>hesterna</strong></span> <span class='ocrx_word' id='word_1_71' title='bbox 373 1087 460 1139; x_wconf 91' lang='lat' dir='ltr'><strong>dic</strong></span> <span class='ocrx_word' id='word_1_72' title='bbox 496 1087 547 1138; x_wconf 90' lang='lat' dir='ltr'><strong>in</strong></span> <span class='ocrx_word' id='word_1_73' title='bbox 578 1086 823 1138; x_wconf 81' lang='lat' dir='ltr'><strong>erunibus</strong></span> <span class='ocrx_word' id='word_1_74' title='bbox 848 1085 914 1138; x_wconf 92' lang='lat' dir='ltr'><strong>ad</strong></span> <span class='ocrx_word' id='word_1_75' title='bbox 943 1086 1178 1140; x_wconf 80' lang='lat' dir='ltr'><strong>Missam.</strong></span> <span class='ocrx_word' id='word_1_76' title='bbox 1209 1088 1320 1152; x_wconf 81' lang='lat' dir='ltr'><strong>Qua</strong></span> <span class='ocrx_word' id='word_1_77' title='bbox 1351 1086 1494 1140; x_wconf 85' lang='lat' dir='ltr'><strong>(inita</strong></span> <span class='ocrx_word' id='word_1_78' title='bbox 1526 1101 1680 1138; x_wconf 83' lang='lat' dir='ltr'><strong>resu-</strong></span> 
     </span>
    </p>
   </div>
   <div class='ocr_carea' id='block_1_12' title="bbox 78 1176 1676 1246">
    <p class='ocr_par' dir='ltr' id='par_1_12' title="bbox 78 1176 1676 1246">
     <span class='ocr_line' id='line_1_12' title="bbox 78 1176 1676 1246; baseline 0.001 -17"><span class='ocrx_word' id='word_1_79' title='bbox 78 1181 189 1230; x_wconf 87' lang='lat' dir='ltr'><strong>tnit</strong></span> <span class='ocrx_word' id='word_1_80' title='bbox 233 1179 540 1246; x_wconf 84' lang='lat' dir='ltr'><strong>planetam,</strong></span> <span class='ocrx_word' id='word_1_81' title='bbox 583 1187 638 1231; x_wconf 94' lang='lat' dir='ltr'><strong>et</strong></span> <span class='ocrx_word' id='word_1_82' title='bbox 674 1177 843 1231; x_wconf 83' lang='lat' dir='ltr'><strong>induit</strong></span> <span class='ocrx_word' id='word_1_83' title='bbox 884 1194 1136 1246; x_wconf 77' lang='lat' dir='ltr'><strong>regnum,</strong></span> <span class='ocrx_word' id='word_1_84' title='bbox 1183 1189 1234 1230; x_wconf 93' lang='lat' dir='ltr'><strong>et</strong></span> <span class='ocrx_word' id='word_1_85' title='bbox 1279 1183 1567 1232; x_wconf 77' lang='lat' dir='ltr'><strong>revertitur</strong></span> <span class='ocrx_word' id='word_1_86' title='bbox 1611 1176 1676 1230; x_wconf 88' lang='lat' dir='ltr'><strong>ad</strong></span> 
     </span>
    </p>
   </div>
   <div class='ocr_carea' id='block_1_13' title="bbox 77 1267 1673 1338">
    <p class='ocr_par' dir='ltr' id='par_1_13' title="bbox 77 1267 1673 1338">
     <span class='ocr_line' id='line_1_13' title="bbox 77 1267 1673 1338; baseline 0.003 -22"><span class='ocrx_word' id='word_1_87' title='bbox 77 1270 343 1338; x_wconf 72' lang='lat' dir='ltr'><strong>palatium</strong></span> <span class='ocrx_word' id='word_1_88' title='bbox 372 1286 386 1333; x_wconf 89' lang='lat'><strong>;</strong></span> <span class='ocrx_word' id='word_1_89' title='bbox 415 1278 607 1322; x_wconf 74' lang='lat' dir='ltr'><strong>Caetera</strong></span> <span class='ocrx_word' id='word_1_90' title='bbox 640 1268 800 1322; x_wconf 86' lang='lat' dir='ltr'><strong>sumit</strong></span> <span class='ocrx_word' id='word_1_91' title='bbox 831 1278 987 1337; x_wconf 85' lang='lat' dir='ltr'><strong>prout</strong></span> <span class='ocrx_word' id='word_1_92' title='bbox 1015 1271 1066 1321; x_wconf 92' lang='lat' dir='ltr'><strong>in</strong></span> <span class='ocrx_word' id='word_1_93' title='bbox 1097 1267 1318 1322; x_wconf 76' lang='lat' dir='ltr'><strong>l’olilieo</strong></span> <span class='ocrx_word' id='word_1_94' title='bbox 1345 1269 1673 1320; x_wconf 81' lang='lat' dir='ltr'><strong>continetur.</strong></span> 
     </span>
    </p>
   </div>
   <div class='ocr_carea' id='block_1_14' title="bbox 163 1359 1678 1433">
    <p class='ocr_par' dir='ltr' id='par_1_14' title="bbox 163 1359 1678 1433">
     <span class='ocr_line' id='line_1_14' title="bbox 163 1359 1678 1433; baseline -0.004 -16"><span class='ocrx_word' id='word_1_95' title='bbox 163 1364 390 1429; x_wconf 74' lang='lat' dir='ltr'><strong>Quodsi</strong></span> <span class='ocrx_word' id='word_1_96' title='bbox 425 1378 556 1433; x_wconf 87' lang='lat' dir='ltr'><strong>papa</strong></span> <span class='ocrx_word' id='word_1_97' title='bbox 603 1379 706 1415; x_wconf 93' lang='lat' dir='ltr'><strong>non</strong></span> <span class='ocrx_word' id='word_1_98' title='bbox 755 1363 1026 1426; x_wconf 85' lang='lat' dir='ltr'><strong>celebret,</strong></span> <span class='ocrx_word' id='word_1_99' title='bbox 1073 1361 1353 1429; x_wconf 78' lang='lat' dir='ltr'><strong>presbyter</strong></span> <span class='ocrx_word' id='word_1_100' title='bbox 1390 1359 1678 1414; x_wconf 79' lang='lat' dir='ltr'><strong>cardinal&#39;s</strong></span> 
     </span>
    </p>
   </div>
   <div class='ocr_carea' id='block_1_15' title="bbox 86 1452 1676 1522">
    <p class='ocr_par' dir='ltr' id='par_1_15' title="bbox 86 1452 1676 1522">
     <span class='ocr_line' id='line_1_15' title="bbox 86 1452 1676 1522; baseline 0 -16"><span class='ocrx_word' id='word_1_101' title='bbox 86 1453 176 1506; x_wconf 85' lang='lat' dir='ltr'><strong>tit.</strong></span> <span class='ocrx_word' id='word_1_102' title='bbox 208 1457 377 1509; x_wconf 84' lang='lat' dir='ltr'><strong>sancti</strong></span> <span class='ocrx_word' id='word_1_103' title='bbox 407 1454 695 1508; x_wconf 75' lang='lat' dir='ltr'><strong>Clementis</strong></span> <span class='ocrx_word' id='word_1_104' title='bbox 723 1455 934 1508; x_wconf 88' lang='lat' dir='ltr'><strong>Missam</strong></span> <span class='ocrx_word' id='word_1_105' title='bbox 959 1455 1129 1507; x_wconf 85' lang='lat' dir='ltr'><strong>sancti</strong></span> <span class='ocrx_word' id='word_1_106' title='bbox 1159 1455 1409 1520; x_wconf 68' lang='lat' dir='ltr'><strong>Stephani</strong></span> <span class='ocrx_word' id='word_1_107' title='bbox 1438 1452 1621 1522; x_wconf 65' lang='lat' dir='ltr'><strong>praedii</strong></span> <span class='ocrx_word' id='word_1_108' title='bbox 1640 1453 1676 1506; x_wconf 92' lang='lat' dir='ltr'><strong>ti</strong></span> 
     </span>
    </p>
   </div>
   <div class='ocr_carea' id='block_1_16' title="bbox 83 1544 1302 1614">
    <p class='ocr_par' dir='ltr' id='par_1_16' title="bbox 83 1544 1302 1614">
     <span class='ocr_line' id='line_1_16' title="bbox 83 1544 1302 1614; baseline 0 -16"><span class='ocrx_word' id='word_1_109' title='bbox 83 1547 372 1598; x_wconf 74' lang='lat' dir='ltr'><strong>consuevit</strong></span> <span class='ocrx_word' id='word_1_110' title='bbox 399 1561 579 1599; x_wconf 86' lang='lat' dir='ltr'><strong>coram</strong></span> <span class='ocrx_word' id='word_1_111' title='bbox 613 1562 744 1614; x_wconf 85' lang='lat' dir='ltr'><strong>papa</strong></span> <span class='ocrx_word' id='word_1_112' title='bbox 777 1546 1050 1600; x_wconf 84' lang='lat' dir='ltr'><strong>celebrare</strong></span> <span class='ocrx_word' id='word_1_113' title='bbox 1082 1546 1166 1599; x_wconf 84' lang='lat' dir='ltr'><strong>illa</strong></span> <span class='ocrx_word' id='word_1_114' title='bbox 1198 1544 1302 1599; x_wconf 88' lang='lat' dir='ltr'><strong>die.</strong></span> 
     </span>
    </p>
   </div>
   <div class='ocr_carea' id='block_1_17' title="bbox 157 1635 1676 1707">
    <p class='ocr_par' dir='ltr' id='par_1_17' title="bbox 157 1635 1676 1707">
     <span class='ocr_line' id='line_1_17' title="bbox 157 1635 1676 1707; baseline -0.001 -17"><span class='ocrx_word' id='word_1_115' title='bbox 157 1635 320 1707; x_wconf 68' lang='grc'><strong>455</strong></span> <span class='ocrx_word' id='word_1_116' title='bbox 351 1637 450 1690; x_wconf 81' lang='lat' dir='ltr'><strong>Ista</strong></span> <span class='ocrx_word' id='word_1_117' title='bbox 499 1636 588 1691; x_wconf 89' lang='lat' dir='ltr'><strong>die</strong></span> <span class='ocrx_word' id='word_1_118' title='bbox 632 1637 1020 1690; x_wconf 88' lang='lat' dir='ltr'><strong>commeusales</strong></span> <span class='ocrx_word' id='word_1_119' title='bbox 1070 1635 1363 1703; x_wconf 74' lang='lat' dir='ltr'><strong>capellaui,</strong></span> <span class='ocrx_word' id='word_1_120' title='bbox 1412 1635 1676 1705; x_wconf 83' lang='lat' dir='ltr'><strong>acolytlii,</strong></span> 
     </span>
    </p>
   </div>
   <div class='ocr_carea' id='block_1_18' title="bbox 86 1726 1675 1796">
    <p class='ocr_par' dir='ltr' id='par_1_18' title="bbox 86 1726 1675 1796">
     <span class='ocr_line' id='line_1_18' title="bbox 86 1726 1675 1796; baseline 0.003 -21"><span class='ocrx_word' id='word_1_121' title='bbox 86 1727 418 1792; x_wconf 83' lang='lat' dir='ltr'><strong>auditores,</strong></span> <span class='ocrx_word' id='word_1_122' title='bbox 471 1735 527 1779; x_wconf 84' lang='lat' dir='ltr'><strong>et</strong></span> <span class='ocrx_word' id='word_1_123' title='bbox 584 1727 965 1794; x_wconf 75' lang='lat' dir='ltr'><strong>lmnitentiarii</strong></span> <span class='ocrx_word' id='word_1_124' title='bbox 1020 1726 1311 1781; x_wconf 86' lang='lat' dir='ltr'><strong>comedunt</strong></span> <span class='ocrx_word' id='word_1_125' title='bbox 1366 1742 1485 1779; x_wconf 91' lang='lat' dir='ltr'><strong>cum</strong></span> <span class='ocrx_word' id='word_1_126' title='bbox 1544 1743 1675 1796; x_wconf 83' lang='lat' dir='ltr'><strong>papa</strong></span> 
     </span>
    </p>
   </div>
   <div class='ocr_carea' id='block_1_19' title="bbox 1783 532 3364 609">
    <p class='ocr_par' dir='ltr' id='par_1_19' title="bbox 1783 532 3364 609">
     <span class='ocr_line' id='line_1_19' title="bbox 1783 532 3364 609; baseline 0.006 -23"><span class='ocrx_word' id='word_1_127' title='bbox 1783 532 1958 593; x_wconf 82' lang='lat' dir='ltr'><strong>Petri.</strong></span> <span class='ocrx_word' id='word_1_128' title='bbox 1991 541 2045 586; x_wconf 91' lang='lat' dir='ltr'><strong>et</strong></span> <span class='ocrx_word' id='word_1_129' title='bbox 2087 549 2180 601; x_wconf 88' lang='lat' dir='ltr'><strong>per</strong></span> <span class='ocrx_word' id='word_1_130' title='bbox 2218 543 2382 586; x_wconf 92' lang='lat' dir='ltr'><strong>totam</strong></span> <span class='ocrx_word' id='word_1_131' title='bbox 2425 534 2566 588; x_wconf 88' lang='lat' dir='ltr'><strong>diem</strong></span> <span class='ocrx_word' id='word_1_132' title='bbox 2610 537 2804 601; x_wconf 79' lang='lat' dir='ltr'><strong>pendet</strong></span> <span class='ocrx_word' id='word_1_133' title='bbox 2846 547 2970 590; x_wconf 87' lang='lat' dir='ltr'><strong>ante</strong></span> <span class='ocrx_word' id='word_1_134' title='bbox 3004 550 3024 576; x_wconf 78' lang='grc' dir='ltr'><strong>ο</strong></span> <span class='ocrx_word' id='word_1_135' title='bbox 3060 539 3266 609; x_wconf 73' lang='lat' dir='ltr'><strong>regias,</strong></span> <span class='ocrx_word' id='word_1_136' title='bbox 3315 551 3364 595; x_wconf 91' lang='lat' dir='ltr'><strong>et</strong></span> 
     </span>
    </p>
   </div>
   <div class='ocr_carea' id='block_1_20' title="bbox 1783 625 3366 697">
    <p class='ocr_par' dir='ltr' id='par_1_20' title="bbox 1783 625 3366 697">
     <span class='ocr_line' id='line_1_20' title="bbox 1783 625 3366 697; baseline 0.005 -20"><span class='ocrx_word' id='word_1_137' title='bbox 1783 625 1855 677; x_wconf 91' lang='lat' dir='ltr'><strong>ita</strong></span> <span class='ocrx_word' id='word_1_138' title='bbox 1888 625 1939 678; x_wconf 89' lang='lat' dir='ltr'><strong>iu</strong></span> <span class='ocrx_word' id='word_1_139' title='bbox 1973 626 2220 679; x_wconf 79' lang='lat' dir='ltr'><strong>omnibus</strong></span> <span class='ocrx_word' id='word_1_140' title='bbox 2255 625 2374 679; x_wconf 82' lang='lat' dir='ltr'><strong>aliis</strong></span> <span class='ocrx_word' id='word_1_141' title='bbox 2404 625 2578 681; x_wconf 84' lang='lat' dir='ltr'><strong>Missis</strong></span> <span class='ocrx_word' id='word_1_142' title='bbox 2607 643 2725 697; x_wconf 73' lang='lat' dir='ltr'><strong>qua:</strong></span> <span class='ocrx_word' id='word_1_143' title='bbox 2752 642 2911 696; x_wconf 86' lang='lat' dir='ltr'><strong>super</strong></span> <span class='ocrx_word' id='word_1_144' title='bbox 2954 625 3081 682; x_wconf 89' lang='lat' dir='ltr'><strong>illud</strong></span> <span class='ocrx_word' id='word_1_145' title='bbox 3118 631 3366 684; x_wconf 86' lang='lat' dir='ltr'><strong>celebra-</strong></span> 
     </span>
    </p>
   </div>
   <div class='ocr_carea' id='block_1_21' title="bbox 1783 713 2000 768">
    <p class='ocr_par' dir='ltr' id='par_1_21' title="bbox 1783 713 2000 768">
     <span class='ocr_line' id='line_1_21' title="bbox 1783 713 2000 768; baseline 0.009 -2"><span class='ocrx_word' id='word_1_146' title='bbox 1783 713 2000 768; x_wconf 88' lang='lat' dir='ltr'><strong>buntur.</strong></span> 
     </span>
    </p>
   </div>
   <div class='ocr_carea' id='block_1_22' title="bbox 1898 804 3250 875">
    <p class='ocr_par' dir='ltr' id='par_1_22' title="bbox 1898 804 3250 875">
     <span class='ocr_line' id='line_1_22' title="bbox 1898 804 3250 875; baseline 0.007 -17"><span class='ocrx_word' id='word_1_147' title='bbox 1898 805 2063 875; x_wconf 62' lang='grc'><strong>456</strong></span> <span class='ocrx_word' id='word_1_148' title='bbox 2101 804 2286 860; x_wconf 68' lang='lat' dir='ltr'><strong>XVIII.</strong></span> <span class='ocrx_word' id='word_1_149' title='bbox 2331 805 2408 859; x_wconf 86' lang='lat' dir='ltr'><strong>De</strong></span> <span class='ocrx_word' id='word_1_150' title='bbox 2449 807 2740 875; x_wconf 79' lang='lat' dir='ltr'><strong>Epiphania</strong></span> <span class='ocrx_word' id='word_1_151' title='bbox 2784 809 2988 863; x_wconf 80' lang='lat' dir='ltr'><strong>Domini</strong></span> <span class='ocrx_word' id='word_1_152' title='bbox 3027 813 3250 870; x_wconf 82' lang='lat' dir='ltr'><strong>rubrica.</strong></span> 
     </span>
    </p>
   </div>
   <div class='ocr_carea' id='block_1_23' title="bbox 1860 893 3368 968">
    <p class='ocr_par' dir='ltr' id='par_1_23' title="bbox 1860 893 3368 968">
     <span class='ocr_line' id='line_1_23' title="bbox 1860 893 3368 968; baseline 0.005 -22"><span class='ocrx_word' id='word_1_153' title='bbox 1860 893 1916 947; x_wconf 91' lang='lat' dir='ltr'><strong>In</strong></span> <span class='ocrx_word' id='word_1_154' title='bbox 1964 895 2263 964; x_wconf 77' lang='lat' dir='ltr'><strong>Epiphania</strong></span> <span class='ocrx_word' id='word_1_155' title='bbox 2307 898 2512 950; x_wconf 89' lang='lat' dir='ltr'><strong>Domini</strong></span> <span class='ocrx_word' id='word_1_156' title='bbox 2547 898 2704 951; x_wconf 88' lang='lat' dir='ltr'><strong>Missa</strong></span> <span class='ocrx_word' id='word_1_157' title='bbox 2735 908 2787 951; x_wconf 90' lang='lat' dir='ltr'><strong>et</strong></span> <span class='ocrx_word' id='word_1_158' title='bbox 2816 914 2995 953; x_wconf 81' lang='lat' dir='ltr'><strong>sermo</strong></span> <span class='ocrx_word' id='word_1_159' title='bbox 3026 903 3368 968; x_wconf 86' lang='lat' dir='ltr'><strong>mandantur,</strong></span> 
     </span>
    </p>
   </div>
   <div class='ocr_carea' id='block_1_24' title="bbox 1781 988 3369 1057">
    <p class='ocr_par' dir='ltr' id='par_1_24' title="bbox 1781 988 3369 1057">
     <span class='ocr_line' id='line_1_24' title="bbox 1781 988 3369 1057; baseline 0.007 -15"><span class='ocrx_word' id='word_1_160' title='bbox 1781 997 1835 1042; x_wconf 90' lang='lat' dir='ltr'><strong>et</strong></span> <span class='ocrx_word' id='word_1_161' title='bbox 1862 988 2116 1057; x_wconf 68' lang='lat' dir='ltr'><strong>Vespa-ra:</strong></span> <span class='ocrx_word' id='word_1_162' title='bbox 2147 1008 2250 1044; x_wconf 88' lang='lat' dir='ltr'><strong>non</strong></span> <span class='ocrx_word' id='word_1_163' title='bbox 2274 1005 2666 1047; x_wconf 81' lang='lat' dir='ltr'><strong>consocveruut</strong></span> <span class='ocrx_word' id='word_1_164' title='bbox 2695 995 2955 1049; x_wconf 75' lang='lat' dir='ltr'><strong>mandari.</strong></span> <span class='ocrx_word' id='word_1_165' title='bbox 2982 996 3183 1052; x_wconf 87' lang='lat' dir='ltr'><strong>Tamen</strong></span> <span class='ocrx_word' id='word_1_166' title='bbox 3209 999 3369 1053; x_wconf 87' lang='lat' dir='ltr'><strong>modo</strong></span> 
     </span>
    </p>
   </div>
   <div class='ocr_carea' id='block_1_25' title="bbox 1783 1069 3370 1157">
    <p class='ocr_par' dir='ltr' id='par_1_25' title="bbox 1783 1069 3370 1157">
     <span class='ocr_line' id='line_1_25' title="bbox 1783 1069 3370 1157; baseline 0.006 -26"><span class='ocrx_word' id='word_1_167' title='bbox 1783 1080 2105 1134; x_wconf 89' lang='lat' dir='ltr'><strong>mandantur</strong></span> <span class='ocrx_word' id='word_1_168' title='bbox 2139 1081 2420 1150; x_wconf 57' lang='lat' dir='ltr'><strong>Vespera»,</strong></span> <span class='ocrx_word' id='word_1_169' title='bbox 2455 1093 2508 1136; x_wconf 92' lang='lat' dir='ltr'><strong>et</strong></span> <span class='ocrx_word' id='word_1_170' title='bbox 2541 1101 2670 1152; x_wconf 86' lang='lat' dir='ltr'><strong>pupa</strong></span> <span class='ocrx_word' id='word_1_171' title='bbox 2704 1097 2878 1147; x_wconf 88' lang='lat' dir='ltr'><strong>portat</strong></span> <span class='ocrx_word' id='word_1_172' title='bbox 2911 1069 3139 1155; x_wconf 73' lang='lat' dir='ltr'><strong>pluviale</strong></span> <span class='ocrx_word' id='word_1_173' title='bbox 3169 1089 3370 1157; x_wconf 86' lang='lat' dir='ltr'><strong>pretio-</strong></span> 
     </span>
    </p>
   </div>
   <div class='ocr_carea' id='block_1_26' title="bbox 1781 1172 3371 1249">
    <p class='ocr_par' dir='ltr' id='par_1_26' title="bbox 1781 1172 3371 1249">
     <span class='ocr_line' id='line_1_26' title="bbox 1781 1172 3371 1249; baseline 0.009 -28"><span class='ocrx_word' id='word_1_174' title='bbox 1781 1183 1898 1222; x_wconf 89' lang='lat' dir='ltr'><strong>sum</strong></span> <span class='ocrx_word' id='word_1_175' title='bbox 1931 1172 2147 1237; x_wconf 91' lang='lat' dir='ltr'><strong>album,</strong></span> <span class='ocrx_word' id='word_1_176' title='bbox 2193 1183 2243 1226; x_wconf 87' lang='lat' dir='ltr'><strong>et</strong></span> <span class='ocrx_word' id='word_1_177' title='bbox 2276 1173 2598 1229; x_wconf 69' lang='lat' dir='ltr'><strong>inchoantur</strong></span> <span class='ocrx_word' id='word_1_178' title='bbox 2626 1178 2945 1244; x_wconf 66' lang='lat' dir='ltr'><strong>Antiphonti!</strong></span> <span class='ocrx_word' id='word_1_179' title='bbox 2976 1194 3068 1247; x_wconf 90' lang='lat' dir='ltr'><strong>per</strong></span> <span class='ocrx_word' id='word_1_180' title='bbox 3099 1195 3284 1249; x_wconf 88' lang='lat' dir='ltr'><strong>papam</strong></span> <span class='ocrx_word' id='word_1_181' title='bbox 3316 1193 3371 1236; x_wconf 87' lang='lat' dir='ltr'><strong>et</strong></span> 
     </span>
    </p>
   </div>
   <div class='ocr_carea' id='block_1_27' title="bbox 1781 1261 3368 1335">
    <p class='ocr_par' dir='ltr' id='par_1_27' title="bbox 1781 1261 3368 1335">
     <span class='ocr_line' id='line_1_27' title="bbox 1781 1261 3368 1335; baseline 0.007 -23"><span class='ocrx_word' id='word_1_182' title='bbox 1781 1261 2104 1315; x_wconf 88' lang='lat' dir='ltr'><strong>cardinales.</strong></span> <span class='ocrx_word' id='word_1_183' title='bbox 2154 1263 2206 1315; x_wconf 91' lang='lat' dir='ltr'><strong>In</strong></span> <span class='ocrx_word' id='word_1_184' title='bbox 2251 1263 2489 1332; x_wconf 74' lang='lat' dir='ltr'><strong>utrisque</strong></span> <span class='ocrx_word' id='word_1_185' title='bbox 2522 1264 2769 1332; x_wconf 76' lang='lat' dir='ltr'><strong>Vespeiis</strong></span> <span class='ocrx_word' id='word_1_186' title='bbox 2814 1282 2947 1335; x_wconf 74' lang='lat' dir='ltr'><strong>papa</strong></span> <span class='ocrx_word' id='word_1_187' title='bbox 2989 1269 3210 1324; x_wconf 86' lang='lat' dir='ltr'><strong>interest</strong></span> <span class='ocrx_word' id='word_1_188' title='bbox 3248 1286 3368 1324; x_wconf 86' lang='lat' dir='ltr'><strong>cum</strong></span> 
     </span>
    </p>
   </div>
   <div class='ocr_carea' id='block_1_28' title="bbox 1782 1352 3155 1421">
    <p class='ocr_par' dir='ltr' id='par_1_28' title="bbox 1782 1352 3155 1421">
     <span class='ocr_line' id='line_1_28' title="bbox 1782 1352 3155 1421; baseline 0.006 -18"><span class='ocrx_word' id='word_1_189' title='bbox 1782 1352 1999 1421; x_wconf 88' lang='lat' dir='ltr'><strong>pluviali</strong></span> <span class='ocrx_word' id='word_1_190' title='bbox 2035 1355 2099 1405; x_wconf 89' lang='lat' dir='ltr'><strong>de</strong></span> <span class='ocrx_word' id='word_1_191' title='bbox 2130 1356 2323 1407; x_wconf 86' lang='lat' dir='ltr'><strong>samito</strong></span> <span class='ocrx_word' id='word_1_192' title='bbox 2353 1355 2518 1407; x_wconf 85' lang='lat' dir='ltr'><strong>rubeo</strong></span> <span class='ocrx_word' id='word_1_193' title='bbox 2549 1364 2604 1408; x_wconf 90' lang='lat' dir='ltr'><strong>et</strong></span> <span class='ocrx_word' id='word_1_194' title='bbox 2634 1356 2790 1409; x_wconf 89' lang='lat' dir='ltr'><strong>mitra</strong></span> <span class='ocrx_word' id='word_1_195' title='bbox 2832 1357 3155 1411; x_wconf 74' lang='lat' dir='ltr'><strong>aurit‘risata.</strong></span> 
     </span>
    </p>
   </div>
   <div class='ocr_carea' id='block_1_29' title="bbox 1861 1443 3370 1501">
    <p class='ocr_par' dir='ltr' id='par_1_29' title="bbox 1861 1443 3370 1501">
     <span class='ocr_line' id='line_1_29' title="bbox 1861 1443 3370 1501; baseline 0.005 -7"><span class='ocrx_word' id='word_1_196' title='bbox 1861 1443 2007 1495; x_wconf 89' lang='lat' dir='ltr'><strong>llanc</strong></span> <span class='ocrx_word' id='word_1_197' title='bbox 2033 1443 2192 1496; x_wconf 86' lang='lat' dir='ltr'><strong>etiam</strong></span> <span class='ocrx_word' id='word_1_198' title='bbox 2223 1443 2435 1496; x_wconf 59' lang='lat' dir='ltr'><strong>Missam</strong></span> <span class='ocrx_word' id='word_1_199' title='bbox 2463 1444 2728 1497; x_wconf 72' lang='lat' dir='ltr'><strong>antistites</strong></span> <span class='ocrx_word' id='word_1_200' title='bbox 2761 1445 2917 1500; x_wconf 88' lang='lat' dir='ltr'><strong>Urbis</strong></span> <span class='ocrx_word' id='word_1_201' title='bbox 2942 1448 3215 1501; x_wconf 82' lang='lat' dir='ltr'><strong>celebrare</strong></span> <span class='ocrx_word' id='word_1_202' title='bbox 3244 1462 3370 1501; x_wconf 90' lang='lat' dir='ltr'><strong>con-</strong></span> 
     </span>
    </p>
   </div>
   <div class='ocr_carea' id='block_1_30' title="bbox 1785 1537 3358 1607">
    <p class='ocr_par' dir='ltr' id='par_1_30' title="bbox 1785 1537 3358 1607">
     <span class='ocr_line' id='line_1_30' title="bbox 1785 1537 3358 1607; baseline 0.003 -19"><span class='ocrx_word' id='word_1_203' title='bbox 1785 1546 2109 1599; x_wconf 85' lang='lat' dir='ltr'><strong>sueverunt,</strong></span> <span class='ocrx_word' id='word_1_204' title='bbox 2154 1546 2209 1589; x_wconf 91' lang='lat' dir='ltr'><strong>et</strong></span> <span class='ocrx_word' id='word_1_205' title='bbox 2248 1537 2314 1590; x_wconf 91' lang='lat' dir='ltr'><strong>de</strong></span> <span class='ocrx_word' id='word_1_206' title='bbox 2357 1552 2624 1590; x_wconf 81' lang='lat' dir='ltr'><strong>communi</strong></span> <span class='ocrx_word' id='word_1_207' title='bbox 2670 1553 2828 1591; x_wconf 87' lang='lat' dir='ltr'><strong>cursu</strong></span> <span class='ocrx_word' id='word_1_208' title='bbox 2871 1554 3084 1607; x_wconf 85' lang='lat' dir='ltr'><strong>semper</strong></span> <span class='ocrx_word' id='word_1_209' title='bbox 3125 1539 3358 1602; x_wconf 83' lang='lat' dir='ltr'><strong>faciunt,</strong></span> 
     </span>
    </p>
   </div>
   <div class='ocr_carea' id='block_1_31' title="bbox 1789 1627 3374 1696">
    <p class='ocr_par' dir='ltr' id='par_1_31' title="bbox 1789 1627 3374 1696">
     <span class='ocr_line' id='line_1_31' title="bbox 1789 1627 3374 1696; baseline 0.004 -17"><span class='ocrx_word' id='word_1_210' title='bbox 1789 1627 1890 1680; x_wconf 85' lang='lat' dir='ltr'><strong>nisi</strong></span> <span class='ocrx_word' id='word_1_211' title='bbox 1925 1627 2233 1681; x_wconf 86' lang='lat' dir='ltr'><strong>inﬁrmitate</strong></span> <span class='ocrx_word' id='word_1_212' title='bbox 2262 1636 2352 1680; x_wconf 91' lang='lat' dir='ltr'><strong>aut</strong></span> <span class='ocrx_word' id='word_1_213' title='bbox 2382 1627 2547 1680; x_wconf 90' lang='lat' dir='ltr'><strong>nimio</strong></span> <span class='ocrx_word' id='word_1_214' title='bbox 2583 1627 2777 1696; x_wconf 76' lang='lat' dir='ltr'><strong>frigore</strong></span> <span class='ocrx_word' id='word_1_215' title='bbox 2803 1628 3026 1682; x_wconf 86' lang='lat' dir='ltr'><strong>detenti.</strong></span> <span class='ocrx_word' id='word_1_216' title='bbox 3072 1629 3126 1683; x_wconf 93' lang='lat' dir='ltr'><strong>In</strong></span> <span class='ocrx_word' id='word_1_217' title='bbox 3159 1629 3256 1684; x_wconf 88' lang='lat' dir='ltr'><strong>hac</strong></span> <span class='ocrx_word' id='word_1_218' title='bbox 3285 1632 3374 1685; x_wconf 86' lang='lat' dir='ltr'><strong>die</strong></span> 
     </span>
    </p>
   </div>
   <div class='ocr_carea' id='block_1_32' title="bbox 1784 1712 3373 1781">
    <p class='ocr_par' dir='ltr' id='par_1_32' title="bbox 1784 1712 3373 1781">
     <span class='ocr_line' id='line_1_32' title="bbox 1784 1712 3373 1781; baseline 0.006 -20"><span class='ocrx_word' id='word_1_219' title='bbox 1784 1712 2074 1780; x_wconf 87' lang='lat' dir='ltr'><strong>aliquando</strong></span> <span class='ocrx_word' id='word_1_220' title='bbox 2120 1713 2603 1781; x_wconf 80' lang='lat' dir='ltr'><strong>pronuntiaverunt</strong></span> <span class='ocrx_word' id='word_1_221' title='bbox 2651 1728 2816 1766; x_wconf 79' lang='lat' dir='ltr'><strong>noviis</strong></span> <span class='ocrx_word' id='word_1_222' title='bbox 2856 1713 3194 1780; x_wconf 81' lang='lat' dir='ltr'><strong>cardinales,</strong></span> <span class='ocrx_word' id='word_1_223' title='bbox 3235 1718 3373 1770; x_wconf 88' lang='lat' dir='ltr'><strong>sient</strong></span> 
     </span>
    </p>
   </div>
   <div class='ocr_carea' id='block_1_33' title="bbox 75 1801 1683 1886">
    <p class='ocr_par' dir='ltr' id='par_1_33' title="bbox 75 1817 1675 1886">
     <span class='ocr_line' id='line_1_33' title="bbox 75 1817 1675 1886; baseline 0.001 -19"><span class='ocrx_word' id='word_1_224' title='bbox 75 1817 402 1882; x_wconf 80' lang='lat' dir='ltr'><strong>splendide,</strong></span> <span class='ocrx_word' id='word_1_225' title='bbox 437 1825 492 1870; x_wconf 87' lang='lat' dir='ltr'><strong>ct</strong></span> <span class='ocrx_word' id='word_1_226' title='bbox 521 1817 572 1870; x_wconf 91' lang='lat' dir='ltr'><strong>in</strong></span> <span class='ocrx_word' id='word_1_227' title='bbox 606 1817 893 1872; x_wconf 76' lang='lat' dir='ltr'><strong>collatione</strong></span> <span class='ocrx_word' id='word_1_228' title='bbox 920 1818 1075 1870; x_wconf 87' lang='lat' dir='ltr'><strong>datur</strong></span> <span class='ocrx_word' id='word_1_229' title='bbox 1116 1821 1285 1886; x_wconf 86' lang='lat' dir='ltr'><strong>piper.</strong></span> <span class='ocrx_word' id='word_1_230' title='bbox 1329 1817 1432 1872; x_wconf 87' lang='lat' dir='ltr'><strong>Sed</strong></span> <span class='ocrx_word' id='word_1_231' title='bbox 1464 1819 1530 1872; x_wconf 90' lang='lat' dir='ltr'><strong>de</strong></span> <span class='ocrx_word' id='word_1_232' title='bbox 1562 1819 1675 1872; x_wconf 67' lang='lat' dir='ltr'><strong>iStis</strong></span> 
     </span>
    </p>
   </div>
   <div class='ocr_carea' id='block_1_34' title="bbox 1804 1801 2796 1886">
    <p class='ocr_par' dir='ltr' id='par_1_34' title="bbox 1804 1803 2796 1858">
     <span class='ocr_line' id='line_1_34' title="bbox 1804 1803 2796 1858; baseline 0.006 -6"><span class='ocrx_word' id='word_1_233' title='bbox 1804 1819 1832 1853; x_wconf 93' lang='lat' dir='ltr'><strong>n</strong></span> <span class='ocrx_word' id='word_1_234' title='bbox 1868 1803 2026 1856; x_wconf 83' lang='lat' dir='ltr'><strong>Missa</strong></span> <span class='ocrx_word' id='word_1_235' title='bbox 2061 1804 2212 1857; x_wconf 85' lang='lat' dir='ltr'><strong>tertia</strong></span> <span class='ocrx_word' id='word_1_236' title='bbox 2247 1805 2544 1858; x_wconf 84' lang='lat' dir='ltr'><strong>Nativitatis</strong></span> <span class='ocrx_word' id='word_1_237' title='bbox 2576 1803 2796 1858; x_wconf 73' lang='lat' dir='ltr'><strong>Christi.</strong></span> 
     </span>
    </p>
   </div>
   <div class='ocr_carea' id='block_1_35' title="bbox 77 1905 1678 1977">
    <p class='ocr_par' dir='ltr' id='par_1_35' title="bbox 77 1905 1678 1977">
     <span class='ocr_line' id='line_1_35' title="bbox 77 1905 1678 1977; baseline 0.004 -20"><span class='ocrx_word' id='word_1_238' title='bbox 77 1905 299 1960; x_wconf 86' lang='lat' dir='ltr'><strong>duobus</strong></span> <span class='ocrx_word' id='word_1_239' title='bbox 341 1908 530 1962; x_wconf 86' lang='lat' dir='ltr'><strong>diebus</strong></span> <span class='ocrx_word' id='word_1_240' title='bbox 569 1917 873 1962; x_wconf 88' lang='lat' dir='ltr'><strong>sanctorum</strong></span> <span class='ocrx_word' id='word_1_241' title='bbox 925 1907 1179 1977; x_wconf 84' lang='lat' dir='ltr'><strong>Stephani</strong></span> <span class='ocrx_word' id='word_1_242' title='bbox 1223 1918 1277 1963; x_wconf 87' lang='lat' dir='ltr'><strong>et</strong></span> <span class='ocrx_word' id='word_1_243' title='bbox 1313 1909 1530 1964; x_wconf 84' lang='lat' dir='ltr'><strong>Joannis</strong></span> <span class='ocrx_word' id='word_1_244' title='bbox 1570 1924 1678 1963; x_wconf 85' lang='lat' dir='ltr'><strong>non</strong></span> 
     </span>
    </p>
   </div>
   <div class='ocr_carea' id='block_1_36' title="bbox 81 2000 1398 2067">
    <p class='ocr_par' dir='ltr' id='par_1_36' title="bbox 81 2000 1398 2067">
     <span class='ocr_line' id='line_1_36' title="bbox 81 2000 1398 2067; baseline 0.002 -17"><span class='ocrx_word' id='word_1_245' title='bbox 81 2009 485 2054; x_wconf 71' lang='lat' dir='ltr'><strong>consueverunt</strong></span> <span class='ocrx_word' id='word_1_246' title='bbox 515 2000 789 2053; x_wconf 77' lang='lat' dir='ltr'><strong>celebrare</strong></span> <span class='ocrx_word' id='word_1_247' title='bbox 823 2000 1085 2067; x_wconf 78' lang='lat' dir='ltr'><strong>Vesperas</strong></span> <span class='ocrx_word' id='word_1_248' title='bbox 1108 2039 1122 2063; x_wconf 97' lang='lat'><strong>,</strong></span> <span class='ocrx_word' id='word_1_249' title='bbox 1157 2009 1210 2051; x_wconf 92' lang='lat' dir='ltr'><strong>ct</strong></span> <span class='ocrx_word' id='word_1_250' title='bbox 1241 2001 1398 2053; x_wconf 67' lang='lat' dir='ltr'><strong>male.</strong></span> 
     </span>
    </p>
   </div>
   <div class='ocr_carea' id='block_1_37' title="bbox 471 2090 1303 2157">
    <p class='ocr_par' dir='ltr' id='par_1_37' title="bbox 471 2090 1303 2157">
     <span class='ocr_line' id='line_1_37' title="bbox 471 2090 1303 2157; baseline -0.004 -12"><span class='ocrx_word' id='word_1_251' title='bbox 471 2091 608 2145; x_wconf 69' lang='grc' dir='ltr'><strong>Χιν.</strong></span> <span class='ocrx_word' id='word_1_252' title='bbox 657 2090 730 2143; x_wconf 87' lang='lat' dir='ltr'><strong>De</strong></span> <span class='ocrx_word' id='word_1_253' title='bbox 770 2091 1000 2143; x_wconf 77' lang='lat' dir='ltr'><strong>secundis</strong></span> <span class='ocrx_word' id='word_1_254' title='bbox 1054 2090 1303 2157; x_wconf 53' lang='grc' dir='ltr'><strong>γηγενὴς.</strong></span> 
     </span>
    </p>
   </div>
   <div class='ocr_carea' id='block_1_38' title="bbox 167 2180 1680 2251">
    <p class='ocr_par' dir='ltr' id='par_1_38' title="bbox 167 2180 1680 2251">
     <span class='ocr_line' id='line_1_38' title="bbox 167 2180 1680 2251; baseline 0.001 -18"><span class='ocrx_word' id='word_1_255' title='bbox 167 2180 222 2233; x_wconf 92' lang='lat' dir='ltr'><strong>lu</strong></span> <span class='ocrx_word' id='word_1_256' title='bbox 256 2183 504 2236; x_wconf 71' lang='lat' dir='ltr'><strong>secundis</strong></span> <span class='ocrx_word' id='word_1_257' title='bbox 541 2181 789 2250; x_wconf 69' lang='lat' dir='ltr'><strong>Vespetis</strong></span> <span class='ocrx_word' id='word_1_258' title='bbox 821 2198 951 2251; x_wconf 87' lang='lat' dir='ltr'><strong>papa</strong></span> <span class='ocrx_word' id='word_1_259' title='bbox 992 2182 1142 2236; x_wconf 90' lang='lat' dir='ltr'><strong>venit</strong></span> <span class='ocrx_word' id='word_1_260' title='bbox 1170 2198 1288 2235; x_wconf 89' lang='lat' dir='ltr'><strong>cum</strong></span> <span class='ocrx_word' id='word_1_261' title='bbox 1335 2180 1550 2250; x_wconf 75' lang='lat' dir='ltr'><strong>pluviali</strong></span> <span class='ocrx_word' id='word_1_262' title='bbox 1593 2196 1680 2235; x_wconf 86' lang='lat' dir='ltr'><strong>ru-</strong></span> 
     </span>
    </p>
   </div>
   <div class='ocr_carea' id='block_1_39' title="bbox 92 2271 491 2327">
    <p class='ocr_par' dir='ltr' id='par_1_39' title="bbox 92 2271 491 2327">
     <span class='ocr_line' id='line_1_39' title="bbox 92 2271 491 2327; baseline 0.005 -3"><span class='ocrx_word' id='word_1_263' title='bbox 92 2271 205 2326; x_wconf 79' lang='lat' dir='ltr'><strong>beo</strong></span> <span class='ocrx_word' id='word_1_264' title='bbox 233 2285 284 2327; x_wconf 89' lang='lat' dir='ltr'><strong>et</strong></span> <span class='ocrx_word' id='word_1_265' title='bbox 314 2273 491 2326; x_wconf 67' lang='lat' dir='ltr'><strong>mitra.</strong></span> 
     </span>
    </p>
   </div>
   <div class='ocr_carea' id='block_1_40' title="bbox 529 2361 1238 2417">
    <p class='ocr_par' dir='ltr' id='par_1_40' title="bbox 529 2361 1238 2417">
     <span class='ocr_line' id='line_1_40' title="bbox 529 2361 1238 2417; baseline 0 -1"><span class='ocrx_word' id='word_1_266' title='bbox 529 2361 643 2416; x_wconf 71' lang='grc' dir='ltr'><strong>λγ.</strong></span> <span class='ocrx_word' id='word_1_267' title='bbox 688 2362 762 2416; x_wconf 86' lang='lat' dir='ltr'><strong>De</strong></span> <span class='ocrx_word' id='word_1_268' title='bbox 799 2379 891 2416; x_wconf 77' lang='lat' dir='ltr'><strong>san</strong></span> <span class='ocrx_word' id='word_1_269' title='bbox 915 2373 976 2417; x_wconf 81' lang='grc' dir='ltr'><strong>ἰο</strong></span> <span class='ocrx_word' id='word_1_270' title='bbox 1015 2362 1238 2416; x_wconf 78' lang='lat' dir='ltr'><strong>Joanne.</strong></span> 
     </span>
    </p>
   </div>
   <div class='ocr_carea' id='block_1_41' title="bbox 167 2453 1678 2520">
    <p class='ocr_par' dir='ltr' id='par_1_41' title="bbox 167 2453 1678 2520">
     <span class='ocr_line' id='line_1_41' title="bbox 167 2453 1678 2520; baseline -0.001 -13"><span class='ocrx_word' id='word_1_271' title='bbox 167 2455 222 2507; x_wconf 91' lang='lat' dir='ltr'><strong>In</strong></span> <span class='ocrx_word' id='word_1_272' title='bbox 257 2456 345 2510; x_wconf 89' lang='lat' dir='ltr'><strong>die</strong></span> <span class='ocrx_word' id='word_1_273' title='bbox 375 2457 547 2509; x_wconf 81' lang='lat' dir='ltr'><strong>sancti</strong></span> <span class='ocrx_word' id='word_1_274' title='bbox 577 2455 796 2510; x_wconf 79' lang='lat' dir='ltr'><strong>JOanuis</strong></span> <span class='ocrx_word' id='word_1_275' title='bbox 845 2456 999 2509; x_wconf 82' lang='lat' dir='ltr'><strong>Missa</strong></span> <span class='ocrx_word' id='word_1_276' title='bbox 1034 2466 1085 2508; x_wconf 81' lang='lat' dir='ltr'><strong>et</strong></span> <span class='ocrx_word' id='word_1_277' title='bbox 1125 2469 1303 2508; x_wconf 81' lang='lat' dir='ltr'><strong>sermo</strong></span> <span class='ocrx_word' id='word_1_278' title='bbox 1335 2453 1678 2520; x_wconf 81' lang='lat' dir='ltr'><strong>mandantur,</strong></span> 
     </span>
    </p>
   </div>
   <div class='ocr_carea' id='block_1_42' title="bbox 88 2544 1682 2617">
    <p class='ocr_par' dir='ltr' id='par_1_42' title="bbox 88 2544 1682 2617">
     <span class='ocr_line' id='line_1_42' title="bbox 88 2544 1682 2617; baseline -0.003 -16"><span class='ocrx_word' id='word_1_279' title='bbox 88 2565 256 2616; x_wconf 78' lang='lat' dir='ltr'><strong>quam</strong></span> <span class='ocrx_word' id='word_1_280' title='bbox 287 2549 563 2603; x_wconf 82' lang='lat' dir='ltr'><strong>consuevit</strong></span> <span class='ocrx_word' id='word_1_281' title='bbox 591 2549 771 2602; x_wconf 89' lang='lat' dir='ltr'><strong>dicere</strong></span> <span class='ocrx_word' id='word_1_282' title='bbox 814 2548 1006 2617; x_wconf 78' lang='lat' dir='ltr'><strong>aliquis</strong></span> <span class='ocrx_word' id='word_1_283' title='bbox 1049 2544 1374 2600; x_wconf 75' lang='lat' dir='ltr'><strong>cardinalis:</strong></span> <span class='ocrx_word' id='word_1_284' title='bbox 1416 2545 1483 2598; x_wconf 91' lang='lat' dir='ltr'><strong>ad</strong></span> <span class='ocrx_word' id='word_1_285' title='bbox 1524 2561 1682 2613; x_wconf 85' lang='lat' dir='ltr'><strong>quant</strong></span> 
     </span>
    </p>
   </div>
   <div class='ocr_carea' id='block_1_43' title="bbox 90 2637 1682 2709">
    <p class='ocr_par' dir='ltr' id='par_1_43' title="bbox 90 2637 1682 2709">
     <span class='ocr_line' id='line_1_43' title="bbox 90 2637 1682 2709; baseline -0.001 -19"><span class='ocrx_word' id='word_1_286' title='bbox 90 2658 227 2709; x_wconf 83' lang='lat' dir='ltr'><strong>papa</strong></span> <span class='ocrx_word' id='word_1_287' title='bbox 264 2643 408 2695; x_wconf 83' lang='lat' dir='ltr'><strong>venit</strong></span> <span class='ocrx_word' id='word_1_288' title='bbox 440 2658 559 2694; x_wconf 81' lang='lat' dir='ltr'><strong>tllltl</strong></span> <span class='ocrx_word' id='word_1_289' title='bbox 595 2641 811 2708; x_wconf 80' lang='lat' dir='ltr'><strong>pluviali</strong></span> <span class='ocrx_word' id='word_1_290' title='bbox 844 2640 1008 2693; x_wconf 83' lang='lat' dir='ltr'><strong>rubeo</strong></span> <span class='ocrx_word' id='word_1_291' title='bbox 1039 2639 1106 2692; x_wconf 86' lang='lat' dir='ltr'><strong>de</strong></span> <span class='ocrx_word' id='word_1_292' title='bbox 1148 2638 1340 2691; x_wconf 87' lang='lat' dir='ltr'><strong>samito</strong></span> <span class='ocrx_word' id='word_1_293' title='bbox 1365 2681 1379 2704; x_wconf 95' lang='lat'><strong>,</strong></span> <span class='ocrx_word' id='word_1_294' title='bbox 1426 2645 1482 2689; x_wconf 89' lang='lat' dir='ltr'><strong>et</strong></span> <span class='ocrx_word' id='word_1_295' title='bbox 1527 2637 1682 2688; x_wconf 85' lang='lat' dir='ltr'><strong>mitra</strong></span> 
     </span>
    </p>
   </div>
   <div class='ocr_carea' id='block_1_44' title="bbox 88 2729 1682 2801">
    <p class='ocr_par' dir='ltr' id='par_1_44' title="bbox 88 2729 1682 2801">
     <span class='ocr_line' id='line_1_44' title="bbox 88 2729 1682 2801; baseline -0.004 -15"><span class='ocrx_word' id='word_1_296' title='bbox 88 2735 399 2789; x_wconf 80' lang='lat' dir='ltr'><strong>aurilrisata</strong></span> <span class='ocrx_word' id='word_1_297' title='bbox 445 2750 563 2787; x_wconf 89' lang='lat' dir='ltr'><strong>cum</strong></span> <span class='ocrx_word' id='word_1_298' title='bbox 609 2734 804 2801; x_wconf 85' lang='lat' dir='ltr'><strong>periis,</strong></span> <span class='ocrx_word' id='word_1_299' title='bbox 851 2743 1006 2800; x_wconf 86' lang='lat' dir='ltr'><strong>prout</strong></span> <span class='ocrx_word' id='word_1_300' title='bbox 1047 2733 1097 2784; x_wconf 92' lang='lat' dir='ltr'><strong>in</strong></span> <span class='ocrx_word' id='word_1_301' title='bbox 1138 2729 1481 2783; x_wconf 74' lang='lat' dir='ltr'><strong>consistorio.</strong></span> <span class='ocrx_word' id='word_1_302' title='bbox 1519 2730 1580 2781; x_wconf 77' lang='lat' dir='ltr'><strong>Et</strong></span> <span class='ocrx_word' id='word_1_303' title='bbox 1613 2729 1682 2780; x_wconf 83' lang='lat' dir='ltr'><strong>ila</strong></span> 
     </span>
    </p>
   </div>
   <div class='ocr_carea' id='block_1_45' title="bbox 89 2819 1687 2892">
    <p class='ocr_par' dir='ltr' id='par_1_45' title="bbox 89 2819 1687 2892">
     <span class='ocr_line' id='line_1_45' title="bbox 89 2819 1687 2892; baseline -0.004 -12"><span class='ocrx_word' id='word_1_304' title='bbox 89 2827 148 2880; x_wconf 90' lang='lat' dir='ltr'><strong>in</strong></span> <span class='ocrx_word' id='word_1_305' title='bbox 192 2824 444 2880; x_wconf 79' lang='lat' dir='ltr'><strong>secundis</strong></span> <span class='ocrx_word' id='word_1_306' title='bbox 480 2824 755 2892; x_wconf 69' lang='lat' dir='ltr'><strong>Vesperis,</strong></span> <span class='ocrx_word' id='word_1_307' title='bbox 788 2821 840 2875; x_wconf 90' lang='lat' dir='ltr'><strong>in</strong></span> <span class='ocrx_word' id='word_1_308' title='bbox 891 2823 1079 2890; x_wconf 75' lang='lat' dir='ltr'><strong>quihu~</strong></span> <span class='ocrx_word' id='word_1_309' title='bbox 1110 2836 1297 2874; x_wconf 58' lang='lat' dir='ltr'><strong>omnes</strong></span> <span class='ocrx_word' id='word_1_310' title='bbox 1325 2820 1554 2889; x_wconf 84' lang='lat' dir='ltr'><strong>acolythi</strong></span> <span class='ocrx_word' id='word_1_311' title='bbox 1593 2819 1687 2873; x_wconf 87' lang='lat' dir='ltr'><strong>dc-</strong></span> 
     </span>
    </p>
   </div>
   <div class='ocr_carea' id='block_1_46' title="bbox 93 2914 1684 2984">
    <p class='ocr_par' dir='ltr' id='par_1_46' title="bbox 93 2914 1684 2984">
     <span class='ocr_line' id='line_1_46' title="bbox 93 2914 1684 2984; baseline -0.004 -12"><span class='ocrx_word' id='word_1_312' title='bbox 93 2921 230 2972; x_wconf 69' lang='lat' dir='ltr'><strong>licnt</strong></span> <span class='ocrx_word' id='word_1_313' title='bbox 256 2934 374 2972; x_wconf 85' lang='lat' dir='ltr'><strong>csse</strong></span> <span class='ocrx_word' id='word_1_314' title='bbox 403 2933 520 2971; x_wconf 90' lang='lat' dir='ltr'><strong>cum</strong></span> <span class='ocrx_word' id='word_1_315' title='bbox 553 2916 921 2984; x_wconf 75' lang='lat' dir='ltr'><strong>superpliciis,</strong></span> <span class='ocrx_word' id='word_1_316' title='bbox 956 2915 1125 2982; x_wconf 86' lang='lat' dir='ltr'><strong>primo</strong></span> <span class='ocrx_word' id='word_1_317' title='bbox 1151 2914 1558 2976; x_wconf 82' lang='lat' dir='ltr'><strong>couunensales,</strong></span> <span class='ocrx_word' id='word_1_318' title='bbox 1585 2927 1684 2965; x_wconf 85' lang='lat' dir='ltr'><strong>au-</strong></span> 
     </span>
    </p>
   </div>
   <div class='ocr_carea' id='block_1_47' title="bbox 86 3002 1686 3075">
    <p class='ocr_par' dir='ltr' id='par_1_47' title="bbox 86 3002 1686 3075">
     <span class='ocr_line' id='line_1_47' title="bbox 86 3002 1686 3075; baseline -0.005 -12"><span class='ocrx_word' id='word_1_319' title='bbox 86 3015 298 3063; x_wconf 80' lang='lat' dir='ltr'><strong>ditores</strong></span> <span class='ocrx_word' id='word_1_320' title='bbox 320 3050 334 3070; x_wconf 86' lang='lat'><strong>,</strong></span> <span class='ocrx_word' id='word_1_321' title='bbox 364 3017 418 3064; x_wconf 77' lang='lat' dir='ltr'><strong>et</strong></span> <span class='ocrx_word' id='word_1_322' title='bbox 448 3007 757 3062; x_wconf 76' lang='lat' dir='ltr'><strong>subdiaconi</strong></span> <span class='ocrx_word' id='word_1_323' title='bbox 781 3049 795 3072; x_wconf 93' lang='lat'><strong>,</strong></span> <span class='ocrx_word' id='word_1_324' title='bbox 829 3006 1022 3061; x_wconf 86' lang='lat' dir='ltr'><strong>deinde</strong></span> <span class='ocrx_word' id='word_1_325' title='bbox 1063 3005 1294 3075; x_wconf 67' lang='lat' dir='ltr'><strong>acalydti</strong></span> <span class='ocrx_word' id='word_1_326' title='bbox 1339 3012 1393 3057; x_wconf 90' lang='lat' dir='ltr'><strong>ct</strong></span> <span class='ocrx_word' id='word_1_327' title='bbox 1426 3002 1686 3072; x_wconf 87' lang='lat' dir='ltr'><strong>capellani</strong></span> 
     </span>
    </p>
   </div>
   <div class='ocr_carea' id='block_1_48' title="bbox 93 3101 396 3157">
    <p class='ocr_par' dir='ltr' id='par_1_48' title="bbox 93 3101 396 3157">
     <span class='ocr_line' id='line_1_48' title="bbox 93 3101 396 3157; baseline -0.01 1"><span class='ocrx_word' id='word_1_328' title='bbox 93 3113 117 3138; x_wconf 77' lang='grc'><strong><em>⁸-</em></strong></span> <span class='ocrx_word' id='word_1_329' title='bbox 157 3101 396 3157; x_wconf 73' lang='lat' dir='ltr'><strong>honoris.</strong></span> 
     </span>
    </p>
   </div>
   <div class='ocr_carea' id='block_1_49' title="bbox 553 3188 1230 3246">
    <p class='ocr_par' dir='ltr' id='par_1_49' title="bbox 553 3188 1230 3246">
     <span class='ocr_line' id='line_1_49' title="bbox 553 3188 1230 3246; baseline -0.003 -1"><span class='ocrx_word' id='word_1_330' title='bbox 553 3191 690 3246; x_wconf 69' lang='lat' dir='ltr'><strong>XVI.</strong></span> <span class='ocrx_word' id='word_1_331' title='bbox 737 3190 811 3244; x_wconf 81' lang='lat' dir='ltr'><strong>De</strong></span> <span class='ocrx_word' id='word_1_332' title='bbox 849 3188 1230 3244; x_wconf 75' lang='lat' dir='ltr'><strong>Innocentibus.</strong></span> 
     </span>
    </p>
   </div>
   <div class='ocr_carea' id='block_1_50' title="bbox 171 3280 1684 3340">
    <p class='ocr_par' dir='ltr' id='par_1_50' title="bbox 171 3280 1684 3340">
     <span class='ocr_line' id='line_1_50' title="bbox 171 3280 1684 3340; baseline -0.006 0"><span class='ocrx_word' id='word_1_333' title='bbox 171 3287 224 3340; x_wconf 94' lang='lat' dir='ltr'><strong>In</strong></span> <span class='ocrx_word' id='word_1_334' title='bbox 255 3285 336 3339; x_wconf 72' lang='lat' dir='ltr'><strong>div</strong></span> <span class='ocrx_word' id='word_1_335' title='bbox 361 3299 436 3338; x_wconf 79' lang='lat' dir='ltr'><strong>sai</strong></span> <span class='ocrx_word' id='word_1_336' title='bbox 461 3300 666 3338; x_wconf 75' lang='lat' dir='ltr'><strong>czorum</strong></span> <span class='ocrx_word' id='word_1_337' title='bbox 696 3284 1056 3338; x_wconf 84' lang='lat' dir='ltr'><strong>Innocentium</strong></span> <span class='ocrx_word' id='word_1_338' title='bbox 1081 3282 1354 3337; x_wconf 74' lang='lat' dir='ltr'><strong>consuevit</strong></span> <span class='ocrx_word' id='word_1_339' title='bbox 1384 3295 1504 3335; x_wconf 87' lang='lat' dir='ltr'><strong>esse</strong></span> <span class='ocrx_word' id='word_1_340' title='bbox 1529 3280 1684 3332; x_wconf 82' lang='lat' dir='ltr'><strong>Missa</strong></span> 
     </span>
    </p>
   </div>
   <div class='ocr_carea' id='block_1_51' title="bbox 90 3371 1688 3443">
    <p class='ocr_par' dir='ltr' id='par_1_51' title="bbox 90 3371 1688 3443">
     <span class='ocr_line' id='line_1_51' title="bbox 90 3371 1688 3443; baseline -0.004 -13"><span class='ocrx_word' id='word_1_341' title='bbox 90 3390 146 3430; x_wconf 90' lang='lat' dir='ltr'><strong>et</strong></span> <span class='ocrx_word' id='word_1_342' title='bbox 179 3392 396 3439; x_wconf 80' lang='lat' dir='ltr'><strong>sermo;</strong></span> <span class='ocrx_word' id='word_1_343' title='bbox 430 3377 521 3427; x_wconf 84' lang='lat' dir='ltr'><strong>sed</strong></span> <span class='ocrx_word' id='word_1_344' title='bbox 553 3377 710 3426; x_wconf 89' lang='lat' dir='ltr'><strong>modo</strong></span> <span class='ocrx_word' id='word_1_345' title='bbox 741 3391 842 3427; x_wconf 92' lang='lat' dir='ltr'><strong>non</strong></span> <span class='ocrx_word' id='word_1_346' title='bbox 872 3380 1214 3439; x_wconf 85' lang='lat' dir='ltr'><strong>observatur,</strong></span> <span class='ocrx_word' id='word_1_347' title='bbox 1248 3391 1344 3428; x_wconf 87' lang='lat' dir='ltr'><strong>nec</strong></span> <span class='ocrx_word' id='word_1_348' title='bbox 1376 3388 1512 3443; x_wconf 84' lang='lat' dir='ltr'><strong>papa</strong></span> <span class='ocrx_word' id='word_1_349' title='bbox 1543 3371 1688 3426; x_wconf 87' lang='lat' dir='ltr'><strong>venit</strong></span> 
     </span>
    </p>
   </div>
   <div class='ocr_carea' id='block_1_52' title="bbox 86 3469 1112 3536">
    <p class='ocr_par' dir='ltr' id='par_1_52' title="bbox 86 3469 1112 3536">
     <span class='ocr_line' id='line_1_52' title="bbox 86 3469 1112 3536; baseline -0.003 -11"><span class='ocrx_word' id='word_1_350' title='bbox 86 3476 147 3530; x_wconf 90' lang='lat' dir='ltr'><strong>in</strong></span> <span class='ocrx_word' id='word_1_351' title='bbox 182 3473 436 3524; x_wconf 83' lang='lat' dir='ltr'><strong>secundis</strong></span> <span class='ocrx_word' id='word_1_352' title='bbox 467 3469 714 3536; x_wconf 64' lang='lat' dir='ltr'><strong>Ves‘pt&#39;t&#39;is</strong></span> <span class='ocrx_word' id='word_1_353' title='bbox 741 3469 804 3521; x_wconf 91' lang='lat' dir='ltr'><strong>ad</strong></span> <span class='ocrx_word' id='word_1_354' title='bbox 833 3472 1112 3536; x_wconf 79' lang='lat' dir='ltr'><strong>capellam.</strong></span> 
     </span>
    </p>
   </div>
   <div class='ocr_carea' id='block_1_53' title="bbox 176 3559 1688 3629">
    <p class='ocr_par' dir='ltr' id='par_1_53' title="bbox 176 3559 1688 3629">
     <span class='ocr_line' id='line_1_53' title="bbox 176 3559 1688 3629; baseline -0.001 -15"><span class='ocrx_word' id='word_1_355' title='bbox 176 3560 313 3614; x_wconf 84' lang='lat' dir='ltr'><strong>Nola</strong></span> <span class='ocrx_word' id='word_1_356' title='bbox 343 3559 481 3629; x_wconf 88' lang='lat' dir='ltr'><strong>qttod</strong></span> <span class='ocrx_word' id='word_1_357' title='bbox 511 3560 554 3613; x_wconf 84' lang='lat' dir='ltr'><strong>si</strong></span> <span class='ocrx_word' id='word_1_358' title='bbox 585 3561 757 3612; x_wconf 75' lang='lat' dir='ltr'><strong>veniat</strong></span> <span class='ocrx_word' id='word_1_359' title='bbox 796 3560 1089 3623; x_wconf 83' lang='lat' dir='ltr'><strong>Dotninica,</strong></span> <span class='ocrx_word' id='word_1_360' title='bbox 1122 3563 1171 3612; x_wconf 90' lang='lat' dir='ltr'><strong>iu</strong></span> <span class='ocrx_word' id='word_1_361' title='bbox 1203 3559 1468 3614; x_wconf 68' lang='lat' dir='ltr'><strong>Matutinis</strong></span> <span class='ocrx_word' id='word_1_362' title='bbox 1495 3559 1688 3614; x_wconf 87' lang='lat' dir='ltr'><strong>dicitur</strong></span> 
     </span>
    </p>
   </div>
   <div class='ocr_carea' id='block_1_54' title="bbox 91 3650 1688 3714">
    <p class='ocr_par' dir='ltr' id='par_1_54' title="bbox 91 3650 1688 3714">
     <span class='ocr_line' id='line_1_54' title="bbox 91 3650 1688 3714; baseline -0.001 -9"><span class='ocrx_word' id='word_1_363' title='bbox 91 3650 173 3706; x_wconf 75' lang='lat' dir='ltr'><strong>Te</strong></span> <span class='ocrx_word' id='word_1_364' title='bbox 206 3652 372 3704; x_wconf 81' lang='lat' dir='ltr'><strong>Deum</strong></span> <span class='ocrx_word' id='word_1_365' title='bbox 404 3651 705 3714; x_wconf 64' lang='lat' dir='ltr'><strong>laudamus,</strong></span> <span class='ocrx_word' id='word_1_366' title='bbox 741 3660 794 3704; x_wconf 93' lang='lat' dir='ltr'><strong>et</strong></span> <span class='ocrx_word' id='word_1_367' title='bbox 825 3651 875 3703; x_wconf 91' lang='lat' dir='ltr'><strong>iu</strong></span> <span class='ocrx_word' id='word_1_368' title='bbox 905 3650 1059 3704; x_wconf 79' lang='lat' dir='ltr'><strong>MiSsa</strong></span> <span class='ocrx_word' id='word_1_369' title='bbox 1095 3651 1272 3704; x_wconf 78' lang='lat' dir='ltr'><strong>Gloria</strong></span> <span class='ocrx_word' id='word_1_370' title='bbox 1300 3653 1350 3704; x_wconf 84' lang='lat' dir='ltr'><strong>in</strong></span> <span class='ocrx_word' id='word_1_371' title='bbox 1381 3652 1592 3705; x_wconf 71' lang='lat' dir='ltr'><strong>excelsis</strong></span> <span class='ocrx_word' id='word_1_372' title='bbox 1632 3662 1688 3706; x_wconf 91' lang='lat' dir='ltr'><strong>et</strong></span> 
     </span>
    </p>
   </div>
   <div class='ocr_carea' id='block_1_55' title="bbox 93 3742 1686 3811">
    <p class='ocr_par' dir='ltr' id='par_1_55' title="bbox 93 3742 1686 3811">
     <span class='ocr_line' id='line_1_55' title="bbox 93 3742 1686 3811; baseline -0.001 -14"><span class='ocrx_word' id='word_1_373' title='bbox 93 3746 268 3797; x_wconf 77' lang='lat' dir='ltr'><strong>Credo</strong></span> <span class='ocrx_word' id='word_1_374' title='bbox 308 3743 359 3795; x_wconf 86' lang='lat' dir='ltr'><strong>in</strong></span> <span class='ocrx_word' id='word_1_375' title='bbox 405 3758 562 3795; x_wconf 85' lang='lat' dir='ltr'><strong>unum</strong></span> <span class='ocrx_word' id='word_1_376' title='bbox 587 3783 600 3802; x_wconf 86' lang='lat'><strong>,</strong></span> <span class='ocrx_word' id='word_1_377' title='bbox 631 3751 686 3796; x_wconf 91' lang='lat' dir='ltr'><strong>et</strong></span> <span class='ocrx_word' id='word_1_378' title='bbox 718 3753 1028 3811; x_wconf 87' lang='lat' dir='ltr'><strong>paramenta</strong></span> <span class='ocrx_word' id='word_1_379' title='bbox 1071 3745 1255 3796; x_wconf 80' lang='lat' dir='ltr'><strong>rubea.</strong></span> <span class='ocrx_word' id='word_1_380' title='bbox 1297 3744 1456 3808; x_wconf 78' lang='lat' dir='ltr'><strong>Quod</strong></span> <span class='ocrx_word' id='word_1_381' title='bbox 1495 3742 1540 3796; x_wconf 88' lang='lat' dir='ltr'><strong>si</strong></span> <span class='ocrx_word' id='word_1_382' title='bbox 1582 3759 1686 3795; x_wconf 91' lang='lat' dir='ltr'><strong>non</strong></span> 
     </span>
    </p>
   </div>
   <div class='ocr_carea' id='block_1_56' title="bbox 94 3833 1690 3899">
    <p class='ocr_par' dir='ltr' id='par_1_56' title="bbox 94 3833 1690 3899">
     <span class='ocr_line' id='line_1_56' title="bbox 94 3833 1690 3899; baseline 0.001 -10"><span class='ocrx_word' id='word_1_383' title='bbox 94 3851 182 3889; x_wconf 83' lang='lat' dir='ltr'><strong>ve.</strong></span> <span class='ocrx_word' id='word_1_384' title='bbox 208 3835 278 3888; x_wconf 87' lang='lat' dir='ltr'><strong>iat</strong></span> <span class='ocrx_word' id='word_1_385' title='bbox 309 3833 360 3887; x_wconf 92' lang='lat' dir='ltr'><strong>in</strong></span> <span class='ocrx_word' id='word_1_386' title='bbox 396 3833 673 3887; x_wconf 89' lang='lat' dir='ltr'><strong>Dominica</strong></span> <span class='ocrx_word' id='word_1_387' title='bbox 695 3872 708 3896; x_wconf 95' lang='lat'><strong>,</strong></span> <span class='ocrx_word' id='word_1_388' title='bbox 754 3850 852 3888; x_wconf 87' lang='lat' dir='ltr'><strong>nec</strong></span> <span class='ocrx_word' id='word_1_389' title='bbox 882 3833 953 3887; x_wconf 81' lang='lat' dir='ltr'><strong>Te</strong></span> <span class='ocrx_word' id='word_1_390' title='bbox 984 3833 1180 3899; x_wconf 81' lang='lat' dir='ltr'><strong>Deum,</strong></span> <span class='ocrx_word' id='word_1_391' title='bbox 1217 3851 1313 3888; x_wconf 90' lang='lat' dir='ltr'><strong>nec</strong></span> <span class='ocrx_word' id='word_1_392' title='bbox 1345 3835 1521 3886; x_wconf 82' lang='lat' dir='ltr'><strong>(.‘Ioria</strong></span> <span class='ocrx_word' id='word_1_393' title='bbox 1541 3876 1554 3897; x_wconf 87' lang='lat'><strong>,</strong></span> <span class='ocrx_word' id='word_1_394' title='bbox 1590 3850 1690 3890; x_wconf 66' lang='lat' dir='ltr'><strong>nec</strong></span> 
     </span>
    </p>
   </div>
   <div class='ocr_carea' id='block_1_57' title="bbox 94 3922 1614 3991">
    <p class='ocr_par' dir='ltr' id='par_1_57' title="bbox 94 3922 1614 3991">
     <span class='ocr_line' id='line_1_57' title="bbox 94 3922 1614 3991; baseline 0.001 -15"><span class='ocrx_word' id='word_1_395' title='bbox 94 3925 266 3978; x_wconf 74' lang='lat' dir='ltr'><strong>Credo</strong></span> <span class='ocrx_word' id='word_1_396' title='bbox 297 3922 487 3976; x_wconf 88' lang='lat' dir='ltr'><strong>dicitur</strong></span> <span class='ocrx_word' id='word_1_397' title='bbox 514 3940 527 3987; x_wconf 91' lang='lat'><strong>;</strong></span> <span class='ocrx_word' id='word_1_398' title='bbox 561 3932 614 3976; x_wconf 86' lang='lat' dir='ltr'><strong>et</strong></span> <span class='ocrx_word' id='word_1_399' title='bbox 647 3933 953 3991; x_wconf 88' lang='lat' dir='ltr'><strong>paramenta</strong></span> <span class='ocrx_word' id='word_1_400' title='bbox 983 3925 1178 3978; x_wconf 86' lang='lat' dir='ltr'><strong>debent</strong></span> <span class='ocrx_word' id='word_1_401' title='bbox 1208 3940 1329 3978; x_wconf 88' lang='lat' dir='ltr'><strong>es-c</strong></span> <span class='ocrx_word' id='word_1_402' title='bbox 1358 3924 1614 3979; x_wconf 80' lang='lat' dir='ltr'><strong>violacea.</strong></span> 
     </span>
    </p>
   </div>
   <div class='ocr_carea' id='block_1_58' title="bbox 405 4012 1391 4067">
    <p class='ocr_par' dir='ltr' id='par_1_58' title="bbox 405 4012 1391 4067">
     <span class='ocr_line' id='line_1_58' title="bbox 405 4012 1391 4067; baseline 0.001 -1"><span class='ocrx_word' id='word_1_403' title='bbox 405 4012 563 4066; x_wconf 69' lang='lat' dir='ltr'><strong>XHI.</strong></span> <span class='ocrx_word' id='word_1_404' title='bbox 606 4013 682 4065; x_wconf 86' lang='lat' dir='ltr'><strong>De</strong></span> <span class='ocrx_word' id='word_1_405' title='bbox 721 4012 1120 4067; x_wconf 78' lang='lat' dir='ltr'><strong>Circumcisione</strong></span> <span class='ocrx_word' id='word_1_406' title='bbox 1159 4013 1391 4067; x_wconf 81' lang='lat' dir='ltr'><strong>Domini.</strong></span> 
     </span>
    </p>
   </div>
   <div class='ocr_carea' id='block_1_59' title="bbox 184 4101 1689 4160">
    <p class='ocr_par' dir='ltr' id='par_1_59' title="bbox 184 4101 1689 4160">
     <span class='ocr_line' id='line_1_59' title="bbox 184 4101 1689 4160; baseline 0.003 -4"><span class='ocrx_word' id='word_1_407' title='bbox 184 4103 241 4158; x_wconf 92' lang='lat' dir='ltr'><strong>In</strong></span> <span class='ocrx_word' id='word_1_408' title='bbox 260 4101 672 4158; x_wconf 79' lang='lat' dir='ltr'><strong>Circuunisione</strong></span> <span class='ocrx_word' id='word_1_409' title='bbox 689 4104 893 4158; x_wconf 88' lang='lat' dir='ltr'><strong>Domini</strong></span> <span class='ocrx_word' id='word_1_410' title='bbox 911 4105 1064 4158; x_wconf 83' lang='lat' dir='ltr'><strong>Missa</strong></span> <span class='ocrx_word' id='word_1_411' title='bbox 1089 4116 1140 4159; x_wconf 93' lang='lat' dir='ltr'><strong>et</strong></span> <span class='ocrx_word' id='word_1_412' title='bbox 1163 4121 1339 4159; x_wconf 84' lang='lat' dir='ltr'><strong>sermo</strong></span> <span class='ocrx_word' id='word_1_413' title='bbox 1370 4106 1689 4160; x_wconf 87' lang='lat' dir='ltr'><strong>mandantur</strong></span> 
     </span>
    </p>
   </div>
   <div class='ocr_carea' id='block_1_60' title="bbox 96 4193 1690 4262">
    <p class='ocr_par' dir='ltr' id='par_1_60' title="bbox 96 4193 1690 4262">
     <span class='ocr_line' id='line_1_60' title="bbox 96 4193 1690 4262; baseline 0.002 -15"><span class='ocrx_word' id='word_1_414' title='bbox 96 4194 490 4247; x_wconf 89' lang='lat' dir='ltr'><strong>tautnnuuodo.</strong></span> <span class='ocrx_word' id='word_1_415' title='bbox 521 4193 593 4246; x_wconf 59' lang='lat' dir='ltr'><strong>Li:</strong></span> <span class='ocrx_word' id='word_1_416' title='bbox 613 4206 664 4248; x_wconf 92' lang='lat' dir='ltr'><strong>et</strong></span> <span class='ocrx_word' id='word_1_417' title='bbox 687 4195 976 4262; x_wconf 79' lang='lat' dir='ltr'><strong>antiquitus</strong></span> <span class='ocrx_word' id='word_1_418' title='bbox 1000 4195 1221 4249; x_wconf 74' lang='lat' dir='ltr'><strong>Romani</strong></span> <span class='ocrx_word' id='word_1_419' title='bbox 1253 4199 1530 4261; x_wconf 80' lang='lat' dir='ltr'><strong>pontiliccs</strong></span> <span class='ocrx_word' id='word_1_420' title='bbox 1557 4214 1690 4252; x_wconf 83' lang='lat' dir='ltr'><strong>cou-</strong></span> 
     </span>
    </p>
   </div>
   <div class='ocr_carea' id='block_1_61' title="bbox 95 4283 1690 4353">
    <p class='ocr_par' dir='ltr' id='par_1_61' title="bbox 95 4283 1690 4353">
     <span class='ocr_line' id='line_1_61' title="bbox 95 4283 1690 4353; baseline 0.006 -19"><span class='ocrx_word' id='word_1_421' title='bbox 95 4295 393 4335; x_wconf 73' lang='lat' dir='ltr'><strong>sueveruut</strong></span> <span class='ocrx_word' id='word_1_422' title='bbox 445 4285 494 4336; x_wconf 90' lang='lat' dir='ltr'><strong>in</strong></span> <span class='ocrx_word' id='word_1_423' title='bbox 539 4283 723 4350; x_wconf 87' lang='lat' dir='ltr'><strong>primis</strong></span> <span class='ocrx_word' id='word_1_424' title='bbox 757 4284 1006 4352; x_wconf 73' lang='lat' dir='ltr'><strong>Vesperis</strong></span> <span class='ocrx_word' id='word_1_425' title='bbox 1039 4287 1196 4353; x_wconf 89' lang='lat' dir='ltr'><strong>hujus</strong></span> <span class='ocrx_word' id='word_1_426' title='bbox 1234 4287 1336 4340; x_wconf 90' lang='lat' dir='ltr'><strong>dici</strong></span> <span class='ocrx_word' id='word_1_427' title='bbox 1382 4291 1563 4342; x_wconf 80' lang='lat' dir='ltr'><strong>venire</strong></span> <span class='ocrx_word' id='word_1_428' title='bbox 1604 4305 1690 4342; x_wconf 89' lang='lat' dir='ltr'><strong>so-</strong></span> 
     </span>
    </p>
   </div>
   <div class='ocr_carea' id='block_1_62' title="bbox 98 4372 1688 4443">
    <p class='ocr_par' dir='ltr' id='par_1_62' title="bbox 98 4372 1688 4443">
     <span class='ocr_line' id='line_1_62' title="bbox 98 4372 1688 4443; baseline 0.003 -15"><span class='ocrx_word' id='word_1_429' title='bbox 98 4372 354 4428; x_wconf 81' lang='lat' dir='ltr'><strong>leuiniter</strong></span> <span class='ocrx_word' id='word_1_430' title='bbox 381 4373 549 4427; x_wconf 87' lang='lat' dir='ltr'><strong>induti</strong></span> <span class='ocrx_word' id='word_1_431' title='bbox 580 4391 698 4429; x_wconf 89' lang='lat' dir='ltr'><strong>cum</strong></span> <span class='ocrx_word' id='word_1_432' title='bbox 733 4375 950 4443; x_wconf 87' lang='lat' dir='ltr'><strong>pluviali</strong></span> <span class='ocrx_word' id='word_1_433' title='bbox 998 4379 1232 4443; x_wconf 76' lang='lat' dir='ltr'><strong>pretiOso</strong></span> <span class='ocrx_word' id='word_1_434' title='bbox 1275 4380 1396 4430; x_wconf 87' lang='lat' dir='ltr'><strong>albo</strong></span> <span class='ocrx_word' id='word_1_435' title='bbox 1438 4389 1492 4431; x_wconf 89' lang='lat' dir='ltr'><strong>et</strong></span> <span class='ocrx_word' id='word_1_436' title='bbox 1532 4380 1688 4433; x_wconf 90' lang='lat' dir='ltr'><strong>mitra</strong></span> 
     </span>
    </p>
   </div>
   <div class='ocr_carea' id='block_1_63' title="bbox 95 4467 1691 4537">
    <p class='ocr_par' dir='ltr' id='par_1_63' title="bbox 95 4467 1691 4537">
     <span class='ocr_line' id='line_1_63' title="bbox 95 4467 1691 4537; baseline 0.002 -15"><span class='ocrx_word' id='word_1_437' title='bbox 95 4468 375 4528; x_wconf 84' lang='lat' dir='ltr'><strong>solemni;</strong></span> <span class='ocrx_word' id='word_1_438' title='bbox 426 4467 698 4521; x_wconf 88' lang='lat' dir='ltr'><strong>modernis</strong></span> <span class='ocrx_word' id='word_1_439' title='bbox 747 4470 1075 4537; x_wconf 90' lang='lat' dir='ltr'><strong>temporibus</strong></span> <span class='ocrx_word' id='word_1_440' title='bbox 1119 4468 1146 4506; x_wconf 75' lang='grc' dir='ltr'><strong>ι)</strong></span> <span class='ocrx_word' id='word_1_441' title='bbox 1190 4472 1336 4524; x_wconf 86' lang='lat' dir='ltr'><strong>venit</strong></span> <span class='ocrx_word' id='word_1_442' title='bbox 1378 4472 1691 4527; x_wconf 82' lang='lat' dir='ltr'><strong>solemniter</strong></span> 
     </span>
    </p>
   </div>
   <div class='ocr_carea' id='block_1_64' title="bbox 99 4559 1046 4627">
    <p class='ocr_par' dir='ltr' id='par_1_64' title="bbox 99 4559 1046 4627">
     <span class='ocr_line' id='line_1_64' title="bbox 99 4559 1046 4627; baseline 0.005 -14"><span class='ocrx_word' id='word_1_443' title='bbox 99 4575 226 4613; x_wconf 84' lang='lat' dir='ltr'><strong>cum</strong></span> <span class='ocrx_word' id='word_1_444' title='bbox 264 4559 476 4626; x_wconf 88' lang='lat' dir='ltr'><strong>pluviali</strong></span> <span class='ocrx_word' id='word_1_445' title='bbox 511 4559 779 4627; x_wconf 89' lang='lat' dir='ltr'><strong>pretioso,</strong></span> <span class='ocrx_word' id='word_1_446' title='bbox 809 4572 863 4616; x_wconf 86' lang='lat' dir='ltr'><strong>et</strong></span> <span class='ocrx_word' id='word_1_447' title='bbox 893 4562 1046 4618; x_wconf 88' lang='lat' dir='ltr'><strong>bene.</strong></span> 
     </span>
    </p>
   </div>
   <div class='ocr_carea' id='block_1_65' title="bbox 180 4650 1693 4723">
    <p class='ocr_par' dir='ltr' id='par_1_65' title="bbox 180 4650 1693 4723">
     <span class='ocr_line' id='line_1_65' title="bbox 180 4650 1693 4723; baseline 0.004 -19"><span class='ocrx_word' id='word_1_448' title='bbox 180 4650 331 4704; x_wconf 85' lang='lat' dir='ltr'><strong>lianc</strong></span> <span class='ocrx_word' id='word_1_449' title='bbox 371 4651 580 4705; x_wconf 81' lang='lat' dir='ltr'><strong>Missam</strong></span> <span class='ocrx_word' id='word_1_450' title='bbox 626 4652 849 4707; x_wconf 83' lang='lat' dir='ltr'><strong>Romani</strong></span> <span class='ocrx_word' id='word_1_451' title='bbox 892 4656 1168 4721; x_wconf 75' lang='lat' dir='ltr'><strong>pontiﬁces</strong></span> <span class='ocrx_word' id='word_1_452' title='bbox 1209 4670 1424 4723; x_wconf 83' lang='lat' dir='ltr'><strong>semper</strong></span> <span class='ocrx_word' id='word_1_453' title='bbox 1463 4671 1693 4711; x_wconf 84' lang='lat' dir='ltr'><strong>consuc-</strong></span> 
     </span>
    </p>
   </div>
   <div class='ocr_carea' id='block_1_66' title="bbox 99 4743 1694 4808">
    <p class='ocr_par' dir='ltr' id='par_1_66' title="bbox 99 4743 1694 4808">
     <span class='ocr_line' id='line_1_66' title="bbox 99 4743 1694 4808; baseline 0.004 -13"><span class='ocrx_word' id='word_1_454' title='bbox 99 4751 301 4795; x_wconf 84' lang='lat' dir='ltr'><strong>vcrunt</strong></span> <span class='ocrx_word' id='word_1_455' title='bbox 330 4743 643 4808; x_wconf 89' lang='lat' dir='ltr'><strong>celebrare;</strong></span> <span class='ocrx_word' id='word_1_456' title='bbox 676 4759 775 4798; x_wconf 91' lang='lat' dir='ltr'><strong>nec</strong></span> <span class='ocrx_word' id='word_1_457' title='bbox 804 4745 861 4798; x_wconf 88' lang='lat' dir='ltr'><strong>tit</strong></span> <span class='ocrx_word' id='word_1_458' title='bbox 900 4748 1340 4802; x_wconf 86' lang='lat' dir='ltr'><strong>commemoratio</strong></span> <span class='ocrx_word' id='word_1_459' title='bbox 1379 4748 1446 4802; x_wconf 93' lang='lat' dir='ltr'><strong>de</strong></span> <span class='ocrx_word' id='word_1_460' title='bbox 1491 4749 1694 4802; x_wconf 85' lang='lat' dir='ltr'><strong>sanctis</strong></span> 
     </span>
    </p>
   </div>
   <div class='ocr_carea' id='block_1_67' title="bbox 99 4833 1130 4903">
    <p class='ocr_par' dir='ltr' id='par_1_67' title="bbox 99 4833 1130 4903">
     <span class='ocr_line' id='line_1_67' title="bbox 99 4833 1130 4903; baseline 0.005 -17"><span class='ocrx_word' id='word_1_461' title='bbox 99 4841 329 4903; x_wconf 74' lang='lat' dir='ltr'><strong>promer</strong></span> <span class='ocrx_word' id='word_1_462' title='bbox 359 4833 625 4887; x_wconf 75' lang='lat' dir='ltr'><strong>rubrit-am</strong></span> <span class='ocrx_word' id='word_1_463' title='bbox 657 4834 946 4890; x_wconf 87' lang='lat' dir='ltr'><strong>Clementis</strong></span> <span class='ocrx_word' id='word_1_464' title='bbox 973 4840 1130 4892; x_wconf 75' lang='lat' dir='ltr'><strong>sexti.</strong></span> 
     </span>
    </p>
   </div>
   <div class='ocr_carea' id='block_1_68' title="bbox 183 4923 1692 4992">
    <p class='ocr_par' dir='ltr' id='par_1_68' title="bbox 183 4923 1692 4992">
     <span class='ocr_line' id='line_1_68' title="bbox 183 4923 1692 4992; baseline 0.004 -16"><span class='ocrx_word' id='word_1_465' title='bbox 183 4923 316 4976; x_wconf 89' lang='lat' dir='ltr'><strong>Item</strong></span> <span class='ocrx_word' id='word_1_466' title='bbox 360 4932 512 4988; x_wconf 87' lang='lat' dir='ltr'><strong>nota,</strong></span> <span class='ocrx_word' id='word_1_467' title='bbox 557 4923 600 4977; x_wconf 90' lang='lat' dir='ltr'><strong>si</strong></span> <span class='ocrx_word' id='word_1_468' title='bbox 647 4939 779 4992; x_wconf 91' lang='lat' dir='ltr'><strong>papa</strong></span> <span class='ocrx_word' id='word_1_469' title='bbox 821 4927 891 4979; x_wconf 91' lang='lat' dir='ltr'><strong>sit</strong></span> <span class='ocrx_word' id='word_1_470' title='bbox 934 4928 984 4980; x_wconf 92' lang='lat' dir='ltr'><strong>in</strong></span> <span class='ocrx_word' id='word_1_471' title='bbox 1032 4927 1172 4981; x_wconf 86' lang='lat' dir='ltr'><strong>Urbe</strong></span> <span class='ocrx_word' id='word_1_472' title='bbox 1215 4926 1315 4982; x_wconf 86' lang='lat' dir='ltr'><strong>hac</strong></span> <span class='ocrx_word' id='word_1_473' title='bbox 1356 4928 1477 4992; x_wconf 92' lang='lat' dir='ltr'><strong>die,</strong></span> <span class='ocrx_word' id='word_1_474' title='bbox 1507 4937 1560 4982; x_wconf 92' lang='lat' dir='ltr'><strong>et</strong></span> <span class='ocrx_word' id='word_1_475' title='bbox 1589 4945 1692 4982; x_wconf 90' lang='lat' dir='ltr'><strong>non</strong></span> 
     </span>
    </p>
   </div>
   <div class='ocr_carea' id='block_1_69' title="bbox 96 5015 1693 5090">
    <p class='ocr_par' dir='ltr' id='par_1_69' title="bbox 96 5015 1693 5090">
     <span class='ocr_line' id='line_1_69' title="bbox 96 5015 1693 5090; baseline 0.004 -21"><span class='ocrx_word' id='word_1_476' title='bbox 96 5015 372 5079; x_wconf 88' lang='lat' dir='ltr'><strong>celebret,</strong></span> <span class='ocrx_word' id='word_1_477' title='bbox 401 5016 495 5069; x_wconf 89' lang='lat' dir='ltr'><strong>sed</strong></span> <span class='ocrx_word' id='word_1_478' title='bbox 530 5016 654 5070; x_wconf 79' lang='lat' dir='ltr'><strong>facit</strong></span> <span class='ocrx_word' id='word_1_479' title='bbox 683 5017 788 5071; x_wconf 92' lang='lat' dir='ltr'><strong>dici</strong></span> <span class='ocrx_word' id='word_1_480' title='bbox 818 5018 1032 5072; x_wconf 86' lang='lat' dir='ltr'><strong>Missam</strong></span> <span class='ocrx_word' id='word_1_481' title='bbox 1065 5036 1160 5088; x_wconf 87' lang='lat' dir='ltr'><strong>per</strong></span> <span class='ocrx_word' id='word_1_482' title='bbox 1187 5020 1420 5090; x_wconf 87' lang='lat' dir='ltr'><strong>aliquem</strong></span> <span class='ocrx_word' id='word_1_483' title='bbox 1451 5022 1693 5076; x_wconf 88' lang='lat' dir='ltr'><strong>cardina-</strong></span> 
     </span>
    </p>
   </div>
   <div class='ocr_carea' id='block_1_70' title="bbox 108 5105 1695 5184">
    <p class='ocr_par' dir='ltr' id='par_1_70' title="bbox 108 5105 1695 5184">
     <span class='ocr_line' id='line_1_70' title="bbox 108 5105 1695 5184; baseline 0.004 -22"><span class='ocrx_word' id='word_1_484' title='bbox 108 5107 226 5162; x_wconf 82' lang='lat' dir='ltr'><strong>lem</strong></span> <span class='ocrx_word' id='word_1_485' title='bbox 261 5105 312 5160; x_wconf 92' lang='lat' dir='ltr'><strong>in</strong></span> <span class='ocrx_word' id='word_1_486' title='bbox 358 5107 584 5162; x_wconf 88' lang='lat' dir='ltr'><strong>ecclesia</strong></span> <span class='ocrx_word' id='word_1_487' title='bbox 631 5110 800 5184; x_wconf 86' lang='lat' dir='ltr'><strong>sancti</strong></span> <span class='ocrx_word' id='word_1_488' title='bbox 849 5110 1020 5179; x_wconf 84' lang='lat' dir='ltr'><strong>Petri,</strong></span> <span class='ocrx_word' id='word_1_489' title='bbox 1067 5124 1351 5180; x_wconf 89' lang='lat' dir='ltr'><strong>antequam</strong></span> <span class='ocrx_word' id='word_1_490' title='bbox 1409 5113 1695 5168; x_wconf 84' lang='lat' dir='ltr'><strong>cardinalis</strong></span> 
     </span>
    </p>
   </div>
   <div class='ocr_carea' id='block_1_71' title="bbox 107 5200 1696 5274">
    <p class='ocr_par' dir='ltr' id='par_1_71' title="bbox 107 5200 1696 5274">
     <span class='ocr_line' id='line_1_71' title="bbox 107 5200 1696 5274; baseline 0.003 -19"><span class='ocrx_word' id='word_1_491' title='bbox 107 5200 341 5264; x_wconf 86' lang='lat' dir='ltr'><strong>induat,</strong></span> <span class='ocrx_word' id='word_1_492' title='bbox 373 5211 724 5270; x_wconf 69' lang='lat' dir='ltr'><strong>prmsentetur</strong></span> <span class='ocrx_word' id='word_1_493' title='bbox 754 5203 894 5257; x_wconf 84' lang='lat' dir='ltr'><strong>bulla</strong></span> <span class='ocrx_word' id='word_1_494' title='bbox 935 5203 1203 5274; x_wconf 89' lang='lat' dir='ltr'><strong>quomodo</strong></span> <span class='ocrx_word' id='word_1_495' title='bbox 1244 5220 1376 5274; x_wconf 88' lang='lat' dir='ltr'><strong>papa</strong></span> <span class='ocrx_word' id='word_1_496' title='bbox 1422 5205 1696 5272; x_wconf 78' lang='lat' dir='ltr'><strong>diSpensat</strong></span> 
     </span>
    </p>
   </div>
   <div class='ocr_carea' id='block_1_72' title="bbox 189 5337 1692 5408">
    <p class='ocr_par' dir='ltr' id='par_1_72' title="bbox 189 5337 1692 5408">
     <span class='ocr_line' id='line_1_72' title="bbox 189 5337 1692 5408; baseline -0.001 -16"><span class='ocrx_word' id='word_1_497' title='bbox 189 5346 213 5373; x_wconf 78' lang='grc' dir='ltr'><strong>ο</strong></span> <span class='ocrx_word' id='word_1_498' title='bbox 257 5337 396 5392; x_wconf 90' lang='lat' dir='ltr'><strong>llinc</strong></span> <span class='ocrx_word' id='word_1_499' title='bbox 429 5340 739 5407; x_wconf 80' lang='lat' dir='ltr'><strong>corrigenda</strong></span> <span class='ocrx_word' id='word_1_500' title='bbox 773 5341 931 5396; x_wconf 91' lang='lat' dir='ltr'><strong>lectio</strong></span> <span class='ocrx_word' id='word_1_501' title='bbox 962 5341 1144 5395; x_wconf 84' lang='lat' dir='ltr'><strong>Jacobi</strong></span> <span class='ocrx_word' id='word_1_502' title='bbox 1181 5341 1456 5404; x_wconf 85' lang='lat' dir='ltr'><strong>Gaietani,</strong></span> <span class='ocrx_word' id='word_1_503' title='bbox 1502 5356 1692 5408; x_wconf 89' lang='lat' dir='ltr'><strong>supra,</strong></span> 
     </span>
    </p>
   </div>
   <div class='ocr_carea' id='block_1_73' title="bbox 102 5409 1690 5482">
    <p class='ocr_par' dir='ltr' id='par_1_73' title="bbox 102 5409 1690 5482">
     <span class='ocr_line' id='line_1_73' title="bbox 102 5409 1690 5482; baseline 0 -18"><span class='ocrx_word' id='word_1_504' title='bbox 102 5409 396 5482; x_wconf 60' lang='lat' dir='ltr'><strong>pag.§4l,</strong></span> <span class='ocrx_word' id='word_1_505' title='bbox 431 5423 588 5461; x_wconf 89' lang='lat' dir='ltr'><strong>versu</strong></span> <span class='ocrx_word' id='word_1_506' title='bbox 622 5411 839 5477; x_wconf 90' lang='lat' dir='ltr'><strong>ultimo,</strong></span> <span class='ocrx_word' id='word_1_507' title='bbox 868 5422 921 5467; x_wconf 91' lang='lat' dir='ltr'><strong>et</strong></span> <span class='ocrx_word' id='word_1_508' title='bbox 952 5413 1228 5482; x_wconf 70' lang='lat' dir='ltr'><strong>legendum</strong></span> <span class='ocrx_word' id='word_1_509' title='bbox 1254 5454 1266 5476; x_wconf 89' lang='lat'><strong>,</strong></span> <span class='ocrx_word' id='word_1_510' title='bbox 1303 5421 1359 5464; x_wconf 94' lang='lat' dir='ltr'><strong>ut</strong></span> <span class='ocrx_word' id='word_1_511' title='bbox 1401 5411 1500 5466; x_wconf 91' lang='lat' dir='ltr'><strong>hoc</strong></span> <span class='ocrx_word' id='word_1_512' title='bbox 1543 5414 1690 5477; x_wconf 88' lang='lat' dir='ltr'><strong>loco,</strong></span> 
     </span>
    </p>
   </div>
   <div class='ocr_carea' id='block_1_74' title="bbox 99 5479 622 5547">
    <p class='ocr_par' dir='ltr' id='par_1_74' title="bbox 99 5479 622 5547">
     <span class='ocr_line' id='line_1_74' title="bbox 99 5479 622 5547; baseline -0.008 -14"><span class='ocrx_word' id='word_1_513' title='bbox 99 5479 366 5547; x_wconf 58' lang='lat' dir='ltr'><strong>capellam</strong></span> <span class='ocrx_word' id='word_1_514' title='bbox 398 5481 622 5533; x_wconf 75' lang='lat' dir='ltr'><strong>honoris.</strong></span> 
     </span>
    </p>
   </div>
   <div class='ocr_carea' id='block_1_75' title="bbox 185 5548 1695 5616">
    <p class='ocr_par' dir='ltr' id='par_1_75' title="bbox 185 5548 1695 5616">
     <span class='ocr_line' id='line_1_75' title="bbox 185 5548 1695 5616; baseline 0.001 -15"><span class='ocrx_word' id='word_1_515' title='bbox 185 5552 210 5588; x_wconf 71' lang='grc' dir='ltr'><strong>υ</strong></span> <span class='ocrx_word' id='word_1_516' title='bbox 256 5548 556 5616; x_wconf 74' lang='lat' dir='ltr'><strong>Legendum</strong></span> <span class='ocrx_word' id='word_1_517' title='bbox 603 5549 808 5602; x_wconf 89' lang='lat' dir='ltr'><strong>videtur</strong></span> <span class='ocrx_word' id='word_1_518' title='bbox 851 5568 950 5603; x_wconf 84' lang='lat' dir='ltr'><strong>non</strong></span> <span class='ocrx_word' id='word_1_519' title='bbox 994 5553 1146 5605; x_wconf 81' lang='lat' dir='ltr'><strong>venit.</strong></span> <span class='ocrx_word' id='word_1_520' title='bbox 1192 5551 1387 5606; x_wconf 78' lang='lat' dir='ltr'><strong>Confer</strong></span> <span class='ocrx_word' id='word_1_521' title='bbox 1425 5551 1695 5606; x_wconf 72' lang='lat' dir='ltr'><strong>Cteremo-</strong></span> 
     </span>
    </p>
   </div>
   <div class='ocr_carea' id='block_1_76' title="bbox 99 5616 978 5688">
    <p class='ocr_par' dir='ltr' id='par_1_76' title="bbox 99 5616 978 5688">
     <span class='ocr_line' id='line_1_76' title="bbox 99 5616 978 5688; baseline 0.008 -21"><span class='ocrx_word' id='word_1_522' title='bbox 99 5625 255 5678; x_wconf 63' lang='lat' dir='ltr'><strong>niale</strong></span> <span class='ocrx_word' id='word_1_523' title='bbox 289 5620 425 5671; x_wconf 79' lang='lat' dir='ltr'><strong>l’ctri</strong></span> <span class='ocrx_word' id='word_1_524' title='bbox 461 5616 704 5672; x_wconf 82' lang='lat' dir='ltr'><strong>Gaietaui</strong></span> <span class='ocrx_word' id='word_1_525' title='bbox 738 5636 857 5688; x_wconf 88' lang='lat' dir='ltr'><strong>cap.</strong></span> <span class='ocrx_word' id='word_1_526' title='bbox 890 5622 978 5674; x_wconf 80' lang='lat'><strong>77.</strong></span> 
     </span>
    </p>
   </div>
   <div class='ocr_carea' id='block_1_77' title="bbox 184 5688 1694 5760">
    <p class='ocr_par' dir='ltr' id='par_1_77' title="bbox 184 5688 1694 5760">
     <span class='ocr_line' id='line_1_77' title="bbox 184 5688 1694 5760; baseline 0.001 -19"><span class='ocrx_word' id='word_1_527' title='bbox 184 5700 207 5727; x_wconf 76' lang='grc' dir='ltr'><strong>ο</strong></span> <span class='ocrx_word' id='word_1_528' title='bbox 259 5688 371 5741; x_wconf 71' lang='lat' dir='ltr'><strong>Etsi</strong></span> <span class='ocrx_word' id='word_1_529' title='bbox 404 5689 516 5760; x_wconf 72' lang='lat' dir='ltr'><strong>lure</strong></span> <span class='ocrx_word' id='word_1_530' title='bbox 545 5705 644 5742; x_wconf 78' lang='lat' dir='ltr'><strong>vox</strong></span> <span class='ocrx_word' id='word_1_531' title='bbox 678 5692 829 5760; x_wconf 75' lang='lat' dir='ltr'><strong>regia:</strong></span> <span class='ocrx_word' id='word_1_532' title='bbox 861 5707 963 5744; x_wconf 82' lang='lat' dir='ltr'><strong>non</strong></span> <span class='ocrx_word' id='word_1_533' title='bbox 993 5707 1113 5744; x_wconf 79' lang='lat' dir='ltr'><strong>raro</strong></span> <span class='ocrx_word' id='word_1_534' title='bbox 1144 5700 1321 5760; x_wconf 85' lang='lat' dir='ltr'><strong>portas</strong></span> <span class='ocrx_word' id='word_1_535' title='bbox 1354 5690 1588 5744; x_wconf 67' lang='lat' dir='ltr'><strong>lnasilicm</strong></span> <span class='ocrx_word' id='word_1_536' title='bbox 1621 5691 1694 5743; x_wconf 85' lang='lat' dir='ltr'><strong>Si-</strong></span> 
     </span>
    </p>
   </div>
   <div class='ocr_carea' id='block_1_78' title="bbox 95 5758 1691 5834">
    <p class='ocr_par' dir='ltr' id='par_1_78' title="bbox 95 5758 1691 5834">
     <span class='ocr_line' id='line_1_78' title="bbox 95 5758 1691 5834; baseline -0.001 -18"><span class='ocrx_word' id='word_1_537' title='bbox 95 5761 331 5834; x_wconf 78' lang='lat' dir='ltr'><strong>gnilicat</strong></span> <span class='ocrx_word' id='word_1_538' title='bbox 361 5758 502 5827; x_wconf 87' lang='lat' dir='ltr'><strong>apud</strong></span> <span class='ocrx_word' id='word_1_539' title='bbox 533 5760 664 5815; x_wconf 65' lang='lat' dir='ltr'><strong>alios</strong></span> <span class='ocrx_word' id='word_1_540' title='bbox 694 5758 973 5831; x_wconf 81' lang='lat' dir='ltr'><strong>auctores,</strong></span> <span class='ocrx_word' id='word_1_541' title='bbox 1006 5763 1056 5817; x_wconf 92' lang='lat' dir='ltr'><strong>in</strong></span> <span class='ocrx_word' id='word_1_542' title='bbox 1089 5758 1170 5818; x_wconf 73' lang='lat' dir='ltr'><strong>his</strong></span> <span class='ocrx_word' id='word_1_543' title='bbox 1196 5771 1370 5818; x_wconf 74' lang='lat' dir='ltr'><strong>tamen</strong></span> <span class='ocrx_word' id='word_1_544' title='bbox 1401 5762 1550 5818; x_wconf 82' lang='lat' dir='ltr'><strong>libris</strong></span> <span class='ocrx_word' id='word_1_545' title='bbox 1579 5775 1691 5834; x_wconf 90' lang='lat' dir='ltr'><strong>pas-</strong></span> 
     </span>
    </p>
   </div>
   <div class='ocr_carea' id='block_1_79' title="bbox 1714 3193 1762 3254">
    <p class='ocr_par' dir='ltr' id='par_1_79' title="bbox 1714 3193 1762 3254">
     <span class='ocr_line' id='line_1_79' title="bbox 1714 3193 1762 3254; baseline 0 0"><span class='ocrx_word' id='word_1_546' title='bbox 1714 3193 1762 3254; x_wconf 87' lang='lat' dir='ltr'><strong>C</strong></span> 
     </span>
    </p>
   </div>
   <div class='ocr_carea' id='block_1_80' title="bbox 1854 1895 3364 1966">
    <p class='ocr_par' dir='ltr' id='par_1_80' title="bbox 1854 1895 3364 1966">
     <span class='ocr_line' id='line_1_80' title="bbox 1854 1895 3364 1966; baseline 0.004 -18"><span class='ocrx_word' id='word_1_547' title='bbox 1854 1895 1983 1949; x_wconf 78' lang='lat' dir='ltr'><strong>item</strong></span> <span class='ocrx_word' id='word_1_548' title='bbox 2017 1911 2162 1949; x_wconf 86' lang='lat' dir='ltr'><strong>anno</strong></span> <span class='ocrx_word' id='word_1_549' title='bbox 2196 1895 2405 1950; x_wconf 90' lang='lat' dir='ltr'><strong>Domini</strong></span> <span class='ocrx_word' id='word_1_550' title='bbox 2442 1897 2579 1950; x_wconf 79' lang='grc'>1589</span> <span class='ocrx_word' id='word_1_551' title='bbox 2602 1937 2616 1960; x_wconf 85' lang='grc'><em>,</em></span> <span class='ocrx_word' id='word_1_552' title='bbox 2649 1897 2991 1966; x_wconf 81' lang='lat' dir='ltr'><strong>pontiﬁcatus</strong></span> <span class='ocrx_word' id='word_1_553' title='bbox 3022 1897 3233 1952; x_wconf 85' lang='lat' dir='ltr'><strong>Domini</strong></span> <span class='ocrx_word' id='word_1_554' title='bbox 3265 1899 3364 1954; x_wconf 84' lang='lat' dir='ltr'><strong>Ur-</strong></span> 
     </span>
    </p>
   </div>
   <div class='ocr_carea' id='block_1_81' title="bbox 1785 1985 3374 2057">
    <p class='ocr_par' dir='ltr' id='par_1_81' title="bbox 1785 1985 3374 2057">
     <span class='ocr_line' id='line_1_81' title="bbox 1785 1985 3374 2057; baseline 0.003 -18"><span class='ocrx_word' id='word_1_555' title='bbox 1785 1985 1910 2040; x_wconf 85' lang='lat' dir='ltr'><strong>bani</strong></span> <span class='ocrx_word' id='word_1_556' title='bbox 1947 1987 2005 2039; x_wconf 76' lang='lat' dir='ltr'><strong>Vl</strong></span> <span class='ocrx_word' id='word_1_557' title='bbox 2038 2003 2178 2041; x_wconf 90' lang='lat' dir='ltr'><strong>anno</strong></span> <span class='ocrx_word' id='word_1_558' title='bbox 2216 1990 2278 2042; x_wconf 88' lang='lat' dir='ltr'><strong>t0</strong></span> <span class='ocrx_word' id='word_1_559' title='bbox 2301 2029 2315 2053; x_wconf 96' lang='lat'><strong>,</strong></span> <span class='ocrx_word' id='word_1_560' title='bbox 2349 1989 2537 2042; x_wconf 81' lang='lat' dir='ltr'><strong>festum</strong></span> <span class='ocrx_word' id='word_1_561' title='bbox 2571 1989 2708 2042; x_wconf 76' lang='lat' dir='ltr'><strong>beati</strong></span> <span class='ocrx_word' id='word_1_562' title='bbox 2742 1988 2957 2042; x_wconf 85' lang='lat' dir='ltr'><strong>Antonii</strong></span> <span class='ocrx_word' id='word_1_563' title='bbox 2993 1990 3134 2043; x_wconf 87' lang='lat' dir='ltr'><strong>venit</strong></span> <span class='ocrx_word' id='word_1_564' title='bbox 3170 1988 3220 2041; x_wconf 94' lang='lat' dir='ltr'><strong>iu</strong></span> <span class='ocrx_word' id='word_1_565' title='bbox 3268 1991 3374 2057; x_wconf 86' lang='lat' dir='ltr'><strong>pri-</strong></span> 
     </span>
    </p>
   </div>
   <div class='ocr_carea' id='block_1_82' title="bbox 1783 2080 3366 2150">
    <p class='ocr_par' dir='ltr' id='par_1_82' title="bbox 1783 2080 3366 2150">
     <span class='ocr_line' id='line_1_82' title="bbox 1783 2080 3366 2150; baseline 0.002 -18"><span class='ocrx_word' id='word_1_566' title='bbox 1783 2094 1868 2132; x_wconf 87' lang='lat' dir='ltr'><strong>ma</strong></span> <span class='ocrx_word' id='word_1_567' title='bbox 1903 2080 2176 2134; x_wconf 85' lang='lat' dir='ltr'><strong>Dominica</strong></span> <span class='ocrx_word' id='word_1_568' title='bbox 2209 2090 2326 2150; x_wconf 79' lang='lat' dir='ltr'><strong>post</strong></span> <span class='ocrx_word' id='word_1_569' title='bbox 2360 2081 2708 2148; x_wconf 80' lang='lat' dir='ltr'><strong>Epiphaniam</strong></span> <span class='ocrx_word' id='word_1_570' title='bbox 2744 2081 2954 2134; x_wconf 89' lang='lat' dir='ltr'><strong>Domini</strong></span> <span class='ocrx_word' id='word_1_571' title='bbox 2984 2099 2998 2146; x_wconf 90' lang='lat'><strong>;</strong></span> <span class='ocrx_word' id='word_1_572' title='bbox 3054 2082 3184 2134; x_wconf 89' lang='lat' dir='ltr'><strong>nihil</strong></span> <span class='ocrx_word' id='word_1_573' title='bbox 3231 2082 3366 2135; x_wconf 77' lang='lat' dir='ltr'><strong>feci-</strong></span> 
     </span>
    </p>
   </div>
   <div class='ocr_carea' id='block_1_83' title="bbox 1783 2170 3371 2237">
    <p class='ocr_par' dir='ltr' id='par_1_83' title="bbox 1783 2170 3371 2237">
     <span class='ocr_line' id='line_1_83' title="bbox 1783 2170 3371 2237; baseline 0.003 -15"><span class='ocrx_word' id='word_1_574' title='bbox 1783 2184 1902 2224; x_wconf 84' lang='lat' dir='ltr'><strong>mus</strong></span> <span class='ocrx_word' id='word_1_575' title='bbox 1948 2173 2013 2224; x_wconf 90' lang='lat' dir='ltr'><strong>de</strong></span> <span class='ocrx_word' id='word_1_576' title='bbox 2061 2180 2248 2224; x_wconf 90' lang='lat' dir='ltr'><strong>sancto</strong></span> <span class='ocrx_word' id='word_1_577' title='bbox 2299 2171 2566 2237; x_wconf 83' lang='lat' dir='ltr'><strong>Antonio,</strong></span> <span class='ocrx_word' id='word_1_578' title='bbox 2618 2172 2711 2226; x_wconf 89' lang='lat' dir='ltr'><strong>sed</strong></span> <span class='ocrx_word' id='word_1_579' title='bbox 2762 2180 2930 2226; x_wconf 87' lang='lat' dir='ltr'><strong>totum</strong></span> <span class='ocrx_word' id='word_1_580' title='bbox 2980 2171 3049 2226; x_wconf 92' lang='lat' dir='ltr'><strong>de</strong></span> <span class='ocrx_word' id='word_1_581' title='bbox 3096 2170 3371 2227; x_wconf 79' lang='lat' dir='ltr'><strong>Dominica</strong></span> 
     </span>
    </p>
   </div>
   <div class='ocr_carea' id='block_1_84' title="bbox 1785 2261 2388 2316">
    <p class='ocr_par' dir='ltr' id='par_1_84' title="bbox 1785 2261 2388 2316">
     <span class='ocr_line' id='line_1_84' title="bbox 1785 2261 2388 2316; baseline 0.003 -3"><span class='ocrx_word' id='word_1_582' title='bbox 1785 2261 2109 2315; x_wconf 90' lang='lat' dir='ltr'><strong>retinuimus</strong></span> <span class='ocrx_word' id='word_1_583' title='bbox 2141 2263 2190 2314; x_wconf 92' lang='lat' dir='ltr'><strong>in</strong></span> <span class='ocrx_word' id='word_1_584' title='bbox 2228 2261 2388 2316; x_wconf 87' lang='lat' dir='ltr'><strong>Urbe.</strong></span> 
     </span>
    </p>
   </div>
   <div class='ocr_carea' id='block_1_85' title="bbox 1784 2349 3372 2427">
    <p class='ocr_par' dir='ltr' id='par_1_85' title="bbox 1784 2349 3372 2427">
     <span class='ocr_line' id='line_1_85' title="bbox 1784 2349 3372 2427; baseline 0.004 -23"><span class='ocrx_word' id='word_1_585' title='bbox 1784 2349 1924 2406; x_wconf 75' lang='lat' dir='ltr'><strong>XIX.</strong></span> <span class='ocrx_word' id='word_1_586' title='bbox 1971 2350 2049 2406; x_wconf 88' lang='lat' dir='ltr'><strong>De</strong></span> <span class='ocrx_word' id='word_1_587' title='bbox 2080 2351 2446 2417; x_wconf 78' lang='lat' dir='ltr'><strong>Puriﬁcatione</strong></span> <span class='ocrx_word' id='word_1_588' title='bbox 2486 2354 2643 2407; x_wconf 69' lang='lat' dir='ltr'><strong>beatae</strong></span> <span class='ocrx_word' id='word_1_589' title='bbox 2678 2353 2861 2408; x_wconf 74' lang='lat' dir='ltr'><strong>Maria:</strong></span> <span class='ocrx_word' id='word_1_590' title='bbox 2887 2355 3097 2427; x_wconf 81' lang='lat' dir='ltr'><strong>virginis</strong></span> <span class='ocrx_word' id='word_1_591' title='bbox 3135 2355 3372 2410; x_wconf 62' lang='lat' dir='ltr'><strong>rubricas.</strong></span> 
     </span>
    </p>
   </div>
   <div class='ocr_carea' id='block_1_86' title="bbox 1859 2445 3374 2517">
    <p class='ocr_par' dir='ltr' id='par_1_86' title="bbox 1859 2445 3374 2517">
     <span class='ocr_line' id='line_1_86' title="bbox 1859 2445 3374 2517; baseline 0 -17"><span class='ocrx_word' id='word_1_592' title='bbox 1859 2445 1916 2500; x_wconf 85' lang='lat' dir='ltr'><strong>In</strong></span> <span class='ocrx_word' id='word_1_593' title='bbox 1951 2446 2040 2499; x_wconf 90' lang='lat' dir='ltr'><strong>die</strong></span> <span class='ocrx_word' id='word_1_594' title='bbox 2068 2445 2463 2499; x_wconf 78' lang='lat' dir='ltr'><strong>Purilicationis</strong></span> <span class='ocrx_word' id='word_1_595' title='bbox 2493 2446 2663 2499; x_wconf 81' lang='lat' dir='ltr'><strong>beata:</strong></span> <span class='ocrx_word' id='word_1_596' title='bbox 2695 2447 2875 2502; x_wconf 67' lang='lat' dir='ltr'><strong>Maria:</strong></span> <span class='ocrx_word' id='word_1_597' title='bbox 2900 2449 3118 2517; x_wconf 73' lang='lat' dir='ltr'><strong>virginis</strong></span> <span class='ocrx_word' id='word_1_598' title='bbox 3144 2459 3374 2501; x_wconf 81' lang='lat' dir='ltr'><strong>tantum-</strong></span> 
     </span>
    </p>
   </div>
   <div class='ocr_carea' id='block_1_87' title="bbox 1787 2537 3369 2608">
    <p class='ocr_par' dir='ltr' id='par_1_87' title="bbox 1787 2537 3369 2608">
     <span class='ocr_line' id='line_1_87' title="bbox 1787 2537 3369 2608; baseline 0.003 -19"><span class='ocrx_word' id='word_1_599' title='bbox 1787 2538 1948 2592; x_wconf 91' lang='lat' dir='ltr'><strong>modo</strong></span> <span class='ocrx_word' id='word_1_600' title='bbox 1981 2537 2142 2590; x_wconf 77' lang='lat' dir='ltr'><strong>missa</strong></span> <span class='ocrx_word' id='word_1_601' title='bbox 2176 2537 2474 2590; x_wconf 84' lang='lat' dir='ltr'><strong>mandatur.</strong></span> <span class='ocrx_word' id='word_1_602' title='bbox 2522 2537 2635 2590; x_wconf 86' lang='lat' dir='ltr'><strong>Non</strong></span> <span class='ocrx_word' id='word_1_603' title='bbox 2670 2538 2830 2592; x_wconf 86' lang='lat' dir='ltr'><strong>habet</strong></span> <span class='ocrx_word' id='word_1_604' title='bbox 2867 2539 3124 2608; x_wconf 63' lang='lat' dir='ltr'><strong>Vesiieras</strong></span> <span class='ocrx_word' id='word_1_605' title='bbox 3170 2556 3369 2608; x_wconf 63' lang='lat' dir='ltr'><strong>prati-e-</strong></span> 
     </span>
    </p>
   </div>
   <div class='ocr_carea' id='block_1_88' title="bbox 1787 2625 3376 2699">
    <p class='ocr_par' dir='ltr' id='par_1_88' title="bbox 1787 2625 3376 2699">
     <span class='ocr_line' id='line_1_88' title="bbox 1787 2625 3376 2699; baseline 0.003 -19"><span class='ocrx_word' id='word_1_606' title='bbox 1787 2628 1979 2680; x_wconf 90' lang='lat' dir='ltr'><strong>dentes</strong></span> <span class='ocrx_word' id='word_1_607' title='bbox 2009 2625 2360 2690; x_wconf 85' lang='lat' dir='ltr'><strong>uiandantcs;</strong></span> <span class='ocrx_word' id='word_1_608' title='bbox 2393 2627 2483 2680; x_wconf 90' lang='lat' dir='ltr'><strong>sed</strong></span> <span class='ocrx_word' id='word_1_609' title='bbox 2510 2635 2685 2680; x_wconf 88' lang='lat' dir='ltr'><strong>tamen</strong></span> <span class='ocrx_word' id='word_1_610' title='bbox 2714 2628 3012 2683; x_wconf 86' lang='lat' dir='ltr'><strong>cardinales</strong></span> <span class='ocrx_word' id='word_1_611' title='bbox 3043 2630 3093 2684; x_wconf 92' lang='lat' dir='ltr'><strong>in</strong></span> <span class='ocrx_word' id='word_1_612' title='bbox 3129 2630 3376 2699; x_wconf 74' lang='lat' dir='ltr'><strong>Vi-speris</strong></span> 
     </span>
    </p>
   </div>
   <div class='ocr_carea' id='block_1_89' title="bbox 1786 2715 3363 2789">
    <p class='ocr_par' dir='ltr' id='par_1_89' title="bbox 1786 2715 3363 2789">
     <span class='ocr_line' id='line_1_89' title="bbox 1786 2715 3363 2789; baseline 0.001 -16"><span class='ocrx_word' id='word_1_613' title='bbox 1786 2720 1923 2783; x_wconf 87' lang='lat' dir='ltr'><strong>sint,</strong></span> <span class='ocrx_word' id='word_1_614' title='bbox 1960 2730 2013 2772; x_wconf 92' lang='lat' dir='ltr'><strong>et</strong></span> <span class='ocrx_word' id='word_1_615' title='bbox 2054 2715 2308 2787; x_wconf 88' lang='lat' dir='ltr'><strong>incipiant</strong></span> <span class='ocrx_word' id='word_1_616' title='bbox 2336 2718 2703 2784; x_wconf 77' lang='lat' dir='ltr'><strong>Antiphouas,</strong></span> <span class='ocrx_word' id='word_1_617' title='bbox 2736 2729 2790 2774; x_wconf 90' lang='lat' dir='ltr'><strong>et</strong></span> <span class='ocrx_word' id='word_1_618' title='bbox 2821 2719 3018 2774; x_wconf 87' lang='lat' dir='ltr'><strong>habent</strong></span> <span class='ocrx_word' id='word_1_619' title='bbox 3057 2732 3363 2789; x_wconf 84' lang='lat' dir='ltr'><strong>paramenta</strong></span> 
     </span>
    </p>
   </div>
   <div class='ocr_carea' id='block_1_90' title="bbox 1789 2811 1933 2865">
    <p class='ocr_par' dir='ltr' id='par_1_90' title="bbox 1789 2811 1933 2865">
     <span class='ocr_line' id='line_1_90' title="bbox 1789 2811 1933 2865; baseline -0.007 0"><span class='ocrx_word' id='word_1_620' title='bbox 1789 2811 1933 2865; x_wconf 83' lang='lat' dir='ltr'><strong>alba.</strong></span> 
     </span>
    </p>
   </div>
   <div class='ocr_carea' id='block_1_91' title="bbox 1860 2905 3373 2976">
    <p class='ocr_par' dir='ltr' id='par_1_91' title="bbox 1860 2905 3373 2976">
     <span class='ocr_line' id='line_1_91' title="bbox 1860 2905 3373 2976; baseline 0.001 -14"><span class='ocrx_word' id='word_1_621' title='bbox 1860 2905 2146 2962; x_wconf 86' lang='lat' dir='ltr'><strong>Sciendum</strong></span> <span class='ocrx_word' id='word_1_622' title='bbox 2177 2907 2316 2975; x_wconf 88' lang='lat' dir='ltr'><strong>quod</strong></span> <span class='ocrx_word' id='word_1_623' title='bbox 2353 2906 2395 2958; x_wconf 89' lang='lat' dir='ltr'><strong>si</strong></span> <span class='ocrx_word' id='word_1_624' title='bbox 2440 2905 2577 2960; x_wconf 75' lang='lat' dir='ltr'><strong>istud</strong></span> <span class='ocrx_word' id='word_1_625' title='bbox 2622 2906 2815 2960; x_wconf 80' lang='lat' dir='ltr'><strong>festum</strong></span> <span class='ocrx_word' id='word_1_626' title='bbox 2859 2907 3012 2962; x_wconf 88' lang='lat' dir='ltr'><strong>cadat</strong></span> <span class='ocrx_word' id='word_1_627' title='bbox 3055 2909 3104 2961; x_wconf 94' lang='lat' dir='ltr'><strong>in</strong></span> <span class='ocrx_word' id='word_1_628' title='bbox 3144 2908 3373 2976; x_wconf 84' lang='lat' dir='ltr'><strong>Septua-</strong></span> 
     </span>
    </p>
   </div>
   <div class='ocr_carea' id='block_1_92' title="bbox 1790 2998 3371 3070">
    <p class='ocr_par' dir='ltr' id='par_1_92' title="bbox 1790 2998 3371 3070">
     <span class='ocr_line' id='line_1_92' title="bbox 1790 2998 3371 3070; baseline 0 -18"><span class='ocrx_word' id='word_1_629' title='bbox 1790 3001 1988 3068; x_wconf 80' lang='lat' dir='ltr'><strong>gesima</strong></span> <span class='ocrx_word' id='word_1_630' title='bbox 2019 3008 2108 3052; x_wconf 90' lang='lat' dir='ltr'><strong>aut</strong></span> <span class='ocrx_word' id='word_1_631' title='bbox 2139 2998 2514 3067; x_wconf 78' lang='lat' dir='ltr'><strong>Sexagesima,</strong></span> <span class='ocrx_word' id='word_1_632' title='bbox 2558 2999 2881 3054; x_wconf 81' lang='lat' dir='ltr'><strong>transfertur</strong></span> <span class='ocrx_word' id='word_1_633' title='bbox 2922 3016 3093 3070; x_wconf 77' lang='lat' dir='ltr'><strong>usque</strong></span> <span class='ocrx_word' id='word_1_634' title='bbox 3135 3002 3185 3055; x_wconf 92' lang='lat' dir='ltr'><strong>in</strong></span> <span class='ocrx_word' id='word_1_635' title='bbox 3228 3003 3371 3057; x_wconf 88' lang='lat' dir='ltr'><strong>diem</strong></span> 
     </span>
    </p>
   </div>
   <div class='ocr_carea' id='block_1_93' title="bbox 1794 3095 1976 3144">
    <p class='ocr_par' dir='ltr' id='par_1_93' title="bbox 1794 3095 1976 3144">
     <span class='ocr_line' id='line_1_93' title="bbox 1794 3095 1976 3144; baseline -0.011 0"><span class='ocrx_word' id='word_1_636' title='bbox 1794 3095 1976 3144; x_wconf 71' lang='lat' dir='ltr'><strong>Lunae.</strong></span> 
     </span>
    </p>
   </div>
   <div class='ocr_carea' id='block_1_94' title="bbox 1864 3180 3378 3252">
    <p class='ocr_par' dir='ltr' id='par_1_94' title="bbox 1864 3180 3378 3252">
     <span class='ocr_line' id='line_1_94' title="bbox 1864 3180 3378 3252; baseline 0.003 -18"><span class='ocrx_word' id='word_1_637' title='bbox 1864 3182 1918 3236; x_wconf 91' lang='lat' dir='ltr'><strong>ln</strong></span> <span class='ocrx_word' id='word_1_638' title='bbox 1951 3182 2136 3250; x_wconf 91' lang='lat' dir='ltr'><strong>primis</strong></span> <span class='ocrx_word' id='word_1_639' title='bbox 2162 3181 2410 3250; x_wconf 78' lang='lat' dir='ltr'><strong>Vesperis</strong></span> <span class='ocrx_word' id='word_1_640' title='bbox 2434 3195 2565 3250; x_wconf 86' lang='lat' dir='ltr'><strong>papa</strong></span> <span class='ocrx_word' id='word_1_641' title='bbox 2594 3180 2743 3234; x_wconf 82' lang='lat' dir='ltr'><strong>venit</strong></span> <span class='ocrx_word' id='word_1_642' title='bbox 2761 3195 2880 3235; x_wconf 91' lang='lat' dir='ltr'><strong>cum</strong></span> <span class='ocrx_word' id='word_1_643' title='bbox 2907 3182 3134 3250; x_wconf 88' lang='lat' dir='ltr'><strong>simplici</strong></span> <span class='ocrx_word' id='word_1_644' title='bbox 3166 3183 3378 3252; x_wconf 79' lang='lat' dir='ltr'><strong>pluviali</strong></span> 
     </span>
    </p>
   </div>
   <div class='ocr_carea' id='block_1_95' title="bbox 1787 3275 2733 3340">
    <p class='ocr_par' dir='ltr' id='par_1_95' title="bbox 1787 3275 2733 3340">
     <span class='ocr_line' id='line_1_95' title="bbox 1787 3275 2733 3340; baseline -0.006 -9"><span class='ocrx_word' id='word_1_645' title='bbox 1787 3275 1853 3330; x_wconf 88' lang='lat' dir='ltr'><strong>de</strong></span> <span class='ocrx_word' id='word_1_646' title='bbox 1881 3275 2105 3340; x_wconf 81' lang='lat' dir='ltr'><strong>sumito,</strong></span> <span class='ocrx_word' id='word_1_647' title='bbox 2136 3285 2189 3328; x_wconf 91' lang='lat' dir='ltr'><strong>et</strong></span> <span class='ocrx_word' id='word_1_648' title='bbox 2221 3277 2378 3327; x_wconf 91' lang='lat' dir='ltr'><strong>mitra</strong></span> <span class='ocrx_word' id='word_1_649' title='bbox 2409 3275 2733 3328; x_wconf 79' lang='lat' dir='ltr'><strong>aurifrisata.</strong></span> 
     </span>
    </p>
   </div>
   <div class='ocr_carea' id='block_1_96' title="bbox 2076 3364 3084 3420">
    <p class='ocr_par' dir='ltr' id='par_1_96' title="bbox 2076 3364 3084 3420">
     <span class='ocr_line' id='line_1_96' title="bbox 2076 3364 3084 3420; baseline -0.003 0"><span class='ocrx_word' id='word_1_650' title='bbox 2076 3366 2192 3420; x_wconf 78' lang='lat' dir='ltr'><strong>XX.</strong></span> <span class='ocrx_word' id='word_1_651' title='bbox 2238 3366 2311 3419; x_wconf 89' lang='lat' dir='ltr'><strong>De</strong></span> <span class='ocrx_word' id='word_1_652' title='bbox 2348 3364 2707 3418; x_wconf 80' lang='lat' dir='ltr'><strong>Benedirtione</strong></span> <span class='ocrx_word' id='word_1_653' title='bbox 2734 3365 3084 3419; x_wconf 60' lang='lat' dir='ltr'><strong>conviviorum.</strong></span> 
     </span>
    </p>
   </div>
   <div class='ocr_carea' id='block_1_97' title="bbox 1861 3454 3373 3524">
    <p class='ocr_par' dir='ltr' id='par_1_97' title="bbox 1861 3454 3373 3524">
     <span class='ocr_line' id='line_1_97' title="bbox 1861 3454 3373 3524; baseline -0.003 -9"><span class='ocrx_word' id='word_1_654' title='bbox 1861 3457 2148 3515; x_wconf 73' lang='lat' dir='ltr'><strong>Sciendum</strong></span> <span class='ocrx_word' id='word_1_655' title='bbox 2181 3456 2323 3524; x_wconf 87' lang='lat' dir='ltr'><strong>quod</strong></span> <span class='ocrx_word' id='word_1_656' title='bbox 2357 3455 2410 3509; x_wconf 90' lang='lat' dir='ltr'><strong>in</strong></span> <span class='ocrx_word' id='word_1_657' title='bbox 2444 3455 2529 3509; x_wconf 89' lang='lat' dir='ltr'><strong>die</strong></span> <span class='ocrx_word' id='word_1_658' title='bbox 2561 3454 2950 3509; x_wconf 81' lang='lat' dir='ltr'><strong>Purilicationis</strong></span> <span class='ocrx_word' id='word_1_659' title='bbox 2991 3457 3161 3509; x_wconf 76' lang='lat' dir='ltr'><strong>beata:</strong></span> <span class='ocrx_word' id='word_1_660' title='bbox 3193 3455 3373 3510; x_wconf 77' lang='lat' dir='ltr'><strong>Maria:</strong></span> 
     </span>
    </p>
   </div>
   <div class='ocr_carea' id='block_1_98' title="bbox 1786 3545 3382 3618">
    <p class='ocr_par' dir='ltr' id='par_1_98' title="bbox 1786 3545 3382 3618">
     <span class='ocr_line' id='line_1_98' title="bbox 1786 3545 3382 3618; baseline -0.003 -14"><span class='ocrx_word' id='word_1_661' title='bbox 1786 3549 2006 3618; x_wconf 81' lang='lat' dir='ltr'><strong>virginis</strong></span> <span class='ocrx_word' id='word_1_662' title='bbox 2036 3549 2177 3602; x_wconf 89' lang='lat' dir='ltr'><strong>cerei</strong></span> <span class='ocrx_word' id='word_1_663' title='bbox 2211 3545 2602 3601; x_wconf 77' lang='lat' dir='ltr'><strong>benedicantur</strong></span> <span class='ocrx_word' id='word_1_664' title='bbox 2634 3560 2846 3599; x_wconf 89' lang='lat' dir='ltr'><strong>summo</strong></span> <span class='ocrx_word' id='word_1_665' title='bbox 2879 3561 3036 3599; x_wconf 90' lang='lat' dir='ltr'><strong>mane</strong></span> <span class='ocrx_word' id='word_1_666' title='bbox 3068 3561 3160 3614; x_wconf 87' lang='lat' dir='ltr'><strong>per</strong></span> <span class='ocrx_word' id='word_1_667' title='bbox 3197 3546 3382 3614; x_wconf 83' lang='lat' dir='ltr'><strong>junio-</strong></span> 
     </span>
    </p>
   </div>
   <div class='ocr_carea' id='block_1_99' title="bbox 1787 3635 3374 3708">
    <p class='ocr_par' dir='ltr' id='par_1_99' title="bbox 1787 3635 3374 3708">
     <span class='ocr_line' id='line_1_99' title="bbox 1787 3635 3374 3708; baseline 0 -15"><span class='ocrx_word' id='word_1_668' title='bbox 1787 3655 1901 3693; x_wconf 89' lang='lat' dir='ltr'><strong>rem</strong></span> <span class='ocrx_word' id='word_1_669' title='bbox 1935 3638 2305 3708; x_wconf 87' lang='lat' dir='ltr'><strong>presbyterum</strong></span> <span class='ocrx_word' id='word_1_670' title='bbox 2353 3636 2678 3690; x_wconf 87' lang='lat' dir='ltr'><strong>cardiualcm</strong></span> <span class='ocrx_word' id='word_1_671' title='bbox 2702 3678 2716 3701; x_wconf 91' lang='lat'><strong>,</strong></span> <span class='ocrx_word' id='word_1_672' title='bbox 2748 3635 2837 3706; x_wconf 86' lang='lat' dir='ltr'><strong>qui</strong></span> <span class='ocrx_word' id='word_1_673' title='bbox 2868 3649 2989 3693; x_wconf 82' lang='lat' dir='ltr'><strong>esse</strong></span> <span class='ocrx_word' id='word_1_674' title='bbox 3019 3636 3177 3691; x_wconf 88' lang='lat' dir='ltr'><strong>debet</strong></span> <span class='ocrx_word' id='word_1_675' title='bbox 3219 3638 3374 3692; x_wconf 84' lang='lat' dir='ltr'><strong>indu-</strong></span> 
     </span>
    </p>
   </div>
   <div class='ocr_carea' id='block_1_100' title="bbox 1788 3731 3370 3801">
    <p class='ocr_par' dir='ltr' id='par_1_100' title="bbox 1788 3731 3370 3801">
     <span class='ocr_line' id='line_1_100' title="bbox 1788 3731 3370 3801; baseline 0.002 -16"><span class='ocrx_word' id='word_1_676' title='bbox 1788 3740 1873 3786; x_wconf 90' lang='lat' dir='ltr'><strong>tus</strong></span> <span class='ocrx_word' id='word_1_677' title='bbox 1899 3732 2169 3794; x_wconf 90' lang='lat' dir='ltr'><strong>rochetto,</strong></span> <span class='ocrx_word' id='word_1_678' title='bbox 2202 3732 2318 3784; x_wconf 86' lang='lat' dir='ltr'><strong>alba</strong></span> <span class='ocrx_word' id='word_1_679' title='bbox 2340 3772 2356 3796; x_wconf 92' lang='lat'><strong>,</strong></span> <span class='ocrx_word' id='word_1_680' title='bbox 2386 3731 2616 3795; x_wconf 80' lang='lat' dir='ltr'><strong>amictu,</strong></span> <span class='ocrx_word' id='word_1_681' title='bbox 2648 3731 2781 3785; x_wconf 83' lang='lat' dir='ltr'><strong>stola</strong></span> <span class='ocrx_word' id='word_1_682' title='bbox 2810 3741 2863 3786; x_wconf 90' lang='lat' dir='ltr'><strong>et</strong></span> <span class='ocrx_word' id='word_1_683' title='bbox 2895 3733 3109 3801; x_wconf 86' lang='lat' dir='ltr'><strong>pluviali</strong></span> <span class='ocrx_word' id='word_1_684' title='bbox 3140 3734 3242 3787; x_wconf 90' lang='lat' dir='ltr'><strong>albi</strong></span> <span class='ocrx_word' id='word_1_685' title='bbox 3273 3750 3370 3789; x_wconf 81' lang='lat' dir='ltr'><strong>co-</strong></span> 
     </span>
    </p>
   </div>
   <div class='ocr_carea' id='block_1_101' title="bbox 1789 3819 3380 3894">
    <p class='ocr_par' dir='ltr' id='par_1_101' title="bbox 1789 3819 3380 3894">
     <span class='ocr_line' id='line_1_101' title="bbox 1789 3819 3380 3894; baseline 0.005 -20"><span class='ocrx_word' id='word_1_686' title='bbox 1789 3819 1953 3882; x_wconf 89' lang='lat' dir='ltr'><strong>loris,</strong></span> <span class='ocrx_word' id='word_1_687' title='bbox 1983 3828 2038 3873; x_wconf 87' lang='lat' dir='ltr'><strong>et</strong></span> <span class='ocrx_word' id='word_1_688' title='bbox 2068 3819 2224 3873; x_wconf 91' lang='lat' dir='ltr'><strong>mitra</strong></span> <span class='ocrx_word' id='word_1_689' title='bbox 2255 3821 2484 3887; x_wconf 88' lang='lat' dir='ltr'><strong>simplici</strong></span> <span class='ocrx_word' id='word_1_690' title='bbox 2516 3820 2582 3872; x_wconf 85' lang='lat' dir='ltr'><strong>de</strong></span> <span class='ocrx_word' id='word_1_691' title='bbox 2611 3823 2883 3889; x_wconf 78' lang='lat' dir='ltr'><strong>garnello,</strong></span> <span class='ocrx_word' id='word_1_692' title='bbox 2932 3839 3052 3877; x_wconf 91' lang='lat' dir='ltr'><strong>cum</strong></span> <span class='ocrx_word' id='word_1_693' title='bbox 3105 3841 3238 3894; x_wconf 74' lang='lat' dir='ltr'><strong>aqua</strong></span> <span class='ocrx_word' id='word_1_694' title='bbox 3285 3827 3380 3882; x_wconf 85' lang='lat' dir='ltr'><strong>be-</strong></span> 
     </span>
    </p>
   </div>
   <div class='ocr_carea' id='block_1_102' title="bbox 1792 3908 3377 3986">
    <p class='ocr_par' dir='ltr' id='par_1_102' title="bbox 1792 3908 3377 3986">
     <span class='ocr_line' id='line_1_102' title="bbox 1792 3908 3377 3986; baseline 0.004 -23"><span class='ocrx_word' id='word_1_695' title='bbox 1792 3909 2002 3963; x_wconf 89' lang='lat' dir='ltr'><strong>nedicta</strong></span> <span class='ocrx_word' id='word_1_696' title='bbox 2025 3948 2041 3974; x_wconf 95' lang='lat'><strong>,</strong></span> <span class='ocrx_word' id='word_1_697' title='bbox 2072 3909 2322 3970; x_wconf 90' lang='lat' dir='ltr'><strong>incenso,</strong></span> <span class='ocrx_word' id='word_1_698' title='bbox 2356 3918 2411 3962; x_wconf 89' lang='lat' dir='ltr'><strong>et</strong></span> <span class='ocrx_word' id='word_1_699' title='bbox 2436 3908 2597 3962; x_wconf 59' lang='grc' dir='ltr'><strong>θοι-ἰῆς</strong></span> <span class='ocrx_word' id='word_1_700' title='bbox 2629 3910 2826 3963; x_wconf 87' lang='lat' dir='ltr'><strong>indutis</strong></span> <span class='ocrx_word' id='word_1_701' title='bbox 2855 3927 2976 3966; x_wconf 93' lang='lat' dir='ltr'><strong>cum</strong></span> <span class='ocrx_word' id='word_1_702' title='bbox 3008 3917 3377 3986; x_wconf 74' lang='lat' dir='ltr'><strong>superpliciis,</strong></span> 
     </span>
    </p>
   </div>
   <div class='ocr_carea' id='block_1_103' title="bbox 1790 3998 3374 4063">
    <p class='ocr_par' dir='ltr' id='par_1_103' title="bbox 1790 3998 3374 4063">
     <span class='ocr_line' id='line_1_103' title="bbox 1790 3998 3374 4063; baseline 0.005 -8"><span class='ocrx_word' id='word_1_703' title='bbox 1790 4013 1844 4055; x_wconf 92' lang='lat' dir='ltr'><strong>et</strong></span> <span class='ocrx_word' id='word_1_704' title='bbox 1865 4001 2074 4055; x_wconf 89' lang='lat' dir='ltr'><strong>duobus</strong></span> <span class='ocrx_word' id='word_1_705' title='bbox 2099 3998 2438 4054; x_wconf 79' lang='lat' dir='ltr'><strong>ceroferariis</strong></span> <span class='ocrx_word' id='word_1_706' title='bbox 2467 4015 2587 4052; x_wconf 91' lang='lat' dir='ltr'><strong>cum</strong></span> <span class='ocrx_word' id='word_1_707' title='bbox 2621 4000 2806 4055; x_wconf 80' lang='lat' dir='ltr'><strong>faculis</strong></span> <span class='ocrx_word' id='word_1_708' title='bbox 2836 4004 3077 4057; x_wconf 87' lang='lat' dir='ltr'><strong>accensis</strong></span> <span class='ocrx_word' id='word_1_709' title='bbox 3107 4006 3374 4063; x_wconf 82' lang='lat' dir='ltr'><strong>benedicit</strong></span> 
     </span>
    </p>
   </div>
   <div class='ocr_carea' id='block_1_104' title="bbox 1790 4094 3381 4165">
    <p class='ocr_par' dir='ltr' id='par_1_104' title="bbox 1790 4094 3381 4165">
     <span class='ocr_line' id='line_1_104' title="bbox 1790 4094 3381 4165; baseline 0.004 -16"><span class='ocrx_word' id='word_1_710' title='bbox 1790 4095 2079 4163; x_wconf 89' lang='lat' dir='ltr'><strong>candelas,</strong></span> <span class='ocrx_word' id='word_1_711' title='bbox 2138 4106 2296 4165; x_wconf 92' lang='lat' dir='ltr'><strong>prout</strong></span> <span class='ocrx_word' id='word_1_712' title='bbox 2347 4096 2400 4150; x_wconf 91' lang='lat' dir='ltr'><strong>in</strong></span> <span class='ocrx_word' id='word_1_713' title='bbox 2447 4095 2638 4150; x_wconf 77' lang='lat' dir='ltr'><strong>MisSali</strong></span> <span class='ocrx_word' id='word_1_714' title='bbox 2690 4106 2744 4150; x_wconf 92' lang='lat' dir='ltr'><strong>et</strong></span> <span class='ocrx_word' id='word_1_715' title='bbox 2795 4094 3089 4151; x_wconf 57' lang='lat' dir='ltr'><strong>Pontvlic.ili</strong></span> <span class='ocrx_word' id='word_1_716' title='bbox 3138 4097 3381 4155; x_wconf 79' lang='lat' dir='ltr'><strong>Romano</strong></span> 
     </span>
    </p>
   </div>
   <div class='ocr_carea' id='block_1_105' title="bbox 1791 4190 2118 4245">
    <p class='ocr_par' dir='ltr' id='par_1_105' title="bbox 1791 4190 2118 4245">
     <span class='ocr_line' id='line_1_105' title="bbox 1791 4190 2118 4245; baseline -0.006 0"><span class='ocrx_word' id='word_1_717' title='bbox 1791 4190 2118 4245; x_wconf 89' lang='lat' dir='ltr'><strong>continetur.</strong></span> 
     </span>
    </p>
   </div>
   <div class='ocr_carea' id='block_1_106' title="bbox 1864 4277 3382 4350">
    <p class='ocr_par' dir='ltr' id='par_1_106' title="bbox 1864 4277 3382 4350">
     <span class='ocr_line' id='line_1_106' title="bbox 1864 4277 3382 4350; baseline -0.004 -12"><span class='ocrx_word' id='word_1_718' title='bbox 1864 4283 2139 4350; x_wconf 87' lang='lat' dir='ltr'><strong>Completa</strong></span> <span class='ocrx_word' id='word_1_719' title='bbox 2168 4295 2295 4349; x_wconf 80' lang='lat' dir='ltr'><strong>ergo</strong></span> <span class='ocrx_word' id='word_1_720' title='bbox 2324 4277 2724 4345; x_wconf 83' lang='lat' dir='ltr'><strong>Beuedictione,</strong></span> <span class='ocrx_word' id='word_1_721' title='bbox 2752 4277 3000 4332; x_wconf 88' lang='lat' dir='ltr'><strong>dominus</strong></span> <span class='ocrx_word' id='word_1_722' title='bbox 3031 4289 3205 4333; x_wconf 78' lang='lat' dir='ltr'><strong>noster</strong></span> <span class='ocrx_word' id='word_1_723' title='bbox 3249 4297 3382 4350; x_wconf 75' lang='lat' dir='ltr'><strong>papa</strong></span> 
     </span>
    </p>
   </div>
   <div class='ocr_carea' id='block_1_107' title="bbox 1795 4371 3376 4441">
    <p class='ocr_par' dir='ltr' id='par_1_107' title="bbox 1795 4371 3376 4441">
     <span class='ocr_line' id='line_1_107' title="bbox 1795 4371 3376 4441; baseline -0.003 -11"><span class='ocrx_word' id='word_1_724' title='bbox 1795 4378 1846 4431; x_wconf 92' lang='lat' dir='ltr'><strong>in</strong></span> <span class='ocrx_word' id='word_1_725' title='bbox 1878 4390 2087 4428; x_wconf 87' lang='lat' dir='ltr'><strong>camera</strong></span> <span class='ocrx_word' id='word_1_726' title='bbox 2123 4374 2418 4441; x_wconf 90' lang='lat' dir='ltr'><strong>paramenti</strong></span> <span class='ocrx_word' id='word_1_727' title='bbox 2454 4371 2622 4423; x_wconf 92' lang='lat' dir='ltr'><strong>induit</strong></span> <span class='ocrx_word' id='word_1_728' title='bbox 2650 4386 2709 4424; x_wconf 90' lang='lat' dir='ltr'><strong>se</strong></span> <span class='ocrx_word' id='word_1_729' title='bbox 2737 4371 2910 4422; x_wconf 89' lang='lat' dir='ltr'><strong>albam</strong></span> <span class='ocrx_word' id='word_1_730' title='bbox 2941 4372 3054 4422; x_wconf 79' lang='lat' dir='ltr'><strong>sive</strong></span> <span class='ocrx_word' id='word_1_731' title='bbox 3087 4371 3376 4428; x_wconf 79' lang='lat' dir='ltr'><strong>ltomauam‘</strong></span> 
     </span>
    </p>
   </div>
   <div class='ocr_carea' id='block_1_108' title="bbox 1794 4463 3376 4532">
    <p class='ocr_par' dir='ltr' id='par_1_108' title="bbox 1794 4463 3376 4532">
     <span class='ocr_line' id='line_1_108' title="bbox 1794 4463 3376 4532; baseline -0.003 -9"><span class='ocrx_word' id='word_1_732' title='bbox 1794 4469 2065 4523; x_wconf 86' lang='lat' dir='ltr'><strong>camisiam</strong></span> <span class='ocrx_word' id='word_1_733' title='bbox 2085 4507 2100 4532; x_wconf 91' lang='lat'><strong>,</strong></span> <span class='ocrx_word' id='word_1_734' title='bbox 2131 4466 2320 4521; x_wconf 77' lang='lat' dir='ltr'><strong>stulam</strong></span> <span class='ocrx_word' id='word_1_735' title='bbox 2347 4474 2400 4517; x_wconf 85' lang='lat' dir='ltr'><strong>et</strong></span> <span class='ocrx_word' id='word_1_736' title='bbox 2428 4463 2660 4531; x_wconf 88' lang='lat' dir='ltr'><strong>pluviale</strong></span> <span class='ocrx_word' id='word_1_737' title='bbox 2690 4463 2909 4516; x_wconf 87' lang='lat' dir='ltr'><strong>ruhcum</strong></span> <span class='ocrx_word' id='word_1_738' title='bbox 2941 4463 3009 4517; x_wconf 90' lang='lat' dir='ltr'><strong>de</strong></span> <span class='ocrx_word' id='word_1_739' title='bbox 3038 4464 3229 4516; x_wconf 88' lang='lat' dir='ltr'><strong>samito</strong></span> <span class='ocrx_word' id='word_1_740' title='bbox 3256 4480 3376 4519; x_wconf 90' lang='lat' dir='ltr'><strong>cum</strong></span> 
     </span>
    </p>
   </div>
   <div class='ocr_carea' id='block_1_109' title="bbox 1724 4554 3380 4626">
    <p class='ocr_par' dir='ltr' id='par_1_109' title="bbox 1724 4554 3380 4626">
     <span class='ocr_line' id='line_1_109' title="bbox 1724 4554 3380 4626; baseline -0.002 -15"><span class='ocrx_word' id='word_1_741' title='bbox 1724 4557 2082 4616; x_wconf 85' lang='lat' dir='ltr'><strong>Daurilrisiis</strong></span> <span class='ocrx_word' id='word_1_742' title='bbox 2113 4560 2225 4611; x_wconf 90' lang='lat' dir='ltr'><strong>sive</strong></span> <span class='ocrx_word' id='word_1_743' title='bbox 2258 4559 2418 4626; x_wconf 86' lang='lat' dir='ltr'><strong>perlis</strong></span> <span class='ocrx_word' id='word_1_744' title='bbox 2460 4564 2514 4609; x_wconf 90' lang='lat' dir='ltr'><strong>et</strong></span> <span class='ocrx_word' id='word_1_745' title='bbox 2555 4557 2709 4609; x_wconf 90' lang='lat' dir='ltr'><strong>mitra</strong></span> <span class='ocrx_word' id='word_1_746' title='bbox 2755 4555 2869 4607; x_wconf 90' lang='lat' dir='ltr'><strong>alba</strong></span> <span class='ocrx_word' id='word_1_747' title='bbox 2900 4554 2966 4606; x_wconf 87' lang='lat' dir='ltr'><strong>de</strong></span> <span class='ocrx_word' id='word_1_748' title='bbox 3007 4556 3286 4622; x_wconf 82' lang='lat' dir='ltr'><strong>garnello;</strong></span> <span class='ocrx_word' id='word_1_749' title='bbox 3324 4567 3380 4612; x_wconf 86' lang='lat' dir='ltr'><strong>et</strong></span> 
     </span>
    </p>
   </div>
   <div class='ocr_carea' id='block_1_110' title="bbox 1798 4650 3383 4720">
    <p class='ocr_par' dir='ltr' id='par_1_110' title="bbox 1798 4650 3383 4720">
     <span class='ocr_line' id='line_1_110' title="bbox 1798 4650 3383 4720; baseline -0.001 -12"><span class='ocrx_word' id='word_1_750' title='bbox 1798 4669 1919 4708; x_wconf 92' lang='lat' dir='ltr'><strong>cum</strong></span> <span class='ocrx_word' id='word_1_751' title='bbox 1957 4652 2256 4720; x_wconf 88' lang='lat' dir='ltr'><strong>pervenerit</strong></span> <span class='ocrx_word' id='word_1_752' title='bbox 2284 4652 2348 4704; x_wconf 90' lang='lat' dir='ltr'><strong>ad</strong></span> <span class='ocrx_word' id='word_1_753' title='bbox 2383 4650 2644 4720; x_wconf 84' lang='lat' dir='ltr'><strong>capellam</strong></span> <span class='ocrx_word' id='word_1_754' title='bbox 2668 4691 2683 4716; x_wconf 96' lang='lat'><strong>,</strong></span> <span class='ocrx_word' id='word_1_755' title='bbox 2716 4660 2830 4703; x_wconf 90' lang='lat' dir='ltr'><strong>orat</strong></span> <span class='ocrx_word' id='word_1_756' title='bbox 2871 4658 2995 4703; x_wconf 86' lang='lat' dir='ltr'><strong>ante</strong></span> <span class='ocrx_word' id='word_1_757' title='bbox 3035 4652 3239 4716; x_wconf 89' lang='lat' dir='ltr'><strong>altare,</strong></span> <span class='ocrx_word' id='word_1_758' title='bbox 3284 4654 3383 4707; x_wconf 85' lang='lat' dir='ltr'><strong>ali-</strong></span> 
     </span>
    </p>
   </div>
   <div class='ocr_carea' id='block_1_111' title="bbox 1798 4741 3378 4813">
    <p class='ocr_par' dir='ltr' id='par_1_111' title="bbox 1798 4741 3378 4813">
     <span class='ocr_line' id='line_1_111' title="bbox 1798 4741 3378 4813; baseline 0.002 -16"><span class='ocrx_word' id='word_1_759' title='bbox 1798 4745 2106 4813; x_wconf 91' lang='lat' dir='ltr'><strong>quantulum</strong></span> <span class='ocrx_word' id='word_1_760' title='bbox 2135 4745 2458 4798; x_wconf 89' lang='lat' dir='ltr'><strong>accumbens</strong></span> <span class='ocrx_word' id='word_1_761' title='bbox 2484 4759 2643 4811; x_wconf 90' lang='lat' dir='ltr'><strong>super</strong></span> <span class='ocrx_word' id='word_1_762' title='bbox 2668 4741 2976 4796; x_wconf 82' lang='lat' dir='ltr'><strong>cathedram</strong></span> <span class='ocrx_word' id='word_1_763' title='bbox 3007 4753 3061 4796; x_wconf 90' lang='lat' dir='ltr'><strong>et</strong></span> <span class='ocrx_word' id='word_1_764' title='bbox 3087 4744 3378 4800; x_wconf 90' lang='lat' dir='ltr'><strong>scabellum</strong></span> 
     </span>
    </p>
   </div>
   <div class='ocr_carea' id='block_1_112' title="bbox 1802 4834 3383 4908">
    <p class='ocr_par' dir='ltr' id='par_1_112' title="bbox 1802 4834 3383 4908">
     <span class='ocr_line' id='line_1_112' title="bbox 1802 4834 3383 4908; baseline -0.004 -19"><span class='ocrx_word' id='word_1_765' title='bbox 1802 4846 2041 4905; x_wconf 90' lang='lat' dir='ltr'><strong>paratum</strong></span> <span class='ocrx_word' id='word_1_766' title='bbox 2069 4835 2134 4888; x_wconf 88' lang='lat' dir='ltr'><strong>ad</strong></span> <span class='ocrx_word' id='word_1_767' title='bbox 2164 4835 2315 4889; x_wconf 93' lang='lat' dir='ltr'><strong>illud.</strong></span> <span class='ocrx_word' id='word_1_768' title='bbox 2358 4835 2508 4899; x_wconf 79' lang='lat' dir='ltr'><strong>Quod</strong></span> <span class='ocrx_word' id='word_1_769' title='bbox 2538 4837 2580 4889; x_wconf 70' lang='grc' dir='ltr'>εἰ</span> <span class='ocrx_word' id='word_1_770' title='bbox 2615 4851 2718 4888; x_wconf 92' lang='lat' dir='ltr'><strong>non</strong></span> <span class='ocrx_word' id='word_1_771' title='bbox 2764 4835 2832 4888; x_wconf 89' lang='lat' dir='ltr'><strong>sit</strong></span> <span class='ocrx_word' id='word_1_772' title='bbox 2874 4834 3068 4889; x_wconf 81' lang='lat' dir='ltr'><strong>ibidem</strong></span> <span class='ocrx_word' id='word_1_773' title='bbox 3287 4854 3383 4894; x_wconf 75' lang='lat' dir='ltr'><strong>ea-</strong></span> 
     </span>
    </p>
   </div>
   <div class='ocr_carea' id='block_1_113' title="bbox 1801 4925 3381 4999">
    <p class='ocr_par' dir='ltr' id='par_1_113' title="bbox 1801 4925 3381 4999">
     <span class='ocr_line' id='line_1_113' title="bbox 1801 4925 3381 4999; baseline 0.002 -16"><span class='ocrx_word' id='word_1_774' title='bbox 1801 4930 1964 4999; x_wconf 88' lang='lat' dir='ltr'><strong>pelta,</strong></span> <span class='ocrx_word' id='word_1_775' title='bbox 2020 4927 2240 4982; x_wconf 90' lang='lat' dir='ltr'><strong>accedet</strong></span> <span class='ocrx_word' id='word_1_776' title='bbox 2287 4927 2351 4979; x_wconf 92' lang='lat' dir='ltr'><strong>ad</strong></span> <span class='ocrx_word' id='word_1_777' title='bbox 2408 4925 2715 4980; x_wconf 89' lang='lat' dir='ltr'><strong>cathedram</strong></span> <span class='ocrx_word' id='word_1_778' title='bbox 2775 4941 2963 4990; x_wconf 87' lang='lat' dir='ltr'><strong>suam,</strong></span> <span class='ocrx_word' id='word_1_779' title='bbox 2994 4935 3046 4980; x_wconf 91' lang='lat' dir='ltr'><strong>et</strong></span> <span class='ocrx_word' id='word_1_780' title='bbox 3096 4926 3164 4979; x_wconf 90' lang='lat' dir='ltr'><strong>ibi</strong></span> <span class='ocrx_word' id='word_1_781' title='bbox 3205 4928 3381 4986; x_wconf 90' lang='lat' dir='ltr'><strong>sedet.</strong></span> 
     </span>
    </p>
   </div>
   <div class='ocr_carea' id='block_1_114' title="bbox 1806 5016 3386 5085">
    <p class='ocr_par' dir='ltr' id='par_1_114' title="bbox 1806 5016 3386 5085">
     <span class='ocr_line' id='line_1_114' title="bbox 1806 5016 3386 5085; baseline -0.009 -8"><span class='ocrx_word' id='word_1_782' title='bbox 1806 5022 1992 5077; x_wconf 85' lang='lat' dir='ltr'><strong>Postea</strong></span> <span class='ocrx_word' id='word_1_783' title='bbox 2020 5017 2551 5074; x_wconf 86' lang='lat' dir='ltr'><strong>veniuntcardinales</strong></span> <span class='ocrx_word' id='word_1_784' title='bbox 2573 5026 2626 5071; x_wconf 86' lang='lat' dir='ltr'><strong>et</strong></span> <span class='ocrx_word' id='word_1_785' title='bbox 2642 5017 2842 5085; x_wconf 67' lang='lat' dir='ltr'><strong>prmlati</strong></span> <span class='ocrx_word' id='word_1_786' title='bbox 2864 5033 2967 5069; x_wconf 93' lang='lat' dir='ltr'><strong>non</strong></span> <span class='ocrx_word' id='word_1_787' title='bbox 2997 5016 3168 5084; x_wconf 90' lang='lat' dir='ltr'><strong>parati</strong></span> <span class='ocrx_word' id='word_1_788' title='bbox 3191 5017 3256 5071; x_wconf 92' lang='lat' dir='ltr'><strong>ad</strong></span> <span class='ocrx_word' id='word_1_789' title='bbox 3300 5035 3386 5074; x_wconf 73' lang='lat' dir='ltr'><strong>re-</strong></span> 
     </span>
    </p>
   </div>
   <div class='ocr_carea' id='block_1_115' title="bbox 1801 5109 3384 5180">
    <p class='ocr_par' dir='ltr' id='par_1_115' title="bbox 1801 5109 3384 5180">
     <span class='ocr_line' id='line_1_115' title="bbox 1801 5109 3384 5180; baseline -0.002 -12"><span class='ocrx_word' id='word_1_790' title='bbox 1801 5113 2097 5168; x_wconf 88' lang='lat' dir='ltr'><strong>verentiam</strong></span> <span class='ocrx_word' id='word_1_791' title='bbox 2130 5125 2315 5180; x_wconf 68' lang='lat' dir='ltr'><strong>papae,</strong></span> <span class='ocrx_word' id='word_1_792' title='bbox 2349 5119 2406 5163; x_wconf 92' lang='lat' dir='ltr'><strong>ut</strong></span> <span class='ocrx_word' id='word_1_793' title='bbox 2433 5109 2566 5163; x_wconf 90' lang='lat' dir='ltr'><strong>alias</strong></span> <span class='ocrx_word' id='word_1_794' title='bbox 2597 5117 2679 5162; x_wconf 90' lang='lat' dir='ltr'><strong>est</strong></span> <span class='ocrx_word' id='word_1_795' title='bbox 2722 5115 3038 5162; x_wconf 89' lang='lat' dir='ltr'><strong>consuetum</strong></span> <span class='ocrx_word' id='word_1_796' title='bbox 3088 5109 3225 5162; x_wconf 90' lang='lat' dir='ltr'><strong>tieri.</strong></span> <span class='ocrx_word' id='word_1_797' title='bbox 3270 5111 3384 5176; x_wconf 82' lang='lat' dir='ltr'><strong>Qua</strong></span> 
     </span>
    </p>
   </div>
   <div class='ocr_carea' id='block_1_116' title="bbox 1805 5198 3388 5267">
    <p class='ocr_par' dir='ltr' id='par_1_116' title="bbox 1805 5198 3388 5267">
     <span class='ocr_line' id='line_1_116' title="bbox 1805 5198 3388 5267; baseline -0.002 -9"><span class='ocrx_word' id='word_1_798' title='bbox 1805 5205 1940 5260; x_wconf 81' lang='lat' dir='ltr'><strong>facta</strong></span> <span class='ocrx_word' id='word_1_799' title='bbox 1971 5203 2271 5257; x_wconf 88' lang='lat' dir='ltr'><strong>reverentia</strong></span> <span class='ocrx_word' id='word_1_800' title='bbox 2295 5240 2310 5266; x_wconf 91' lang='lat'><strong>,</strong></span> <span class='ocrx_word' id='word_1_801' title='bbox 2343 5199 2541 5254; x_wconf 90' lang='lat' dir='ltr'><strong>vadunt</strong></span> <span class='ocrx_word' id='word_1_802' title='bbox 2567 5198 2865 5253; x_wconf 79' lang='lat' dir='ltr'><strong>cardinales</strong></span> <span class='ocrx_word' id='word_1_803' title='bbox 2894 5208 2947 5252; x_wconf 91' lang='lat' dir='ltr'><strong>et</strong></span> <span class='ocrx_word' id='word_1_804' title='bbox 2972 5199 3151 5252; x_wconf 78' lang='lat' dir='ltr'><strong>czrteri</strong></span> <span class='ocrx_word' id='word_1_805' title='bbox 3182 5203 3388 5267; x_wconf 68' lang='lat' dir='ltr'><strong>praelati</strong></span> 
     </span>
    </p>
   </div>
   <div class='ocr_carea' id='block_1_117' title="bbox 1814 5335 3390 5406">
    <p class='ocr_par' dir='ltr' id='par_1_117' title="bbox 1814 5335 3390 5406">
     <span class='ocr_line' id='line_1_117' title="bbox 1814 5335 3390 5406; baseline 0 -15"><span class='ocrx_word' id='word_1_806' title='bbox 1814 5340 1914 5392; x_wconf 89' lang='lat' dir='ltr'><strong>sim</strong></span> <span class='ocrx_word' id='word_1_807' title='bbox 1943 5338 2172 5392; x_wconf 86' lang='lat' dir='ltr'><strong>sumitur</strong></span> <span class='ocrx_word' id='word_1_808' title='bbox 2203 5353 2298 5406; x_wconf 90' lang='lat' dir='ltr'><strong>pro</strong></span> <span class='ocrx_word' id='word_1_809' title='bbox 2323 5337 2574 5391; x_wconf 70' lang='lat' dir='ltr'><strong>cancellis</strong></span> <span class='ocrx_word' id='word_1_810' title='bbox 2602 5337 2802 5398; x_wconf 88' lang='lat' dir='ltr'><strong>altaris,</strong></span> <span class='ocrx_word' id='word_1_811' title='bbox 2836 5344 2893 5387; x_wconf 92' lang='lat' dir='ltr'><strong>nt</strong></span> <span class='ocrx_word' id='word_1_812' title='bbox 2916 5335 3070 5399; x_wconf 78' lang='lat' dir='ltr'><strong>intra,</strong></span> <span class='ocrx_word' id='word_1_813' title='bbox 3093 5350 3211 5400; x_wconf 89' lang='lat' dir='ltr'><strong>cap.</strong></span> <span class='ocrx_word' id='word_1_814' title='bbox 3242 5337 3302 5391; x_wconf 75' lang='lat' dir='ltr'><strong>2t</strong></span> <span class='ocrx_word' id='word_1_815' title='bbox 3331 5347 3390 5394; x_wconf 84' lang='lat' dir='ltr'><strong>et</strong></span> 
     </span>
    </p>
   </div>
   <div class='ocr_carea' id='block_1_118' title="bbox 1807 5406 3389 5476">
    <p class='ocr_par' dir='ltr' id='par_1_118' title="bbox 1807 5406 3389 5476">
     <span class='ocr_line' id='line_1_118' title="bbox 1807 5406 3389 5476; baseline -0.001 -15"><span class='ocrx_word' id='word_1_816' title='bbox 1807 5408 1899 5464; x_wconf 70' lang='lat'><strong>55.</strong></span> <span class='ocrx_word' id='word_1_817' title='bbox 1925 5410 2054 5463; x_wconf 80' lang='lat' dir='ltr'><strong>Vide</strong></span> <span class='ocrx_word' id='word_1_818' title='bbox 2075 5424 2232 5476; x_wconf 91' lang='lat' dir='ltr'><strong>supra</strong></span> <span class='ocrx_word' id='word_1_819' title='bbox 2250 5407 2504 5461; x_wconf 79' lang='lat' dir='ltr'><strong>JaCobum</strong></span> <span class='ocrx_word' id='word_1_820' title='bbox 2523 5407 2785 5467; x_wconf 84' lang='lat' dir='ltr'><strong>Gaietani,</strong></span> <span class='ocrx_word' id='word_1_821' title='bbox 2813 5421 2862 5460; x_wconf 91' lang='lat' dir='ltr'><strong>c.</strong></span> <span class='ocrx_word' id='word_1_822' title='bbox 2894 5406 2962 5458; x_wconf 86' lang='lat'><strong>76</strong></span> <span class='ocrx_word' id='word_1_823' title='bbox 2990 5419 3109 5460; x_wconf 89' lang='lat' dir='ltr'><strong>etc.</strong></span> <span class='ocrx_word' id='word_1_824' title='bbox 3128 5406 3199 5458; x_wconf 74' lang='lat'><strong>20</strong></span> <span class='ocrx_word' id='word_1_825' title='bbox 3223 5408 3389 5461; x_wconf 82' lang='lat' dir='ltr'><strong>Com-</strong></span> 
     </span>
    </p>
   </div>
   <div class='ocr_carea' id='block_1_119' title="bbox 1810 5476 3387 5545">
    <p class='ocr_par' dir='ltr' id='par_1_119' title="bbox 1810 5476 3387 5545">
     <span class='ocr_line' id='line_1_119' title="bbox 1810 5476 3387 5545; baseline 0.001 -13"><span class='ocrx_word' id='word_1_826' title='bbox 1810 5481 2054 5533; x_wconf 71' lang='lat' dir='ltr'><strong>Ineutarii</strong></span> <span class='ocrx_word' id='word_1_827' title='bbox 2083 5478 2253 5530; x_wconf 85' lang='lat' dir='ltr'><strong>nostri</strong></span> <span class='ocrx_word' id='word_1_828' title='bbox 2283 5479 2483 5545; x_wconf 71' lang='lat' dir='ltr'><strong>previi.</strong></span> <span class='ocrx_word' id='word_1_829' title='bbox 2509 5477 2666 5530; x_wconf 88' lang='lat' dir='ltr'><strong>Certe</strong></span> <span class='ocrx_word' id='word_1_830' title='bbox 2695 5476 2993 5544; x_wconf 87' lang='lat' dir='ltr'><strong>hujusmodi</strong></span> <span class='ocrx_word' id='word_1_831' title='bbox 3024 5478 3162 5530; x_wconf 88' lang='lat' dir='ltr'><strong>bulla</strong></span> <span class='ocrx_word' id='word_1_832' title='bbox 3190 5476 3387 5533; x_wconf 86' lang='lat' dir='ltr'><strong>ibidem</strong></span> 
     </span>
    </p>
   </div>
   <div class='ocr_carea' id='block_1_120' title="bbox 1808 5546 3388 5614">
    <p class='ocr_par' dir='ltr' id='par_1_120' title="bbox 1808 5546 3388 5614">
     <span class='ocr_line' id='line_1_120' title="bbox 1808 5546 3388 5614; baseline 0.001 -13"><span class='ocrx_word' id='word_1_833' title='bbox 1808 5551 2038 5613; x_wconf 88' lang='lat' dir='ltr'><strong>appendi</strong></span> <span class='ocrx_word' id='word_1_834' title='bbox 2070 5549 2209 5601; x_wconf 81' lang='lat' dir='ltr'><strong>Solet</strong></span> <span class='ocrx_word' id='word_1_835' title='bbox 2233 5553 2564 5613; x_wconf 83' lang='lat' dir='ltr'><strong>etiamnunc,</strong></span> <span class='ocrx_word' id='word_1_836' title='bbox 2599 5558 2759 5614; x_wconf 86' lang='lat' dir='ltr'><strong>atque</strong></span> <span class='ocrx_word' id='word_1_837' title='bbox 2808 5550 2876 5599; x_wconf 89' lang='lat' dir='ltr'><strong>ita</strong></span> <span class='ocrx_word' id='word_1_838' title='bbox 2921 5550 3113 5599; x_wconf 87' lang='lat' dir='ltr'><strong>tactum</strong></span> <span class='ocrx_word' id='word_1_839' title='bbox 3152 5546 3388 5602; x_wconf 82' lang='lat' dir='ltr'><strong>vidimus</strong></span> 
     </span>
    </p>
   </div>
   <div class='ocr_carea' id='block_1_121' title="bbox 1807 5616 3388 5678">
    <p class='ocr_par' dir='ltr' id='par_1_121' title="bbox 1807 5616 3388 5678">
     <span class='ocr_line' id='line_1_121' title="bbox 1807 5616 3388 5678; baseline 0.003 -9"><span class='ocrx_word' id='word_1_840' title='bbox 1807 5621 1892 5672; x_wconf 83' lang='lat' dir='ltr'><strong>die</strong></span> <span class='ocrx_word' id='word_1_841' title='bbox 1924 5621 2056 5672; x_wconf 76' lang='lat' dir='ltr'><strong>festo</strong></span> <span class='ocrx_word' id='word_1_842' title='bbox 2098 5619 2264 5670; x_wconf 78' lang='lat' dir='ltr'><strong>Sancti</strong></span> <span class='ocrx_word' id='word_1_843' title='bbox 2312 5618 2453 5672; x_wconf 77' lang='lat' dir='ltr'><strong>l’elri</strong></span> <span class='ocrx_word' id='word_1_844' title='bbox 2502 5618 2552 5670; x_wconf 87' lang='lat' dir='ltr'><strong>itt</strong></span> <span class='ocrx_word' id='word_1_845' title='bbox 2605 5618 2818 5669; x_wconf 84' lang='lat' dir='ltr'><strong>basilica</strong></span> <span class='ocrx_word' id='word_1_846' title='bbox 2868 5616 3151 5678; x_wconf 83' lang='lat' dir='ltr'><strong>Vaticana,</strong></span> <span class='ocrx_word' id='word_1_847' title='bbox 3202 5617 3388 5673; x_wconf 83' lang='lat' dir='ltr'><strong>uhiatl</strong></span> 
     </span>
    </p>
   </div>
   <div class='ocr_carea' id='block_1_122' title="bbox 1809 5688 3388 5753">
    <p class='ocr_par' dir='ltr' id='par_1_122' title="bbox 1809 5688 3388 5753">
     <span class='ocr_line' id='line_1_122' title="bbox 1809 5688 3388 5753; baseline -0.001 -12"><span class='ocrx_word' id='word_1_848' title='bbox 1809 5704 1963 5742; x_wconf 91' lang='lat' dir='ltr'><strong>unam</strong></span> <span class='ocrx_word' id='word_1_849' title='bbox 1993 5703 2024 5743; x_wconf 89' lang='lat' dir='ltr'><strong>e</strong></span> <span class='ocrx_word' id='word_1_850' title='bbox 2050 5689 2337 5751; x_wconf 85' lang='lat' dir='ltr'><strong>columnis,</strong></span> <span class='ocrx_word' id='word_1_851' title='bbox 2362 5705 2477 5752; x_wconf 76' lang='lat' dir='ltr'><strong>quze</strong></span> <span class='ocrx_word' id='word_1_852' title='bbox 2503 5688 2762 5740; x_wconf 84' lang='lat' dir='ltr'><strong>ciborium</strong></span> <span class='ocrx_word' id='word_1_853' title='bbox 2786 5689 3079 5753; x_wconf 88' lang='lat' dir='ltr'><strong>sustinent,</strong></span> <span class='ocrx_word' id='word_1_854' title='bbox 3111 5688 3224 5743; x_wconf 69' lang='lat' dir='ltr'><strong>haec</strong></span> <span class='ocrx_word' id='word_1_855' title='bbox 3250 5688 3388 5742; x_wconf 78' lang='lat' dir='ltr'><strong>bulla</strong></span> 
     </span>
    </p>
   </div>
   <div class='ocr_carea' id='block_1_123' title="bbox 1805 5755 3349 5829">
    <p class='ocr_par' dir='ltr' id='par_1_123' title="bbox 1805 5755 3349 5829">
     <span class='ocr_line' id='line_1_123' title="bbox 1805 5755 3349 5829; baseline -0.002 -16"><span class='ocrx_word' id='word_1_856' title='bbox 1805 5769 1976 5829; x_wconf 86' lang='lat' dir='ltr'><strong>pos:ta</strong></span> <span class='ocrx_word' id='word_1_857' title='bbox 2007 5770 2111 5814; x_wconf 85' lang='lat' dir='ltr'><strong>cst.</strong></span> <span class='ocrx_word' id='word_1_858' title='bbox 2155 5758 2370 5829; x_wconf 79' lang='lat' dir='ltr'><strong>Legosis</strong></span> <span class='ocrx_word' id='word_1_859' title='bbox 2403 5756 2507 5814; x_wconf 64' lang='grc' dir='ltr'>ιω</span> <span class='ocrx_word' id='word_1_860' title='bbox 2537 5769 2777 5814; x_wconf 86' lang='lat' dir='ltr'><strong>nostrum</strong></span> <span class='ocrx_word' id='word_1_861' title='bbox 2811 5757 3078 5826; x_wconf 88' lang='lat' dir='ltr'><strong>Italicum,</strong></span> <span class='ocrx_word' id='word_1_862' title='bbox 3111 5773 3226 5828; x_wconf 69' lang='lat' dir='ltr'><strong>pag.</strong></span> <span class='ocrx_word' id='word_1_863' title='bbox 3259 5755 3349 5811; x_wconf 78' lang='lat'><strong>50.</strong></span> 
     </span>
    </p>
   </div>
  </div>
