4006 6298
626 303 761 359 1⁵235

1300 301 1640 356 ΑΡΡΕΝΟΣΧ
1689 301 1775 353 .-\D
1818 300 1875 353 S.
1920 300 2247 358 GBEGORII
2292 305 2503 363 MAGNI
2548 310 2916 368 LITL'RGICA
2958 315 3213 373 OPERA.

3783 318 3876 371 12>:
3890 321 3901 370 'i

622 416 689 469 ad
733 411 1099 479 recipiendum
1150 422 1459 482 paramenta
1512 427 1602 464 sua
1652 413 1887 466 violacca
1935 414 2017 466 vel
2067 414 2195 466 lndii
2229 421 2273 476 Α
2302 419 2407 472 alio
2450 433 2568 488 post
2603 422 3035 480 distributionem
3073 441 3350 486 cercurum
3372 432 3458 487 rel
3502 433 3816 501 palmarum
3857 457 3897 494 n.

627 507 854 569 coloris;
881 503 1173 573 presbyteri
1191 503 1463 557 etdiacoui
1478 505 1774 558 cardinales
1788 505 2006 558 induunt
2021 521 2204 571 supcr-

627 597 837 665 plieium
860 635 872 656 ,
905 607 1159 648 amictum
1194 595 1355 648 latum
1374 632 1391 660 ,
1415 606 1466 650 ct
1491 598 1753 666 planetam
1777 615 1790 662 ;
1816 598 2049 666 episcoii
2075 612 2203 652 vero

623 687 876 753 pluviale,
912 700 1119 737 necnon
1150 694 1204 738 et
1230 687 1410 738 caeteri
1445 687 1646 753 praelati
1679 687 1923 740 similiter
1953 686 2202 755 pluvialia

525 782 529 785 “
617 777 883 845 recipiunt
927 775 1123 829 coloris
1170 776 1415 830 violacei.
1467 776 1673 842 Quibus
1712 777 1940 845 paratis,
1991 786 2203 842 paratur

623 884 724 923 una
759 869 965 923 tobalea
999 884 1093 935 per
1121 869 1398 923 sacristam
1436 870 1501 922 de
1544 868 1650 922 Iino
1692 884 1853 937 super
1894 885 2062 935 genua
2109 883 2203 937 pa-

621 974 733 1027 paa,
766 973 926 1026 quam
960 967 1143 1011 tenent
1174 960 1280 1011 duo
1311 959 1570 1026 capellani
1617 960 1683 1012 ab
1724 971 1948 1028 utroque
1989 960 2154 1012 latere
2182 996 2198 1023 ,

620 1058 712 1101 aut
741 1049 846 1102 duo
873 1049 1107 1118 acolythi
1142 1049 1292 1104 ﬂexis
1324 1051 1569 1118 genibus,
1597 1066 1734 1103 unus
1759 1066 1786 1102 a
1814 1050 2039 1115 dextris,
2063 1051 2203 1104 alius

617 1155 643 1190 a
673 1140 922 1193 sinistris.
947 1140 1097 1193 Tunc
1121 1142 1265 1208 prior
1287 1142 1654 1208 episcoporum
1678 1141 2024 1194 cardinalium
2042 1181 2058 1204 ,
2087 1140 2196 1205 vel,

623 1232 666 1282 si
697 1231 867 1294 absit,
901 1234 1171 1296 subprior,
1207 1234 1283 1285 sic
1314 1232 1714 1296 descendendo,
1745 1233 1898 1286 mitra
1928 1232 2192 1299 deposita,

617 1330 762 1376 stans
790 1332 912 1374 ante
946 1337 1159 1389 papam,
1194 1323 1412 1374 sedente
1443 1337 1509 1376 eo
1552 1321 1604 1375 in
1646 1324 1774 1376 sede
1814 1337 1907 1375 sua
1929 1361 1946 1388 ,
1987 1336 2201 1376 cereum

619 1412 808 1478 recipit
835 1414 900 1464 de
933 1426 1090 1464 manu
1123 1411 1404 1465 camerarii
1433 1413 1513 1465 vel
1540 1410 1763 1480 alicujus
1793 1409 2026 1479 episcopi
2058 1425 2202 1479 papa:

620 1503 964 1566 assistentis;
1010 1512 1066 1556 et
1105 1512 1254 1556 stans
1299 1501 1497 1556 dictum
1541 1517 1756 1556 cereum
1809 1501 1876 1554 de
1917 1515 2035 1554 cera
2082 1501 2201 1553 alba

619 1597 876 1663 grossiori
919 1597 1036 1650 aliis
1075 1608 1130 1652 et
1167 1596 1390 1665 majori,
1442 1611 1547 1650 non
1587 1611 1905 1659 accensum,
1951 1595 2081 1649 niltil
2123 1594 2204 1648 di-

622 1688 827 1752 cendo,
858 1687 952 1741 dat
983 1703 1130 1756 papa:
1152 1732 1166 1756 ,
1197 1688 1491 1741 osculando
1531 1702 1746 1740 manum
1792 1701 1940 1755 papa:
1973 1703 1987 1752 ;
2016 1697 2069 1740 et
2108 1687 2204 1741 ite-

2305 507 2393 562 die
2423 523 2514 561 sua
2540 527 2660 564 cum
2687 515 2840 566 mitra
2887 515 3216 581 auril'risata,
3248 535 3408 588 q'tam
3454 523 3509 576 in
3545 523 3896 581 Processione

2304 602 2646 656 candelarum
2683 619 2780 658 seu
2813 607 3108 673 palmarum
3138 611 3381 680 deponit,
3411 627 3465 670 et
3495 627 3650 671 tenet
3678 616 3894 669 faculam

2305 704 2583 746 accensam
2616 694 2697 747 Vc]
2723 696 2949 762 palmam
2977 712 3072 750 suo
3097 699 3180 753 die
3203 701 3253 754 in
3281 719 3440 756 mantt
3469 704 3722 771 sinistra,
3755 718 3898 774 atque

2305 783 2508 836 vadens
2539 800 2660 837 cum
2713 786 2900 838 dextra
2931 787 3126 854 signat.
3175 791 3372 845 Omnes
3401 796 3567 848 etiam
3596 795 3696 848 alii
3733 810 3898 849 tenent

2309 873 2506 928 faculas
2532 891 2786 930 accensas
2821 879 2903 932 vel
2955 881 3158 946 palmas
3207 883 3257 934 in
3307 883 3692 949 Pi-occssione,
3749 903 3892 954 para-

2306 967 2500 1021 mentis
2544 968 2802 1023 violaceis
2855 972 3044 1037 parati,
3091 989 3210 1025 cum
3258 975 3431 1028 mitris
3483 977 3536 1029 in
3569 978 3762 1041 capite
3788 995 3897 1046 gra-

2306 1054 2558 1120 diuntur;
2591 1070 2646 1127 et
2676 1074 2812 1127 papa
2840 1061 3038 1115 incedit
3061 1062 3447 1130 aliquantulum
3482 1080 3602 1134 poSt
3637 1071 3893 1133 capeﬂam

2308 1149 2781 1215 processionaliter
2805 1155 2906 1205 sub
2927 1153 3103 1220 pallio,
3136 1165 3366 1222 quatuor
3393 1158 3656 1211 nti‘itibus
3687 1161 3894 1228 pal‘inm

2305 1239 2670 1296 deferentibus
2690 1258 2810 1297 cum
2863 1245 3229 1308 mauipttlariis
3259 1245 3464 1318 [Fu-te,
3493 1253 3889 1322 mappulaiiisl,

2309 1331 2354 1386 si
2383 1332 2451 1385 sit
2483 1332 2533 1384 in
2569 1332 2744 1397 Urbe;
2773 1346 2863 1387 aut
2893 1346 3128 1404 quatuor
3174 1338 3240 1391 de
3272 1339 3629 1393 nobilioribus
3662 1343 3800 1394 viris
3829 1347 3894 1397 rei

2307 1423 2590 1477 clientibus
2614 1440 2886 1478 armorum
2911 1426 2961 1479 in
2992 1427 3206 1480 illorum
3233 1429 3497 1493 absentia,
3519 1433 3718 1500 sicque
3743 1437 3897 1503 pergit

2307 1514 2371 1566 ad
2408 1515 2600 1582 regias.
2632 1517 2695 1567 Et
2725 1515 2897 1582 primo
2923 1517 2986 1569 ad
3011 1518 3287 1573 dexteram
3315 1531 3547 1586 partem,
3573 1526 3818 1577 secundo
3839 1529 3894 1577 a-l

2307 1603 2578 1658 sinistram
2608 1605 2868 1659 veniendo
2894 1606 3107 1676 projicit
3127 1608 3373 1663 candelas
3393 1614 3614 1678 populo,
3640 1624 3700 1666 et
3727 1625 3894 1680 [vostra

2308 1693 2611 1761 regreditur
2633 1693 2699 1747 ad
2727 1695 2908 1749 sedem
2938 1711 3124 1761 suam;
3153 1707 3204 1750 et
3236 1698 3304 1751 ibi
3333 1700 3555 1764 sedens,
3587 1705 3894 1756 extenditur

623 1795 738 1832 rum
769 1781 932 1833 alium
965 1779 1158 1832 eodem
1199 1779 1357 1832 modo
1397 1777 1487 1830 dat
1527 1791 1674 1845 papa
1702 1792 1718 1840 ;
1757 1784 1811 1831 et
1851 1777 2046 1830 ibidem
2091 1778 2203 1846 ipse
2236 1788 2282 1847 Β
2307 1798 2467 1852 super
2497 1800 2668 1854 genua
2710 1801 2806 1840 sua
2835 1786 3046 1841 tobalea
3081 1802 3177 1856 per
3207 1788 3340 1842 duos
3369 1794 3688 1858 capenanos
3740 1795 3894 1862 ίρςεω

622 1871 711 1938 qui
757 1870 975 1939 porrigit
1005 1884 1156 1937 papae
1186 1884 1291 1921 non
1335 1883 1628 1933 accensos,
1669 1878 1722 1922 et
1761 1870 2030 1922 osculatur
2073 1869 2203 1922 dex-

622 1974 762 2016 trum
812 1978 950 2032 genu
1002 1961 1210 2014 Domini
1245 1976 1438 2030 papaa;
1483 1970 1537 2015 et
1577 1961 1656 2016 sic
1694 1962 1816 2016 inde
1859 1977 2047 2017 omnes
2087 1976 2206 2016 car-

621 2054 825 2107 dinales
855 2052 1050 2105 faciunt
1069 2092 1084 2116 ,
1120 2052 1294 2120 primo
1322 2052 1592 2120 episcopi,
1622 2052 1858 2107 secundo
1883 2053 2200 2122 presbyteri,

620 2147 781 2200 tertio
809 2143 1022 2197 diaconi
1051 2153 1105 2198 et
1137 2144 1337 2212 praelati
1366 2145 1700 2206 assistentes,
1733 2153 1788 2198 et
1810 2155 2204 2211 consequenter

621 2255 810 2293 omnes
842 2239 1050 2307 praelati
1095 2238 1267 2292 induti
1308 2253 1445 2308 genu
1487 2239 1836 2292 osculantur:
1881 2238 2204 2292 catnerarius

617 2348 782 2393 vero,
818 2330 1044 2396 notarii,
1077 2330 1292 2384 auditor
1320 2330 1771 2384 contradictarum
1817 2340 1869 2384 et
1905 2337 2202 2397 corrector,

617 2428 779 2478 etiam
805 2423 828 2476 si
860 2421 1024 2490 aliqui
1059 2423 1294 2491 ipsorum
1325 2432 1508 2476 essent
1537 2422 1926 2490 archiepiscopi
1962 2423 2044 2476 vel
2088 2425 2204 2489 cpi-

619 2516 763 2582 scopi
790 2553 804 2578 ,
829 2517 953 2582 quia
979 2528 1081 2566 non
1105 2522 1500 2567 consueverunt
1526 2513 1710 2566 venire
1734 2513 1903 2568 induti
1921 2554 1935 2578 ,
1959 2513 2053 2567 sed
2079 2528 2202 2568 cum

618 2607 802 2674 cappis
833 2605 1000 2659 laneis
1026 2643 1042 2669 ,
1072 2613 1128 2659 et
1167 2606 1330 2658 etiam
1381 2605 1640 2673 capellani
1663 2645 1678 2668 ,
1713 2615 1818 2658 tam
1859 2619 2206 2660 comuiensa-

622 2701 734 2765 les,
763 2702 851 2769 qui
885 2701 1081 2754 debent
1109 2714 1230 2754 esse
1256 2714 1376 2752 cum
1409 2699 1744 2768 superpliciis
1765 2741 1780 2762 ,
1811 2714 1970 2768 quam
1999 2699 2086 2752 alii
2115 2714 2207 2753 ca-

627 2794 860 2864 pellaui,
913 2807 1120 2847 necnon
1172 2793 1590 2862 pcenitentiarii,
1634 2802 1690 2846 et
1734 2793 1968 2846 breviter
2018 2805 2205 2846 omnes

621 2883 917 2937 fatiiiliares
949 2898 1132 2951 papae,
1165 2895 1219 2939 et
1251 2884 1406 2945 laici,
1440 2892 1496 2937 et
1523 2883 1828 2952 quicunque
1862 2882 1956 2935 alii
1987 2899 2091 2936 non
2123 2882 2202 2937 [ι-

621 2972 886 3034 miliares,
919 2971 1017 3025 etsi
1048 2981 1195 3025 esset
1225 2988 1339 3037 rex,
1375 2972 1526 3025 ﬂexis
1555 2972 1779 3040 genibus
1803 2971 2063 3039 recipiunt
2105 2987 2207 3025 ce-

622 3079 772 3118 reum
825 3064 892 3117 de
939 3079 1095 3116 manu
1151 3079 1327 3132 papae,
1381 3074 1434 3117 et
1484 3064 1600 3133 ipso
1640 3078 1856 3134 recepto
1894 3065 2205 3119 osculantur

623 3157 846 3224 ledem,
880 3166 933 3208 et
965 3170 1070 3208 non
1101 3171 1259 3223 genu.

693 3246 978 3301 Sciendum
997 3245 1155 3299 etiam
1179 3246 1320 3314 quod
1338 3245 1604 3300 modernis
1625 3247 1954 3316 temporibus
1968 3263 2198 3304 consue-

619 3338 692 3391 vit
713 3340 955 3406 recipere
983 3351 1079 3390 rex
1105 3337 1240 3390 sicut
1261 3339 1408 3391 sedet
1429 3347 1547 3405 post
1572 3340 1799 3407 priorem
1825 3340 2199 3410 episcoporum

615 3429 988 3493 earditialium,
1020 3440 1074 3483 et
1101 3429 1169 3482 ita
1193 3427 1246 3482 in
1284 3431 1445 3483 ramis
1477 3429 1808 3494 Palmarum,
1843 3442 1896 3485 et
1923 3431 2197 3488 Ciuerum.

689 3521 976 3577 Sciendum
1009 3520 1148 3588 quod
1177 3520 1222 3573 si
1249 3520 1540 3588 imperator
1579 3531 1722 3575 esset
1765 3536 2032 3590 praesens,
2082 3533 2200 3591 post

619 3612 851 3679 priorem
885 3609 1076 3680 recipit
1101 3625 1342 3674 cereum,
1373 3619 1428 3665 et
1457 3615 1728 3665 osculatur
1755 3610 1969 3680 pedem,
2013 3621 2068 3667 et
2095 3629 2199 3669 non

618 3714 776 3768 genu.
1161 3722 1165 3726 ν

690 3791 822 3844 Item
872 3788 1160 3844 notandum
1209 3790 1348 3857 quod
1373 3798 1492 3854 post
1542 3791 1772 3858 priorem
1819 3793 2198 3864 episcoporum

621 3880 993 3944 cardinalium,
1018 3879 1060 3932 si
1091 3879 1285 3945 aliquis
1317 3880 1526 3934 intersit
1557 3884 1880 3950 patriarcha,
1923 3889 2199 3941 candelam

619 3971 809 4038 recipit
833 3971 897 4023 de
933 3985 1091 4024 manu
1122 3969 1325 4023 domini
1369 3970 1544 4038 Papae.
1577 3973 1730 4039 Quod
1758 3975 1801 4027 si
1835 3990 1930 4029 rex
1953 3986 2038 4030 est
2068 3991 2202 4044 pra:-

617 4076 764 4130 sens,
799 4073 917 4131 post
943 4076 1120 4130 regem
1153 4062 1429 4116 candelam
1478 4063 1670 4134 recipit
1712 4066 1961 4133 subprior
1990 4069 2203 4138 episco-

620 4167 831 4221 porum,
859 4162 912 4204 et
943 4151 992 4204 in
1022 4151 1138 4220 ejus
1167 4152 1406 4206 absentia
1458 4159 1602 4223 prior
1642 4157 2102 4225 presbyterorum,
2147 4170 2202 4215 et

621 4252 750 4297 tunc
783 4244 1109 4313 patriarcha.
1143 4243 1206 4296 Et
1233 4243 1311 4298 sic
1332 4246 1376 4298 si
1404 4245 1582 4313 plures
1609 4247 1716 4299 sint
1749 4247 1946 4304 ibidem
1978 4254 2206 4319 patriar-

615 4335 753 4398 chae,
783 4335 1004 4404 qulihet
1038 4337 1229 4402 recipit
1278 4347 1394 4403 post
1435 4336 1760 4392 cardinalem
1787 4341 1880 4409 qui
1901 4356 2022 4396 eum
2046 4354 2199 4398 ante-

620 4426 782 4480 cedit.
833 4428 1057 4495 Semper
1096 4427 1294 4482 debent
1335 4437 1478 4482 stare
1525 4431 1840 4496 patriarcha:
1889 4435 2028 4488 inter
2065 4436 2199 4491 duos

2311 1885 2551 1930 tenentes
2574 1877 2727 1931 ﬂexis
2745 1878 2998 1946 genibus,
3022 1894 3130 1932 uno
3151 1895 3179 1932 a
3203 1880 3431 1947 dextris,
3459 1883 3568 1936 alio
3588 1898 3619 1935 a
3639 1884 3894 1944 sinistris;

2306 1976 2360 2021 et
2407 1966 2484 2021 sic
2538 1968 2680 2022 lavat
2726 1982 2917 2023 manus
2968 1984 3093 2024 suas
3137 1985 3328 2039 aquam
3373 1972 3706 2027 mandendo
3760 1977 3893 2029 uobi-

2306 2059 2462 2125 liore,
2494 2070 2601 2114 etc.

2377 2173 2676 2228 Notandum
2700 2175 2837 2244 quod
2866 2176 3029 2243 aliqui
3067 2177 3269 2239 dicunt,
3293 2179 3438 2246 quod
3465 2195 3744 2246 nunquam
3774 2195 3890 2248 papi

2309 2275 2476 2319 mutat
2505 2267 2732 2333 pluviale
2755 2268 2804 2320 in
2828 2268 3264 2322 Processionibus
3291 2270 3428 2333 istis,
3454 2270 3550 2323 sed
3586 2273 3764 2325 solum
3797 2278 3892 2325 mi-

2309 2368 2442 2411 tram
2466 2359 2842 2412 aurifrisiatam
2878 2367 2931 2413 et
2953 2358 3067 2413 sine
3092 2361 3252 2428 periis
3271 2401 3286 2426 ,
3307 2376 3467 2429 quam
3499 2361 3666 2416 debet
3699 2377 3893 2430 semper

2310 2457 2523 2516 portare
2546 2450 2597 2502 in
2622 2449 3058 2504 Processionibus
3078 2459 3133 2504 et
3155 2450 3362 2505 diebus.
3394 2451 3550 2518 Quod
3575 2463 3726 2506 certe
3747 2456 3894 2506 credo

2315 2541 2456 2606 quod
2480 2539 2859 2608 ubicunquesit
2876 2540 2992 2594 sine
3015 2543 3198 2610 perlis.
3221 2541 3344 2595 Ideo
3365 2552 3492 2595 sunt
3518 2544 3636 2596 duo
3661 2545 3893 2610 pluviali:

2311 2641 2363 2684 et
2383 2639 2490 2682 tres
2510 2631 2703 2692 niitrie.
2725 2633 2841 2684 alba
2869 2631 3164 2684 aui'il'risata
3187 2646 3305 2684 cum
3337 2632 3525 2696 perlis,
3561 2643 3617 2686 et
3639 2634 3740 2684 alia
3769 2638 3894 2686 auri-

2311 2721 2346 2774 ΐι
2362 2722 2492 2774 isata
2509 2721 2623 2776 sine
2639 2723 2817 2790 perlis.
2834 2737 2965 2790 quas
2987 2721 3230 2777 deferunt
3246 2723 3438 2777 diebus
3459 2721 3686 2777 feriatis.
3707 2724 3892 2792 Quibus

2308 2816 2387 2864 sic
2412 2812 2667 2879 peractis,
2687 2811 2971 2876 deionitur
2996 2812 3044 2864 ei
3078 2811 3228 2865 mitra
3259 2813 3618 2875 aurifrisiata,
3650 2823 3702 2866 et
3721 2816 3892 2879 rei:th

2311 2900 2605 2967 simplicem
2629 2900 2697 2954 de
2717 2901 2957 2969 gztrnello
2975 2901 3146 2953 albam
3160 2910 3212 2953 et
3232 2900 3467 2969 planam.
3482 2899 3731 2956 Cantatis
3747 2905 3888 2956 Auti-

2311 2991 2485 3058 pbona
2516 3000 2568 3043 et
2595 2990 2806 3044 Psalnto
2823 2990 2975 3044 Nunc
3009 2991 3243 3056 dimittis,
3261 3006 3392 3059 papa
3407 2995 3653 3062 assurgit
3692 2997 3746 3046 in
3777 3001 3892 3048 sede

2312 3095 2430 3144 sua,
2463 3091 2518 3134 et
2538 3081 2777 3150 deposita
2807 3082 2856 3136 ei
2888 3087 3041 3135 mitra
3073 3097 3170 3152 per
3197 3084 3486 3137 diacOuum
3509 3087 3839 3141 mrdinalem
3866 3107 3888 3138 a

2233 3157 2280 3220 C
2312 3172 2512 3228 dextris
2525 3174 2573 3228 ei
2591 3175 2951 3238 assistentem,
2975 3190 3104 3244 papa
3135 3177 3540 3230 cantandodicit
3562 3181 3885 3241 Orationem,

2306 3275 2360 3318 ct
2385 3263 2695 3318 immediate
2711 3264 2968 3318 diaconus
2994 3280 3022 3316 a
3041 3264 3248 3317 dextris
3267 3264 3398 3318 dicit
3411 3269 3687 3319 cantando
3704 3266 3891 3321 Fls-ta-

2304 3371 2418 3408 mus
2442 3370 2650 3424 genua;
2679 3353 2966 3408 cardinalis
2994 3369 3124 3408 vero
3151 3371 3179 3407 a
3209 3355 3442 3409 sinistris
3470 3359 3738 3412 assistens
3775 3361 3892 3411 dicit

2304 3445 2573 3498 cantando
2598 3444 2806 3499 Leonte.
2835 3445 3237 3515 Subsequenter
3268 3461 3404 3513 papa
3451 3448 3592 3502 dicit
3637 3451 3887 3502 cantando

2302 3536 2632 3602 Orationem,
2662 3534 2884 3597 Exaudi,
2907 3551 3218 3604 quwaumus,
3250 3535 3492 3602 Domine,
3526 3540 3719 3604 ptebem
3743 3551 3889 3593 inani.

2306 3628 2527 3691 Deinde,
2576 3628 2620 3681 si
2669 3641 2799 3696 papa
2846 3627 3122 3693 celebrat,
3173 3628 3314 3682 dicta
3362 3630 3633 3686 Oratione
3669 3635 3809 3687 radit
3834 3635 3890 3686 ad

2304 3719 2698 3786 revestiarium,
2751 3719 2796 3771 si
2843 3717 2943 3781 sit;
2992 3718 3037 3772 si
3089 3734 3216 3783 non,
3266 3722 3333 3773 ad
3388 3722 3710 3777 cathedram
3758 3742 3890 3777 suam

2304 3810 2460 3879 longe
2505 3811 2573 3863 ah
2616 3810 2772 3864 altari
2819 3822 3054 3877 paratam
3086 3823 3114 3862 a
3149 3819 3297 3879 parte
3345 3811 3572 3867 sinistra
3623 3818 3894 3875 altaris.et

2301 3899 2528 3968 deponit
2556 3899 2769 3953 mitram
2801 3900 2978 3953 albam
3010 3910 3063 3953 et
3111 3902 3342 3969 planam.
3377 3904 3643 3959 similiter
3693 3916 3748 3961 et
3794 3909 3894 3976 plu.

2307 3988 2446 4042 viale
2494 4005 2616 4042 cum
2664 3989 2826 4054 stola,
2852 3999 2906 4043 et
2949 4001 3191 4043 remanet
3217 4005 3339 4043 cum
3376 3993 3502 4044 alba
3533 4006 3699 4061 prout
3733 4012 3890 4061 prius,

2304 4078 2461 4133 lectis
2492 4079 2659 4144 Quam
2687 4079 2897 4146 dilecta,
2931 4091 2985 4133 et
3022 4081 3366 4135 Orationibus
3418 4083 3534 4137 illis
3578 4085 3806 4149 debitis;
3849 4099 3893 4139 et

2301 4187 2423 4226 cum
2453 4173 2724 4237 dicuntur,
2759 4173 3026 4226 caleeatur
3052 4173 3385 4228 sandalibus.
3414 4175 3631 4240 Quibus
3655 4181 3889 4244 expletis,

2303 4263 2443 4316 lavat
2481 4279 2694 4330 manus,
2743 4272 2800 4318 et
2847 4263 3085 4317 induitur
3129 4266 3304 4318 sacris
3353 4275 3411 4319 et
3458 4269 3890 4334 pretiosis‘alliis

2302 4356 2559 4408 vestibus.
2588 4355 2846 4409 Similiter
2871 4369 3058 4408 omnes
3085 4354 3392 4411 cardinales
3440 4369 3502 4430 et
3554 4362 3768 4428 pra-lati
3811 4360 3889 4412 alii

2298 4444 2449 4513 juxta
2493 4446 2735 4499 ordinem
2784 4461 2960 4509 suum,
3006 4446 3255 4500 videlicet
3296 4450 3540 4518 epis00pi
3603 4454 3848 4520 pluuialis
3876 4498 3888 4512 ,

615 4520 934 4582 cardinales,
965 4528 1020 4572 et
1049 4521 1125 4572 sic
1157 4522 1208 4573 itt
1241 4520 1682 4578 Processionibus
1699 4534 1752 4576 et
1780 4525 1833 4579 iu
1861 4525 2035 4582 Missis
2055 4540 2197 4583 stare
2226 4517 2279 4577 Ι)
2307 4539 2599 4607 presbyteri
2629 4539 2860 4602 casulas,
2900 4540 3110 4595 diaconi
3141 4544 3426 4596 tuniceltas
3455 4517 3515 4598 et
3548 4517 3890 4604 dalmatiias,

615 4611 811 4666 debent
842 4610 1177 4677 patriarchae.

622 4752 625 4758 .
687 4703 988 4757 [Notandum
1012 4702 1150 4771 quod
1174 4717 1358 4756 omnes
1379 4705 1542 4769 cerei,
1573 4713 1678 4759 tam
1708 4722 1875 4776 paprv,
1897 4725 2054 4778 quam
2083 4712 2196 4780 alii,

629 4810 733 4849 non
763 4796 973 4850 accensi
1003 4796 1224 4858 dantur;
1257 4798 1348 4847 sed
1381 4799 1580 4865 recepti
1609 4800 1786 4852 statim
1815 4804 2196 4857 accendantur.

623 4889 840 4942 interim
875 4900 998 4939 vero
1044 4887 1324 4940 ordinatur
1357 4889 1635 4943 Processio
1665 4907 1756 4956 per
1803 4896 2036 4960 priorem
2086 4897 2199 4950 dia-

614 4991 872 5040 conorum
904 4975 1275 5041 cardinalium,
1305 4982 1390 5046 qui
1424 4978 1554 5032 dicit
1574 4981 1681 5033 alta
1706 4997 1853 5049 voce,
1882 4999 2036 5040 versa
2058 4986 2196 5042 [καθ

617 5069 683 5122 ad
713 5069 1140 5133 Processionem,
1178 5068 1525 5124 Procedente:
1550 5072 1604 5126 in
1631 5089 1792 5143 pace;
1821 5086 1876 5131 et
1905 5080 2198 5148 respondet

615 5161 810 5236 chorus
842 5159 906 5214 In
938 5160 1142 5214 nomine
1171 5159 1361 5215 Christi
1383 5180 1548 5218 amen.

1079 5272 1221 5326 XXI.
1264 5272 1338 5326 De
1367 5274 1715 5331 I’rocessione.

690 5361 822 5416 Nota
853 5363 994 5432 quod
1047 5364 1350 5418 immediate
1388 5375 1510 5419 ante
1549 5367 1976 5424 distributionem
2001 5371 2196 5428 cande-

616 5452 789 5506 iarum
837 5468 890 5508 et
930 5456 1380 5526 ciuerum,h58
1437 5467 1720 5527 antequam
1768 5462 1992 5529 recipiat
2039 5465 2184 5519 aliud

615 5540 855 5609 pluviale
886 5554 937 5597 et
962 5547 1168 5599 mitram
1200 5545 1580 5615 auiifrisatam,
1612 5549 1751 5605 lavat
1781 5568 1990 5608 manus.

615 5708 620 5714 .
697 5633 894 5687 Deinde
923 5646 1165 5688 movetur
1193 5636 1488 5704 Processio,
1519 5650 1573 5694 et
1605 5641 1849 5699 dominus
1880 5661 2012 5715 papa
2041 5648 2196 5702 indu-

627 5737 708 5778 tus
753 5725 965 5793 pluiiali
1014 5728 1177 5782 rubeo
1223 5743 1343 5782 cum
1391 5731 1554 5801 perlis
1595 5737 1899 5803 aurifrisiis,
1949 5743 2192 5809 deposito

2305 4639 2459 4697 prout
2490 4631 2656 4684 moris
2685 4639 2791 4696 est,
2823 4633 3015 4700 quibus
3045 4641 3265 4688 utantur
3293 4650 3387 4704 per
3429 4645 3606 4690 totam
3671 4639 3888 4692 Missam.

2302 4720 2555 4787 lteceptis
2580 4725 2907 4790 paramentis
2954 4739 3047 4792 per
3078 4739 3290 4794 papam,
3342 4728 3582 4782 traditur
3609 4731 3721 4784 sibi
3752 4737 3888 4785 mitra

2301 4810 2495 4864 nubilis
2519 4823 2570 4866 et
2599 4812 2878 4876 solemnis,
2906 4830 3009 4883 qua
3041 4816 3206 4870 utitur
3229 4833 3324 4886 per
3353 4826 3524 4873 totam
3559 4821 3782 4875 Missam
3803 4840 3816 4885 ;
3841 4833 3887 4875 et

2301 4908 2482 4967 postea
2516 4901 2658 4955 venit
2682 4901 2750 4955 ad
2781 4903 2967 4958 altare.
2999 4903 3275 4960 Veniendo
3302 4908 3506 4962 debent
3529 4911 3582 4963 ei
3610 4926 3887 4965 acet-rure

2305 5001 2414 5047 tres
2442 4995 2740 5064 presbyteri
2782 4995 3079 5051 cardinales
3106 4997 3349 5065 juniores
3386 5004 3453 5054 ad
3499 5004 3758 5056 ascanium
3793 5007 3888 5055 oris

2303 5093 2357 5138 et
2389 5087 2616 5153 pectoris
2640 5085 2791 5154 juxta
2816 5090 3057 5145 ordinem
3089 5107 3266 5146 suum.
3301 5094 3504 5148 Deinde
3533 5111 3730 5150 coram
3748 5096 3886 5149 altari

2302 5178 2428 5230 l'acit
2457 5175 2850 5232 confessionem
2881 5195 3030 5235 more
3068 5182 3259 5237 solito:
3289 5193 3346 5237 et
3394 5195 3695 5254 antequam
3747 5190 3886 5240 iaciat

2301 5267 2694 5322 confessionem
2726 5269 3009 5336 deponitur
3039 5273 3138 5327 sibi
3171 5274 3327 5328 mitra
3377 5291 3472 5342 per
3521 5279 3815 5333 diaconum
3859 5295 3884 5329 a

2302 5359 2503 5413 dextris
2526 5375 2540 5425 ;
2572 5369 2624 5414 et
2653 5360 2951 5416 thurilicato
2978 5364 3156 5432 altari,
3180 5376 3454 5435 reponitur
3479 5371 3560 5434 ei,
3585 5373 3882 5426 assistenti-

2303 5449 2404 5504 bus
2430 5451 2704 5519 capellano
2731 5469 2760 5504 a
2794 5463 2943 5521 parte
2968 5455 3174 5522 dextra,
3209 5467 3263 5511 et
3291 5458 3522 5512 diacono
3567 5475 3596 5512 a
3646 5463 3882 5516 sinistra.

2303 5541 2670 5595 Subdiaconus
2693 5558 2820 5596 vero
2850 5547 3084 5598 remittat
3116 5547 3344 5614 pontiﬁci
3369 5549 3738 5616 manipulum,
3765 5555 3878 5604 dun.-

2303 5635 2534 5702 pontifex
2583 5635 2708 5689 facit
2745 5637 3169 5704 confessionem,
3213 5639 3506 5692 osculando
3543 5642 3594 5695 ei
3650 5660 3880 5694 niam.

2302 5731 2417 5796 Quo
2447 5729 2605 5794 facto,
2635 5730 2856 5800 rCt-ipiat
2882 5731 3070 5787 librum
3102 5732 3539 5802 Evangt'iiul'uttt,
3587 5744 3705 5790 stet
3738 5741 3878 5806 juxu

3957 76 3977 414 η

3971 609 3977 902 1
