4006 6292
178 322 202 374 1
213 320 321 374 “385

1385 326 1644 382 ROMANI
1686 325 1996 381 URBINES.
2041 359 2105 368 -—
2152 330 2257 383 XV.

3294 331 3430 396 testi

175 435 398 505 gradum
437 435 622 489 altatis
665 437 949 491 insi.istra
996 450 1183 508 par’e:
1231 441 1316 493 alii
1347 441 1574 495 ministri
1615 451 1756 495 stent
1785 445 1832 499 Α
1861 443 2000 494 niam
2049 453 2172 497 tunc
2221 458 2351 512 papa
2389 445 2600 500 sederet
2636 461 2795 515 suprr
2835 462 3049 516 parvam
3092 453 3424 525 cathedram,

179 539 325 581 retro
350 543 535 598 papam
557 529 719 599 459
749 530 884 584 faeta
901 531 1265 596 confessione;
1291 544 1407 602 post
1426 549 1586 602 quam
1614 534 1755 586 dicat

176 617 319 672 Deus
342 629 396 670 tu
430 634 719 672 conversus.
755 620 1053 675 Cardinalis
1077 623 1165 688 qui
1198 623 1360 676 Servii
1389 623 1440 676 in
1464 623 1641 676 ofﬁcio
1661 639 1752 676 ca-

177 710 372 777 pellani
401 710 530 776 acci,
555 710 624 763 iat
648 712 715 765 de
745 725 900 765 manu
938 712 1256 767 tburil’erarii
1310 715 1603 768 naviculam
1635 730 1754 768 eum

179 806 355 868 tlmre,
381 819 537 872 quam
561 803 646 857 ille
670 804 943 875 porrigere
964 806 1063 860 sibi
1088 807 1246 860 debet
1273 807 1410 860 inter
1451 808 1752 875 pontificem

173 906 228 949 et
247 897 437 959 altare;
459 905 511 948 et
541 897 774 964 pontifex
796 898 1152 962 ponattbusin
1174 898 1462 962 tburibulo,
1478 901 1756 967 eapellano

175 989 496 1052 naviculam,
525 987 863 1042 tlmriferario
895 990 1220 1044 tburibulum
1248 993 1594 1046 offerentibus
1627 1009 1756 1061 pnn-

176 1079 320 1133 tilici.
343 1080 459 1146 Quo
485 1079 648 1148 facto,
667 1082 793 1135 dicit
810 1083 1067 1149 pontifex,
1089 1083 1221 1136 Deus
1242 1096 1294 1136 tu
1313 1100 1604 1146 conversus,
1625 1098 1751 1150 etc.,

175 1185 229 1225 et
263 1170 340 1225 sic
366 1172 588 1226 accedat
636 1171 702 1224 ad
750 1174 939 1236 altare,
990 1173 1198 1227 duobus
1240 1175 1502 1243 aetilttliis
1557 1191 1756 1243 patulos

169 1266 468 1317 anteriores
499 1263 830 1318 elevantibus
873 1264 1171 1330 modicum;
1224 1274 1277 1318 et
1323 1265 1602 1319 inclinatus
1631 1276 1755 1321 ante

171 1354 342 1406 altare
370 1353 496 1407 dicit
544 1353 852 1407 Orationem
899 1355 1058 1422 Aufer
1105 1371 1136 1406 a
1184 1356 1348 1420 nobis,
1389 1365 1443 1409 et
1488 1361 1756 1413 osculetur

171 1444 346 1498 altare
371 1453 424 1498 et
456 1444 646 1498 librum
682 1445 1114 1513 Evangelioruin,
1146 1461 1302 1514 quem
1332 1456 1570 1514 apertum
1612 1450 1662 1502 in
1689 1465 1754 1504 eo

171 1535 295 1588 loco
323 1535 372 1588 in
395 1546 594 1604 quot-st
619 1537 961 1604 Evangelium
990 1537 1270 1607 legendum
1297 1537 1350 1591 in
1380 1538 1534 1593 Missa
1557 1540 1754 1594 offerre

172 1625 335 1678 debet
364 1627 412 1679 ei
441 1627 818 1692 subdiaconus,
866 1635 921 1682 et
965 1628 1262 1682 osculatum
1307 1644 1401 1697 per
1447 1630 1751 1698 pontificem

172 1716 656 1770 όίιιιίιιίιςιιιιιειηη
699 1732 861 1786 super
901 1718 1089 1774 altare.
1141 1719 1258 1786 Quo
1302 1720 1538 1774 osculato
1579 1721 1755 1790 signet

1859 531 2008 598 quasi
2041 541 2164 585 ante
2197 534 2426 587 medium
2451 535 2650 599 altaris,
2683 539 2958 605 apodiatus
2985 542 3049 594 ad
3078 547 3269 603 altare.

1926 619 2274 710 “Dilata
2321 626 2545 690 qualiter
2593 627 2750 684 debet
2777 632 2964 686 sedere
3030 644 3083 688 et
3131 637 3214 690 ubi
3270 658 3424 710 papa,

1857 709 2069 779 quando
2099 709 2299 764 faceret
2327 727 2657 769 sermonem.

1927 801 1985 856 Si
2031 818 2158 857 vero
2201 820 2333 873 papa
2377 821 2480 860 non
2522 809 2757 864 celebrat
2801 811 2886 864 illa
2919 813 3026 877 die,
3076 821 3255 873 statim
3297 823 3434 879 datis

1857 895 2047 958 cereis,
2077 905 2133 948 et
2175 895 2320 950 (inita
2365 912 2457 964 per
2504 913 2625 953 eum
2672 901 2924 956 Oratione
2967 903 3191 974 Exaudi,
3234 929 3436 980 (μία-δη.

1857 1002 1988 1049 mus,
2008 999 2134 1054 etc.,
2159 991 2297 1043 vadit
2323 1006 2501 1043 coram
2530 994 2681 1046 altari
2705 995 2769 1047 ad
2790 996 3084 1054 faciendum
3110 1019 3256 1059 mare
3275 1010 3436 1064 snlito

1858 1077 2267 1143 confessionem,
2296 1081 2594 1150 incipiendo
2624 1082 2855 1140 Introibo
2881 1091 2948 1141 od
2978 1093 3140 1146 altare
3172 1095 3285 1159 Dei,
3312 1115 3430 1153 cum

1859 1165 1949 1218 ill.»
1977 1169 2064 1235 qui
2096 1170 2347 1233 celebrat,
2380 1173 2646 1228 existente
2675 1189 2704 1227 a
2735 1175 2966 1232 sinistris
2999 1197 3148 1236 versa
3191 1185 3323 1242 facie
3367 1193 3431 1243 ad

1857 1271 2069 1324 papam,
2105 1259 2307 1328 junctis
2350 1264 2590 1318 manibus
2633 1282 2753 1321 cum
2802 1270 3058 1326 ministris
3089 1278 3200 1329 suis
3230 1280 3432 1336 duobus

1857 1345 2095 1402 daconis
2126 1351 2487 1406 cardinalibus
2519 1370 2667 1422 papae
2696 1358 3086 1425 assiStentibtts,
3124 1381 3228 1419 uno
3255 1385 3283 1424 a
3306 1373 3435 1425 dex-

1861 1437 1976 1500 tris,
2004 1446 2056 1490 et
2084 1439 2189 1491 alia
2220 1455 2249 1492 a
2272 1441 2522 1506 sinistris,
2554 1459 2684 1512 papa
2709 1448 2868 1500 etiam
2893 1453 3037 1504 vultu
3063 1469 3218 1510 verso
3239 1473 3290 1512 et
3314 1463 3432 1517 sine

1861 1530 2014 1583 mitra
2047 1544 2168 1598 erga
2201 1531 2588 1613 celebrantem.
2637 1535 2747 1602 Qua
2800 1541 3134 1599 confessione
3165 1548 3298 1602 facta
3319 1591 3332 1613 ,
3381 1563 3433 1608 et

1858 1620 1979 1673 data
2003 1618 2342 1675 ab~olutione
2367 1637 2536 1692 papae,
2565 1639 2698 1694 papa
2731 1628 2875 1682 vadit
2905 1631 2968 1684 ad
3011 1635 3192 1688 sedem
3240 1655 3387 1693 suam
3414 1685 3426 1702 ,

1859 1721 1911 1765 et
1935 1711 2122 1764 stando
2141 1714 2268 1767 dicit
2287 1714 2562 1769 lntroitum
2591 1717 2760 1772 Missae
2781 1735 2900 1775 cum
2931 1725 3289 1786 cardinalibus
3309 1750 3431 1790 an'e

173 1820 236 1859 se
269 1805 506 1860 l’onttfex
538 1816 736 1862 sanetae
769 1808 945 1862 crucis
975 1811 1145 1878 signo.
1193 1809 1346 1864 Tunc
1384 1810 1582 1866 chorus
1620 1813 1750 1867 inci-

1865 1801 2030 1866 ipsum
2063 1804 2114 1856 in
2140 1804 2354 1858 modum
2385 1821 2598 1862 corona:
2628 1823 2839 1879 semper
2861 1822 3275 1887 remanentibus,
3296 1824 3431 1877 dun-

176 1897 285 1962 piat
314 1897 587 1951 lntroitqu
613 1899 807 1967 Missae,
840 1911 893 1955 ct
922 1901 1159 1969 pontifex
1191 1912 1360 1956 vertat
1386 1917 1446 1958 se
1475 1904 1540 1957 ad
1573 1905 1755 1960 dexte-

176 2005 292 2042 ram
318 1999 521 2058 partem
546 2006 574 2043 a
604 1991 765 2058 tatis;
789 2003 842 2046 et
864 1993 1134 2060 accipiens
1160 1992 1480 2047 tburibulum
1506 1996 1573 2050 de
1596 2012 1755 2049 manu

172 2081 384 2135 diaconi
415 2081 604 2136 lceturi
631 2083 1000 2152 Evangelium,
1026 2084 1266 2139 incenset
1285 2085 1471 2150 altare,
1496 2086 1754 2156 incipiens

172 2171 244 2224 ab
270 2171 384 2240 ejus
415 2172 588 2226 medio
617 2184 802 2228 contra
829 2188 978 2227 suam
1011 2173 1228 2240 faciem;
1261 2184 1313 2230 et
1345 2177 1489 2244 prius
1516 2177 1757 2233 incenset

175 2272 381 2328 partem
409 2265 708 2332 dexteram,
741 2277 920 2336 positea
952 2267 1260 2333 sinistram;
1290 2281 1343 2323 et
1383 2271 1578 2326 deinde
1616 2287 1644 2324 a
1685 2274 1757 2325 si-

173 2355 349 2410 nistro
377 2357 542 2412 latere
575 2359 759 2414 redeat
783 2357 847 2411 ad
879 2359 1179 2427 dexteram,
1227 2363 1555 2417 incensando
1599 2374 1753 2420 ante-

172 2446 370 2503 riorem
397 2462 600 2518 partem
629 2451 833 2504 altaris.
865 2451 982 2519 Quo
1014 2453 1314 2518 incensato,
1348 2455 1538 2510 reddat
1589 2457 1758 2512 thuri-

173 2539 354 2594 bulutn
401 2540 647 2603 diacono,
694 2541 784 2610 qui
831 2543 1060 2597 osculari
1087 2543 1187 2597 sibi
1237 2544 1396 2600 debet
1442 2562 1656 2601 manum
1703 2550 1752 2603 in

173 2631 352 2684 dando
378 2640 430 2685 et
463 2631 790 2700 recipiendo.
821 2632 936 2686 Non
971 2632 1310 2689 tlmrilicatur
1341 2651 1470 2704 papt
1502 2639 1552 2690 in
1577 2639 1754 2703 altari,

171 2722 268 2776 sed
296 2725 346 2776 in
377 2724 504 2777 sede
533 2738 624 2791 per
648 2724 989 2778 assistentem
1015 2725 1321 2794 cpiscOpmn
1363 2728 1444 2781 vel
1479 2731 1756 2798 presbyte-

173 2829 291 2866 rum
323 2815 670 2880 cardinalem,
703 2815 836 2869 facta
868 2816 1014 2884 prius
1043 2817 1092 2870 ei
1123 2818 1419 2872 reverentia
1450 2834 1542 2888 per
1568 2835 1755 2875 omnes

173 2908 492 2962 cardinales.
521 2908 783 2963 Diaconus
811 2924 959 2973 vero,
984 2911 1256 2964 incensato
1277 2911 1546 2980 pontifice,
1577 2912 1756 2967 incen-

173 3007 255 3051 sat
283 2998 472 3052 deinde
501 2999 666 3054 altare
696 3014 790 3067 per
835 2999 1156 3066 circuitum;
1199 3000 1292 3055 sed
1338 3002 1484 3069 prius
1514 3017 1647 3071 papa
1673 3019 1758 3058 re-

172 3088 299 3158 cipit
328 3090 638 3160 praedictum
670 3092 952 3146 diaconum
983 3092 1050 3146 ad
1079 3093 1318 3147 osculum
1351 3094 1461 3148 oris
1493 3104 1546 3147 et
1579 3107 1756 3163 pecto-

1856 1889 1954 1943 bus
1973 1891 2369 1956 diaconisjuita
2393 1895 2557 1949 latera
2592 1913 2708 1960 sua,
2732 1901 2810 1954 vel
2841 1902 3020 1969 aliquo
3058 1907 3142 1976 epi
3175 1925 3205 1963 c
3229 1927 3427 1978 κρῆ-1111,

1856 1984 1923 2035 de
1946 1984 2044 2038 sibi
2089 1986 2461 2043 assistentibus
2505 2005 2609 2043 non
2642 1992 3001 2050 cardinalibus
3055 2000 3246 2054 librtnu
3292 2004 3429 2060 inter

1859 2088 2047 2127 manus
2112 2075 2448 2142 tenentibus;
2497 2087 2550 2132 et
2593 2079 2740 2135 dicto
2789 2082 2950 2137 etiam
2999 2086 3193 2142 ibidem
3251 2092 3433 2162 Kyrie,

1859 2176 1990 2230 papa
2021 2163 2172 2216 sedet
2199 2164 2250 2216 in
2281 2166 2409 2218 sede
2437 2180 2552 2220 sua.
2584 2166 2640 2221 Si
2665 2183 2795 2236 papa
2823 2186 2924 2225 non
2943 2174 3179 2230 celebrat
3201 2180 3296 2234 ista
3322 2184 3430 2249 die,

1859 2263 1982 2308 ante
2023 2254 2412 2311 confessionem
2461 2258 2750 2312 cardiualis
2792 2272 2844 2315 et
2903 2265 3107 2332 praelati
3161 2269 3435 2339 deponunt

1857 2358 2008 2399 saera
2037 2357 2364 2412 paramenta,
2394 2356 2446 2401 et
2491 2348 2685 2403 exinde
2726 2364 2914 2406 omnes
2944 2359 3242 2413 cardinales
3269 2363 3431 2432 depo-

1860 2443 1991 2490 nunt
2020 2447 2347 2505 paramenta,
2379 2449 2502 2505 etc.,
2539 2451 2588 2495 et
2615 2455 2888 2499 resumunt
2921 2461 3118 2517 cappas
3150 2452 3351 2517 laneas.
3382 2468 3437 2512 et

1857 2525 2019 2578 etiam
2042 2541 2229 2581 omnes
2250 2527 2583 2593 subdiaconi,
2601 2529 2896 2598 auditores,
2919 2545 2970 2590 et
2991 2541 3273 2610 eapellani,
3302 2555 3432 2614 etc.,

1863 2618 2068 2685 praelati
2102 2632 2229 2673 vero
2259 2619 2551 2674 secundum
2589 2622 2804 2677 modum
2830 2625 3104 2696 antiquum
3131 2631 3322 2688 debent
3353 2654 3438 2691 ie-

1859 2706 2027 2774 ceptis
2056 2706 2290 2762 candelis
2337 2719 2644 2777 paramenta
2688 2712 2991 2782 deponere;
3041 2721 3135 2774 sed
3168 2724 3437 2781 modernis

1862 2800 2196 2866 temporibus
2231 2813 2626 2857 consueverunt
2666 2804 2718 2859 in
2751 2806 3188 2868 Processionibus
3227 2833 3440 2888 semper

1863 2907 2051 2961 papam
2080 2894 2247 2948 sacris
2271 2894 2512 2949 indutum
2547 2899 2784 2955 vestibus
2823 2904 3092 2960 associare
3137 2920 3254 2976 post
3291 2927 3435 2982 eum,

1861 2984 2304 3039 antecedentibus
2349 2986 2739 3053 cardinalibus;
2783 3001 2836 3046 et
2872 2995 3087 3061 quando
3132 3001 3430 3057 cardinales

1862 3077 2133 3144 deponunt
2176 3091 2511 3146 paramenta,
2564 3080 2663 3146 ipsi
2709 3084 2869 3138 etiam
2912 3086 3109 3143 debent
3144 3091 3437 3159 deponere.

172 3183 286 3247 ris,
337 3198 726 3253 consequenter
773 3199 961 3239 omnes
1007 3185 1262 3240 diaconos
1306 3185 1456 3254 juxta
1506 3187 1748 3241 ordinem

1865 3163 1955 3221 Est
1983 3167 2257 3223 honestius
2279 3179 2335 3223 ut
2359 3171 2558 3239 prtelati
2581 3180 2726 3227 stent
2745 3176 2913 3240 parati
2940 3178 3100 3232 etiam
3149 3195 3242 3248 per
3272 3191 3437 3239 totam

172 3290 361 3340 suum,
392 3284 446 3330 et
473 3277 688 3330 ultimus
719 3286 870 3344 parat
898 3276 998 3331 sibi
1030 3277 1249 3346 pallium
1283 3288 1334 3332 et
1363 3279 1550 3334 subtus
1575 3280 1750 3348 Capita

171 3366 282 3420 fani
312 3382 338 3418 a
375 3379 521 3434 parte
552 3369 804 3421 aviteriori
830 3384 845 3433 ;
871 3377 926 3422 et
951 3368 1030 3422 sic
1059 3368 1316 3437 capellani
1342 3369 1504 3422 etalii
1534 3369 1748 3423 dianni

170 3457 443 3512 deducunt
495 3471 682 3523 papam
727 3458 793 3510 ad
833 3460 1014 3512 sedem
1063 3472 1238 3512 suam.
1290 3459 1440 3512 Tunc
1495 3460 1754 3514 diaconus

168 3557 436 3602 intenset.
489 3547 608 3612 Quo
655 3549 811 3610 facto,
863 3547 1002 3615 legat
1044 3548 1322 3602 introitum
1373 3550 1546 3604 Missa:
1594 3566 1756 3620 super

168 3640 345 3693 altare
366 3653 487 3691 cun
533 3639 777 3699 sacriSta,
822 3637 866 3690 si
897 3639 967 3692 sit
993 3639 1306 3706 cp‘scopus,
1357 3644 1438 3695 vel
1485 3657 1606 3696 cum
1650 3645 1756 3696 alio

169 3730 448 3799 episcopo,
481 3729 569 3796 qui
614 3732 780 3783 servit
819 3729 917 3782 sibi
962 3729 1013 3782 in
1058 3729 1236 3783 officio
1282 3731 1754 3803 archipresbyteri.

170 3822 416 3889 Cumque
439 3819 675 3890 pontifex
700 3819 766 3873 ad
793 3820 974 3874 sedem
998 3834 1148 3873 suam
1175 3822 1399 3888 venerit,
1426 3833 1578 3877 stans
1598 3838 1762 3892 super

169 3912 468 3965 scabellum
493 3910 639 3965 dicat
666 3911 783 3966 sine
813 3923 972 3966 cantu
1002 3926 1123 3966 cum
1148 3912 1406 3967 cardinali
1458 3915 1757 3981 lntroitum,

173 4004 360 4076 lt'yrie,
384 4004 607 4070 eli-ison;
628 4014 819 4059 czetera
844 4004 972 4058 fiunt
998 4013 1154 4073 prout
1173 4016 1294 4060 sunt
1320 4017 1525 4075 notata,
1548 4010 1762 4077 quando

175 4110 315 4166 papa
343 4095 601 4150 celebrat.

578 4186 742 4241 XXII.
789 4186 864 4242 De
891 4189 1150 4243 serviendo
1173 4207 1338 4261 papa'.

180 4331 184 4339 ,
254 4281 383 4336 Nota
413 4280 481 4335 de
508 4283 772 4336 serviente
801 4298 950 4352 papa:
984 4285 1035 4337 iu
1068 4285 1366 4338 assiSIendo
1402 4285 1765 4354 quandocun-

172 4387 285 4441 que
308 4372 559 4425 celebrat.
585 4372 884 4427 Notandum
907 4375 1044 4442 quod
1069 4375 1120 4428 iu
1147 4377 1395 4443 pra-dicta
1415 4378 1570 4431 Missa
1592 4380 1764 4432 servit

175 4479 336 4534 papa:
365 4465 416 4517 in
447 4463 626 4518 officio
655 4466 912 4534 capellani
946 4466 1089 4534 prior
1117 4467 1490 4537 episcoporum
1513 4469 1760 4523 cardina-

1857 3258 2068 3314 Missam
2103 3261 2390 3328 inclusive,
2416 3262 2458 3315 si
2484 3277 2616 3331 papa
2637 3264 2902 3331 celebret;
2931 3277 2985 3322 et
3013 3270 3056 3322 si
3085 3285 3214 3338 non,
3244 3273 3434 3330 saltem

1858 3351 2093 3419 quandiu
2125 3351 2424 3407 cardinales
2455 3356 2710 3407 tenebunt
2745 3367 3077 3422 paramenta.

1927 3443 2213 3499 Sciendum
2245 3444 2386 3514 quvd
2427 3444 2662 3509 inempto
2691 3446 2999 3517 Evangelia,
3037 3450 3196 3505 etiam
3227 3453 3270 3506 si
3302 3469 3436 3522 papa

1859 3535 2180 3600 celebraret,
2210 3535 2495 3589 cardinalis
2522 3536 2782 3591 diaconus
2810 3538 2862 3591 in
2885 3540 3098 3595 sinistra
3131 3553 3280 3610 parte
3302 3548 3440 3598 assi-

1859 3637 2007 3683 stens
2037 3629 2468 3697 recipitcereum
2505 3643 2791 3683 accensum
2820 3630 2886 3684 de
2929 3646 3087 3684 manu
3128 3634 3310 3690 milits
3357 3637 3441 3689 vel

1860 3719 2124 3774 domicelli
2155 3734 2304 3786 papa:
2332 3721 2522 3773 stantis
2551 3720 2711 3774 etiam
2738 3735 2767 3774 a
2791 3733 2937 3790 parte
2957 3723 3192 3787 sinistra,
3218 3737 3270 3780 et
3295 3729 3444 3793 ponit

1861 3829 1982 3868 eum
2015 3815 2066 3865 in
2110 3826 2268 3865 manu
2304 3826 2474 3878 papae,
2504 3811 2672 3878 ipsam
2718 3829 2932 3868 manum
2981 3816 3344 3874 deosculando
3390 3839 3440 3876 -u

1863 3903 2040 3959 dando
2065 3910 2119 3956 et
2148 3902 2488 3969 recipiendo;
2519 3912 2572 3956 et
2602 3904 2774 3970 ipsum
2798 3915 2941 3959 tenet
2972 3921 3101 3976 papa
3131 3924 3437 3991 accensum.

1863 4010 1918 4056 et
1947 3997 2248 4054 cardinales
2277 3997 2465 4059 etiam,
2499 4004 2554 4050 et
2582 4011 2771 4050 omnes
2803 3997 2894 4052 alii
2923 4013 3048 4053 suos
3092 4002 3147 4054 in
3199 4005 3443 4057 manibus

1864 4091 1976 4145 suis
2003 4101 2261 4142 accensos
2289 4094 2471 4140 tenent
2498 4100 2688 4140 cereos
2717 4087 2830 4141 sive
2865 4089 3139 4157 candelas,
3169 4106 3444 4162 quousque

1865 4179 2211 4250 Evangeliqu
2241 4177 2304 4230 sit
2329 4185 2623 4231 cantatum.
2669 4178 2785 4244 Quo
2823 4177 2990 4243 finito,
3021 4182 3302 4246 prtedictus
3331 4185 3446 4237 dia-

1864 4286 2032 4327 conus
2060 4270 2129 4325 de
2160 4283 2318 4322 manu
2355 4282 2502 4335 papa:
2527 4281 2742 4321 cereum
2768 4268 2979 4337 recipit,
3020 4278 3075 4324 et
3102 4286 3223 4325 eum
3255 4288 3448 4328 accen-

1865 4381 1983 4422 sum
2015 4363 2302 4418 domicello
2332 4377 2424 4415 seu
2449 4360 2598 4414 militi
2631 4359 2839 4426 reddit;
2869 4369 2924 4415 et
2953 4363 3112 4417 etiam
3141 4364 3442 4424 cardinales

1868 4469 1922 4514 et
1943 4455 2120 4512 caueri
2149 4453 2349 4523 praelati
2372 4452 2482 4506 suis
2504 4451 2849 4505 servitoribus
2874 4452 3088 4506 tradunt
3112 4469 3237 4509 suos
3259 4471 3446 4511 cerens

178 4527 335 4618 iium,
357 4567 405 4610 et
428 4569 638 4623 St'lllpel'
672 4527 736 4608 iu.
756 4557 929 4611 Missis
946 4527 1069 4627 qua:
1092 4527 1187 4628 per
1213 4527 1398 4627 papam
1424 4560 1757 4615 celebrantur

1871 4563 2129 4607 accensos
2158 4561 2326 4615 usque
2357 4545 2421 4599 ad
2456 4546 2613 4598 finem
2644 4544 2811 4598 Missa:
2839 4545 3119 4610 tenendos,
3159 4548 3316 4612 sicut,
3351 4564 3449 4602 ano

175 4648 298 4714 ipse
325 4645 574 4700 dominus
601 4647 886 4701 cardinalis
910 4649 1070 4703 servit
1103 4664 1252 4717 papze
1284 4651 1334 4702 in
1377 4651 1518 4703 dicto
1547 4651 1758 4716 officio;

175 4748 233 4790 et
259 4736 370 4804 ipse
390 4738 669 4806 episcopus
681 4739 1040 4793 sederedcbet
1061 4755 1222 4807 super
1237 4740 1582 4794 f.ddistorium
1603 4757 1759 4796 suum

173 4829 248 4883 ad
274 4828 544 4884 dexteram
570 4840 774 4898 partem
798 4833 941 4886 sedis
964 4846 1110 4898 papa:
1132 4847 1292 4898 supra
1316 4833 1449 4886 alios
1476 4849 1760 4902 ep‘scopos

174 4917 505 4985 cardinales,
529 4922 616 4988 qui
651 4922 840 4975 sedere
868 4925 1029 4974 etiam
1061 4922 1260 4976 debent
1290 4924 1339 4974 in
1369 4925 1554 4978 eadem
1587 4936 1756 4989 parte.

176 5008 290 5064 Sed
310 5019 428 5063 nota
454 5010 668 5078 quando
693 5011 750 5064 fit
774 5026 970 5076 sermo,
999 5021 1046 5065 et
1073 5013 1285 5080 quando
1311 5021 1559 5067 cantatur
1588 5016 1761 5067 Evan-

173 5100 405 5168 gelium,
432 5112 483 5153 et
499 5100 710 5168 quando
736 5102 985 5170 incipitur
1010 5102 1275 5167 Prtel'atio,
1300 5104 1422 5156 dum
1443 5104 1638 5158 dicitur
1662 5103 1764 5159 Per

176 5191 379 5254 onmia,
412 5192 623 5260 quando
657 5193 790 5247 alius
838 5184 1089 5261 pradatus
1136 5194 1259 5248 facit
1301 5196 1539 5249 ollizium
1581 5211 1762 5248 coram

179 5297 341 5351 papa,
372 5283 485 5350 ipse
507 5285 649 5337 vadit
675 5286 739 5338 ad
763 5285 1058 5340 sedendum
1082 5288 1134 5340 in
1157 5287 1345 5341 ordine
1371 5303 1470 5341 suo
1491 5297 1545 5342 et
1571 5288 1621 5342 in
1647 5288 1765 5342 loco

177 5386 306 5435 suo,
331 5372 431 5427 nisi
465 5383 491 5410 ιι
525 5386 769 5443 papamet
788 5375 984 5429 faceret
1013 5390 1335 5443 sermonem,
1363 5377 1612 5444 quoniam
1640 5387 1768 5431 tunc

180 5460 410 5516 haberet
455 5465 644 5519 sedere
697 5467 749 5520 in
795 5466 982 5520 ordne
1013 5466 1356 5520 diaconorum
1399 5466 1771 5531 cardinalium,

179 5552 389 5608 scilicet
421 5565 545 5611 ante
574 5555 723 5612 illum
765 5558 854 5628 qui
885 5572 1034 5627 papa!
1075 5558 1291 5613 assistet
1319 5573 1348 5612 a
1381 5557 1604 5621 dextris,
1637 5573 1771 5628 quu-

1872 4654 2087 4713 tequam
2132 4638 2472 4707 Evangelittm
2534 4637 2819 4703 legeretur,
2873 4637 3159 4702 tenebant;
3214 4640 3313 4692 hoc
3355 4656 3450 4695 εχ-

1870 4745 2048 4802 cepto,
2081 4729 2221 4800 quod
2249 4726 2463 4798 quando
2494 4724 2653 4780 debet
2685 4725 2847 4794 incipi
2873 4742 3080 4788 sermo,
3122 4729 3166 4781 si
3197 4730 3276 4793 fit,
3307 4732 3447 4797 quod

1871 4841 1975 4879 non
2017 4830 2103 4877 est
2146 4828 2460 4874 consuetum
2512 4815 2782 4870 modernis
2851 4817 3201 4884 temporibus,
3262 4835 3451 4874 omnes

1870 4913 2013 4968 cerei
2057 4911 2258 4966 debent
2302 4908 2607 4976 exstingui;
2652 4907 2741 4960 sed
2775 4907 2953 4960 statim
3008 4909 3158 4961 finito
3202 4923 3451 4963 sermone

1871 5008 2064 5061 iterum
2095 5001 2336 5063 accendi,
2364 5010 2416 5054 et
2447 4999 2645 5053 debent
2669 4999 2836 5052 teneri
2874 5012 2967 5066 per
2999 4998 3221 5054 militem
3253 5015 3450 5055 accen-

1865 5113 1984 5153 sum
2015 5111 2110 5150 seu
2147 5092 2488 5148 domicellum
2517 5105 2683 5159 papas,
2715 5098 2770 5144 et
2795 5090 2928 5143 alios
2958 5090 3246 5144 servitores
3277 5091 3453 5146 cardi-

1868 5189 2067 5241 nalium
2092 5194 2146 5240 et
2171 5184 2399 5236 aliorum
2427 5181 2764 5250 prmlatorum
2783 5193 2950 5245 usque
2972 5180 3035 5232 ad
3066 5180 3223 5233 finem
3249 5181 3448 5238 Μίδεω».

1869 5277 2160 5334 Sciendum
2209 5283 2390 5328 tamen
2462 5270 2600 5341 quod
2650 5270 3010 5322 cardinalibus
3066 5270 3261 5324 dantur
3307 5271 3450 5325 cerei

1871 5371 2168 5442 grossiores
2212 5375 2266 5421 et
2313 5363 2547 5431 majores
2588 5362 2728 5427 aliis,
2762 5369 2817 5415 et
2855 5361 3018 5414 etiam
3069 5363 3324 5428 praelatis,
3355 5362 3451 5416 sed

1876 5466 2111 5518 minores
2157 5458 2512 5514 cardinalium
2564 5455 2690 5517 illis,
2743 5463 2922 5508 tamen
2971 5454 3037 5508 de
3066 5453 3253 5507 eadem
3298 5470 3448 5508 cera.

1873 5556 2098 5612 Caeteris
2132 5551 2486 5609 existentibus
2516 5549 2568 5602 in
2593 5549 2748 5602 Missa
2775 5548 2971 5602 dantur
3013 5547 3251 5601 candela:
3299 5561 3450 5600 com-

263 5697 287 5724 ⁸
330 5690 525 5745 Eadem
557 5709 687 5767 vore
706 5706 959 5767 ρηρατηρῑ,
994 5696 1044 5751 id
1068 5707 1142 5752 es'
1171 5710 1300 5766 papa
1327 5695 1573 5764 ipsemet,
1601 5694 1765 5751 utilttr
1807 5706 1995 5752 auctor
2024 5693 2248 5750 inferius
2280 5706 2384 5747 non
2414 5687 2610 5754 semel;
2643 5687 2720 5743 sic
2750 5688 2799 5742 in
2821 5687 3086 5758 "superiori
3117 5685 3249 5740 libro
3282 5677 3458 5748 ponti-

186 5761 399 5831 f.‘zme.',
432 5780 544 5834 pag.
577 5765 699 5821 369.
