3990 6298
552 311 693 374 ιιιειι
1263 309 1612 368 ΔΡΡΕΝΒΙΧ
1651 309 1742 365 AD
1780 309 1843 364 S.
1884 309 2139 367 GIIEGOI

2259 313 2476 372 MAGNI
2508 314 2876 374 LITURGICA
2914 319 3171 378 OPEliA.
3696 323 3850 380 1188

554 437 822 498 petentes;
846 425 1096 492 deinceps
1117 421 1427 475 οῐίίεἰιιιιιιιις
1446 436 1614 489 νίψει,
1631 421 1717 490 qui
1740 421 2123 488 aliquantulum
2158 430 2204 487 Α
2231 426 2393 479 modo
2416 428 2563 496 ponit
2584 429 2792 483 cineres
2813 440 2973 498 super
2992 442 3151 500 caput
3179 431 3300 502 ejus
3326 433 3516 490 dicens
3549 433 3855 504 Memento,

555 520 785 590 majores
823 514 1102 581 recipiunt.
1130 512 1335 567 Cretera
1366 512 1496 565 liunt
1524 524 1679 582 prout
1707 510 1760 566 in
1787 513 1907 568 aliis
1941 513 2114 569 Missis
2237 513 2418 575 homo.
2450 525 2633 585 postea
2662 531 2802 586 genu
2827 519 3105 573 osculatur
3133 519 3382 576 dextrum
3407 538 3441 592 p
3461 538 3587 590 ipa.

556 613 665 668 ﬁeri
695 617 1006 664 cun~uetum
1033 613 1134 659 est.
2302 603 2436 659 Nota
2452 608 2592 676 quod
2611 606 2654 660 si
2674 606 2742 660 sit
2764 607 3058 678 imperator
3075 612 3158 666 vel
3183 628 3297 679 rex,
3317 625 3436 682 post
3455 613 3636 682 ipsum
3655 613 3856 680 recipit

733 699 917 753 XXIII.
962 698 1038 751 De
1062 696 1318 751 Cathedra
1345 697 1508 750 sancti
1535 694 1677 749 Petri
1703 695 1928 750 rubrica.
2231 692 2481 759 cineres,
2532 704 2587 750 et
2629 699 2817 766 pedem
2853 714 3036 767 papae,
3079 710 3134 755 et
3182 717 3286 756 non
3337 719 3478 772 genu
3529 705 3856 769 osculitur;

624 793 676 846 Iri
728 788 993 843 Catliedra
1041 789 1209 843 sancti
1260 787 1400 842 Petri
1451 803 1549 843 nec
1599 803 1800 852 sermo,
1847 804 1943 842 nec
1973 788 2130 843 Missa
2233 786 2428 843 deinde
2463 803 2651 843 omnes
2698 791 3033 858 cardinales,
3080 794 3254 862 primo
3279 797 3556 864 episcopi,
3603 797 3858 850 secundo

550 890 942 940 cinisueverunt
965 878 1221 940 mandari,
1255 880 1378 949 quia
1409 895 1512 932 non
1543 887 1668 932 sunt
1692 878 1984 932 secundum
2018 896 2130 932 mo-
2236 879 2558 949 presbyteri,
2595 881 2755 935 tertio
2812 882 3047 948 diaconi,
3076 893 3128 938 et
3156 901 3346 940 omnes
3375 888 3464 940 alii
3495 888 3734 954 pra-lati,
3765 888 3858 956 qui

552 977 772 1038 dernos,
806 974 931 1026 licet
975 971 1267 1040 antiquitus
1319 970 1598 1024 consuevit
1643 983 1801 1034 esse;
1833 970 1925 1024 sed
1969 970 2128 1040 5,61
2234 979 2358 1022 sunt
2389 971 2559 1037 parati
2600 1012 2616 1038 ,
2649 988 2787 1042 genu
2813 989 2963 1043 papae
2993 977 3302 1031 osculantur
3329 978 3382 1031 iu
3415 979 3738 1046 receptioue
3774 981 3855 1032 ci-

548 1070 799 1122 dominus
827 1066 1073 1121 Urbanus
1124 1078 1255 1131 papa
1289 1073 1471 1116 sextus
1521 1062 1571 1115 in
1605 1062 1774 1129 primo
1821 1077 1960 1116 anno
1999 1071 2052 1115 et
2083 1066 2132 1116 in

556 1157 796 1212 secundo
827 1171 966 1208 anno
997 1152 1271 1206 mandavit
1302 1151 1436 1204 lieri.
1471 1150 1524 1203 Ιιι
1561 1153 1731 1218 primo
1782 1152 1903 1205 iecit
1928 1165 2135 1204 sermo-

556 1267 677 1304 nem
708 1246 994 1302 cardiualis
1017 1242 1326 1308 Gradensis,
1360 1241 1411 1294 in
1434 1241 1669 1295 secundo
1697 1241 1821 1295 fecit
1847 1240 2135 1294 cardinalis

559 1343 929 1395 Iionavenlura
981 1337 1049 1387 de
1104 1333 1277 1386 Padua
1347 1330 1757 1400 Augustinensis
1813 1332 1862 1383 iu
1911 1329 2136 1384 ecelesia

556 1430 726 1484 sancti
758 1428 897 1481 Petri
927 1426 994 1480 de
1028 1424 1189 1490 Urbe,
1231 1422 1447 1478 Urbano
1484 1422 1697 1475 Missam
1734 1422 2038 1477 celebrante
2079 1421 2131 1475 itt

553 1531 740 1575 sancto
769 1518 945 1570 Petro.
1773 1581 1796 1600 ὦ

627 1610 814 1667 XXIV.
859 1609 933 1662 De
960 1608 1124 1676 prima
1150 1608 1232 1659 die
1258 1606 1672 1675 Quadragrsimw
1692 1621 1780 1658 seu
1807 1604 2063 1658 Cinerum.

631 1706 684 1757 In
714 1704 798 1758 die
828 1701 1082 1754 Cinerttm
1115 1699 1240 1751 feria
1272 1708 1456 1766 quarta
1489 1696 1540 1749 itt
1570 1698 1742 1763 capite
1771 1695 1997 1763 Jejunii,
2030 1695 2136 1748 sci-

2242 1072 2469 1123 nerttm,
2520 1062 2839 1129 patriarcha:
2890 1074 3039 1131 post;
3088 1070 3418 1121 cameraritts
3465 1083 3498 1121 ν
3535 1085 3600 1122 ru
3653 1085 3852 1138 papae,

2239 1151 2465 1216 notarii,
2496 1153 2766 1208 auditores
2795 1158 3268 1220 contradictzirum,
3299 1169 3354 1212 et
3383 1169 3701 1223 cztrrector,
3731 1160 3838 1213 etsi

2239 1240 2434 1310 aliquis
2487 1245 2720 1310 ipsorum
2767 1255 2915 1300 esset
2950 1249 3233 1317 episcopus
3283 1251 3367 1304 vel
3414 1255 3695 1318 pralatus,
3727 1255 3850 1322 quia

2240 1348 2345 1384 non
2379 1344 2777 1388 consueverunt
2805 1338 2987 1391 venire
3013 1337 3173 1409 482
3209 1343 3414 1408 parati,
3445 1343 3544 1395 sed
3569 1357 3695 1394 cum
3718 1360 3850 1410 cap-

2245 1425 2326 1492 pis
2356 1425 2543 1489 laneis,
2571 1438 2625 1480 et
2654 1429 2913 1496 capellani
2941 1439 3046 1482 tam
3078 1436 3495 1498 commensales,
3523 1449 3688 1503 quam
3717 1455 3730 1482 ι
3750 1451 3850 1488 ou-

2249 1514 2381 1568 tinui
2413 1516 2528 1579 alii,
2559 1518 2647 1583 qui
2680 1519 2874 1572 debent
2904 1535 3023 1574 esse
3048 1521 3097 1572 in
3127 1523 3307 1588 cultis,
3339 1538 3552 1578 necnon
3583 1529 3753 1590 ιωιιὶι
3773 1544 3845 1578 -ιι-

2245 1605 2404 1669 tiarii,
2431 1617 2485 1660 et
2515 1608 2747 1662 bretiter
2776 1625 2963 1664 omnes
2988 1613 3076 1665 alii
3110 1613 3418 1677 latniliares,
3437 1617 3608 1668 etiam
3635 1620 3678 1670 si
3702 1630 3844 1671 esset

2243 1711 2357 1763 rex,
2391 1697 2517 1761 dux,
2551 1709 2640 1752 aut
2669 1714 2872 1765 comes,
2901 1702 3051 1756 ﬂexis
3074 1705 3298 1772 genibus
3328 1707 3603 1774 recipiunt
3631 1711 3838 1764 cineres

553 1797 678 1851 licet
735 1793 904 1864 prima
965 1792 1051 1845 die
1111 1786 1578 1856 Quadrageaitnae.
1638 1801 1818 1840 sermo
1868 1797 1923 1840 et
1977 1785 2137 1838 Iltissa
2173 1801 2218 1860 Β
2245 1803 2272 1840 a
2314 1805 2443 1857 papa
2469 1807 2483 1856 ;
2512 1804 2565 1845 et
2591 1793 2720 1861 ipsis
2746 1796 2976 1864 receptis
3004 1799 3319 1852 osculantur
3350 1800 3548 1868 pedem
3583 1818 3763 1870 papae,
3793 1813 3841 1857 et

556 1887 892 1942 mandantur.

628 1977 736 2030 Ilac
765 1975 853 2029 die
885 1975 1013 2025 liunt
1047 1972 1260 2025 cineres
1281 1969 1348 2024 de
1375 1970 1538 2023 ramis
1569 1970 1860 2036 palmarum
1884 1969 2140 2023 Oli-rarum

553 2069 678 2122 anni
727 2065 978 2135 praeteriti
1027 2078 1120 2131 per
1163 2064 1444 2116 sacristam
1493 2060 1572 2113 vel
1603 2059 1720 2128 ejus
1753 2061 2007 2113 clericum
2053 2061 2140 2128 qui

552 2161 769 2229 capella:
802 2173 983 2211 curam
1025 2155 1181 2224 gerit.
1223 2154 1530 2210 Secundum
1574 2153 1851 2205 dominum
1885 2151 2142 2206 Jacobum

557 2250 799 2309 Gaietaui
821 2247 1208 2302 benedicuntur
1227 2261 1318 2314 per
1342 2243 1605 2313 iuniorem
1639 2243 2002 2312 presbyterum
2027 2257 2144 2296 ear-

555 2346 786 2398 dinalem
816 2357 936 2394 cum
972 2336 1228 2391 ministris
1258 2337 1394 2390 albis
1429 2345 1635 2388 tantum
1683 2335 1913 2403 paratis;
1943 2343 1999 2387 et
2030 2335 2144 2401 ipse

560 2447 772 2506 paratus
813 2438 934 2487 cum
995 2428 1242 2500 pluviali,
1286 2428 1506 2482 incenso
1552 2437 1608 2481 et
1657 2441 1792 2495 aqua
1832 2427 2142 2492 benelicta,

565 2540 846 2595 antequam
869 2538 1013 2594 papa
1047 2533 1205 2576 exeat
1236 2521 1304 2575 de
1332 2535 1542 2574 camera
1575 2519 1824 2583 sua,i|los
1854 2518 2022 2573 bened
2046 2519 2140 2573 cit.

557 2622 675 2673 I'ost
712 2621 824 2671 lu-c
851 2632 1008 2679 vero,
1035 2615 1076 2666 si
1107 2628 1236 2683 papa
1267 2628 1370 2666 nun
1401 2610 1557 2664 fuerit
1595 2609 1646 2663 in
1693 2609 1855 2676 Urbe,
1894 2610 2017 2664 dom
2044 2624 2143 2664 nus

558 2726 690 2780 papa
715 2709 929 2764 indutus
953 2717 1133 2760 manto
1154 2705 1272 2758 sive
1301 2701 1513 2773 pluviali
1537 2701 1702 2756 rttbeo
1725 2702 1839 2755 sine
1860 2700 2016 2754 auril‘r
2032 2702 2144 2756 isiis

556 2809 670 2857 sire
701 2802 865 2871 periis
886 2842 901 2865 ,
933 2810 986 2854 et
1015 2801 1166 2852 mitra
1198 2801 1360 2852 etiam
1404 2797 1519 2849 sine
1544 2793 1826 2848 auriI'risiis
1857 2805 1911 2850 et
1945 2795 2139 2863 periis,

555 2897 672 2948 allia
704 2903 758 2946 et
801 2893 954 2961 plana
1003 2891 1071 2944 de
1099 2890 1377 2956 garriello,
1416 2888 1638 2940 veniens
1679 2886 1746 2940 de
1790 2900 2002 2940 camera
2048 2900 2143 2940 sua

557 2985 702 3038 vadit
744 2983 808 3036 ad
853 2982 1142 3049 capellam,
1173 2991 1226 3032 et
1254 2990 1371 3033 orat
1400 2994 1548 3032 more
1577 2979 1736 3032 solito
1774 2988 1898 3033 ante
1938 2977 2140 3042 altare,

558 3073 646 3127 ubi
688 3073 846 3125 debet
873 3086 991 3123 esse
1021 3070 1268 3122 cathedra
1302 3067 1534 3121 scabello
1573 3075 1887 3134 praeparata.
1925 3067 2131 3121 Deinde

2248 1899 2352 1938 non
2383 1901 2543 1952 genu.

2316 1975 2602 2029 Sciendum
2635 1977 2774 2046 quod
2802 1978 2846 2032 si
2880 1994 2970 2034 rex
3003 1990 3145 2036 esset
3178 1985 3682 2051 praesens,cineres
3712 1989 3847 2041 reci-

2249 2061 2326 2129 pit
2371 2072 2490 2131 post
2551 2081 2780 2134 priorem
2833 2069 3210 2136 episcoporum
3266 2073 3663 2137 cnrdinalium,
3696 2089 3846 2145 pruut

2247 2152 2446 2208 dictum
2481 2164 2595 2219 est;
2625 2156 2718 2210 sed
2753 2159 2842 2212 lilii
2872 2175 3076 2228 regum,
3101 2162 3141 2213 si
3167 2163 3328 2216 etiam
3357 2165 3642 2228 intersint.
3661 2171 3844 2222 eodem

2253 2245 2413 2298 modo
2443 2263 2548 2316 quo
2578 2249 2766 2303 sedent
2797 2251 2938 2306 inter
2966 2253 3534 2318 cardinales,cincres
3563 2260 3840 2327 recipiunt,

2248 2346 2302 2390 et
2334 2341 2651 2406 patriarchae
2673 2342 2858 2407 etiam,
2876 2344 2944 2397 de
2969 2345 3162 2412 quibus
3183 2346 3397 2400 dicetur
3419 2347 3655 2402 inferius
3680 2352 3728 2402 in
3755 2368 3845 2404 suo

2248 2426 2385 2482 loco.
2408 2431 2610 2495 Quibus
2647 2433 2919 2488 cineribus
2938 2433 3076 2488 datis
3098 2444 3150 2488 et
3172 2436 3370 2489 ablutis
3397 2453 3558 2508 papa:
3585 2455 3708 2493 man
3736 2441 3841 2504 bus,

2247 2530 2466 2574 extensa
2495 2522 2597 2573 alia
2627 2522 2835 2576 tobalea
2867 2523 3004 2577 linea
3049 2539 3143 2593 per
3173 2526 3458 2592 acolytltos
3514 2541 3574 2582 et
3624 2533 3840 2598 capella-

2249 2625 2367 2675 nus,
2398 2612 2644 2665 dominus
2679 2622 2860 2668 noster
2891 2629 3024 2683 ptpa
3058 2615 3226 2684 surgit
3253 2617 3321 2670 de
3382 2620 3544 2684 sede,
3573 2632 3626 2674 et
3657 2621 3843 2675 ibidem

2248 2702 2716 2772 stando,deposita
2743 2705 2917 2769 mitra,
2945 2705 3073 2759 dicit
3096 2708 3364 2762 cantando
3401 2711 3667 2764 Dominus
3694 2716 3845 2768 vobis-

2248 2807 2384 2845 cum.
2440 2791 2505 2845 Et
2552 2803 2672 2846 nota
2723 2793 2864 2862 quod
2897 2810 3000 2848 nou
3057 2797 3284 2861 dicatur,
3318 2798 3632 2854 Flectamus
3661 2821 3840 2872 genus,

2249 2880 2343 2936 sed
2373 2881 2551 2936 statim
2582 2882 2710 2937 dicit
2739 2885 3215 2953 lmncOrationem,
3235 2889 3503 2953 Concede,
3527 2910 3836 2962 quttsrrrrrur,

2249 2970 2498 3038 Domine,
2528 2974 2798 3044 prwsidia.
2829 2978 2940 3042 Qua
2964 2979 3227 3048 completa
3268 2981 3559 3048 Oratione,
3590 3000 3724 3055 papa
3770 3001 3845 3041 re-

2266 3065 2430 3130 cedit,
2461 3074 2514 3119 et
2539 3065 2682 3120 vadit
2710 3066 2776 3120 ad
2801 3070 3160 3136 recipiendum
3188 3085 3504 3142 par-amenta
3539 3091 3638 3130 sua
3675 3079 3728 3131 in
3769 3094 3846 3132 re-

559 3167 706 3218 vadit
749 3165 813 3214 ad
845 3161 1027 3214 sedent
1058 3175 1240 3223 snam,
1277 3172 1451 3226 panno
1479 3158 1547 3211 de
1578 3160 1752 3210 veluto
1783 3157 2017 3212 violaceo
2046 3173 2137 3212 or-
2165 3172 2212 3236 ο
2251 3158 2526 3225 vestiario,
2562 3160 2763 3228 paratis
2806 3162 3120 3218 solenmiter
3165 3181 3257 3234 per
3303 3183 3412 3222 saci
3429 3170 3593 3223 istam
3639 3182 3696 3226 et
3738 3175 3844 3240 eius

557 3267 733 3312 natam
771 3270 863 3324 per
909 3252 1264 3321 primicerium
1295 3266 1387 3304 seu
1421 3249 1734 3314 I'olcarittm;
1773 3260 1827 3303 et
1856 3251 1924 3304 ibi
1954 3251 2141 3316 sedet,

556 3363 609 3406 et
662 3359 786 3402 tunc
859 3346 1080 3401 veniunt
1123 3345 1422 3399 cardiua'es
1460 3343 1523 3396 ad
1566 3342 1936 3398 reverentiam.
1983 3344 2141 3398 Facta

558 3443 853 3500 reverentia
871 3443 1025 3495 Solita
1049 3454 1192 3509 pan
1214 3454 1305 3508 per
1320 3438 1618 3492 cardinales
1634 3447 1684 3490 et
1699 3437 1837 3490 alios
1871 3438 2142 3505 praelatos,

561 3549 750 3588 onmes
785 3533 1088 3587 cardinales
1115 3542 1169 3584 et
1203 3529 1292 3582 alii
1327 3528 1526 3594 pra-lati
1560 3529 1753 3581 vadttnt
1775 3528 1840 3581 ad
1875 3527 2142 3596 recipien-

561 3631 686 3680 dum
722 3633 1028 3692 par-amenta
1051 3660 1066 3683 ,
1102 3621 1348 3674 videlicet
1367 3619 1575 3673 diaconi
1597 3620 1899 3673 cardinales
1917 3629 2141 3683 COIIaIII,

559 3718 810 3770 amictum
845 3715 1036 3774 latum,
1072 3714 1367 3781 plauetam;
1401 3709 1698 3781 presbyteri
1735 3710 2034 3764 cardinales
2066 3712 2142 3764 si-

562 3806 791 3872 rnilitrr,
839 3812 894 3858 et
945 3807 1244 3872 planetatn,
1290 3800 1526 3870 episcopi
1572 3817 1700 3855 vero
1747 3799 2049 3854 cardinales
2089 3807 2144 3854 et

562 3911 750 3951 omnes
777 3894 866 3950 alii
896 3893 1097 3961 praelati
1124 3892 1400 3957 similiter,
1432 3903 1483 3945 et
1516 3890 1763 3959 pluvialia
1797 3892 2017 3946 violacei
2046 3907 2142 3945 co-

561 3991 688 4046 loris
738 3987 1024 4056 recipiunt.
1072 3986 1275 4050 Quibus
1321 3981 1646 4052 paramemis
1696 3997 1790 4050 per
1844 3982 2141 4036 cardinales

563 4082 793 4149 receptis
840 4088 895 4133 et
941 4093 1035 4147 per
1078 4091 1268 4131 omnes
1316 4077 1450 4130 alios
1507 4079 1786 4142 przelatos,
1839 4075 2144 4130 extenditur

557 4171 800 4242 qua-dam
827 4169 1034 4223 tobalea
1056 4166 1217 4230 inea,
1239 4180 1399 4236 quam
1422 4180 1528 4218 sact
1543 4164 1642 4218 ista
1668 4165 1938 4234 porrigere
1959 4165 2138 4228 debet,

562 4279 654 4332 per
676 4261 811 4315 duos
839 4259 1145 4328 capellanos
1169 4273 1330 4325 super
1351 4271 1520 4325 genua
1545 4270 1715 4324 papae,
1747 4255 1900 4316 ﬂexis
1921 4256 2142 4323 genibus

556 4356 722 4424 ipsam
753 4361 1018 4416 tenentes,
1049 4367 1155 4404 uno
1183 4367 1210 4401 a
1243 4348 1485 4412 dextris,
1517 4360 1571 4401 et
1612 4349 1718 4402 alio
1741 4363 1771 4400 a
1799 4347 2060 4413 sinistris;
2087 4358 2142 4402 et

560 4445 750 4500 tertius
780 4444 1089 4512 capellanus
1123 4443 1201 4496 \el
1231 4443 1376 4508 prior
1397 4441 1842 4494 sulidiaconorum
1877 4479 1892 4495 .
1925 4480 1938 4493 .
1973 4479 1988 4494 .
2025 4479 2039 4493 .
2075 4479 2089 4493 .
2123 4481 2140 4497 .

2251 3253 2478 3309 clericos
2517 3254 2650 3324 nigri
2679 3264 2770 3308 aut
2792 3255 3015 3310 violacei
3045 3258 3175 3313 ludii
3201 3261 3423 3317 coloris.
3452 3262 3837 3320 Verumtamen

2251 3346 2526 3401 modernis
2561 3348 2891 3417 temporibus
2942 3349 3178 3404 Itomana
3234 3352 3474 3407 Ecclesia
3529 3354 3651 3409 istis
3678 3359 3842 3412 tribus

2251 3441 2418 3491 utitur
2445 3438 2594 3508 quasi
2625 3453 2722 3506 pro
2753 3454 2859 3492 uno
2885 3441 3090 3504 colore,
3121 3443 3214 3496 sed
3259 3443 3360 3498 Inc
3390 3445 3480 3500 die
3511 3461 3647 3515 papa
3683 3449 3841 3504 utitur

2249 3530 2499 3584 violaceis
2525 3530 2849 3598 paramentis
2867 3532 2948 3586 vel
2971 3530 3104 3586 ludii
3126 3533 3342 3589 coloris.
3360 3537 3570 3600 Quibus
3588 3550 3834 3606 receptis,

2247 3631 2301 3676 et
2324 3621 2481 3676 mitra
2510 3622 2610 3675 sibi
2636 3625 2890 3690 reposita,
2913 3624 3254 3679 venitcoram
3277 3627 3474 3694 altari,
3497 3641 3557 3684 et
3578 3633 3841 3685 τγηίειιιιη

2250 3726 2534 3766 oceurrere
2557 3711 2756 3766 debent
2775 3713 2824 3766 ei
2849 3724 2956 3767 tres
2972 3714 3211 3783 juniorcs
3225 3719 3522 3790 presbyteri
3539 3722 3840 3778 cardinalrs

2249 3805 2534 3884 paratiiet
2567 3806 2679 3872 ipse
2705 3803 2866 3858 debet
2896 3819 2991 3860 eos
3045 3807 3284 3876 recipere
3337 3812 3639 3866 secundum
3694 3815 3838 3868 ordi-

2252 3907 2375 3947 nem
2405 3908 2558 3948 suum
2589 3894 2655 3947 ad
2686 3896 2932 3950 osculum
2963 3896 3072 3951 oris
3103 3909 3155 3953 et
3186 3898 3436 3967 pectoris.
3490 3902 3708 3958 Deinde
3753 3920 3840 3959 eo-

2247 4001 2360 4040 rarn
2389 3986 2549 4042 altari
2594 3988 2721 4042 facit
2769 4005 2918 4043 mure
2965 3990 3124 4044 solito
3181 3992 3585 4048 confessionem
3642 4012 3837 4054 suam:

2250 4089 2434 4144 postea
2485 4079 2627 4132 vadit
2675 4080 2739 4133 ad
2788 4081 3140 4136 osculandum
3189 4084 3359 4138 altare
3410 4096 3466 4139 et
3519 4087 3758 4150 librum;
3789 4098 3842 4143 et

2247 4178 2468 4237 accepto
2497 4169 2770 4222 tlturibulo
2797 4184 2826 4222 a
2866 4171 3027 4239 priori
3057 4174 3433 4241 episcoporum
3464 4175 3559 4243 qui
3592 4177 3694 4229 sibi
3725 4193 3837 4230 ser-

2250 4261 2348 4325 vit,
2382 4265 2551 4315 altare
2583 4262 2869 4316 tlturilicat.
2901 4264 3018 4329 Quo
3047 4261 3204 4324 facto.
3225 4271 3276 4319 et
3307 4267 3546 4332 reposita
3579 4272 3624 4321 ei
3656 4270 3836 4330 mitra,

2247 4351 2607 4405 subdiaconus
2634 4361 2780 4406 retro
2806 4369 2927 4406 cum
2966 4355 3226 4408 ambabus
3256 4358 3505 4410 nianibus
3539 4369 3690 4412 tenet
3719 4377 3835 4412 eum

2251 4443 2303 4495 in
2327 4445 2606 4510 scapulas;
2638 4444 2830 4499 deinde
2859 4449 3013 4500 vertit
3048 4463 3106 4501 se
3135 4447 3200 4500 ad
3232 4449 3489 4504 diaconos
3510 4454 3835 4518 cardinales,

560 4543 781 4608 p’aueta:
812 4536 1027 4590 violacei
1055 4535 1252 4589 coloris
1275 4576 1290 4599 ,
1326 4535 1587 4602 recipiens
1616 4533 1812 4602 pelvim
1839 4550 1960 4587 cum
1988 4533 2139 4588 cine-
2172 4544 2224 4604 Ι)
2249 4536 2336 4603 qui
2367 4535 2414 4588 ci
2445 4551 2595 4588 more
2643 4536 2803 4590 solito
2851 4539 3047 4590 taciunt
3098 4539 3295 4592 ibidem
3342 4545 3742 4608 reverentiam;
3790 4557 3837 4599 et

559 4633 703 4684 ribus
729 4630 797 4682 de
833 4643 992 4681 manu
1022 4624 1256 4680 sacrista:
1297 4639 1475 4678 coram
1515 4641 1684 4694 papa,
1723 4624 1878 4678 ﬂexis
1917 4626 2143 4694 genibus

555 4742 584 4779 a
615 4733 761 4792 parte
790 4723 977 4776 dextra
1007 4736 1154 4788 papa;
1194 4730 1338 4773 tenet
1368 4718 1611 4773 basinum
1653 4719 1719 4772 de
1749 4727 1969 4785 argento
2001 4733 2142 4787 pra:-

556 4818 753 4869 dictum
782 4829 901 4867 cum
934 4809 1203 4865 cineribus
1233 4811 1320 4878 qui
1357 4811 1554 4865 debent
1588 4809 1703 4863 dari
1751 4823 1933 4877 papa},
1972 4808 2140 4861 assis~

556 4909 787 4962 temib-is
806 4907 1014 4960 duobus
1029 4904 1342 4958 diaconibus
1367 4918 1515 4957 more
1532 4903 1710 4968 solito,
1737 4918 1842 4954 nuo
1863 4917 1892 4953 a
1914 4901 2140 4965 dextris,

553 5017 606 5057 et
632 5004 734 5056 alio
757 5019 784 5055 a
807 4999 1052 5063 sinistris,
1088 4998 1315 5067 paratis;
1345 5007 1395 5050 et
1427 4996 1666 5064 deposita
1691 4994 1846 5047 tnitra
1872 5010 2020 5062 papa:
2045 5009 2139 5060 per

553 5098 833 5148 diaconum
852 5086 1178 5146 cardinalem
1201 5103 1230 5140 a
1253 5087 1454 5141 dextris
1478 5085 1578 5139 sibi
1607 5085 1967 5149 assistentem,
1995 5088 2139 5150 prior

553 5188 923 5254 episcoporum
949 5179 1318 5244 cardinalium,
1351 5180 1394 5232 si
1422 5187 1506 5232 est
1530 5190 1799 5246 piasens;
1824 5177 1931 5230 sint
1958 5185 2138 5229 autem

557 5275 802 5343 subprior
821 5275 1197 5342 episcoporum
1226 5277 1317 5323 aut
1340 5269 1485 5336 prior
1513 5267 1965 5338 presbyterorum,
1991 5263 2140 5320 etric

558 5365 949 5430 descendendo,
975 5363 1185 5427 stando,
1209 5371 1263 5416 et
1283 5361 1416 5414 nihil
1436 5359 1664 5414 dicendo
1686 5359 1908 5426 imponit
1928 5358 2138 5412 cineres

559 5473 718 5524 super
748 5467 905 5525 caput
934 5471 1082 5526 papae
1112 5456 1178 5508 ad
1203 5454 1416 5507 modum
1448 5453 1622 5506 crucis
1661 5491 1676 5516 ,
1702 5450 1988 5505 inclinante
2010 5465 2140 5517 pon-

561 5549 703 5599 tttice
729 5557 904 5615 caput,
930 5557 984 5600 et
1013 5549 1252 5600 sedente.
1281 5545 1483 5598 Deinde
1507 5544 1645 5598 idem
1670 5546 1812 5611 prior
1832 5543 2140 5611 geuutli-xtts

561 5639 707 5708 ponit
732 5648 890 5706 caput
919 5653 1074 5690 suum
1101 5639 1243 5692 inter
1270 5653 1440 5708 genua
1473 5651 1653 5706 papae,
1698 5643 1753 5688 et
1788 5649 1919 5704 papa
1951 5635 2137 5692 eodem

635 5756 664 5788 ι
691 5749 765 5804 Ita
795 5748 846 5803 iri
889 5748 1181 5817 superioris
1208 5748 1606 5806 Cat-remouialis
1630 5762 1748 5820 cap.
1775 5746 1864 5803 81).

2249 4628 2362 4695 ipse
2392 4642 2484 4679 eos
2517 4643 2588 4680 ret
2607 4627 2703 4694 ipit
2725 4631 3018 4683 secundum
3044 4631 3286 4686 ordinem
3309 4650 3465 4687 suum
3494 4637 3564 4689 ad
3593 4642 3833 4693 osculum

2248 4719 2358 4772 oris
2387 4728 2441 4772 et
2468 4720 2734 4787 pectoris;
2769 4733 2822 4774 et
2849 4723 2927 4775 sie
2976 4723 3109 4776 liuut
3163 4727 3367 4790 omnia,
3400 4740 3560 4794 pruut
3607 4731 3660 4782 iu
3717 4735 3833 4783 aliis

2249 4809 2423 4864 Missis
2451 4822 2534 4864 est
2561 4812 2676 4866 ﬁeri
2702 4823 3038 4868 consuetum.
3071 4817 3418 4871 Pustmodum
3469 4822 3621 4874 v.:dit
3648 4827 3715 4874 ad
3758 4840 3837 4878 se-

2248 4903 2370 4956 dem
2426 4916 2576 4956 suam
2631 4919 2900 4972 magnam,
2944 4905 3032 4959 ubi
3079 4908 3272 4961 stando
3311 4924 3434 4962 cum
3466 4913 3832 4970 cardinalibut

2248 4997 2376 5051 dicit
2405 4997 2681 5052 ltttroitum
2707 5000 2879 5055 Missae
2902 5010 2955 5056 et
2984 5001 3033 5054 Κ
3037 5003 3145 5072 yn'e
3174 5003 3379 5057 eleison.

2603 5091 2768 5146 XXV.
2809 5091 2888 5148 De
2917 5093 3081 5148 Missa
3120 5105 3166 5147 et
3203 5096 3470 5149 Oratione.

2314 5178 2615 5235 Notandum
2673 5184 2814 5251 qttod
2872 5185 3168 5239 secundum
3231 5188 3509 5242 dominum
3573 5191 3829 5247 Iacobum

2246 5272 2485 5327 Gaietaui
2513 5273 2565 5327 in
2594 5275 2691 5329 bac
2719 5275 2879 5329 Missa
2911 5292 3017 5331 non
3045 5277 3208 5334 debet
3234 5278 3334 5334 dici
3361 5280 3462 5334 nisi
3489 5291 3701 5338 tantum
3733 5303 3828 5339 una

2245 5374 2272 5403 ι
2313 5368 2516 5432 Oratio,
2549 5369 2672 5423 licet
2719 5371 2991 5427 modernis
3041 5375 3374 5445 temporibus
3419 5393 3829 5437 consueverunt

2248 5459 2350 5514 dici
2382 5471 2510 5515 tres.
2568 5462 2697 5518 Item
2743 5461 2796 5516 in
2847 5466 3015 5534 prima
3057 5465 3312 5524 Oratione
3347 5471 3548 5525 dicitur
3580 5473 3827 5528 Damius

2247 5552 2520 5619 vobiscum,
2551 5564 2603 5610 et
2630 5571 2734 5610 non
2769 5557 2879 5611 Pax
2908 5557 3065 5612 vobis.

2319 5641 2448 5699 lteru
2487 5647 2775 5699 notandum
2800 5645 2942 5716 quod
2972 5653 3024 5703 In
3059 5650 3157 5706 Itac
3187 5651 3343 5707 Missa
3377 5651 3579 5709 dicitur
3631 5663 3824 5710 tractus
