3990 6302
177 459 299 515 1289

1365 458 1631 518 RUMANI
1667 463 1987 522 ORDINES.
2032 496 2100 506 —
2142 463 2255 520 XV.

3292 471 3427 525 I290

172 568 394 637 Domine,
422 584 526 622 itcn
552 568 1064 639 secundumpeccata
1098 578 1301 637 nostra,
1330 581 1384 625 ct
1431 572 1556 628 dum
1613 588 1735 643 per-
1761 582 1810 639 Α
1839 576 2100 631 diaconus
2146 585 2201 631 et
2250 576 2609 633 subdiaconus
2659 579 2900 648 planetas
2950 579 3231 650 recipiunt,
3254 590 3309 636 et
3334 586 3427 636 alit

170 668 374 714 ventum
406 657 566 712 fuerit
593 658 660 713 ad
693 673 903 714 versum
928 657 1135 729 Adjura
1166 676 1258 714 nos
1307 660 1442 716 Deus
1493 664 1733 718 salutatis

169 768 343 817 noster,
392 751 642 807 dominus
692 766 853 822 papa,
900 752 1139 822 deposita
1190 755 1367 820 mitra,
1416 764 1523 809 stat
1570 771 1733 825 genu-

167 844 324 897 flexus
353 843 404 896 in
435 841 564 895 sede
586 857 705 909 sua,
733 842 967 911 quandiu
999 853 1244 897 cantatur
1272 844 1359 899 ille
1390 860 1597 900 versus.
1627 846 1730 901 Sed

166 935 208 989 si
257 948 382 1004 papa
441 950 544 988 non
596 932 919 999 celebraret,
960 933 1054 988 sed
1086 935 1220 989 alius
1251 951 1430 991 coram
1462 951 1548 999 eo,
1575 936 1735 991 debet

177 1028 248 1082 ire
270 1027 331 1082 ad
358 1025 668 1081 cathedram
698 1040 817 1081 cum
841 1026 1074 1080 scabello
1097 1036 1220 1079 ante
1251 1028 1424 1082 altare
1453 1037 1688 1095 paratam
1716 1044 1731 1092 ;

165 1131 213 1173 et
244 1118 307 1173 ibi
332 1125 439 1172 stat
465 1116 701 1186 quandiu
730 1131 919 1171 versus
950 1115 1038 1170 ille
1064 1127 1307 1171 cantatur
1348 1116 1593 1186 deposita
1636 1119 1735 1172 mi-

165 1222 239 1267 tra
259 1232 272 1279 ;
293 1223 345 1267 et
376 1212 492 1280 ipse
520 1211 695 1278 ﬁnito,
729 1211 887 1266 debet
916 1211 1091 1266 redire
1123 1211 1188 1265 ad
1239 1210 1423 1266 sedem
1468 1226 1617 1265 suam
1649 1227 1732 1267 re-

163 1303 320 1374 posita
343 1306 517 1359 mitra.
547 1304 612 1358 Et
644 1302 802 1360 etiam
827 1304 972 1360 dicto
1004 1303 1251 1367 Sanctus,
1278 1304 1321 1357 si
1353 1304 1732 1369 noncelebret,

161 1401 328 1455 statim
358 1399 516 1456 debet
541 1398 799 1456 accedere
828 1400 895 1454 ad
924 1399 1166 1455 eamdem
1195 1399 1509 1454 cathedram
1533 1438 1548 1462 ,
1580 1409 1634 1454 et
1664 1400 1731 1455 ibi

167 1497 301 1546 stare
324 1506 492 1560 usque
523 1490 588 1545 ad
615 1491 792 1561 Agnus
821 1489 918 1543 Dei
942 1506 1062 1545 cum
1090 1491 1267 1544 mitra.
1302 1491 1363 1544 Et
1400 1505 1519 1545 cum
1547 1489 1737 1557 incipi-

160 1590 240 1637 tur
256 1580 353 1634 Per
372 1580 564 1646 omnia,
578 1589 709 1648 etc.,
722 1580 861 1636 redit
882 1580 947 1635 ad
969 1579 1149 1635 sedem
1166 1564 1338 1634 suam.
1371 1578 1533 1651 563
1550 1579 1736 1636 Scien-

158 1674 279 1729 dum
298 1674 437 1743 quod
455 1673 509 1727 in
535 1672 637 1727 bac
656 1672 816 1727 Missa
835 1672 993 1727 etiam
1022 1671 1212 1727 dicitur
1234 1671 1475 1741 praefatio
1496 1670 1738 1739 Quadra-

157 1764 365 1834 gesimte
394 1805 409 1832 ,
439 1764 688 1822 videlicet
718 1764 819 1831 Qui
864 1766 1124 1835 corporali
1142 1766 1369 1837 jejunio,
1394 1766 1660 1822 ct'dicitur
1683 1765 1736 1821 in

157 1864 278 1911 tono
303 1856 495 1913 feriali.

1838 666 2160 736 cardinales,
2173 680 2306 735 quas
2331 667 2510 721 levare
2531 667 2728 724 debent
2755 684 2783 722 a
2808 680 2960 739 parte
2985 670 3241 725 anteriori
3263 684 3427 741 super

1839 758 2059 813 brachia
2094 771 2261 828 uSque
2290 758 2355 812 ad
2390 770 2577 828 pectus
2606 759 2872 825 medium,
2909 760 2979 814 ita
3011 762 3152 831 quod
3183 761 3429 832 aliquan-

1839 852 2005 907 tulum
2037 850 2337 921 dependeat
2368 853 2499 906 infra
2525 863 2650 907 ante
2680 862 2887 922 pectus.

1909 944 2042 1021 Nota
2062 944 2199 1012 quod
2222 942 2603 1009 subdiaconus,
2630 954 2915 1014 antequam
2942 945 3080 1015 legat
3104 944 3421 1014 Epistolam,

1836 1035 2057 1104 deponit
2078 1034 2378 1104 planetam;
2411 1033 2576 1106 464
2601 1045 2655 1089 et
2682 1036 2821 1091 dicta
2853 1035 3095 1105 Epistola
3135 1051 3252 1092 eam
3290 1038 3427 1091 reci-

1838 1123 1935 1192 pit,
1973 1133 2029 1178 et
2058 1124 2253 1179 librum
2286 1135 2458 1193 portat
2490 1126 2754 1182 Missalem
2800 1137 2922 1180 ante
2944 1142 3155 1196 papam,
3181 1129 3427 1189 osculato

1839 1217 1987 1285 prius
2040 1218 2193 1286 pede.
2244 1219 2377 1272 Cum
2425 1228 2601 1272 autem
2632 1228 2879 1274 cantores
2918 1220 3175 1289 incipiunt
3208 1231 3428 1275 cantare

1842 1306 2079 1374 Domine,
2109 1323 2211 1361 non
2231 1310 2513 1362 secundum
2550 1320 2781 1376 peccata,
2812 1309 3071 1363 diaconus
3109 1310 3424 1374 cardinalis,

1838 1410 2059 1466 recepto
2100 1400 2245 1467 prius
2275 1400 2547 1467 manipulo
2574 1401 2629 1455 in
2670 1402 2890 1456 brachio
2921 1403 3141 1457 sinistro
3168 1403 3235 1458 de
3267 1418 3426 1457 manu

1841 1489 2105 1558 capellani
2130 1488 2237 1544 sibi
2266 1489 2317 1543 in
2371 1490 2627 1558 przedicta
2673 1492 2851 1572 Missa’
2882 1492 3187 1556 servientis,
3235 1493 3427 1563 surgit,

1839 1590 1895 1636 et
1915 1581 2062 1636 exuit
2095 1585 2386 1652 planetam,
2411 1593 2464 1638 et
2494 1583 2720 1652 plicetur
2743 1584 2791 1640 ei
2821 1583 2888 1639 ad
2920 1585 3138 1639 modum
3160 1585 3312 1641 stolae
3334 1601 3428 1656 per
3486 1637 3493 1643 .

1842 1672 2115 1728 ministros
2144 1687 2271 1727 suos
2314 1682 2369 1729 et
2393 1673 2642 1741 clericos,
2665 1688 2824 1744 quam
2873 1682 2999 1730 tunc
3046 1685 3220 1744 portat
3266 1691 3430 1747 super

1842 1764 2123 1821 humerum
2159 1765 2457 1831 sinistrum,
2492 1774 2543 1820 et
2588 1766 2869 1821 ﬁrmantur
2892 1767 3065 1836 capita
3099 1767 3329 1837 planetae
3357 1767 3427 1821 ad

1843 1857 1981 1911 latus
2008 1856 2253 1912 dextrum
2290 1857 2428 1911 inter
2450 1855 2805 1923 cinctorium;
2834 1866 2887 1913 et
2912 1858 2991 1913 sic
3022 1867 3161 1913 tenet
3192 1873 3309 1915 eam
3334 1873 3429 1928 per

223 1949 346 2005 Item
379 1949 673 2006 notandum
704 1949 845 2020 quod
876 1950 930 2005 in
963 1949 1067 2005 fine
1095 1949 1297 2005 dicitur
1339 1948 1525 2005 Oratio
1571 1964 1733 2020 super
1764 1956 1812 2016 Β
1840 1955 2003 2002 totam
2032 1946 2267 2014 Missam,
2290 1962 2565 2017 quousque
2604 1947 2722 2017 ipse
2768 1957 2822 2003 et
2866 1948 3226 2005 subdiaconus
3268 1965 3423 2005 com-

153 2042 421 2111 populum,
449 2040 765 2097 Inclinantes
789 2058 865 2109 se,
897 2051 1003 2098 etc.
1033 2041 1213 2097 Finita
1242 2056 1369 2096 vero
1394 2040 1578 2095 ultima
1601 2040 1706 2096 Ora

154 2135 316 2200 tione,
350 2142 405 2189 et
431 2148 693 2204 responso
723 2135 915 2203 Amen,
948 2147 1083 2204 papa
1116 2132 1247 2188 dicit
1279 2131 1530 2197 Oremus;
1560 2140 1616 2188 et
1644 2131 1734 2188 ille

151 2224 240 2294 qui
268 2224 389 2295 legit
418 2224 765 2295 Evangelium
791 2238 950 2280 versa
979 2223 1115 2280 facie
1145 2223 1211 2278 ad
1239 2237 1449 2293 papam,
1468 2221 1601 2278 dicit
1624 2221 1733 2278 alta

153 2335 304 2386 voce,
332 2319 623 2374 Hamiliate
649 2319 825 2390 capita
851 2328 1022 2373 vestra
1042 2318 1175 2373 Deo.
1196 2317 1365 2372 Finita
1393 2329 1522 2372 vero
1552 2315 1729 2383 Missa,

151 2412 340 2468 iturum
360 2426 513 2467 versa
530 2412 663 2468 facie
674 2410 738 2466 ad
755 2425 943 2481 papam
957 2410 1088 2465 dicit
1101 2407 1471 2465 Benedicamus
1484 2405 1731 2463 Domino.

154 2503 218 2556 Et
246 2501 434 2557 ibidem
464 2508 590 2557 ante
616 2500 853 2556 medium
881 2499 1067 2554 altaris
1099 2513 1260 2554 verso
1291 2497 1437 2553 vultu
1468 2497 1534 2552 ad
1567 2511 1736 2567 popu-

152 2592 261 2646 lum
284 2590 530 2646 dominus
553 2605 686 2661 papa
706 2589 800 2645 dat
823 2588 1255 2645 Benedictionem
1277 2602 1426 2642 more
1446 2596 1733 2651 consueto;

150 2682 340 2737 deinde
370 2681 513 2737 vadit
542 2681 610 2736 ad
640 2682 822 2737 sedem
853 2693 1003 2735 suam
1028 2720 1043 2747 ,
1073 2688 1129 2736 et
1155 2677 1375 2749 deponit
1401 2685 1731 2749 peramenta,

151 2783 310 2843 prout
340 2773 567 2828 habetur
597 2773 650 2826 in
678 2771 797 2825 aliis
826 2770 1023 2826 Missis.
1232 2829 1236 2833 ,

193 2863 383 2920 XXVI.
428 2861 505 2917 De
536 2862 806 2918 seruiendo
837 2877 986 2931 papa:
1012 2858 1696 2931 diebus'processionalibus.

237 2951 521 3008 Sciendum
602 2952 743 3023 quod
808 2950 863 3006 in
928 2951 1210 3022 largitione
1269 2950 1611 3006 candelarum
1680 2950 1733 3004 in

147 3044 254 3099 hac
322 3044 411 3099 die
484 3044 788 3110 Cinerum,
851 3044 905 3098 in
984 3043 1074 3099 die
1133 3041 1295 3099 ramis
1377 3042 1731 3108 Palmarum,

150 3148 207 3192 et
266 3150 473 3205 semper
526 3136 578 3192 iu
629 3134 818 3191 diebus
872 3133 1392 3203 processionalibus,
1424 3133 1573 3204 prior
1608 3133 1736 3202 epi-

140 3238 431 3296 scoporum
485 3226 652 3282 servit
709 3240 893 3296 papte,
931 3223 1056 3280 dum
1119 3222 1388 3280 distribuit
1428 3223 1568 3279 illas.
1627 3224 1734 3280 Sed

1838 2040 2228 2095 tnunicaveriut
2251 2039 2319 2094 de
2363 2055 2523 2095 manu
2553 2055 2722 2109 papa),
2755 2047 2813 2095 et
2836 2042 3147 2110 sanguinem
3179 2057 3429 2112 sumpse-

1836 2130 1943 2184 rint
1963 2145 2125 2198 super
2148 2130 2338 2197 altare,
2366 2140 2522 2199 prout
2543 2139 2626 2185 est
2655 2130 2767 2185 ﬂeri
2794 2140 3143 2198 consuetum;
3169 2141 3223 2188 et
3245 2134 3427 2188 statim

1835 2222 1972 2275 facta
2001 2220 2404 2287 communione,
2430 2221 2545 2291 ipse
2570 2220 2742 2276 induit
2784 2222 3051 2291 planetam
3085 2223 3152 2278 ad
3205 2225 3425 2280 modum

1842 2312 2073 2389 aliorum
2105 2312 2453 2367 diaconorutn
2479 2310 2857 2378 cardinalium,
2891 2322 2945 2367 et
2979 2312 3057 2367 sic
3086 2313 3249 2368 etiam
3283 2325 3427 2372 te..et

1838 2390 2112 2472 usquequ’o
2164 2417 2296 2472 papa
2344 2401 2553 2458 dederit
2609 2401 3065 2458 Benedictionem.
3118 2404 3232 2470 Qua
3278 2405 3422 2471 data,

1840 2494 2109 2563 planetam
2133 2492 2374 2563 deponit,
2399 2502 2453 2548 et
2480 2491 2842 2547 subdiaconus
2864 2492 3047 2561 etiam,
3077 2501 3131 2549 et
3153 2507 3430 2551 remanent

1837 2596 1960 2638 cum
1991 2582 2158 2649 albis,
2191 2594 2345 2651 prout
2386 2589 2541 2637 erant
2594 2583 2809 2651 quando
2856 2598 3046 2653 papam
3109 2585 3424 2653 induerunt;

1836 2687 1892 2733 et
1938 2676 2016 2732 sic
2039 2677 2350 2745 exspoliant
2381 2690 2592 2747 papam.
2635 2677 2752 2744 Quo
2785 2673 2948 2744 facto,
2978 2678 3250 2747 deponunt
3276 2696 3429 2749 para-

1838 2776 2039 2825 menta.
2430 2809 2441 2817 .

1910 2858 2198 2916 Sciendum
2228 2858 2370 2931 quod
2400 2858 2443 2915 si
2471 2872 2608 2929 papa
2639 2874 2742 2915 non
2776 2857 3013 2915 celebret
3060 2859 3145 2915 illa
3190 2858 3298 2929 die,
3330 2862 3424 2918 scd

1837 2950 1976 3008 alius
2004 2964 2186 3007 coram
2215 2966 2304 3017 eo,
2326 2950 2519 3006 modus
2541 2960 2593 3006 et
2616 2964 2807 3005 omnes
2834 2955 2965 3006 ritus
2988 2951 3343 3008 observentur
3367 2955 3421 3010 in

1841 3044 2196 3102 Processione
2224 3043 2277 3099 in
2308 3041 2966 3113 recipiendis-cineribus,
2992 3052 3044 3097 et
3073 3042 3221 3098 aliud
3268 3052 3426 3114 prout

1838 3152 1999 3210 supra
2031 3145 2274 3193 notatum
2307 3144 2410 3191 est.

2198 3227 2365 3287 XXX.
2398 3227 2478 3283 De
2506 3230 2793 3308 receptione
2824 3228 3068 3284 cinerum.

138 3318 444 3373 notandum
474 3317 615 3388 quod
654 3316 800 3373 datis
841 3316 1136 3386 cineribus,
1166 3317 1310 3387 prior
1354 3316 1729 3387 episcoporum
1761 3327 1808 3390 ρ
1911 3323 2219 3381 Notandum
2249 3321 2388 3393 quod
2412 3322 2457 3377 si
2477 3320 2568 3377 i‘de
2594 3322 2682 3390 qui
2712 3319 2835 3375 facit
2868 3320 2968 3376 hac
3002 3321 3089 3377 die
3114 3336 3291 3378 coram
3321 3321 3426 3379 Ilo-

138 3412 296 3466 vadit
322 3412 390 3466 ad
440 3412 622 3466 sedem
665 3426 842 3479 suam,
877 3413 1025 3479 prius
1075 3411 1200 3468 lotis
1247 3426 1401 3482 papae
1450 3409 1727 3477 manibus,

131 3502 348 3560 deinde
391 3501 539 3558 venit
586 3502 732 3571 prior
780 3503 1235 3572 presbyterorum,
1267 3512 1323 3558 et
1365 3501 1530 3558 servit
1579 3516 1732 3571 papa:

131 3610 241 3666 per
275 3604 442 3649 tatam
471 3593 626 3648 istam
655 3592 872 3647 missam
905 3594 959 3648 in
994 3591 1172 3648 officio
1200 3592 1462 3663 capellani
1510 3607 1606 3649 seu
1645 3607 1728 3647 ar-

127 3684 563 3757 cbipresbyteri.

578 3773 789 3830 XXVII.
828 3773 904 3829 De
935 3772 1301 3846 lndulgenliis.

216 3870 353 3926 Item
388 3868 684 3924 notandum
715 3868 861 3937 quod
907 3868 961 3924 in
1015 3871 1111 3925 hac
1159 3868 1339 3934 Missa,
1370 3870 1542 3939 posito
1589 3869 1733 3939 quod

130 3978 287 4034 papa
310 3978 415 4017 non
444 3962 704 4026 celebret,
735 3968 1131 4016 consueverunt
1173 3959 1289 4016 dari
1324 3976 1396 4016 vn
1426 3960 1552 4016 anni
1579 3973 1632 4016 et
1663 3977 1735 4017 vn

127 4054 529 4125 quadragenae,
561 4052 687 4108 licet
708 4051 866 4122 aliqui
889 4052 1072 4107 dicunt
1095 4050 1236 4124 quod
1260 4067 1365 4107 non
1396 4051 1595 4107 debent
1618 4051 1733 4106 dari

126 4150 247 4205 nisi
300 4147 353 4205 in
384 4160 510 4202 casu
540 4145 684 4216 quod
732 4143 846 4213 ipse
887 4143 1146 4201 celebret.
1184 4143 1559 4199 Verumtamen:
1606 4157 1733 4233 p32-

127 4246 271 4309 pter
300 4238 556 4306 majorem
603 4235 951 4293 devotionem
977 4236 1169 4291 dantur
1196 4250 1267 4289 vn
1294 4234 1442 4289 anni.

396 4328 635 4385 XXVIII.
667 4326 745 4383 De
772 4330 986 4399 prazfato
1019 4328 1107 4399 qui
1134 4328 1286 4382 servit
1316 4341 1483 4398 papae.

210 4419 359 4476 Nota
384 4422 544 4477 etiam
575 4421 716 4493 quod
746 4421 1022 4491 praslatum
1047 4418 1139 4489 qui
1169 4418 1331 4474 servit
1354 4432 1522 4493 papae,
1548 4425 1656 4471 tam
1682 4416 1734 4471 in

120 4510 399 4581 praesenti
422 4490 773 4580 Missavquam
803 4510 963 4565 etiam
991 4508 1325 4564 solemnibus
1354 4490 1531 4561 Ilissis
1564 4507 1617 4561 in
1649 4504 1734 4561 of-

121 4602 272 4657 ﬁcio
300 4599 758 4670 archipresbyteri
792 4604 860 4657 de
890 4600 1027 4656 libro
1051 4599 1281 4668 missali,
1313 4598 1473 4654 debet
1518 4597 1735 4653 subdia-

1836 3432 1997 3474 mano
2020 3416 2276 3488 pontifice
2306 3414 2566 3480 ofﬁcium,
2600 3415 2643 3468 si
2675 3414 3069 3483 eitepiscOpus,
3100 3429 3205 3469 non
3247 3425 3426 3472 tamen

1838 3511 1984 3578 prior
2033 3507 2433 3578 episcoporum,
2464 3514 2585 3575 post
2634 3506 2868 3575 priorem
2910 3504 3259 3561 cardinalium
3303 3512 3425 3577 epi-

1836 3613 2122 3668 scoporum
2172 3598 2333 3654 debet
2377 3598 2616 3666 recipere
2662 3595 2871 3650 cineres
2916 3595 2984 3651 de
3036 3612 3195 3651 manu
3252 3613 3424 3670 papm,

1836 3687 1999 3741 etiam
2026 3686 2072 3743 si
2103 3701 2195 3741 rex
2228 3696 2372 3740 esset
2398 3700 2664 3755 pnesens;
2690 3694 2743 3740 et
2771 3700 2862 3739 rex
2890 3693 3008 3754 post
3035 3684 3204 3754 ipsum
3238 3685 3426 3742 imme-

1837 3778 2016 3843 diate;
2049 3785 2103 3832 et
2131 3776 2289 3832 debet
2315 3792 2434 3831 esse
2466 3777 2682 3831 indutus
2710 3777 3041 3846 parantentis
3064 3777 3233 3832 sacris
3257 3793 3427 3850 usque

1838 3858 1903 3924 ad
1934 3869 2170 3925 casulam
2200 3867 2481 3933 inclusive,
2515 3875 2568 3921 et
2598 3882 2705 3921 non
2745 3883 2862 3920 cum
2895 3868 3150 3936 pluviali,
3184 3870 3277 3924 sed
3304 3885 3424 3925 cum

1838 3962 1998 4017 mitra
2027 3961 2144 4017 alba
2170 3959 2399 4029 simplici
2432 3959 2621 4028 recipit
2650 3960 2879 4014 cineres.

2122 4049 2321 4106 XXXI.
2360 4050 2578 4117 Quando
2604 4065 2694 4103 rer
2717 4050 2899 4117 recipit
2929 4050 3134 4103 cineres.

1909 4145 2043 4201 Nota
2071 4145 2213 4216 quod
2238 4144 2282 4198 si
2309 4159 2405 4198 rex
2434 4142 2622 4213 recipit
2658 4141 2887 4208 cineres,
2916 4141 2987 4196 sit
3015 4141 3231 4196 indutus
3258 4145 3428 4200 sacris

1838 4238 2099 4302 vestibus,
2131 4244 2186 4291 et
2215 4236 2368 4290 mitra
2398 4234 2539 4290 alba.

1909 4330 2041 4383 Item
2088 4328 2378 4382 notandum
2408 4321 2551 4393 quod
2590 4321 2637 4378 si
2684 4320 2772 4376 ille
2816 4320 2906 4390 qui
2955 4320 3081 4377 facit
3106 4319 3341 4375 officium
3373 4321 3427 4376 in

1840 4416 1940 4473 hac
1970 4417 2058 4472 die
2084 4425 2138 4471 et
2176 4416 2228 4469 in
2259 4414 2347 4469 die
2375 4410 2794 4478 Purilicationis,
2814 4425 2876 4465 ac
2906 4411 2957 4465 in
2985 4410 3074 4467 die
3099 4411 3426 4475 Palmarum,

1838 4510 1882 4564 si
1910 4509 1980 4563 sit
2004 4506 2311 4571 cardinalis,
2336 4505 2453 4576 ipse
2484 4503 2749 4560 benedieit
2788 4504 3039 4559 candelas
3059 4545 3075 4571 ,
3108 4505 3342 4573 cineres,
3371 4516 3426 4560 et

1841 4613 2043 4664 ramos,
2074 4606 2129 4652 et
2174 4612 2278 4651 non
2325 4593 2505 4665 iunior
2555 4593 2835 4665 presbyter
2878 4593 3190 4659 cardinalis,
3215 4588 3430 4648 indutus

117 4708 316 4749 conus
346 4691 651 4747 thuriﬁeare
680 4692 988 4749 immediate
1019 4700 1139 4761 post
1165 4689 1495 4746 cardiualem
1524 4696 1582 4743 et
1614 4703 1732 4742 om-
1768 4700 1814 4760 ι)
1841 4691 2009 4747 sacris
2036 4690 2275 4745 vestibus
2302 4703 2472 4757 usque
2494 4687 2560 4741 ad
2588 4687 2849 4741 casulam.

118 4799 238 4841 nes
269 4799 421 4852 papze
445 4784 783 4852 assistentes,
816 4793 871 4839 et
898 4783 1077 4840 clerici
1127 4782 1328 4838 debent
1372 4779 1503 4835 dare
1551 4790 1736 4849 postea

118 4875 461 4931 immediate
484 4883 605 4944 post
625 4874 925 4931 cardinales
948 4884 1071 4930 ante
1098 4872 1542 4928 ambassiatorem
1569 4880 1622 4927 et
1646 4885 1736 4940 pa-

115 4965 462 5023 triarcham.

113 5078 347 5137 XXIX.
405 5078 485 5133 De
531 5079 705 5146 ofﬁcio
751 5077 956 5132 diaconi
1005 5075 1318 5139 cardinalis,
1360 5074 1565 5145 quando
1611 5072 1737 5126 dicit

551 5146 864 5220 Evangelia»:
895 5150 946 5202 in
973 5149 1059 5202 die
1088 5146 1353 5201 Cinaram.

202 5241 520 5297 Notandum
576 5241 645 5296 de
696 5239 890 5296 ofﬁciis
940 5237 1149 5293 diaconi
1198 5235 1490 5291 cardinalis
1540 5235 1732 5290 dicturi

108 5333 495 5404 Evangelium
512 5334 609 5387 ista
630 5332 741 5398 die,
756 5330 900 5401 quod
920 5330 1046 5386 dum
1067 5344 1200 5400 papa
1218 5329 1342 5399 legit
1356 5327 1587 5383 Tertiam
1610 5343 1732 5383 cum

98 5424 435 5493 capellauis
476 5421 610 5489 suis,
637 5424 751 5492 ipse
800 5422 1059 5477 diaconus
1087 5420 1229 5475 vadit
1258 5419 1324 5474 ad
1368 5418 1549 5474 sedem
1580 5435 1731 5474 suam

99 5525 369 5581 Cottam,
400 5515 653 5568 amictum
682 5512 911 5587 [Forsan
940 5511 1245 5582 latum].....
1292 5520 1347 5566 et
1386 5511 1562 5564 albam
1613 5524 1734 5563 cum

98 5606 381 5669 cingulo,
413 5615 465 5661 et
494 5606 685 5660 stolam
708 5620 870 5674 super
892 5603 1170 5658 humerum
1200 5603 1504 5666 sinistrum;
1533 5610 1729 5655 etcum

97 5712 190 5752 eo
226 5698 624 5761 subdiaconus,
648 5698 807 5751 etiam
827 5710 947 5750 cum
968 5695 1087 5750 alba
1114 5703 1169 5749 et
1191 5691 1461 5762 manipulo
1492 5693 1732 5757 indutus,

91 5787 377 5843 induunt
405 5787 697 5843 antistitem
730 5797 787 5841 ut
813 5788 978 5842 moris
1004 5798 1106 5842 eSt.
1138 5787 1255 5854 Quo
1297 5785 1606 5842 solemniter
1642 5784 1736 5839 in-

93 5879 299 5947 duto,
328 5894 479 5934 more
504 5879 662 5934 solito
690 5888 977 5947 antequam
1004 5877 1294 5935 descendat
1337 5877 1407 5935 de
1451 5875 1732 5942 cathedra,

430 5973 704 6034 PATIOL.
736 5970 1101 6042 LXXVIII.

1916 4782 2045 4836 Item
2077 4780 2366 4834 notandum
2398 4777 2540 4847 quod
2565 4777 2609 4833 si
2635 4777 2724 4833 ille
2754 4793 2859 4832 non
2890 4775 2959 4832 sit
2992 4775 3306 4839 cardinalis,
3330 4776 3425 4831 sed

1842 4874 1999 4939 alius,
2033 4872 2254 4943 primas,
2281 4870 2739 4941 archiepiscopus,
2788 4879 2879 4925 aut
2923 4870 3226 4940 episcopus,
3268 4869 3429 4924 debet

1841 4962 2117 5029 candelas,
2145 4963 2355 5019 cineres
2388 4971 2443 5016 et
2468 4975 2645 5015 ramos
2693 4962 2932 5028 recipere
2974 4969 3098 5015 ante
3141 4961 3428 5016 diaconum

1841 5052 2189 5123 cardiualem,
2221 5052 2390 5109 sacris
2412 5052 2631 5108 indutus
2659 5052 2917 5121 vestibus,
2944 5053 3152 5109 ratione
3181 5051 3345 5109 officii
3376 5063 3431 5109 et

1842 5161 2089 5217 personae
2117 5161 2268 5219 papae
2296 5163 2453 5216 quam
2481 5155 2852 5216 repraesentat.

1996 5237 2209 5293 XXXII.
2256 5237 2525 5306 Quomodo
2573 5237 2717 5293 debet
2761 5238 2934 5292 sedere
2970 5237 3283 5307 patriarcha.

1913 5329 2045 5385 Item
2077 5328 2369 5384 notandum
2400 5326 2541 5397 quod
2570 5325 2615 5383 si
2646 5335 2789 5382 esset
2821 5325 3147 5396 patriarcha,
3174 5329 3261 5397 qui
3290 5341 3433 5380 sem-

1843 5437 1936 5492 per
1979 5420 2170 5475 sedere
2218 5419 2377 5474 debet
2421 5419 2559 5474 inter
2605 5416 2890 5486 episcopos
2919 5415 3240 5483 cardinales,
3271 5416 3433 5471 debet

1841 5510 2091 5567 candelas
2121 5521 2175 5565 et
2204 5510 2414 5563 cineres
2461 5509 2701 5578 recipere
2751 5516 2872 5577 post
2930 5508 3160 5574 priorem
3219 5509 3432 5576 episco-

1845 5617 2053 5670 porum.
2088 5601 2238 5669 Quod
2271 5601 2316 5657 si
2346 5616 2439 5656 rex
2469 5609 2636 5667 esset,
2668 5598 2975 5655 immediate
3008 5608 3147 5669 post,
3169 5609 3294 5655 ante
3323 5615 3439 5654 om-

1843 5708 1938 5747 nes
1966 5693 2122 5747 alios.

1917 5783 2321 5841 Advertendum
2339 5795 2539 5855 tamen,
2557 5793 2715 5856 prout
2743 5784 2871 5839 dicit
2894 5783 3105 5839 rubrica
3119 5782 3359 5849 antiqua,
3376 5789 3427 5831 et

1844 5885 1927 5934 est
1940 5891 2084 5948 vera,
2099 5877 2241 5949 quod
2262 5877 2351 5936 ille
2366 5878 2528 5951 465
2547 5880 2636 5951 qui
2663 5878 2787 5936 facit
2804 5877 3037 5935 officium
3060 5888 3239 5929 coram
3266 5884 3422 5941 papa,

2992 5966 3065 6025 Ιιι
