  <div class='ocr_page' id='page_1' title='image "/cluster/home/n/w/nwhite01/storage/ocr_20150623/78/uva.x000827090/653.png"; bbox 0 0 3990 6298; ppageno 0'>
   <div class='ocr_carea' id='block_1_1' title="bbox 582 456 734 515">
    <p class='ocr_par' dir='ltr' id='par_1_1' title="bbox 582 456 734 515">
     <span class='ocr_line' id='line_1_1' title="bbox 582 456 734 515; baseline -0.02 -4"><span class='ocrx_word' id='word_1_1' title='bbox 582 473 592 486; x_wconf 85' lang='grc'><em>’·</em></span> <span class='ocrx_word' id='word_1_2' title='bbox 605 456 734 515; x_wconf 62' lang='grc' dir='ltr'><strong>ηεὶι</strong></span> 
     </span>
    </p>
   </div>
   <div class='ocr_carea' id='block_1_2' title="bbox 604 549 2256 650">
    <p class='ocr_par' dir='ltr' id='par_1_2' title="bbox 604 549 2256 650">
     <span class='ocr_line' id='line_1_2' title="bbox 604 549 2256 650; baseline -0.022 -15"><span class='ocrx_word' id='word_1_3' title='bbox 604 577 901 650; x_wconf 87' lang='lat' dir='ltr'><strong>quicunque</strong></span> <span class='ocrx_word' id='word_1_4' title='bbox 946 564 1032 626; x_wconf 90' lang='lat' dir='ltr'><strong>sit,</strong></span> <span class='ocrx_word' id='word_1_5' title='bbox 1058 561 1168 614; x_wconf 73' lang='lat' dir='ltr'><strong>sive</strong></span> <span class='ocrx_word' id='word_1_6' title='bbox 1207 555 1492 612; x_wconf 76' lang='lat' dir='ltr'><strong>cardinalis</strong></span> <span class='ocrx_word' id='word_1_7' title='bbox 1547 555 1637 619; x_wconf 89' lang='lat' dir='ltr'><strong>sit,</strong></span> <span class='ocrx_word' id='word_1_8' title='bbox 1670 553 1780 606; x_wconf 78' lang='lat' dir='ltr'><strong>sive</strong></span> <span class='ocrx_word' id='word_1_9' title='bbox 1811 566 1940 614; x_wconf 85' lang='lat' dir='ltr'><strong>non,</strong></span> <span class='ocrx_word' id='word_1_10' title='bbox 1982 561 2178 614; x_wconf 68' lang='lat' dir='ltr'><strong>repim-</strong></span> <span class='ocrx_word' id='word_1_11' title='bbox 2212 549 2256 606; x_wconf 84' lang='grc' dir='ltr'><strong>Λ</strong></span> 
     </span>
    </p>
   </div>
   <div class='ocr_carea' id='block_1_3' title="bbox 609 636 2179 733">
    <p class='ocr_par' dir='ltr' id='par_1_3' title="bbox 609 636 2179 733">
     <span class='ocr_line' id='line_1_3' title="bbox 609 636 2179 733; baseline -0.026 -4"><span class='ocrx_word' id='word_1_12' title='bbox 609 636 780 729; x_wconf 68' lang='lat' dir='ltr'><strong>scatat</strong></span> <span class='ocrx_word' id='word_1_13' title='bbox 811 636 1087 733; x_wconf 82' lang='lat' dir='ltr'><strong>personam</strong></span> <span class='ocrx_word' id='word_1_14' title='bbox 1111 665 1279 721; x_wconf 68' lang='lat' dir='ltr'><strong>papae.</strong></span> <span class='ocrx_word' id='word_1_15' title='bbox 1316 649 1519 704; x_wconf 84' lang='lat' dir='ltr'><strong>Idcirco</strong></span> <span class='ocrx_word' id='word_1_16' title='bbox 1543 646 1762 700; x_wconf 72' lang='lat' dir='ltr'><strong>deberet</strong></span> <span class='ocrx_word' id='word_1_17' title='bbox 1789 643 1996 695; x_wconf 76' lang='lat' dir='ltr'><strong>ratione</strong></span> <span class='ocrx_word' id='word_1_18' title='bbox 2021 636 2179 691; x_wconf 78' lang='lat' dir='ltr'><strong>ofticit</strong></span> 
     </span>
    </p>
   </div>
   <div class='ocr_carea' id='block_1_4' title="bbox 607 727 2183 818">
    <p class='ocr_par' dir='ltr' id='par_1_4' title="bbox 607 727 2183 818">
     <span class='ocr_line' id='line_1_4' title="bbox 607 727 2183 818; baseline -0.025 0"><span class='ocrx_word' id='word_1_19' title='bbox 607 727 1082 818; x_wconf 39' lang='lat' dir='ltr'><strong>cineres&#39;reciperc</strong></span> <span class='ocrx_word' id='word_1_20' title='bbox 1107 753 1231 798; x_wconf 71' lang='lat' dir='ltr'><strong>alite</strong></span> <span class='ocrx_word' id='word_1_21' title='bbox 1283 753 1472 795; x_wconf 85' lang='lat' dir='ltr'><strong>omnes</strong></span> <span class='ocrx_word' id='word_1_22' title='bbox 1522 734 1826 790; x_wconf 74' lang='lat' dir='ltr'><strong>cardinales</strong></span> <span class='ocrx_word' id='word_1_23' title='bbox 1877 727 2183 783; x_wconf 88' lang='lat' dir='ltr'><strong>immediate</strong></span> 
     </span>
    </p>
   </div>
   <div class='ocr_carea' id='block_1_5' title="bbox 609 818 2181 922">
    <p class='ocr_par' dir='ltr' id='par_1_5' title="bbox 609 818 2181 922">
     <span class='ocr_line' id='line_1_5' title="bbox 609 818 2181 922; baseline -0.025 -17"><span class='ocrx_word' id='word_1_24' title='bbox 609 860 726 922; x_wconf 88' lang='lat' dir='ltr'><strong>post</strong></span> <span class='ocrx_word' id='word_1_25' title='bbox 775 846 1006 916; x_wconf 88' lang='lat' dir='ltr'><strong>priorem</strong></span> <span class='ocrx_word' id='word_1_26' title='bbox 1049 835 1421 905; x_wconf 88' lang='lat' dir='ltr'><strong>episcoporum</strong></span> <span class='ocrx_word' id='word_1_27' title='bbox 1467 824 1838 881; x_wconf 88' lang='lat' dir='ltr'><strong>cardinalium.</strong></span> <span class='ocrx_word' id='word_1_28' title='bbox 1870 818 2027 922; x_wconf 59' lang='lat' dir='ltr'><strong>Modo</strong></span> <span class='ocrx_word' id='word_1_29' title='bbox 2079 829 2181 922; x_wconf 66' lang='lat' dir='ltr'><strong>npn</strong></span> 
     </span>
    </p>
   </div>
   <div class='ocr_carea' id='block_1_6' title="bbox 606 903 2185 999">
    <p class='ocr_par' dir='ltr' id='par_1_6' title="bbox 606 903 2185 999">
     <span class='ocr_line' id='line_1_6' title="bbox 606 903 2185 999; baseline -0.025 -4"><span class='ocrx_word' id='word_1_30' title='bbox 606 903 941 999; x_wconf 65' lang='lat' dir='ltr'><strong>bbservatur,</strong></span> <span class='ocrx_word' id='word_1_31' title='bbox 974 903 1242 984; x_wconf 14' lang='lat' dir='ltr'><strong>nisirintcr</strong></span> <span class='ocrx_word' id='word_1_32' title='bbox 1273 919 1567 985; x_wconf 67' lang='lat' dir='ltr'><strong>religiosos,</strong></span> <span class='ocrx_word' id='word_1_33' title='bbox 1601 916 1698 967; x_wconf 88' lang='lat' dir='ltr'><strong>ista</strong></span> <span class='ocrx_word' id='word_1_34' title='bbox 1754 910 1957 979; x_wconf 77' lang='lat' dir='ltr'><strong>regula.</strong></span> <span class='ocrx_word' id='word_1_35' title='bbox 1991 903 2185 959; x_wconf 89' lang='lat' dir='ltr'><strong>Cardi-</strong></span> 
     </span>
    </p>
   </div>
   <div class='ocr_carea' id='block_1_7' title="bbox 610 1001 2185 1098">
    <p class='ocr_par' dir='ltr' id='par_1_7' title="bbox 610 1001 2185 1098">
     <span class='ocr_line' id='line_1_7' title="bbox 610 1001 2185 1098; baseline -0.027 -11"><span class='ocrx_word' id='word_1_36' title='bbox 610 1031 748 1087; x_wconf 84' lang='lat' dir='ltr'><strong>nalis</strong></span> <span class='ocrx_word' id='word_1_37' title='bbox 769 1027 859 1098; x_wconf 87' lang='lat' dir='ltr'><strong>qui</strong></span> <span class='ocrx_word' id='word_1_38' title='bbox 893 1022 1038 1078; x_wconf 77' lang='lat' dir='ltr'><strong>sedet</strong></span> <span class='ocrx_word' id='word_1_39' title='bbox 1063 1024 1182 1087; x_wconf 89' lang='lat' dir='ltr'><strong>post</strong></span> <span class='ocrx_word' id='word_1_40' title='bbox 1211 1020 1506 1082; x_wconf 59' lang='lat' dir='ltr'><strong>regem”...</strong></span> <span class='ocrx_word' id='word_1_41' title='bbox 1541 1005 1648 1062; x_wconf 88' lang='lat' dir='ltr'><strong>Sed</strong></span> <span class='ocrx_word' id='word_1_42' title='bbox 1678 1001 1802 1073; x_wconf 88' lang='lat' dir='ltr'><strong>quid</strong></span> <span class='ocrx_word' id='word_1_43' title='bbox 1833 1002 1909 1098; x_wconf 42' lang='lat' dir='ltr'><strong>de.</strong></span> <span class='ocrx_word' id='word_1_44' title='bbox 1930 1002 2027 1051; x_wconf 90' lang='lat' dir='ltr'><strong>hoc</strong></span> <span class='ocrx_word' id='word_1_45' title='bbox 2055 1010 2185 1096; x_wconf 78' lang='lat' dir='ltr'><strong>con~</strong></span> 
     </span>
    </p>
   </div>
   <div class='ocr_carea' id='block_1_8' title="bbox 615 1084 2188 1180">
    <p class='ocr_par' dir='ltr' id='par_1_8' title="bbox 615 1084 2188 1180">
     <span class='ocr_line' id='line_1_8' title="bbox 615 1084 2188 1180; baseline -0.027 1"><span class='ocrx_word' id='word_1_46' title='bbox 615 1084 824 1180; x_wconf 78' lang='lat' dir='ltr'><strong>suetum</strong></span> <span class='ocrx_word' id='word_1_47' title='bbox 857 1117 929 1172; x_wconf 93' lang='lat' dir='ltr'><strong>sit</strong></span> <span class='ocrx_word' id='word_1_48' title='bbox 966 1084 1104 1179; x_wconf 77' lang='lat' dir='ltr'><strong>fieri,</strong></span> <span class='ocrx_word' id='word_1_49' title='bbox 1139 1109 1190 1162; x_wconf 91' lang='lat' dir='ltr'><strong>in</strong></span> <span class='ocrx_word' id='word_1_50' title='bbox 1226 1101 1582 1159; x_wconf 79' lang='lat' dir='ltr'><strong>additionibus</strong></span> <span class='ocrx_word' id='word_1_51' title='bbox 1612 1095 1806 1151; x_wconf 88' lang='lat' dir='ltr'><strong>notabo</strong></span> <span class='ocrx_word' id='word_1_52' title='bbox 1835 1090 2024 1146; x_wconf 87' lang='lat' dir='ltr'><strong>saltem</strong></span> <span class='ocrx_word' id='word_1_53' title='bbox 2057 1084 2188 1140; x_wconf 83' lang='lat' dir='ltr'><strong>meis</strong></span> 
     </span>
    </p>
   </div>
   <div class='ocr_carea' id='block_1_9' title="bbox 610 1214 957 1285">
    <p class='ocr_par' dir='ltr' id='par_1_9' title="bbox 610 1214 957 1285">
     <span class='ocr_line' id='line_1_9' title="bbox 610 1214 957 1285; baseline -0.037 -11"><span class='ocrx_word' id='word_1_54' title='bbox 610 1214 957 1285; x_wconf 76' lang='lat' dir='ltr'><strong>temporibus.</strong></span> 
     </span>
    </p>
   </div>
   <div class='ocr_carea' id='block_1_10' title="bbox 861 1295 1940 1377">
    <p class='ocr_par' dir='ltr' id='par_1_10' title="bbox 861 1295 1940 1377">
     <span class='ocr_line' id='line_1_10' title="bbox 861 1295 1940 1377; baseline -0.03 -1"><span class='ocrx_word' id='word_1_55' title='bbox 861 1315 1097 1376; x_wconf 77' lang='lat' dir='ltr'><strong>XXXIII.</strong></span> <span class='ocrx_word' id='word_1_56' title='bbox 1144 1306 1410 1377; x_wconf 84' lang='lat' dir='ltr'><strong>Quomodo</strong></span> <span class='ocrx_word' id='word_1_57' title='bbox 1449 1317 1539 1357; x_wconf 79' lang='lat' dir='ltr'><strong>rea:</strong></span> <span class='ocrx_word' id='word_1_58' title='bbox 1567 1299 1704 1352; x_wconf 80' lang='lat' dir='ltr'><strong>debet</strong></span> <span class='ocrx_word' id='word_1_59' title='bbox 1747 1295 1940 1349; x_wconf 83' lang='lat' dir='ltr'><strong>sedere.</strong></span> 
     </span>
    </p>
   </div>
   <div class='ocr_carea' id='block_1_11' title="bbox 687 1397 2194 1496">
    <p class='ocr_par' dir='ltr' id='par_1_11' title="bbox 687 1397 2194 1496">
     <span class='ocr_line' id='line_1_11' title="bbox 687 1397 2194 1496; baseline -0.029 -2"><span class='ocrx_word' id='word_1_60' title='bbox 687 1434 990 1494; x_wconf 78' lang='lat' dir='ltr'><strong>Notandum</strong></span> <span class='ocrx_word' id='word_1_61' title='bbox 1022 1425 1161 1496; x_wconf 90' lang='lat' dir='ltr'><strong>quod</strong></span> <span class='ocrx_word' id='word_1_62' title='bbox 1185 1422 1227 1475; x_wconf 92' lang='lat' dir='ltr'><strong>si</strong></span> <span class='ocrx_word' id='word_1_63' title='bbox 1260 1434 1350 1474; x_wconf 74' lang='lat' dir='ltr'><strong>rex</strong></span> <span class='ocrx_word' id='word_1_64' title='bbox 1379 1422 1540 1477; x_wconf 54' lang='grc' dir='ltr'><strong>(εδει,</strong></span> <span class='ocrx_word' id='word_1_65' title='bbox 1570 1422 1693 1465; x_wconf 91' lang='lat' dir='ltr'><strong>tunc</strong></span> <span class='ocrx_word' id='word_1_66' title='bbox 1713 1407 1864 1462; x_wconf 85' lang='lat' dir='ltr'><strong>sedet</strong></span> <span class='ocrx_word' id='word_1_67' title='bbox 1886 1404 2022 1496; x_wconf 78' lang='lat' dir='ltr'><strong>inter</strong></span> <span class='ocrx_word' id='word_1_68' title='bbox 2054 1397 2194 1494; x_wconf 81' lang='lat' dir='ltr'><strong>prio-</strong></span> 
     </span>
    </p>
   </div>
   <div class='ocr_carea' id='block_1_12' title="bbox 614 1486 2196 1594">
    <p class='ocr_par' dir='ltr' id='par_1_12' title="bbox 614 1486 2196 1594">
     <span class='ocr_line' id='line_1_12' title="bbox 614 1486 2196 1594; baseline -0.031 -8"><span class='ocrx_word' id='word_1_69' title='bbox 614 1546 725 1586; x_wconf 82' lang='lat' dir='ltr'><strong>rem</strong></span> <span class='ocrx_word' id='word_1_70' title='bbox 779 1486 1156 1594; x_wconf 66' lang='lat' dir='ltr'><strong>episcopoium</strong></span> <span class='ocrx_word' id='word_1_71' title='bbox 1206 1505 1576 1565; x_wconf 64' lang='lat' dir='ltr'><strong>(.ardinilium,</strong></span> <span class='ocrx_word' id='word_1_72' title='bbox 1620 1507 1675 1552; x_wconf 87' lang='lat' dir='ltr'><strong>et</strong></span> <span class='ocrx_word' id='word_1_73' title='bbox 1718 1496 1866 1594; x_wconf 74' lang='lat' dir='ltr'><strong>illum</strong></span> <span class='ocrx_word' id='word_1_74' title='bbox 1915 1489 2001 1560; x_wconf 86' lang='lat' dir='ltr'><strong>qui</strong></span> <span class='ocrx_word' id='word_1_75' title='bbox 2031 1486 2196 1542; x_wconf 82' lang='lat' dir='ltr'><strong>servit</strong></span> 
     </span>
    </p>
   </div>
   <div class='ocr_carea' id='block_1_13' title="bbox 615 1583 2193 1692">
    <p class='ocr_par' dir='ltr' id='par_1_13' title="bbox 615 1583 2193 1692">
     <span class='ocr_line' id='line_1_13' title="bbox 615 1583 2193 1692; baseline -0.032 -16"><span class='ocrx_word' id='word_1_76' title='bbox 615 1583 763 1692; x_wconf 72' lang='lat' dir='ltr'><strong>papa:</strong></span> <span class='ocrx_word' id='word_1_77' title='bbox 793 1583 843 1669; x_wconf 80' lang='lat' dir='ltr'><strong>in</strong></span> <span class='ocrx_word' id='word_1_78' title='bbox 869 1583 1047 1665; x_wconf 81' lang='lat' dir='ltr'><strong>nflicio</strong></span> <span class='ocrx_word' id='word_1_79' title='bbox 1075 1597 1338 1671; x_wconf 75' lang='lat' dir='ltr'><strong>capellani</strong></span> <span class='ocrx_word' id='word_1_80' title='bbox 1376 1605 1536 1661; x_wconf 83' lang='lat' dir='ltr'><strong>super</strong></span> <span class='ocrx_word' id='word_1_81' title='bbox 1563 1583 1870 1642; x_wconf 82' lang='lat' dir='ltr'><strong>cathedram</strong></span> <span class='ocrx_word' id='word_1_82' title='bbox 1900 1591 2050 1632; x_wconf 79' lang='lat' dir='ltr'><strong>suam</strong></span> <span class='ocrx_word' id='word_1_83' title='bbox 2093 1590 2193 1628; x_wconf 89' lang='lat' dir='ltr'><strong>nu-</strong></span> 
     </span>
    </p>
   </div>
   <div class='ocr_carea' id='block_1_14' title="bbox 614 1707 1072 1769">
    <p class='ocr_par' dir='ltr' id='par_1_14' title="bbox 614 1707 1072 1769">
     <span class='ocr_line' id='line_1_14' title="bbox 614 1707 1072 1769; baseline -0.037 0"><span class='ocrx_word' id='word_1_84' title='bbox 614 1719 734 1769; x_wconf 90' lang='lat' dir='ltr'><strong>dam</strong></span> <span class='ocrx_word' id='word_1_85' title='bbox 758 1720 812 1764; x_wconf 92' lang='lat' dir='ltr'><strong>et</strong></span> <span class='ocrx_word' id='word_1_86' title='bbox 837 1707 1072 1762; x_wconf 62' lang='lat' dir='ltr'><strong>bassam.</strong></span> 
     </span>
    </p>
   </div>
   <div class='ocr_carea' id='block_1_15' title="bbox 687 1779 2191 1922">
    <p class='ocr_par' dir='ltr' id='par_1_15' title="bbox 687 1779 2191 1922">
     <span class='ocr_line' id='line_1_15' title="bbox 687 1779 2191 1922; baseline -0.035 -42"><span class='ocrx_word' id='word_1_87' title='bbox 687 1818 922 1880; x_wconf 83' lang='lat' dir='ltr'><strong>XXXIV.</strong></span> <span class='ocrx_word' id='word_1_88' title='bbox 970 1808 1190 1880; x_wconf 80' lang='lat' dir='ltr'><strong>Quando</strong></span> <span class='ocrx_word' id='word_1_89' title='bbox 1242 1810 1518 1922; x_wconf 47' lang='grc' dir='ltr'><strong>ρᾳιῖἒειῖιοιι</strong></span> <span class='ocrx_word' id='word_1_90' title='bbox 1575 1789 1789 1844; x_wconf 75' lang='lat' dir='ltr'><strong>celebrat</strong></span> <span class='ocrx_word' id='word_1_91' title='bbox 1838 1783 1934 1836; x_wconf 82' lang='lat' dir='ltr'><strong>hac</strong></span> <span class='ocrx_word' id='word_1_92' title='bbox 1969 1779 2052 1834; x_wconf 81' lang='lat' dir='ltr'><strong>die</strong></span> <span class='ocrx_word' id='word_1_93' title='bbox 2100 1793 2191 1831; x_wconf 87' lang='lat' dir='ltr'><strong>ru-</strong></span> 
     </span>
    </p>
   </div>
   <div class='ocr_carea' id='block_1_16' title="bbox 687 1961 2192 2063">
    <p class='ocr_par' dir='ltr' id='par_1_16' title="bbox 687 1961 2192 2063">
     <span class='ocr_line' id='line_1_16' title="bbox 687 1961 2192 2063; baseline -0.032 -1"><span class='ocrx_word' id='word_1_94' title='bbox 687 2011 816 2063; x_wconf 89' lang='lat' dir='ltr'><strong>ltem</strong></span> <span class='ocrx_word' id='word_1_95' title='bbox 857 1994 1131 2054; x_wconf 89' lang='lat' dir='ltr'><strong>sciendum</strong></span> <span class='ocrx_word' id='word_1_96' title='bbox 1172 1983 1314 2056; x_wconf 82' lang='lat' dir='ltr'><strong>quod</strong></span> <span class='ocrx_word' id='word_1_97' title='bbox 1358 1981 1402 2034; x_wconf 85' lang='lat' dir='ltr'><strong>si</strong></span> <span class='ocrx_word' id='word_1_98' title='bbox 1437 1990 1570 2048; x_wconf 85' lang='lat' dir='ltr'><strong>papa</strong></span> <span class='ocrx_word' id='word_1_99' title='bbox 1614 1987 1718 2026; x_wconf 92' lang='lat' dir='ltr'><strong>non</strong></span> <span class='ocrx_word' id='word_1_100' title='bbox 1761 1967 2014 2063; x_wconf 74' lang='lat' dir='ltr'><strong>celebret,</strong></span> <span class='ocrx_word' id='word_1_101' title='bbox 2052 1961 2192 2018; x_wconf 90' lang='lat' dir='ltr'><strong>datis</strong></span> 
     </span>
    </p>
   </div>
   <div class='ocr_carea' id='block_1_17' title="bbox 615 2055 2200 2156">
    <p class='ocr_par' dir='ltr' id='par_1_17' title="bbox 615 2055 2200 2156">
     <span class='ocr_line' id='line_1_17' title="bbox 615 2055 2200 2156; baseline -0.033 1"><span class='ocrx_word' id='word_1_102' title='bbox 615 2055 900 2156; x_wconf 72' lang='lat' dir='ltr'><strong>cineribus,</strong></span> <span class='ocrx_word' id='word_1_103' title='bbox 941 2095 993 2140; x_wconf 91' lang='lat' dir='ltr'><strong>et</strong></span> <span class='ocrx_word' id='word_1_104' title='bbox 1022 2079 1141 2136; x_wconf 87' lang='lat' dir='ltr'><strong>lotis</strong></span> <span class='ocrx_word' id='word_1_105' title='bbox 1189 2055 1455 2133; x_wconf 69' lang='lat' dir='ltr'><strong>inanibus,</strong></span> <span class='ocrx_word' id='word_1_106' title='bbox 1501 2076 1558 2121; x_wconf 90' lang='lat' dir='ltr'><strong>et</strong></span> <span class='ocrx_word' id='word_1_107' title='bbox 1604 2062 1752 2117; x_wconf 84' lang='lat' dir='ltr'><strong>finita</strong></span> <span class='ocrx_word' id='word_1_108' title='bbox 1797 2055 2049 2112; x_wconf 83' lang='lat' dir='ltr'><strong>Oratione</strong></span> <span class='ocrx_word' id='word_1_109' title='bbox 2107 2066 2200 2120; x_wconf 90' lang='lat' dir='ltr'><strong>per</strong></span> 
     </span>
    </p>
   </div>
   <div class='ocr_carea' id='block_1_18' title="bbox 619 2150 2201 2251">
    <p class='ocr_par' dir='ltr' id='par_1_18' title="bbox 619 2150 2201 2251">
     <span class='ocr_line' id='line_1_18' title="bbox 619 2150 2201 2251; baseline -0.035 -6"><span class='ocrx_word' id='word_1_110' title='bbox 619 2206 766 2251; x_wconf 88' lang='lat' dir='ltr'><strong>eunt,</strong></span> <span class='ocrx_word' id='word_1_111' title='bbox 807 2178 1036 2240; x_wconf 80' lang='lat' dir='ltr'><strong>Concede</strong></span> <span class='ocrx_word' id='word_1_112' title='bbox 1064 2171 1228 2234; x_wconf 82' lang='lat' dir='ltr'><strong>nobis,</strong></span> <span class='ocrx_word' id='word_1_113' title='bbox 1277 2174 1589 2234; x_wconf 78' lang='lat' dir='ltr'><strong>qnwsuntus,</strong></span> <span class='ocrx_word' id='word_1_114' title='bbox 1621 2150 1888 2251; x_wconf 50' lang='lat' dir='ltr'><strong>praesidia,</strong></span> <span class='ocrx_word' id='word_1_115' title='bbox 1937 2160 2069 2251; x_wconf 87' lang='lat' dir='ltr'><strong>papa</strong></span> <span class='ocrx_word' id='word_1_116' title='bbox 2114 2159 2201 2244; x_wconf 65' lang='lat' dir='ltr'><strong>ra-</strong></span> 
     </span>
    </p>
   </div>
   <div class='ocr_carea' id='block_1_19' title="bbox 617 2235 2200 2334">
    <p class='ocr_par' dir='ltr' id='par_1_19' title="bbox 617 2235 2200 2334">
     <span class='ocr_line' id='line_1_19' title="bbox 617 2235 2200 2334; baseline -0.029 -1"><span class='ocrx_word' id='word_1_117' title='bbox 617 2235 892 2334; x_wconf 36' lang='lat' dir='ltr'><strong>dit-citrum</strong></span> <span class='ocrx_word' id='word_1_118' title='bbox 918 2262 1076 2320; x_wconf 80' lang='lat' dir='ltr'><strong>altari</strong></span> <span class='ocrx_word' id='word_1_119' title='bbox 1109 2261 1171 2312; x_wconf 87' lang='lat' dir='ltr'><strong>ad</strong></span> <span class='ocrx_word' id='word_1_120' title='bbox 1198 2251 1498 2311; x_wconf 88' lang='lat' dir='ltr'><strong>faciendum</strong></span> <span class='ocrx_word' id='word_1_121' title='bbox 1525 2259 1674 2300; x_wconf 91' lang='lat' dir='ltr'><strong>more</strong></span> <span class='ocrx_word' id='word_1_122' title='bbox 1704 2242 1861 2297; x_wconf 87' lang='lat' dir='ltr'><strong>solito</strong></span> <span class='ocrx_word' id='word_1_123' title='bbox 1901 2235 2200 2292; x_wconf 89' lang='lat' dir='ltr'><strong>conlessio-</strong></span> 
     </span>
    </p>
   </div>
   <div class='ocr_carea' id='block_1_20' title="bbox 617 2336 2200 2426">
    <p class='ocr_par' dir='ltr' id='par_1_20' title="bbox 617 2336 2200 2426">
     <span class='ocr_line' id='line_1_20' title="bbox 617 2336 2200 2426; baseline -0.028 0"><span class='ocrx_word' id='word_1_124' title='bbox 617 2385 736 2426; x_wconf 88' lang='lat' dir='ltr'><strong>nem</strong></span> <span class='ocrx_word' id='word_1_125' title='bbox 777 2379 896 2421; x_wconf 89' lang='lat' dir='ltr'><strong>cum</strong></span> <span class='ocrx_word' id='word_1_126' title='bbox 939 2359 1028 2414; x_wconf 90' lang='lat' dir='ltr'><strong>illo</strong></span> <span class='ocrx_word' id='word_1_127' title='bbox 1049 2357 1139 2426; x_wconf 91' lang='lat' dir='ltr'><strong>qui</strong></span> <span class='ocrx_word' id='word_1_128' title='bbox 1168 2349 1426 2407; x_wconf 89' lang='lat' dir='ltr'><strong>celebrat.</strong></span> <span class='ocrx_word' id='word_1_129' title='bbox 1459 2342 1558 2411; x_wconf 86' lang='lat' dir='ltr'><strong>Qui</strong></span> <span class='ocrx_word' id='word_1_130' title='bbox 1602 2347 1709 2394; x_wconf 86' lang='lat' dir='ltr'><strong>stat</strong></span> <span class='ocrx_word' id='word_1_131' title='bbox 1731 2336 2043 2399; x_wconf 75' lang='lat' dir='ltr'><strong>inclinatus,</strong></span> <span class='ocrx_word' id='word_1_132' title='bbox 2075 2336 2200 2383; x_wconf 84' lang='lat' dir='ltr'><strong>ante</strong></span> 
     </span>
    </p>
   </div>
   <div class='ocr_carea' id='block_1_21' title="bbox 617 2422 2203 2532">
    <p class='ocr_par' dir='ltr' id='par_1_21' title="bbox 617 2422 2203 2532">
     <span class='ocr_line' id='line_1_21' title="bbox 617 2422 2203 2532; baseline -0.028 -15"><span class='ocrx_word' id='word_1_133' title='bbox 617 2472 801 2532; x_wconf 86' lang='lat' dir='ltr'><strong>peetus</strong></span> <span class='ocrx_word' id='word_1_134' title='bbox 826 2453 1020 2526; x_wconf 62' lang='lat' dir='ltr'><strong>junctis</strong></span> <span class='ocrx_word' id='word_1_135' title='bbox 1043 2422 1305 2507; x_wconf 79' lang='lat' dir='ltr'><strong>manibus,</strong></span> <span class='ocrx_word' id='word_1_136' title='bbox 1341 2439 1405 2493; x_wconf 90' lang='lat' dir='ltr'><strong>ad</strong></span> <span class='ocrx_word' id='word_1_137' title='bbox 1436 2437 1570 2490; x_wconf 87' lang='lat' dir='ltr'><strong>latus</strong></span> <span class='ocrx_word' id='word_1_138' title='bbox 1591 2430 1863 2486; x_wconf 88' lang='lat' dir='ltr'><strong>sinistrum</strong></span> <span class='ocrx_word' id='word_1_139' title='bbox 2072 2422 2203 2474; x_wconf 86' lang='lat' dir='ltr'><strong>duo-</strong></span> 
     </span>
    </p>
   </div>
   <div class='ocr_carea' id='block_1_22' title="bbox 619 2516 2203 2608">
    <p class='ocr_par' dir='ltr' id='par_1_22' title="bbox 619 2516 2203 2608">
     <span class='ocr_line' id='line_1_22' title="bbox 619 2516 2203 2608; baseline -0.028 1"><span class='ocrx_word' id='word_1_140' title='bbox 619 2516 716 2608; x_wconf 81' lang='lat' dir='ltr'><strong>bus</strong></span> <span class='ocrx_word' id='word_1_141' title='bbox 745 2516 1057 2604; x_wconf 45' lang='lat' dir='ltr'><strong>dia-conibus</strong></span> <span class='ocrx_word' id='word_1_142' title='bbox 1091 2531 1484 2604; x_wconf 75' lang='lat' dir='ltr'><strong>antiquioribus</strong></span> <span class='ocrx_word' id='word_1_143' title='bbox 1516 2524 1617 2579; x_wconf 86' lang='lat' dir='ltr'><strong>sibi</strong></span> <span class='ocrx_word' id='word_1_144' title='bbox 1658 2516 2052 2577; x_wconf 83' lang='lat' dir='ltr'><strong>assistentibus,</strong></span> <span class='ocrx_word' id='word_1_145' title='bbox 2097 2527 2203 2565; x_wconf 92' lang='lat' dir='ltr'><strong>uno</strong></span> 
     </span>
    </p>
   </div>
   <div class='ocr_carea' id='block_1_23' title="bbox 619 2600 2204 2702">
    <p class='ocr_par' dir='ltr' id='par_1_23' title="bbox 619 2600 2204 2702">
     <span class='ocr_line' id='line_1_23' title="bbox 619 2600 2204 2702; baseline -0.029 -5"><span class='ocrx_word' id='word_1_146' title='bbox 619 2600 904 2702; x_wconf 24' lang='lat' dir='ltr'><strong>ades-tris,</strong></span> <span class='ocrx_word' id='word_1_147' title='bbox 931 2643 983 2688; x_wconf 87' lang='lat' dir='ltr'><strong>et</strong></span> <span class='ocrx_word' id='word_1_148' title='bbox 1013 2629 1117 2684; x_wconf 89' lang='lat' dir='ltr'><strong>alio</strong></span> <span class='ocrx_word' id='word_1_149' title='bbox 1144 2642 1172 2679; x_wconf 94' lang='lat' dir='ltr'><strong>a</strong></span> <span class='ocrx_word' id='word_1_150' title='bbox 1194 2600 1450 2679; x_wconf 85' lang='lat' dir='ltr'><strong>sinistris.</strong></span> <span class='ocrx_word' id='word_1_151' title='bbox 1497 2615 1636 2682; x_wconf 79' lang='lat' dir='ltr'><strong>Papa</strong></span> <span class='ocrx_word' id='word_1_152' title='bbox 1670 2609 1850 2678; x_wconf 86' lang='lat' dir='ltr'><strong>incipit</strong></span> <span class='ocrx_word' id='word_1_153' title='bbox 1879 2601 2112 2702; x_wconf 44' lang='lat' dir='ltr'><strong>IntroIb-o</strong></span> <span class='ocrx_word' id='word_1_154' title='bbox 2138 2600 2204 2654; x_wconf 88' lang='lat' dir='ltr'><strong>ad</strong></span> 
     </span>
    </p>
   </div>
   <div class='ocr_carea' id='block_1_24' title="bbox 624 2693 2200 2789">
    <p class='ocr_par' dir='ltr' id='par_1_24' title="bbox 624 2693 2200 2789">
     <span class='ocr_line' id='line_1_24' title="bbox 624 2693 2200 2789; baseline -0.029 0"><span class='ocrx_word' id='word_1_155' title='bbox 624 2693 788 2789; x_wconf 62' lang='lat' dir='ltr'><strong>altare</strong></span> <span class='ocrx_word' id='word_1_156' title='bbox 832 2693 943 2782; x_wconf 73' lang='lat' dir='ltr'><strong>Dei.</strong></span> <span class='ocrx_word' id='word_1_157' title='bbox 981 2724 1094 2788; x_wconf 89' lang='lat' dir='ltr'><strong>Qua</strong></span> <span class='ocrx_word' id='word_1_158' title='bbox 1137 2712 1478 2772; x_wconf 83' lang='lat' dir='ltr'><strong>confessione</strong></span> <span class='ocrx_word' id='word_1_159' title='bbox 1507 2706 1666 2768; x_wconf 87' lang='lat' dir='ltr'><strong>facta,</strong></span> <span class='ocrx_word' id='word_1_160' title='bbox 1699 2713 1833 2770; x_wconf 86' lang='lat' dir='ltr'><strong>papa</strong></span> <span class='ocrx_word' id='word_1_161' title='bbox 1864 2697 2002 2751; x_wconf 85' lang='lat' dir='ltr'><strong>redit</strong></span> <span class='ocrx_word' id='word_1_162' title='bbox 2023 2693 2087 2747; x_wconf 91' lang='lat' dir='ltr'><strong>ad</strong></span> <span class='ocrx_word' id='word_1_163' title='bbox 2117 2705 2200 2745; x_wconf 89' lang='lat' dir='ltr'><strong>sc-</strong></span> 
     </span>
    </p>
   </div>
   <div class='ocr_carea' id='block_1_25' title="bbox 624 2787 2204 2884">
    <p class='ocr_par' dir='ltr' id='par_1_25' title="bbox 624 2787 2204 2884">
     <span class='ocr_line' id='line_1_25' title="bbox 624 2787 2204 2884; baseline -0.03 0"><span class='ocrx_word' id='word_1_164' title='bbox 624 2787 745 2884; x_wconf 70' lang='lat' dir='ltr'><strong>dem</strong></span> <span class='ocrx_word' id='word_1_165' title='bbox 777 2836 947 2884; x_wconf 86' lang='lat' dir='ltr'><strong>suam,</strong></span> <span class='ocrx_word' id='word_1_166' title='bbox 982 2787 1036 2872; x_wconf 82' lang='lat' dir='ltr'><strong>et</strong></span> <span class='ocrx_word' id='word_1_167' title='bbox 1085 2811 1276 2867; x_wconf 87' lang='lat' dir='ltr'><strong>stando</strong></span> <span class='ocrx_word' id='word_1_168' title='bbox 1305 2817 1357 2862; x_wconf 92' lang='lat' dir='ltr'><strong>ct</strong></span> <span class='ocrx_word' id='word_1_169' title='bbox 1397 2803 1513 2858; x_wconf 91' lang='lat' dir='ltr'><strong>sine</strong></span> <span class='ocrx_word' id='word_1_170' title='bbox 1563 2799 1718 2853; x_wconf 85' lang='lat' dir='ltr'><strong>mitra</strong></span> <span class='ocrx_word' id='word_1_171' title='bbox 1763 2791 1892 2847; x_wconf 84' lang='lat' dir='ltr'><strong>dicit</strong></span> <span class='ocrx_word' id='word_1_172' title='bbox 1930 2787 2204 2842; x_wconf 88' lang='lat' dir='ltr'><strong>lntroitunt</strong></span> 
     </span>
    </p>
   </div>
   <div class='ocr_carea' id='block_1_26' title="bbox 625 2883 2204 2977">
    <p class='ocr_par' dir='ltr' id='par_1_26' title="bbox 625 2883 2204 2977">
     <span class='ocr_line' id='line_1_26' title="bbox 625 2883 2204 2977; baseline -0.03 0"><span class='ocrx_word' id='word_1_173' title='bbox 625 2921 800 2977; x_wconf 77' lang='lat' dir='ltr'><strong>Missa:</strong></span> <span class='ocrx_word' id='word_1_174' title='bbox 821 2883 940 2970; x_wconf 91' lang='lat' dir='ltr'><strong>cum</strong></span> <span class='ocrx_word' id='word_1_175' title='bbox 961 2903 1316 2965; x_wconf 88' lang='lat' dir='ltr'><strong>cardinalibus</strong></span> <span class='ocrx_word' id='word_1_176' title='bbox 1348 2910 1495 2952; x_wconf 86' lang='lat' dir='ltr'><strong>more</strong></span> <span class='ocrx_word' id='word_1_177' title='bbox 1523 2889 1701 2946; x_wconf 91' lang='lat' dir='ltr'><strong>solito.</strong></span> <span class='ocrx_word' id='word_1_178' title='bbox 1726 2887 1841 2953; x_wconf 84' lang='lat' dir='ltr'><strong>Quo</strong></span> <span class='ocrx_word' id='word_1_179' title='bbox 1871 2883 2046 2944; x_wconf 88' lang='lat' dir='ltr'><strong>linito,</strong></span> <span class='ocrx_word' id='word_1_180' title='bbox 2073 2892 2204 2948; x_wconf 83' lang='lat' dir='ltr'><strong>papa</strong></span> 
     </span>
    </p>
   </div>
   <div class='ocr_carea' id='block_1_27' title="bbox 626 2972 2208 3075">
    <p class='ocr_par' dir='ltr' id='par_1_27' title="bbox 626 2972 2208 3075">
     <span class='ocr_line' id='line_1_27' title="bbox 626 2972 2208 3075; baseline -0.028 -8"><span class='ocrx_word' id='word_1_181' title='bbox 626 2972 858 3066; x_wconf 13' lang='lat' dir='ltr'><strong>seﬁdetﬁin</strong></span> <span class='ocrx_word' id='word_1_182' title='bbox 891 3003 1019 3058; x_wconf 84' lang='lat' dir='ltr'><strong>sede</strong></span> <span class='ocrx_word' id='word_1_183' title='bbox 1067 3013 1186 3052; x_wconf 86' lang='lat' dir='ltr'><strong>sua.</strong></span> <span class='ocrx_word' id='word_1_184' title='bbox 1220 2993 1498 3075; x_wconf 61' lang='lat' dir='ltr'><strong>Deponunt</strong></span> <span class='ocrx_word' id='word_1_185' title='bbox 1527 2980 1721 3038; x_wconf 88' lang='lat' dir='ltr'><strong>deinde</strong></span> <span class='ocrx_word' id='word_1_186' title='bbox 1749 2990 1935 3032; x_wconf 88' lang='lat' dir='ltr'><strong>omnes</strong></span> <span class='ocrx_word' id='word_1_187' title='bbox 1963 2972 2208 3027; x_wconf 82' lang='lat' dir='ltr'><strong>cardina-</strong></span> 
     </span>
    </p>
   </div>
   <div class='ocr_carea' id='block_1_28' title="bbox 630 3066 2208 3168">
    <p class='ocr_par' dir='ltr' id='par_1_28' title="bbox 630 3066 2208 3168">
     <span class='ocr_line' id='line_1_28' title="bbox 630 3066 2208 3168; baseline -0.027 -11"><span class='ocrx_word' id='word_1_188' title='bbox 630 3106 707 3157; x_wconf 92' lang='lat' dir='ltr'><strong>les</strong></span> <span class='ocrx_word' id='word_1_189' title='bbox 738 3102 1040 3168; x_wconf 80' lang='lat' dir='ltr'><strong>paramenta</strong></span> <span class='ocrx_word' id='word_1_190' title='bbox 1070 3103 1188 3151; x_wconf 86' lang='lat' dir='ltr'><strong>sua,</strong></span> <span class='ocrx_word' id='word_1_191' title='bbox 1221 3093 1275 3138; x_wconf 92' lang='lat' dir='ltr'><strong>et</strong></span> <span class='ocrx_word' id='word_1_192' title='bbox 1301 3066 1564 3147; x_wconf 67' lang='lat' dir='ltr'><strong>recipiunt</strong></span> <span class='ocrx_word' id='word_1_193' title='bbox 1605 3084 1802 3141; x_wconf 90' lang='lat' dir='ltr'><strong>cappas</strong></span> <span class='ocrx_word' id='word_1_194' title='bbox 1830 3081 1954 3123; x_wconf 88' lang='lat' dir='ltr'><strong>suas</strong></span> <span class='ocrx_word' id='word_1_195' title='bbox 1982 3066 2162 3118; x_wconf 86' lang='lat' dir='ltr'><strong>laneas</strong></span> <span class='ocrx_word' id='word_1_196' title='bbox 2191 3078 2208 3126; x_wconf 84' lang='lat'><strong>;</strong></span> 
     </span>
    </p>
   </div>
   <div class='ocr_carea' id='block_1_29' title="bbox 628 3160 2208 3263">
    <p class='ocr_par' dir='ltr' id='par_1_29' title="bbox 628 3160 2208 3263">
     <span class='ocr_line' id='line_1_29' title="bbox 628 3160 2208 3263; baseline -0.025 -16"><span class='ocrx_word' id='word_1_197' title='bbox 628 3160 832 3263; x_wconf 79' lang='lat' dir='ltr'><strong>praelati</strong></span> <span class='ocrx_word' id='word_1_198' title='bbox 863 3199 988 3240; x_wconf 91' lang='lat' dir='ltr'><strong>vero</strong></span> <span class='ocrx_word' id='word_1_199' title='bbox 1010 3180 1100 3235; x_wconf 85' lang='lat' dir='ltr'><strong>alii</strong></span> <span class='ocrx_word' id='word_1_200' title='bbox 1131 3176 1311 3232; x_wconf 85' lang='lat' dir='ltr'><strong>statim</strong></span> <span class='ocrx_word' id='word_1_201' title='bbox 1345 3167 1575 3237; x_wconf 80' lang='lat' dir='ltr'><strong>receptis</strong></span> <span class='ocrx_word' id='word_1_202' title='bbox 1597 3160 1868 3219; x_wconf 85' lang='lat' dir='ltr'><strong>cineribus</strong></span> <span class='ocrx_word' id='word_1_203' title='bbox 1897 3165 2208 3227; x_wconf 87' lang='lat' dir='ltr'><strong>paramenta</strong></span> 
     </span>
    </p>
   </div>
   <div class='ocr_carea' id='block_1_30' title="bbox 631 3288 924 3353">
    <p class='ocr_par' dir='ltr' id='par_1_30' title="bbox 631 3288 924 3353">
     <span class='ocr_line' id='line_1_30' title="bbox 631 3288 924 3353; baseline -0.024 -16"><span class='ocrx_word' id='word_1_204' title='bbox 631 3288 924 3353; x_wconf 78' lang='lat' dir='ltr'><strong>deponunt.</strong></span> 
     </span>
    </p>
   </div>
   <div class='ocr_carea' id='block_1_31' title="bbox 810 3349 2027 3424">
    <p class='ocr_par' dir='ltr' id='par_1_31' title="bbox 810 3349 2027 3424">
     <span class='ocr_line' id='line_1_31' title="bbox 810 3349 2027 3424; baseline -0.026 -1"><span class='ocrx_word' id='word_1_205' title='bbox 810 3363 1025 3422; x_wconf 80' lang='lat' dir='ltr'><strong>XXXV.</strong></span> <span class='ocrx_word' id='word_1_206' title='bbox 1069 3361 1144 3415; x_wconf 87' lang='lat' dir='ltr'><strong>De</strong></span> <span class='ocrx_word' id='word_1_207' title='bbox 1182 3357 1272 3411; x_wconf 78' lang='lat' dir='ltr'><strong>illo</strong></span> <span class='ocrx_word' id='word_1_208' title='bbox 1318 3355 1401 3424; x_wconf 87' lang='lat' dir='ltr'><strong>qni</strong></span> <span class='ocrx_word' id='word_1_209' title='bbox 1431 3349 1645 3404; x_wconf 82' lang='lat' dir='ltr'><strong>celebrat</strong></span> <span class='ocrx_word' id='word_1_210' title='bbox 1674 3357 1845 3398; x_wconf 85' lang='lat' dir='ltr'><strong>coram</strong></span> <span class='ocrx_word' id='word_1_211' title='bbox 1875 3355 2027 3412; x_wconf 85' lang='lat' dir='ltr'><strong>papa.</strong></span> 
     </span>
    </p>
   </div>
   <div class='ocr_carea' id='block_1_32' title="bbox 712 3440 2210 3526">
    <p class='ocr_par' dir='ltr' id='par_1_32' title="bbox 712 3440 2210 3526">
     <span class='ocr_line' id='line_1_32' title="bbox 712 3440 2210 3526; baseline -0.023 -7"><span class='ocrx_word' id='word_1_212' title='bbox 712 3462 1010 3519; x_wconf 79' lang='lat' dir='ltr'><strong>Notandum</strong></span> <span class='ocrx_word' id='word_1_213' title='bbox 1039 3453 1180 3526; x_wconf 85' lang='lat' dir='ltr'><strong>quod</strong></span> <span class='ocrx_word' id='word_1_214' title='bbox 1211 3465 1332 3505; x_wconf 89' lang='lat' dir='ltr'><strong>cum</strong></span> <span class='ocrx_word' id='word_1_215' title='bbox 1371 3446 1460 3500; x_wconf 85' lang='lat' dir='ltr'><strong>ille</strong></span> <span class='ocrx_word' id='word_1_216' title='bbox 1489 3441 1580 3512; x_wconf 87' lang='lat' dir='ltr'><strong>qui</strong></span> <span class='ocrx_word' id='word_1_217' title='bbox 1605 3440 1838 3495; x_wconf 83' lang='lat' dir='ltr'><strong>celebrat</strong></span> <span class='ocrx_word' id='word_1_218' title='bbox 1867 3444 2210 3526; x_wconf 5' lang='lat' dir='ltr'><strong>coramppapa</strong></span> 
     </span>
    </p>
   </div>
   <div class='ocr_carea' id='block_1_33' title="bbox 644 3524 2222 3616">
    <p class='ocr_par' dir='ltr' id='par_1_33' title="bbox 644 3524 2222 3616">
     <span class='ocr_line' id='line_1_33' title="bbox 644 3524 2222 3616; baseline -0.023 -3"><span class='ocrx_word' id='word_1_219' title='bbox 644 3564 698 3613; x_wconf 71' lang='lat' dir='ltr'><strong>in</strong></span> <span class='ocrx_word' id='word_1_220' title='bbox 735 3560 832 3610; x_wconf 87' lang='lat' dir='ltr'><strong>hae</strong></span> <span class='ocrx_word' id='word_1_221' title='bbox 865 3554 974 3616; x_wconf 86' lang='lat' dir='ltr'><strong>die,</strong></span> <span class='ocrx_word' id='word_1_222' title='bbox 1020 3524 1078 3603; x_wconf 83' lang='lat' dir='ltr'><strong>et</strong></span> <span class='ocrx_word' id='word_1_223' title='bbox 1126 3544 1284 3599; x_wconf 89' lang='lat' dir='ltr'><strong>etiam</strong></span> <span class='ocrx_word' id='word_1_224' title='bbox 1331 3543 1385 3594; x_wconf 92' lang='lat' dir='ltr'><strong>in</strong></span> <span class='ocrx_word' id='word_1_225' title='bbox 1440 3537 1544 3590; x_wconf 82' lang='lat' dir='ltr'><strong>alio</strong></span> <span class='ocrx_word' id='word_1_226' title='bbox 1597 3543 1857 3598; x_wconf 79' lang='lat' dir='ltr'><strong>tempore,</strong></span> <span class='ocrx_word' id='word_1_227' title='bbox 1899 3524 2111 3596; x_wconf 85' lang='lat' dir='ltr'><strong>quando</strong></span> <span class='ocrx_word' id='word_1_228' title='bbox 2139 3532 2222 3578; x_wconf 86' lang='lat' dir='ltr'><strong>est</strong></span> 
     </span>
    </p>
   </div>
   <div class='ocr_carea' id='block_1_34' title="bbox 642 3615 2220 3706">
    <p class='ocr_par' dir='ltr' id='par_1_34' title="bbox 642 3615 2220 3706">
     <span class='ocr_line' id='line_1_34' title="bbox 642 3615 2220 3706; baseline -0.022 -1"><span class='ocrx_word' id='word_1_229' title='bbox 642 3652 798 3706; x_wconf 74' lang='lat' dir='ltr'><strong>Missa</strong></span> <span class='ocrx_word' id='word_1_230' title='bbox 829 3646 895 3698; x_wconf 90' lang='lat' dir='ltr'><strong>de</strong></span> <span class='ocrx_word' id='word_1_231' title='bbox 929 3615 1077 3702; x_wconf 76' lang='lat' dir='ltr'><strong>feria,</strong></span> <span class='ocrx_word' id='word_1_232' title='bbox 1110 3634 1312 3704; x_wconf 78' lang='lat' dir='ltr'><strong>vigilia,</strong></span> <span class='ocrx_word' id='word_1_233' title='bbox 1356 3635 1448 3683; x_wconf 88' lang='lat' dir='ltr'><strong>aut</strong></span> <span class='ocrx_word' id='word_1_234' title='bbox 1476 3635 1700 3696; x_wconf 87' lang='lat' dir='ltr'><strong>quatuor</strong></span> <span class='ocrx_word' id='word_1_235' title='bbox 1725 3617 2070 3688; x_wconf 80' lang='lat' dir='ltr'><strong>temporibus,</strong></span> <span class='ocrx_word' id='word_1_236' title='bbox 2104 3615 2220 3671; x_wconf 82' lang='lat' dir='ltr'><strong>sive</strong></span> 
     </span>
    </p>
   </div>
   <div class='ocr_carea' id='block_1_35' title="bbox 641 3712 2218 3796">
    <p class='ocr_par' dir='ltr' id='par_1_35' title="bbox 641 3712 2218 3796">
     <span class='ocr_line' id='line_1_35' title="bbox 641 3712 2218 3796; baseline -0.022 0"><span class='ocrx_word' id='word_1_237' title='bbox 641 3737 954 3796; x_wconf 57' lang='lat' dir='ltr'><strong>sizlemniter</strong></span> <span class='ocrx_word' id='word_1_238' title='bbox 984 3730 1280 3786; x_wconf 87' lang='lat' dir='ltr'><strong>celebretur</strong></span> <span class='ocrx_word' id='word_1_239' title='bbox 1302 3734 1389 3776; x_wconf 91' lang='lat' dir='ltr'><strong>aut</strong></span> <span class='ocrx_word' id='word_1_240' title='bbox 1413 3718 1693 3782; x_wconf 73' lang='lat' dir='ltr'><strong>fet-taliter,</strong></span> <span class='ocrx_word' id='word_1_241' title='bbox 1726 3721 1781 3768; x_wconf 90' lang='lat' dir='ltr'><strong>et</strong></span> <span class='ocrx_word' id='word_1_242' title='bbox 1801 3712 1961 3767; x_wconf 87' lang='lat' dir='ltr'><strong>etiam</strong></span> <span class='ocrx_word' id='word_1_243' title='bbox 1986 3717 2218 3775; x_wconf 88' lang='lat' dir='ltr'><strong>secrete,</strong></span> 
     </span>
    </p>
   </div>
   <div class='ocr_carea' id='block_1_36' title="bbox 647 3799 2223 3904">
    <p class='ocr_par' dir='ltr' id='par_1_36' title="bbox 647 3799 2223 3904">
     <span class='ocr_line' id='line_1_36' title="bbox 647 3799 2223 3904; baseline -0.023 -16"><span class='ocrx_word' id='word_1_244' title='bbox 647 3848 797 3904; x_wconf 80' lang='lat' dir='ltr'><strong>papa,</strong></span> <span class='ocrx_word' id='word_1_245' title='bbox 838 3830 963 3882; x_wconf 90' lang='lat' dir='ltr'><strong>dum</strong></span> <span class='ocrx_word' id='word_1_246' title='bbox 1004 3821 1256 3878; x_wconf 80' lang='lat' dir='ltr'><strong>sacerdos</strong></span> <span class='ocrx_word' id='word_1_247' title='bbox 1282 3813 1411 3869; x_wconf 82' lang='lat' dir='ltr'><strong>dicit</strong></span> <span class='ocrx_word' id='word_1_248' title='bbox 1452 3811 1650 3882; x_wconf 88' lang='lat' dir='ltr'><strong>primas</strong></span> <span class='ocrx_word' id='word_1_249' title='bbox 1679 3816 1733 3861; x_wconf 89' lang='lat' dir='ltr'><strong>et</strong></span> <span class='ocrx_word' id='word_1_250' title='bbox 1761 3805 1973 3860; x_wconf 87' lang='lat' dir='ltr'><strong>ultimas</strong></span> <span class='ocrx_word' id='word_1_251' title='bbox 2011 3799 2223 3904; x_wconf 60' lang='lat' dir='ltr'><strong>Oratio:</strong></span> 
     </span>
    </p>
   </div>
   <div class='ocr_carea' id='block_1_37' title="bbox 648 3890 2220 3990">
    <p class='ocr_par' dir='ltr' id='par_1_37' title="bbox 648 3890 2220 3990">
     <span class='ocr_line' id='line_1_37' title="bbox 648 3890 2220 3990; baseline -0.024 -9"><span class='ocrx_word' id='word_1_252' title='bbox 648 3890 1088 3990; x_wconf 28' lang='lat' dir='ltr'><strong>neget-scendit</strong></span> <span class='ocrx_word' id='word_1_253' title='bbox 1115 3912 1184 3966; x_wconf 83' lang='lat' dir='ltr'><strong>de</strong></span> <span class='ocrx_word' id='word_1_254' title='bbox 1212 3903 1468 3964; x_wconf 85' lang='lat' dir='ltr'><strong>cathedra</strong></span> <span class='ocrx_word' id='word_1_255' title='bbox 1511 3917 1609 3955; x_wconf 90' lang='lat' dir='ltr'><strong>sua</strong></span> <span class='ocrx_word' id='word_1_256' title='bbox 1640 3911 1850 3966; x_wconf 78' lang='lat' dir='ltr'><strong>magna,</strong></span> <span class='ocrx_word' id='word_1_257' title='bbox 1883 3903 1938 3948; x_wconf 88' lang='lat' dir='ltr'><strong>et</strong></span> <span class='ocrx_word' id='word_1_258' title='bbox 1975 3891 2116 3946; x_wconf 82' lang='lat' dir='ltr'><strong>vadit</strong></span> <span class='ocrx_word' id='word_1_259' title='bbox 2154 3890 2220 3944; x_wconf 88' lang='lat' dir='ltr'><strong>ad</strong></span> 
     </span>
    </p>
   </div>
   <div class='ocr_carea' id='block_1_38' title="bbox 646 3992 2223 4073">
    <p class='ocr_par' dir='ltr' id='par_1_38' title="bbox 646 3992 2223 4073">
     <span class='ocr_line' id='line_1_38' title="bbox 646 3992 2223 4073; baseline -0.024 -1"><span class='ocrx_word' id='word_1_260' title='bbox 646 4014 952 4073; x_wconf 88' lang='lat' dir='ltr'><strong>cathedram</strong></span> <span class='ocrx_word' id='word_1_261' title='bbox 1004 4007 1213 4062; x_wconf 88' lang='lat' dir='ltr'><strong>bassam</strong></span> <span class='ocrx_word' id='word_1_262' title='bbox 1267 4014 1386 4054; x_wconf 90' lang='lat' dir='ltr'><strong>cum</strong></span> <span class='ocrx_word' id='word_1_263' title='bbox 1438 3992 1673 4049; x_wconf 84' lang='lat' dir='ltr'><strong>scabello</strong></span> <span class='ocrx_word' id='word_1_264' title='bbox 1715 4005 1810 4057; x_wconf 89' lang='lat' dir='ltr'><strong>pro</strong></span> <span class='ocrx_word' id='word_1_265' title='bbox 1849 4002 1912 4042; x_wconf 84' lang='lat' dir='ltr'><strong>eo</strong></span> <span class='ocrx_word' id='word_1_266' title='bbox 1945 3992 2223 4055; x_wconf 84' lang='lat' dir='ltr'><strong>paratam;</strong></span> 
     </span>
    </p>
   </div>
   <div class='ocr_carea' id='block_1_39' title="bbox 648 4076 2225 4166">
    <p class='ocr_par' dir='ltr' id='par_1_39' title="bbox 648 4076 2225 4166">
     <span class='ocr_line' id='line_1_39' title="bbox 648 4076 2225 4166; baseline -0.023 -1"><span class='ocrx_word' id='word_1_267' title='bbox 648 4121 703 4166; x_wconf 90' lang='lat' dir='ltr'><strong>et</strong></span> <span class='ocrx_word' id='word_1_268' title='bbox 745 4106 820 4162; x_wconf 90' lang='lat' dir='ltr'><strong>ibi</strong></span> <span class='ocrx_word' id='word_1_269' title='bbox 864 4103 1074 4158; x_wconf 84' lang='lat' dir='ltr'><strong>mitram</strong></span> <span class='ocrx_word' id='word_1_270' title='bbox 1109 4107 1295 4151; x_wconf 89' lang='lat' dir='ltr'><strong>tenens</strong></span> <span class='ocrx_word' id='word_1_271' title='bbox 1335 4092 1387 4144; x_wconf 90' lang='lat' dir='ltr'><strong>in</strong></span> <span class='ocrx_word' id='word_1_272' title='bbox 1419 4088 1614 4158; x_wconf 82' lang='lat' dir='ltr'><strong>capite,</strong></span> <span class='ocrx_word' id='word_1_273' title='bbox 1639 4092 1740 4139; x_wconf 88' lang='lat' dir='ltr'><strong>stat</strong></span> <span class='ocrx_word' id='word_1_274' title='bbox 1761 4082 2091 4152; x_wconf 79' lang='lat' dir='ltr'><strong>genuilexus,</strong></span> <span class='ocrx_word' id='word_1_275' title='bbox 2125 4076 2225 4131; x_wconf 92' lang='lat' dir='ltr'><strong>nisi</strong></span> 
     </span>
    </p>
   </div>
   <div class='ocr_carea' id='block_1_40' title="bbox 647 4173 2228 4257">
    <p class='ocr_par' dir='ltr' id='par_1_40' title="bbox 647 4173 2228 4257">
     <span class='ocr_line' id='line_1_40' title="bbox 647 4173 2228 4257; baseline -0.023 0"><span class='ocrx_word' id='word_1_276' title='bbox 647 4215 806 4257; x_wconf 86' lang='lat' dir='ltr'><strong>causa</strong></span> <span class='ocrx_word' id='word_1_277' title='bbox 854 4189 1154 4250; x_wconf 80' lang='lat' dir='ltr'><strong>devotionis</strong></span> <span class='ocrx_word' id='word_1_278' title='bbox 1205 4202 1320 4241; x_wconf 88' lang='lat' dir='ltr'><strong>eam</strong></span> <span class='ocrx_word' id='word_1_279' title='bbox 1371 4182 1497 4235; x_wconf 75' lang='lat' dir='ltr'><strong>velit</strong></span> <span class='ocrx_word' id='word_1_280' title='bbox 1554 4179 1854 4246; x_wconf 89' lang='lat' dir='ltr'><strong>deponere;</strong></span> <span class='ocrx_word' id='word_1_281' title='bbox 1898 4183 1952 4227; x_wconf 90' lang='lat' dir='ltr'><strong>et</strong></span> <span class='ocrx_word' id='word_1_282' title='bbox 1992 4173 2070 4225; x_wconf 91' lang='lat' dir='ltr'><strong>sic</strong></span> <span class='ocrx_word' id='word_1_283' title='bbox 2123 4176 2228 4223; x_wconf 89' lang='lat' dir='ltr'><strong>stat</strong></span> 
     </span>
    </p>
   </div>
   <div class='ocr_carea' id='block_1_41' title="bbox 649 4261 2225 4364">
    <p class='ocr_par' dir='ltr' id='par_1_41' title="bbox 649 4261 2225 4364">
     <span class='ocr_line' id='line_1_41' title="bbox 649 4261 2225 4364; baseline -0.023 -14"><span class='ocrx_word' id='word_1_284' title='bbox 649 4304 926 4364; x_wconf 82' lang='lat' dir='ltr'><strong>quousque</strong></span> <span class='ocrx_word' id='word_1_285' title='bbox 953 4283 1235 4340; x_wconf 81' lang='lat' dir='ltr'><strong>Orationes</strong></span> <span class='ocrx_word' id='word_1_286' title='bbox 1294 4276 1491 4330; x_wconf 87' lang='lat' dir='ltr'><strong>fuerint</strong></span> <span class='ocrx_word' id='word_1_287' title='bbox 1540 4271 1716 4325; x_wconf 58' lang='lat' dir='ltr'><strong>diitac.</strong></span> <span class='ocrx_word' id='word_1_288' title='bbox 1786 4266 1987 4333; x_wconf 80' lang='lat' dir='ltr'><strong>Quibus</strong></span> <span class='ocrx_word' id='word_1_289' title='bbox 2042 4261 2225 4324; x_wconf 79' lang='lat' dir='ltr'><strong>ﬁnitis,</strong></span> 
     </span>
    </p>
   </div>
   <div class='ocr_carea' id='block_1_42' title="bbox 653 4355 2228 4441">
    <p class='ocr_par' dir='ltr' id='par_1_42' title="bbox 653 4355 2228 4441">
     <span class='ocr_line' id='line_1_42' title="bbox 653 4355 2228 4441; baseline -0.022 0"><span class='ocrx_word' id='word_1_290' title='bbox 653 4355 778 4441; x_wconf 84' lang='lat' dir='ltr'><strong>dum</strong></span> <span class='ocrx_word' id='word_1_291' title='bbox 801 4355 995 4437; x_wconf 81' lang='lat' dir='ltr'><strong>dicitur</strong></span> <span class='ocrx_word' id='word_1_292' title='bbox 1013 4370 1404 4430; x_wconf 61' lang='lat' dir='ltr'><strong>Pet-Dominum</strong></span> <span class='ocrx_word' id='word_1_293' title='bbox 1427 4372 1677 4428; x_wconf 85' lang='lat' dir='ltr'><strong>nostrum,</strong></span> <span class='ocrx_word' id='word_1_294' title='bbox 1701 4370 1937 4425; x_wconf 91' lang='lat' dir='ltr'><strong>etc.,aut</strong></span> <span class='ocrx_word' id='word_1_295' title='bbox 1965 4356 2062 4421; x_wconf 87' lang='lat' dir='ltr'><strong>Qui</strong></span> <span class='ocrx_word' id='word_1_296' title='bbox 2085 4355 2228 4420; x_wconf 71' lang='lat' dir='ltr'><strong>uitis,</strong></span> 
     </span>
    </p>
   </div>
   <div class='ocr_carea' id='block_1_43' title="bbox 653 4456 1718 4545">
    <p class='ocr_par' dir='ltr' id='par_1_43' title="bbox 653 4456 1718 4545">
     <span class='ocr_line' id='line_1_43' title="bbox 653 4456 1718 4545; baseline -0.027 -13"><span class='ocrx_word' id='word_1_297' title='bbox 653 4475 824 4545; x_wconf 81' lang='lat' dir='ltr'><strong>surgit</strong></span> <span class='ocrx_word' id='word_1_298' title='bbox 848 4480 902 4526; x_wconf 91' lang='lat' dir='ltr'><strong>et</strong></span> <span class='ocrx_word' id='word_1_299' title='bbox 924 4465 1204 4544; x_wconf 63' lang='lat' dir='ltr'><strong>revertitur</strong></span> <span class='ocrx_word' id='word_1_300' title='bbox 1227 4460 1292 4515; x_wconf 89' lang='lat' dir='ltr'><strong>ad</strong></span> <span class='ocrx_word' id='word_1_301' title='bbox 1332 4456 1512 4510; x_wconf 88' lang='lat' dir='ltr'><strong>sedem</strong></span> <span class='ocrx_word' id='word_1_302' title='bbox 1545 4468 1718 4510; x_wconf 90' lang='lat' dir='ltr'><strong>suam.</strong></span> 
     </span>
    </p>
   </div>
   <div class='ocr_carea' id='block_1_44' title="bbox 719 4541 2230 4626">
    <p class='ocr_par' dir='ltr' id='par_1_44' title="bbox 719 4541 2230 4626">
     <span class='ocr_line' id='line_1_44' title="bbox 719 4541 2230 4626; baseline -0.017 -5"><span class='ocrx_word' id='word_1_303' title='bbox 719 4541 852 4621; x_wconf 46' lang='lat' dir='ltr'><strong>N—ota</strong></span> <span class='ocrx_word' id='word_1_304' title='bbox 883 4541 1066 4626; x_wconf 90' lang='lat' dir='ltr'><strong>etiam,</strong></span> <span class='ocrx_word' id='word_1_305' title='bbox 1111 4557 1252 4612; x_wconf 85' lang='lat' dir='ltr'><strong>dicto</strong></span> <span class='ocrx_word' id='word_1_306' title='bbox 1296 4554 1518 4609; x_wconf 87' lang='lat' dir='ltr'><strong>Sanctus</strong></span> <span class='ocrx_word' id='word_1_307' title='bbox 1565 4564 1660 4617; x_wconf 88' lang='lat' dir='ltr'><strong>per</strong></span> <span class='ocrx_word' id='word_1_308' title='bbox 1681 4560 1825 4607; x_wconf 91' lang='lat' dir='ltr'><strong>cum,</strong></span> <span class='ocrx_word' id='word_1_309' title='bbox 1879 4541 2230 4598; x_wconf 87' lang='lat' dir='ltr'><strong>incontinenti</strong></span> 
     </span>
    </p>
   </div>
   <div class='ocr_carea' id='block_1_45' title="bbox 650 4633 2313 4721">
    <p class='ocr_par' dir='ltr' id='par_1_45' title="bbox 650 4633 2313 4721">
     <span class='ocr_line' id='line_1_45' title="bbox 650 4633 2313 4721; baseline -0.013 -14"><span class='ocrx_word' id='word_1_310' title='bbox 650 4658 791 4710; x_wconf 81' lang='lat' dir='ltr'><strong>vadit</strong></span> <span class='ocrx_word' id='word_1_311' title='bbox 818 4655 881 4708; x_wconf 88' lang='lat' dir='ltr'><strong>ad</strong></span> <span class='ocrx_word' id='word_1_312' title='bbox 908 4649 1217 4707; x_wconf 87' lang='lat' dir='ltr'><strong>cathedram</strong></span> <span class='ocrx_word' id='word_1_313' title='bbox 1243 4657 1362 4698; x_wconf 69' lang='lat' dir='ltr'><strong>ante</strong></span> <span class='ocrx_word' id='word_1_314' title='bbox 1401 4643 1588 4706; x_wconf 89' lang='lat' dir='ltr'><strong>altare,</strong></span> <span class='ocrx_word' id='word_1_315' title='bbox 1623 4647 1676 4693; x_wconf 90' lang='lat' dir='ltr'><strong>ct</strong></span> <span class='ocrx_word' id='word_1_316' title='bbox 1705 4636 2015 4709; x_wconf 81' lang='lat' dir='ltr'><strong>genullexus</strong></span> <span class='ocrx_word' id='word_1_317' title='bbox 2043 4633 2115 4688; x_wconf 88' lang='lat' dir='ltr'><strong>ibi</strong></span> <span class='ocrx_word' id='word_1_318' title='bbox 2158 4647 2234 4688; x_wconf 89' lang='lat' dir='ltr'><strong>re-</strong></span> <span class='ocrx_word' id='word_1_319' title='bbox 2263 4663 2313 4721; x_wconf 79' lang='lat' dir='ltr'><strong>D</strong></span> 
     </span>
    </p>
   </div>
   <div class='ocr_carea' id='block_1_46' title="bbox 653 4729 1413 4809">
    <p class='ocr_par' dir='ltr' id='par_1_46' title="bbox 653 4729 1413 4809">
     <span class='ocr_line' id='line_1_46' title="bbox 653 4729 1413 4809; baseline -0.026 -10"><span class='ocrx_word' id='word_1_320' title='bbox 653 4744 790 4799; x_wconf 88' lang='lat' dir='ltr'><strong>sidet</strong></span> <span class='ocrx_word' id='word_1_321' title='bbox 814 4752 977 4809; x_wconf 83' lang='lat' dir='ltr'><strong>usque</strong></span> <span class='ocrx_word' id='word_1_322' title='bbox 1007 4736 1070 4789; x_wconf 87' lang='lat' dir='ltr'><strong>ad</strong></span> <span class='ocrx_word' id='word_1_323' title='bbox 1095 4733 1267 4802; x_wconf 83' lang='lat' dir='ltr'><strong>Agnus</strong></span> <span class='ocrx_word' id='word_1_324' title='bbox 1300 4729 1413 4783; x_wconf 86' lang='lat' dir='ltr'><strong>Dei.</strong></span> 
     </span>
    </p>
   </div>
   <div class='ocr_carea' id='block_1_47' title="bbox 729 4813 2234 4890">
    <p class='ocr_par' dir='ltr' id='par_1_47' title="bbox 729 4813 2234 4890">
     <span class='ocr_line' id='line_1_47' title="bbox 729 4813 2234 4890; baseline -0.015 -2"><span class='ocrx_word' id='word_1_325' title='bbox 729 4835 855 4888; x_wconf 79' lang='lat' dir='ltr'><strong>Item</strong></span> <span class='ocrx_word' id='word_1_326' title='bbox 883 4824 1171 4882; x_wconf 86' lang='lat' dir='ltr'><strong>notandum</strong></span> <span class='ocrx_word' id='word_1_327' title='bbox 1201 4821 1359 4876; x_wconf 88' lang='lat' dir='ltr'><strong>etiam</strong></span> <span class='ocrx_word' id='word_1_328' title='bbox 1394 4820 1535 4890; x_wconf 89' lang='lat' dir='ltr'><strong>quod</strong></span> <span class='ocrx_word' id='word_1_329' title='bbox 1567 4815 1782 4886; x_wconf 86' lang='lat' dir='ltr'><strong>quando</strong></span> <span class='ocrx_word' id='word_1_330' title='bbox 1822 4814 2017 4868; x_wconf 89' lang='lat' dir='ltr'><strong>dicitur</strong></span> <span class='ocrx_word' id='word_1_331' title='bbox 2047 4813 2234 4866; x_wconf 84' lang='lat' dir='ltr'><strong>Oratio</strong></span> 
     </span>
    </p>
   </div>
   <div class='ocr_carea' id='block_1_48' title="bbox 655 4908 2238 4991">
    <p class='ocr_par' dir='ltr' id='par_1_48' title="bbox 655 4908 2238 4991">
     <span class='ocr_line' id='line_1_48' title="bbox 655 4908 2238 4991; baseline -0.016 -10"><span class='ocrx_word' id='word_1_332' title='bbox 655 4928 744 4982; x_wconf 85' lang='lat' dir='ltr'><strong>illa</strong></span> <span class='ocrx_word' id='word_1_333' title='bbox 783 4937 942 4991; x_wconf 82' lang='lat' dir='ltr'><strong>super</strong></span> <span class='ocrx_word' id='word_1_334' title='bbox 989 4917 1272 4989; x_wconf 50' lang='lat' dir='ltr'><strong>pupulum,</strong></span> <span class='ocrx_word' id='word_1_335' title='bbox 1331 4913 1474 4966; x_wconf 85' lang='lat' dir='ltr'><strong>dicto</strong></span> <span class='ocrx_word' id='word_1_336' title='bbox 1523 4909 1805 4962; x_wconf 83' lang='lat' dir='ltr'><strong>Ilnmiliate</strong></span> <span class='ocrx_word' id='word_1_337' title='bbox 1858 4908 2025 4976; x_wconf 86' lang='lat' dir='ltr'><strong>capita</strong></span> <span class='ocrx_word' id='word_1_338' title='bbox 2074 4915 2238 4958; x_wconf 78' lang='lat' dir='ltr'><strong>vestra</strong></span> 
     </span>
    </p>
   </div>
   <div class='ocr_carea' id='block_1_49' title="bbox 658 4995 2238 5084">
    <p class='ocr_par' dir='ltr' id='par_1_49' title="bbox 658 4995 2238 5084">
     <span class='ocr_line' id='line_1_49' title="bbox 658 4995 2238 5084; baseline -0.015 -12"><span class='ocrx_word' id='word_1_339' title='bbox 658 5018 787 5084; x_wconf 87' lang='lat' dir='ltr'><strong>Deo,</strong></span> <span class='ocrx_word' id='word_1_340' title='bbox 818 5014 1098 5081; x_wconf 67' lang='grc' dir='ltr'><strong>ὀθγοιιὶιυῑ</strong></span> <span class='ocrx_word' id='word_1_341' title='bbox 1123 5007 1275 5060; x_wconf 88' lang='lat' dir='ltr'><strong>tnitra</strong></span> <span class='ocrx_word' id='word_1_342' title='bbox 1303 5018 1395 5074; x_wconf 90' lang='lat' dir='ltr'><strong>per</strong></span> <span class='ocrx_word' id='word_1_343' title='bbox 1434 5002 1714 5068; x_wconf 69' lang='lat' dir='ltr'><strong>diaconum</strong></span> <span class='ocrx_word' id='word_1_344' title='bbox 1763 4998 2088 5050; x_wconf 77' lang='lat' dir='ltr'><strong>cauliualeut</strong></span> <span class='ocrx_word' id='word_1_345' title='bbox 2138 4995 2238 5049; x_wconf 80' lang='lat' dir='ltr'><strong>sibi</strong></span> 
     </span>
    </p>
   </div>
   <div class='ocr_carea' id='block_1_50' title="bbox 655 5087 2239 5166">
    <p class='ocr_par' dir='ltr' id='par_1_50' title="bbox 655 5087 2239 5166">
     <span class='ocr_line' id='line_1_50' title="bbox 655 5087 2239 5166; baseline -0.016 1"><span class='ocrx_word' id='word_1_346' title='bbox 655 5119 684 5166; x_wconf 85' lang='lat' dir='ltr'><strong>a&#39;</strong></span> <span class='ocrx_word' id='word_1_347' title='bbox 709 5110 910 5166; x_wconf 80' lang='lat' dir='ltr'><strong>dextris</strong></span> <span class='ocrx_word' id='word_1_348' title='bbox 954 5103 1314 5158; x_wconf 84' lang='lat' dir='ltr'><strong>assistcnlem.</strong></span> <span class='ocrx_word' id='word_1_349' title='bbox 1361 5096 1474 5163; x_wconf 83' lang='lat' dir='ltr'><strong>Qua</strong></span> <span class='ocrx_word' id='word_1_350' title='bbox 1523 5092 1809 5160; x_wconf 74' lang='lat' dir='ltr'><strong>conpleta,</strong></span> <span class='ocrx_word' id='word_1_351' title='bbox 1845 5088 2142 5158; x_wconf 73' lang='lat' dir='ltr'><strong>regreditur</strong></span> <span class='ocrx_word' id='word_1_352' title='bbox 2171 5087 2239 5141; x_wconf 85' lang='lat' dir='ltr'><strong>ad</strong></span> 
     </span>
    </p>
   </div>
   <div class='ocr_carea' id='block_1_51' title="bbox 657 5185 2238 5267">
    <p class='ocr_par' dir='ltr' id='par_1_51' title="bbox 657 5185 2238 5267">
     <span class='ocr_line' id='line_1_51' title="bbox 657 5185 2238 5267; baseline -0.015 -7"><span class='ocrx_word' id='word_1_353' title='bbox 657 5205 838 5259; x_wconf 86' lang='lat' dir='ltr'><strong>sedem</strong></span> <span class='ocrx_word' id='word_1_354' title='bbox 861 5215 1033 5267; x_wconf 85' lang='lat' dir='ltr'><strong>suam,</strong></span> <span class='ocrx_word' id='word_1_355' title='bbox 1059 5206 1113 5251; x_wconf 89' lang='lat' dir='ltr'><strong>et</strong></span> <span class='ocrx_word' id='word_1_356' title='bbox 1162 5191 1434 5263; x_wconf 79' lang='lat' dir='ltr'><strong>reponitur</strong></span> <span class='ocrx_word' id='word_1_357' title='bbox 1453 5189 1502 5243; x_wconf 89' lang='lat' dir='ltr'><strong>ei</strong></span> <span class='ocrx_word' id='word_1_358' title='bbox 1529 5188 1682 5242; x_wconf 86' lang='lat' dir='ltr'><strong>utitra</strong></span> <span class='ocrx_word' id='word_1_359' title='bbox 1719 5202 1809 5255; x_wconf 80' lang='lat' dir='ltr'><strong>per</strong></span> <span class='ocrx_word' id='word_1_360' title='bbox 1851 5185 2094 5239; x_wconf 86' lang='lat' dir='ltr'><strong>eumdem</strong></span> <span class='ocrx_word' id='word_1_361' title='bbox 2125 5199 2238 5237; x_wconf 84' lang='lat' dir='ltr'><strong>car-</strong></span> 
     </span>
    </p>
   </div>
   <div class='ocr_carea' id='block_1_52' title="bbox 660 5275 2240 5351">
    <p class='ocr_par' dir='ltr' id='par_1_52' title="bbox 660 5275 2240 5351">
     <span class='ocr_line' id='line_1_52' title="bbox 660 5275 2240 5351; baseline -0.014 -3"><span class='ocrx_word' id='word_1_362' title='bbox 660 5295 915 5350; x_wconf 76' lang='lat' dir='ltr'><strong>dinalcm.</strong></span> <span class='ocrx_word' id='word_1_363' title='bbox 960 5292 1088 5346; x_wconf 90' lang='lat' dir='ltr'><strong>Item</strong></span> <span class='ocrx_word' id='word_1_364' title='bbox 1133 5275 1448 5348; x_wconf 78' lang='lat' dir='ltr'><strong>notandum,</strong></span> <span class='ocrx_word' id='word_1_365' title='bbox 1495 5281 1633 5351; x_wconf 82' lang='lat' dir='ltr'><strong>quod</strong></span> <span class='ocrx_word' id='word_1_366' title='bbox 1683 5277 1894 5347; x_wconf 63' lang='lat' dir='ltr'><strong>«pianda</strong></span> <span class='ocrx_word' id='word_1_367' title='bbox 1925 5277 2117 5330; x_wconf 75' lang='lat' dir='ltr'><strong>dicitur</strong></span> <span class='ocrx_word' id='word_1_368' title='bbox 2151 5276 2240 5328; x_wconf 72' lang='lat' dir='ltr'><strong>ilie</strong></span> 
     </span>
    </p>
   </div>
   <div class='ocr_carea' id='block_1_53' title="bbox 665 5372 2239 5450">
    <p class='ocr_par' dir='ltr' id='par_1_53' title="bbox 665 5372 2239 5450">
     <span class='ocr_line' id='line_1_53' title="bbox 665 5372 2239 5450; baseline -0.015 -9"><span class='ocrx_word' id='word_1_369' title='bbox 665 5389 860 5441; x_wconf 71' lang='lat' dir='ltr'><strong>Verszts</strong></span> <span class='ocrx_word' id='word_1_370' title='bbox 889 5384 1132 5448; x_wconf 80' lang='lat' dir='ltr'><strong>Tractus,</strong></span> <span class='ocrx_word' id='word_1_371' title='bbox 1167 5379 1369 5450; x_wconf 69' lang='lat' dir='ltr'><strong>.«ldjuva</strong></span> <span class='ocrx_word' id='word_1_372' title='bbox 1424 5391 1534 5438; x_wconf 83' lang='lat' dir='ltr'><strong>nos,</strong></span> <span class='ocrx_word' id='word_1_373' title='bbox 1581 5372 1715 5426; x_wconf 84' lang='lat' dir='ltr'><strong>Dens</strong></span> <span class='ocrx_word' id='word_1_374' title='bbox 1763 5372 2006 5424; x_wconf 80' lang='lat' dir='ltr'><strong>salutaris</strong></span> <span class='ocrx_word' id='word_1_375' title='bbox 2052 5378 2239 5431; x_wconf 63' lang='lat' dir='ltr'><strong>noster,</strong></span> 
     </span>
    </p>
   </div>
   <div class='ocr_carea' id='block_1_54' title="bbox 1292 427 3186 495">
    <p class='ocr_par' dir='ltr' id='par_1_54' title="bbox 1292 427 3186 495">
     <span class='ocr_line' id='line_1_54' title="bbox 1292 427 3186 495; baseline -0.007 0"><span class='ocrx_word' id='word_1_376' title='bbox 1292 438 1632 495; x_wconf 66' lang='lat' dir='ltr'><strong>Al’f&#39;liNDlX</strong></span> <span class='ocrx_word' id='word_1_377' title='bbox 1675 438 1762 489; x_wconf 70' lang='lat' dir='ltr'><strong>an</strong></span> <span class='ocrx_word' id='word_1_378' title='bbox 1804 435 1841 490; x_wconf 91' lang='lat' dir='ltr'><strong>s</strong></span> <span class='ocrx_word' id='word_1_379' title='bbox 1905 431 2228 488; x_wconf 64' lang='lat' dir='ltr'><strong>curacum:</strong></span> <span class='ocrx_word' id='word_1_380' title='bbox 2273 429 2483 484; x_wconf 73' lang='lat' dir='ltr'><strong>MAle</strong></span> <span class='ocrx_word' id='word_1_381' title='bbox 2529 427 2894 484; x_wconf 75' lang='lat' dir='ltr'><strong>LlTb‘RGlCA</strong></span> <span class='ocrx_word' id='word_1_382' title='bbox 2934 428 3186 484; x_wconf 75' lang='lat' dir='ltr'><strong>OPERA.</strong></span> 
     </span>
    </p>
   </div>
   <div class='ocr_carea' id='block_1_55' title="bbox 2285 537 3898 613">
    <p class='ocr_par' dir='ltr' id='par_1_55' title="bbox 2285 537 3898 613">
     <span class='ocr_line' id='line_1_55' title="bbox 2285 537 3898 613; baseline -0.004 -17"><span class='ocrx_word' id='word_1_383' title='bbox 2285 545 2523 613; x_wconf 83' lang='lat' dir='ltr'><strong>greditur</strong></span> <span class='ocrx_word' id='word_1_384' title='bbox 2547 545 2613 597; x_wconf 87' lang='lat' dir='ltr'><strong>ad</strong></span> <span class='ocrx_word' id='word_1_385' title='bbox 2632 545 2814 598; x_wconf 65' lang='lat' dir='ltr'><strong>sedem</strong></span> <span class='ocrx_word' id='word_1_386' title='bbox 2845 559 3032 607; x_wconf 67' lang='lat' dir='ltr'><strong>suam;</strong></span> <span class='ocrx_word' id='word_1_387' title='bbox 3062 551 3118 598; x_wconf 93' lang='lat' dir='ltr'><strong>et</strong></span> <span class='ocrx_word' id='word_1_388' title='bbox 3143 542 3212 596; x_wconf 91' lang='lat' dir='ltr'><strong>ibi</strong></span> <span class='ocrx_word' id='word_1_389' title='bbox 3244 549 3347 594; x_wconf 78' lang='lat' dir='ltr'><strong>stat</strong></span> <span class='ocrx_word' id='word_1_390' title='bbox 3379 537 3572 608; x_wconf 88' lang='lat' dir='ltr'><strong>pedes,</strong></span> <span class='ocrx_word' id='word_1_391' title='bbox 3609 547 3898 604; x_wconf 70' lang='lat' dir='ltr'><strong>quousque</strong></span> 
     </span>
    </p>
   </div>
   <div class='ocr_carea' id='block_1_56' title="bbox 3755 418 3896 473">
    <p class='ocr_par' dir='ltr' id='par_1_56' title="bbox 3755 418 3896 473">
     <span class='ocr_line' id='line_1_56' title="bbox 3755 418 3896 473; baseline -0.021 0"><span class='ocrx_word' id='word_1_392' title='bbox 3755 418 3896 473; x_wconf 65' lang='lat'><strong>1292</strong></span> 
     </span>
    </p>
   </div>
   <div class='ocr_carea' id='block_1_57' title="bbox 2287 625 3899 697">
    <p class='ocr_par' dir='ltr' id='par_1_57' title="bbox 2287 625 3899 697">
     <span class='ocr_line' id='line_1_57' title="bbox 2287 625 3899 697; baseline -0.007 -9"><span class='ocrx_word' id='word_1_393' title='bbox 2287 636 2572 690; x_wconf 83' lang='lat' dir='ltr'><strong>celebrans</strong></span> <span class='ocrx_word' id='word_1_394' title='bbox 2617 635 2747 688; x_wconf 64' lang='lat' dir='ltr'><strong>dicit</strong></span> <span class='ocrx_word' id='word_1_395' title='bbox 2779 633 2894 688; x_wconf 69' lang='lat' dir='ltr'><strong>Pax</strong></span> <span class='ocrx_word' id='word_1_396' title='bbox 2929 634 3168 697; x_wconf 79' lang='lat' dir='ltr'><strong>Domini;</strong></span> <span class='ocrx_word' id='word_1_397' title='bbox 3201 641 3258 688; x_wconf 89' lang='lat' dir='ltr'><strong>et</strong></span> <span class='ocrx_word' id='word_1_398' title='bbox 3300 643 3425 685; x_wconf 88' lang='lat' dir='ltr'><strong>tunc</strong></span> <span class='ocrx_word' id='word_1_399' title='bbox 3456 626 3770 697; x_wconf 75' lang='lat' dir='ltr'><strong>deponitur</strong></span> <span class='ocrx_word' id='word_1_400' title='bbox 3802 625 3899 678; x_wconf 85' lang='lat' dir='ltr'><strong>sibi</strong></span> 
     </span>
    </p>
   </div>
   <div class='ocr_carea' id='block_1_58' title="bbox 2289 717 3901 796">
    <p class='ocr_par' dir='ltr' id='par_1_58' title="bbox 2289 717 3901 796">
     <span class='ocr_line' id='line_1_58' title="bbox 2289 717 3901 796; baseline -0.006 -17"><span class='ocrx_word' id='word_1_401' title='bbox 2289 729 2464 793; x_wconf 90' lang='lat' dir='ltr'><strong>mitra,</strong></span> <span class='ocrx_word' id='word_1_402' title='bbox 2499 736 2553 780; x_wconf 89' lang='lat' dir='ltr'><strong>et</strong></span> <span class='ocrx_word' id='word_1_403' title='bbox 2588 735 2695 780; x_wconf 89' lang='lat' dir='ltr'><strong>slat</strong></span> <span class='ocrx_word' id='word_1_404' title='bbox 2722 727 2896 796; x_wconf 89' lang='lat' dir='ltr'><strong>capite</strong></span> <span class='ocrx_word' id='word_1_405' title='bbox 2939 725 3304 794; x_wconf 69' lang='lat' dir='ltr'><strong>discooperto,</strong></span> <span class='ocrx_word' id='word_1_406' title='bbox 3349 723 3523 776; x_wconf 88' lang='lat' dir='ltr'><strong>donec</strong></span> <span class='ocrx_word' id='word_1_407' title='bbox 3571 717 3901 787; x_wconf 68' lang='lat' dir='ltr'><strong>sanguine.</strong></span> 
     </span>
    </p>
   </div>
   <div class='ocr_carea' id='block_1_59' title="bbox 2288 810 3903 885">
    <p class='ocr_par' dir='ltr' id='par_1_59' title="bbox 2288 810 3903 885">
     <span class='ocr_line' id='line_1_59' title="bbox 2288 810 3903 885; baseline -0.006 -15"><span class='ocrx_word' id='word_1_408' title='bbox 2288 825 2342 870; x_wconf 91' lang='lat' dir='ltr'><strong>et</strong></span> <span class='ocrx_word' id='word_1_409' title='bbox 2367 831 2560 884; x_wconf 83' lang='lat' dir='ltr'><strong>corpus</strong></span> <span class='ocrx_word' id='word_1_410' title='bbox 2588 817 2867 872; x_wconf 85' lang='lat' dir='ltr'><strong>celebrans</strong></span> <span class='ocrx_word' id='word_1_411' title='bbox 2916 814 3233 885; x_wconf 87' lang='lat' dir='ltr'><strong>sumpserit.</strong></span> <span class='ocrx_word' id='word_1_412' title='bbox 3276 813 3506 882; x_wconf 79' lang='lat' dir='ltr'><strong>Reliqua</strong></span> <span class='ocrx_word' id='word_1_413' title='bbox 3551 810 3693 864; x_wconf 81' lang='lat' dir='ltr'><strong>fiant</strong></span> <span class='ocrx_word' id='word_1_414' title='bbox 3721 819 3789 862; x_wconf 83' lang='lat' dir='ltr'><strong>ut</strong></span> <span class='ocrx_word' id='word_1_415' title='bbox 3815 821 3903 862; x_wconf 82' lang='lat' dir='ltr'><strong>su-</strong></span> 
     </span>
    </p>
   </div>
   <div class='ocr_carea' id='block_1_60' title="bbox 2291 917 2768 978">
    <p class='ocr_par' dir='ltr' id='par_1_60' title="bbox 2291 917 2768 978">
     <span class='ocr_line' id='line_1_60' title="bbox 2291 917 2768 978; baseline -0.002 -15"><span class='ocrx_word' id='word_1_416' title='bbox 2291 925 2384 978; x_wconf 84' lang='lat' dir='ltr'><strong>pra</strong></span> <span class='ocrx_word' id='word_1_417' title='bbox 2417 917 2592 962; x_wconf 87' lang='lat' dir='ltr'><strong>notata</strong></span> <span class='ocrx_word' id='word_1_418' title='bbox 2622 917 2768 964; x_wconf 90' lang='lat' dir='ltr'><strong>sunt.</strong></span> 
     </span>
    </p>
   </div>
   <div class='ocr_carea' id='block_1_61' title="bbox 2362 993 3904 1069">
    <p class='ocr_par' dir='ltr' id='par_1_61' title="bbox 2362 993 3904 1069">
     <span class='ocr_line' id='line_1_61' title="bbox 2362 993 3904 1069; baseline -0.005 -16"><span class='ocrx_word' id='word_1_419' title='bbox 2362 1000 2762 1054; x_wconf 81' lang='lat' dir='ltr'><strong>Advertendum</strong></span> <span class='ocrx_word' id='word_1_420' title='bbox 2811 998 2972 1054; x_wconf 89' lang='lat' dir='ltr'><strong>etiam</strong></span> <span class='ocrx_word' id='word_1_421' title='bbox 3005 998 3145 1069; x_wconf 88' lang='lat' dir='ltr'><strong>quod</strong></span> <span class='ocrx_word' id='word_1_422' title='bbox 3196 997 3487 1052; x_wconf 89' lang='lat' dir='ltr'><strong>cardinalis</strong></span> <span class='ocrx_word' id='word_1_423' title='bbox 3515 995 3607 1064; x_wconf 76' lang='lat' dir='ltr'><strong>qui</strong></span> <span class='ocrx_word' id='word_1_424' title='bbox 3654 993 3904 1049; x_wconf 79' lang='lat' dir='ltr'><strong>celebrat</strong></span> 
     </span>
    </p>
   </div>
   <div class='ocr_carea' id='block_1_62' title="bbox 2292 1087 3901 1160">
    <p class='ocr_par' dir='ltr' id='par_1_62' title="bbox 2292 1087 3901 1160">
     <span class='ocr_line' id='line_1_62' title="bbox 2292 1087 3901 1160; baseline -0.004 -16"><span class='ocrx_word' id='word_1_425' title='bbox 2292 1089 2391 1144; x_wconf 85' lang='lat' dir='ltr'><strong>ista</strong></span> <span class='ocrx_word' id='word_1_426' title='bbox 2422 1089 2510 1146; x_wconf 89' lang='lat' dir='ltr'><strong>die</strong></span> <span class='ocrx_word' id='word_1_427' title='bbox 2537 1105 2717 1144; x_wconf 84' lang='lat' dir='ltr'><strong>coram</strong></span> <span class='ocrx_word' id='word_1_428' title='bbox 2770 1105 2925 1160; x_wconf 83' lang='lat' dir='ltr'><strong>papa,</strong></span> <span class='ocrx_word' id='word_1_429' title='bbox 2980 1090 3106 1145; x_wconf 91' lang='lat' dir='ltr'><strong>dum</strong></span> <span class='ocrx_word' id='word_1_430' title='bbox 3157 1089 3346 1157; x_wconf 89' lang='lat' dir='ltr'><strong>recipit</strong></span> <span class='ocrx_word' id='word_1_431' title='bbox 3388 1087 3604 1140; x_wconf 72' lang='lat' dir='ltr'><strong>cineres</strong></span> <span class='ocrx_word' id='word_1_432' title='bbox 3658 1099 3690 1138; x_wconf 88' lang='lat' dir='ltr'><strong>a</strong></span> <span class='ocrx_word' id='word_1_433' title='bbox 3740 1098 3901 1153; x_wconf 76' lang='lat' dir='ltr'><strong>papa.</strong></span> 
     </span>
    </p>
   </div>
   <div class='ocr_carea' id='block_1_63' title="bbox 2295 1178 3903 1250">
    <p class='ocr_par' dir='ltr' id='par_1_63' title="bbox 2295 1178 3903 1250">
     <span class='ocr_line' id='line_1_63' title="bbox 2295 1178 3903 1250; baseline -0.002 -17"><span class='ocrx_word' id='word_1_434' title='bbox 2295 1195 2399 1233; x_wconf 92' lang='lat' dir='ltr'><strong>non</strong></span> <span class='ocrx_word' id='word_1_435' title='bbox 2429 1180 2643 1250; x_wconf 81' lang='lat' dir='ltr'><strong>deponit</strong></span> <span class='ocrx_word' id='word_1_436' title='bbox 2674 1181 2966 1250; x_wconf 87' lang='lat' dir='ltr'><strong>planetam,</strong></span> <span class='ocrx_word' id='word_1_437' title='bbox 3009 1181 3102 1235; x_wconf 90' lang='lat' dir='ltr'><strong>sed</strong></span> <span class='ocrx_word' id='word_1_438' title='bbox 3131 1188 3272 1234; x_wconf 90' lang='lat' dir='ltr'><strong>totus</strong></span> <span class='ocrx_word' id='word_1_439' title='bbox 3299 1188 3520 1249; x_wconf 86' lang='lat' dir='ltr'><strong>paratus</strong></span> <span class='ocrx_word' id='word_1_440' title='bbox 3563 1178 3790 1231; x_wconf 83' lang='lat' dir='ltr'><strong>cineres</strong></span> <span class='ocrx_word' id='word_1_441' title='bbox 3817 1191 3903 1229; x_wconf 85' lang='lat' dir='ltr'><strong>re-</strong></span> 
     </span>
    </p>
   </div>
   <div class='ocr_carea' id='block_1_64' title="bbox 2293 1265 3904 1342">
    <p class='ocr_par' dir='ltr' id='par_1_64' title="bbox 2293 1265 3904 1342">
     <span class='ocr_line' id='line_1_64' title="bbox 2293 1265 3904 1342; baseline -0.006 -16"><span class='ocrx_word' id='word_1_442' title='bbox 2293 1272 2422 1341; x_wconf 90' lang='lat' dir='ltr'><strong>cipit</strong></span> <span class='ocrx_word' id='word_1_443' title='bbox 2466 1288 2559 1342; x_wconf 85' lang='lat' dir='ltr'><strong>per</strong></span> <span class='ocrx_word' id='word_1_444' title='bbox 2598 1273 2816 1327; x_wconf 89' lang='lat' dir='ltr'><strong>modum</strong></span> <span class='ocrx_word' id='word_1_445' title='bbox 2847 1273 3097 1341; x_wconf 83' lang='lat' dir='ltr'><strong>superius</strong></span> <span class='ocrx_word' id='word_1_446' title='bbox 3144 1281 3411 1334; x_wconf 86' lang='lat' dir='ltr'><strong>notatum,</strong></span> <span class='ocrx_word' id='word_1_447' title='bbox 3464 1268 3597 1322; x_wconf 86' lang='lat' dir='ltr'><strong>licet</strong></span> <span class='ocrx_word' id='word_1_448' title='bbox 3630 1266 3683 1320; x_wconf 90' lang='lat' dir='ltr'><strong>in</strong></span> <span class='ocrx_word' id='word_1_449' title='bbox 3736 1265 3904 1319; x_wconf 83' lang='lat' dir='ltr'><strong>dona-</strong></span> 
     </span>
    </p>
   </div>
   <div class='ocr_carea' id='block_1_65' title="bbox 2297 1359 3902 1429">
    <p class='ocr_par' dir='ltr' id='par_1_65' title="bbox 2297 1359 3902 1429">
     <span class='ocr_line' id='line_1_65' title="bbox 2297 1359 3902 1429; baseline -0.005 -11"><span class='ocrx_word' id='word_1_450' title='bbox 2297 1367 2444 1422; x_wconf 91' lang='lat' dir='ltr'><strong>tione</strong></span> <span class='ocrx_word' id='word_1_451' title='bbox 2482 1368 2832 1421; x_wconf 89' lang='lat' dir='ltr'><strong>candelarum</strong></span> <span class='ocrx_word' id='word_1_452' title='bbox 2882 1365 3066 1420; x_wconf 83' lang='lat' dir='ltr'><strong>venire</strong></span> <span class='ocrx_word' id='word_1_453' title='bbox 3113 1365 3309 1420; x_wconf 85' lang='lat' dir='ltr'><strong>debeat</strong></span> <span class='ocrx_word' id='word_1_454' title='bbox 3354 1378 3476 1416; x_wconf 84' lang='lat' dir='ltr'><strong>cum</strong></span> <span class='ocrx_word' id='word_1_455' title='bbox 3536 1359 3799 1429; x_wconf 76' lang='lat' dir='ltr'><strong>pluviali,</strong></span> <span class='ocrx_word' id='word_1_456' title='bbox 3854 1369 3902 1411; x_wconf 86' lang='lat' dir='ltr'><strong>et</strong></span> 
     </span>
    </p>
   </div>
   <div class='ocr_carea' id='block_1_66' title="bbox 2297 1451 3893 1522">
    <p class='ocr_par' dir='ltr' id='par_1_66' title="bbox 2297 1451 3893 1522">
     <span class='ocr_line' id='line_1_66' title="bbox 2297 1451 3893 1522; baseline -0.009 -6"><span class='ocrx_word' id='word_1_457' title='bbox 2297 1476 2400 1516; x_wconf 89' lang='lat' dir='ltr'><strong>non</strong></span> <span class='ocrx_word' id='word_1_458' title='bbox 2434 1469 2635 1514; x_wconf 89' lang='lat' dir='ltr'><strong>tantum</strong></span> <span class='ocrx_word' id='word_1_459' title='bbox 2673 1458 2873 1522; x_wconf 88' lang='lat' dir='ltr'><strong>casula,</strong></span> <span class='ocrx_word' id='word_1_460' title='bbox 2916 1456 3122 1511; x_wconf 88' lang='lat' dir='ltr'><strong>ratione</strong></span> <span class='ocrx_word' id='word_1_461' title='bbox 3156 1453 3549 1510; x_wconf 83' lang='lat' dir='ltr'><strong>Processionis.</strong></span> <span class='ocrx_word' id='word_1_462' title='bbox 3584 1451 3893 1506; x_wconf 84' lang='lat' dir='ltr'><strong>Notandum</strong></span> 
     </span>
    </p>
   </div>
   <div class='ocr_carea' id='block_1_67' title="bbox 2297 1543 3901 1621">
    <p class='ocr_par' dir='ltr' id='par_1_67' title="bbox 2297 1543 3901 1621">
     <span class='ocr_line' id='line_1_67' title="bbox 2297 1543 3901 1621; baseline -0.007 -15"><span class='ocrx_word' id='word_1_463' title='bbox 2297 1550 2630 1621; x_wconf 89' lang='lat' dir='ltr'><strong>etiamquod</strong></span> <span class='ocrx_word' id='word_1_464' title='bbox 2683 1548 3010 1604; x_wconf 87' lang='lat' dir='ltr'><strong>camerarius</strong></span> <span class='ocrx_word' id='word_1_465' title='bbox 3063 1549 3173 1602; x_wconf 79' lang='lat' dir='ltr'><strong>exit</strong></span> <span class='ocrx_word' id='word_1_466' title='bbox 3221 1546 3415 1616; x_wconf 79' lang='lat' dir='ltr'><strong>regias,</strong></span> <span class='ocrx_word' id='word_1_467' title='bbox 3469 1553 3525 1599; x_wconf 92' lang='lat' dir='ltr'><strong>et</strong></span> <span class='ocrx_word' id='word_1_468' title='bbox 3548 1543 3645 1597; x_wconf 88' lang='lat' dir='ltr'><strong>dat</strong></span> <span class='ocrx_word' id='word_1_469' title='bbox 3689 1545 3901 1596; x_wconf 65' lang='lat' dir='ltr'><strong>cEneres</strong></span> 
     </span>
    </p>
   </div>
   <div class='ocr_carea' id='block_1_68' title="bbox 2298 1634 3900 1713">
    <p class='ocr_par' dir='ltr' id='par_1_68' title="bbox 2298 1634 3900 1713">
     <span class='ocr_line' id='line_1_68' title="bbox 2298 1634 3900 1713; baseline -0.009 -13"><span class='ocrx_word' id='word_1_470' title='bbox 2298 1645 2488 1700; x_wconf 89' lang='lat' dir='ltr'><strong>stando</strong></span> <span class='ocrx_word' id='word_1_471' title='bbox 2519 1643 2681 1713; x_wconf 87' lang='lat' dir='ltr'><strong>pedes</strong></span> <span class='ocrx_word' id='word_1_472' title='bbox 2713 1641 2815 1696; x_wconf 87' lang='lat' dir='ltr'><strong>illis</strong></span> <span class='ocrx_word' id='word_1_473' title='bbox 2837 1641 2926 1710; x_wconf 84' lang='lat' dir='ltr'><strong>qui</strong></span> <span class='ocrx_word' id='word_1_474' title='bbox 2959 1651 3081 1694; x_wconf 88' lang='lat' dir='ltr'><strong>sunt</strong></span> <span class='ocrx_word' id='word_1_475' title='bbox 3110 1648 3284 1705; x_wconf 69' lang='lat' dir='ltr'><strong>extra,</strong></span> <span class='ocrx_word' id='word_1_476' title='bbox 3315 1648 3367 1692; x_wconf 90' lang='lat' dir='ltr'><strong>et</strong></span> <span class='ocrx_word' id='word_1_477' title='bbox 3411 1638 3466 1691; x_wconf 90' lang='lat' dir='ltr'><strong>in</strong></span> <span class='ocrx_word' id='word_1_478' title='bbox 3508 1635 3633 1705; x_wconf 69' lang='lat' dir='ltr'><strong>ejus</strong></span> <span class='ocrx_word' id='word_1_479' title='bbox 3661 1634 3900 1688; x_wconf 79' lang='lat' dir='ltr'><strong>absentia</strong></span> 
     </span>
    </p>
   </div>
   <div class='ocr_carea' id='block_1_69' title="bbox 2300 1732 3176 1807">
    <p class='ocr_par' dir='ltr' id='par_1_69' title="bbox 2300 1732 3176 1807">
     <span class='ocr_line' id='line_1_69' title="bbox 2300 1732 3176 1807; baseline -0.007 -15"><span class='ocrx_word' id='word_1_480' title='bbox 2300 1736 2433 1793; x_wconf 86' lang='lat' dir='ltr'><strong>alius</strong></span> <span class='ocrx_word' id='word_1_481' title='bbox 2473 1735 2724 1807; x_wconf 68' lang='lat' dir='ltr'><strong>praelatus</strong></span> <span class='ocrx_word' id='word_1_482' title='bbox 2750 1735 2834 1789; x_wconf 91' lang='lat' dir='ltr'><strong>cui</strong></span> <span class='ocrx_word' id='word_1_483' title='bbox 2877 1732 3176 1787; x_wconf 85' lang='lat' dir='ltr'><strong>mandatur.</strong></span> 
     </span>
    </p>
   </div>
   <div class='ocr_carea' id='block_1_70' title="bbox 2552 1820 3656 1895">
    <p class='ocr_par' dir='ltr' id='par_1_70' title="bbox 2552 1820 3656 1895">
     <span class='ocr_line' id='line_1_70' title="bbox 2552 1820 3656 1895; baseline -0.007 -13"><span class='ocrx_word' id='word_1_484' title='bbox 2552 1827 2795 1882; x_wconf 74' lang='lat' dir='ltr'><strong>XXXVI.</strong></span> <span class='ocrx_word' id='word_1_485' title='bbox 2841 1825 3061 1891; x_wconf 84' lang='lat' dir='ltr'><strong>Quando</strong></span> <span class='ocrx_word' id='word_1_486' title='bbox 3105 1841 3238 1895; x_wconf 83' lang='lat' dir='ltr'><strong>papa</strong></span> <span class='ocrx_word' id='word_1_487' title='bbox 3286 1831 3359 1877; x_wconf 72' lang='lat' dir='ltr'><strong>est</strong></span> <span class='ocrx_word' id='word_1_488' title='bbox 3390 1823 3441 1875; x_wconf 85' lang='lat' dir='ltr'><strong>in</strong></span> <span class='ocrx_word' id='word_1_489' title='bbox 3488 1820 3656 1876; x_wconf 83' lang='lat' dir='ltr'><strong>Urbe.</strong></span> 
     </span>
    </p>
   </div>
   <div class='ocr_carea' id='block_1_71' title="bbox 2366 1911 3895 1988">
    <p class='ocr_par' dir='ltr' id='par_1_71' title="bbox 2366 1911 3895 1988">
     <span class='ocr_line' id='line_1_71' title="bbox 2366 1911 3895 1988; baseline -0.007 -12"><span class='ocrx_word' id='word_1_490' title='bbox 2366 1918 2680 1985; x_wconf 88' lang='lat' dir='ltr'><strong>Sciendum,</strong></span> <span class='ocrx_word' id='word_1_491' title='bbox 2731 1919 2871 1988; x_wconf 88' lang='lat' dir='ltr'><strong>quod</strong></span> <span class='ocrx_word' id='word_1_492' title='bbox 2903 1918 2948 1971; x_wconf 91' lang='lat' dir='ltr'><strong>si</strong></span> <span class='ocrx_word' id='word_1_493' title='bbox 2988 1932 3121 1986; x_wconf 88' lang='lat' dir='ltr'><strong>papa</strong></span> <span class='ocrx_word' id='word_1_494' title='bbox 3173 1915 3332 1971; x_wconf 88' lang='lat' dir='ltr'><strong>fuerit</strong></span> <span class='ocrx_word' id='word_1_495' title='bbox 3375 1917 3482 1969; x_wconf 90' lang='lat' dir='ltr'><strong>hac</strong></span> <span class='ocrx_word' id='word_1_496' title='bbox 3513 1913 3608 1968; x_wconf 87' lang='lat' dir='ltr'><strong>die</strong></span> <span class='ocrx_word' id='word_1_497' title='bbox 3647 1911 3895 1966; x_wconf 81' lang='lat' dir='ltr'><strong>Cinerum</strong></span> 
     </span>
    </p>
   </div>
   <div class='ocr_carea' id='block_1_72' title="bbox 2306 2003 3900 2076">
    <p class='ocr_par' dir='ltr' id='par_1_72' title="bbox 2306 2003 3900 2076">
     <span class='ocr_line' id='line_1_72' title="bbox 2306 2003 3900 2076; baseline -0.007 -11"><span class='ocrx_word' id='word_1_498' title='bbox 2306 2012 2358 2065; x_wconf 89' lang='lat' dir='ltr'><strong>in</strong></span> <span class='ocrx_word' id='word_1_499' title='bbox 2395 2010 2557 2076; x_wconf 88' lang='lat' dir='ltr'><strong>Urbe,</strong></span> <span class='ocrx_word' id='word_1_500' title='bbox 2587 2024 2776 2064; x_wconf 88' lang='lat' dir='ltr'><strong>omnes</strong></span> <span class='ocrx_word' id='word_1_501' title='bbox 2805 2007 3128 2063; x_wconf 89' lang='lat' dir='ltr'><strong>conveniunt</strong></span> <span class='ocrx_word' id='word_1_502' title='bbox 3150 2006 3216 2060; x_wconf 89' lang='lat' dir='ltr'><strong>ad</strong></span> <span class='ocrx_word' id='word_1_503' title='bbox 3249 2015 3497 2060; x_wconf 86' lang='lat' dir='ltr'><strong>sanctam</strong></span> <span class='ocrx_word' id='word_1_504' title='bbox 3541 2003 3900 2059; x_wconf 74' lang='lat' dir='ltr'><strong>Anastasiam.</strong></span> 
     </span>
    </p>
   </div>
   <div class='ocr_carea' id='block_1_73' title="bbox 2304 2096 3902 2168">
    <p class='ocr_par' dir='ltr' id='par_1_73' title="bbox 2304 2096 3902 2168">
     <span class='ocr_line' id='line_1_73' title="bbox 2304 2096 3902 2168; baseline -0.006 -11"><span class='ocrx_word' id='word_1_505' title='bbox 2304 2100 2410 2157; x_wconf 88' lang='lat' dir='ltr'><strong>Sed</strong></span> <span class='ocrx_word' id='word_1_506' title='bbox 2451 2111 2740 2168; x_wconf 83' lang='lat' dir='ltr'><strong>antequam</strong></span> <span class='ocrx_word' id='word_1_507' title='bbox 2789 2099 2974 2155; x_wconf 87' lang='lat' dir='ltr'><strong>veniat</strong></span> <span class='ocrx_word' id='word_1_508' title='bbox 3001 2098 3247 2154; x_wconf 86' lang='lat' dir='ltr'><strong>dominus</strong></span> <span class='ocrx_word' id='word_1_509' title='bbox 3293 2108 3506 2160; x_wconf 86' lang='lat' dir='ltr'><strong>noster,</strong></span> <span class='ocrx_word' id='word_1_510' title='bbox 3543 2096 3750 2150; x_wconf 81' lang='lat' dir='ltr'><strong>ibidem</strong></span> <span class='ocrx_word' id='word_1_511' title='bbox 3785 2096 3902 2148; x_wconf 79' lang='lat' dir='ltr'><strong>fiunt</strong></span> 
     </span>
    </p>
   </div>
   <div class='ocr_carea' id='block_1_74' title="bbox 2303 2187 3900 2262">
    <p class='ocr_par' dir='ltr' id='par_1_74' title="bbox 2303 2187 3900 2262">
     <span class='ocr_line' id='line_1_74' title="bbox 2303 2187 3900 2262; baseline -0.008 -12"><span class='ocrx_word' id='word_1_512' title='bbox 2303 2197 2514 2250; x_wconf 87' lang='lat' dir='ltr'><strong>cineres</strong></span> <span class='ocrx_word' id='word_1_513' title='bbox 2554 2194 2624 2248; x_wconf 87' lang='lat' dir='ltr'><strong>de</strong></span> <span class='ocrx_word' id='word_1_514' title='bbox 2654 2194 2846 2262; x_wconf 89' lang='lat' dir='ltr'><strong>palmis</strong></span> <span class='ocrx_word' id='word_1_515' title='bbox 2877 2192 3137 2261; x_wconf 72' lang='lat' dir='ltr'><strong>praeteriti</strong></span> <span class='ocrx_word' id='word_1_516' title='bbox 3172 2191 3318 2253; x_wconf 88' lang='lat' dir='ltr'><strong>anni,</strong></span> <span class='ocrx_word' id='word_1_517' title='bbox 3369 2199 3422 2243; x_wconf 91' lang='lat' dir='ltr'><strong>et</strong></span> <span class='ocrx_word' id='word_1_518' title='bbox 3455 2187 3851 2242; x_wconf 82' lang='lat' dir='ltr'><strong>benedicuntur</strong></span> <span class='ocrx_word' id='word_1_519' title='bbox 3877 2201 3900 2237; x_wconf 81' lang='lat' dir='ltr'><strong>a</strong></span> 
     </span>
    </p>
   </div>
   <div class='ocr_carea' id='block_1_75' title="bbox 2301 2279 3901 2358">
    <p class='ocr_par' dir='ltr' id='par_1_75' title="bbox 2301 2279 3901 2358">
     <span class='ocr_line' id='line_1_75' title="bbox 2301 2279 3901 2358; baseline -0.007 -19"><span class='ocrx_word' id='word_1_520' title='bbox 2301 2287 2499 2358; x_wconf 86' lang='lat' dir='ltr'><strong>juniori</strong></span> <span class='ocrx_word' id='word_1_521' title='bbox 2527 2286 2843 2355; x_wconf 79' lang='lat' dir='ltr'><strong>presbytero</strong></span> <span class='ocrx_word' id='word_1_522' title='bbox 2872 2283 3129 2338; x_wconf 87' lang='lat' dir='ltr'><strong>cardinali</strong></span> <span class='ocrx_word' id='word_1_523' title='bbox 3178 2297 3300 2337; x_wconf 92' lang='lat' dir='ltr'><strong>cum</strong></span> <span class='ocrx_word' id='word_1_524' title='bbox 3325 2281 3600 2336; x_wconf 70' lang='lat' dir='ltr'><strong>miniswis</strong></span> <span class='ocrx_word' id='word_1_525' title='bbox 3634 2280 3833 2350; x_wconf 83' lang='lat' dir='ltr'><strong>paratis</strong></span> <span class='ocrx_word' id='word_1_526' title='bbox 3859 2279 3901 2329; x_wconf 80' lang='lat' dir='ltr'><strong>in</strong></span> 
     </span>
    </p>
   </div>
   <div class='ocr_carea' id='block_1_76' title="bbox 2305 2368 3902 2440">
    <p class='ocr_par' dir='ltr' id='par_1_76' title="bbox 2305 2368 3902 2440">
     <span class='ocr_line' id='line_1_76' title="bbox 2305 2368 3902 2440; baseline -0.006 -10"><span class='ocrx_word' id='word_1_527' title='bbox 2305 2377 2440 2432; x_wconf 88' lang='lat' dir='ltr'><strong>albis</strong></span> <span class='ocrx_word' id='word_1_528' title='bbox 2487 2385 2714 2430; x_wconf 88' lang='lat' dir='ltr'><strong>tantum.</strong></span> <span class='ocrx_word' id='word_1_529' title='bbox 2769 2375 2972 2429; x_wconf 75' lang='lat' dir='ltr'><strong>Deinde</strong></span> <span class='ocrx_word' id='word_1_530' title='bbox 3017 2373 3271 2428; x_wconf 88' lang='lat' dir='ltr'><strong>dominus</strong></span> <span class='ocrx_word' id='word_1_531' title='bbox 3330 2382 3358 2409; x_wconf 75' lang='grc' dir='ltr'><strong>σι</strong></span> <span class='ocrx_word' id='word_1_532' title='bbox 3421 2371 3634 2440; x_wconf 71' lang='lat' dir='ltr'><strong>prazsul</strong></span> <span class='ocrx_word' id='word_1_533' title='bbox 3682 2368 3902 2424; x_wconf 72' lang='lat' dir='ltr'><strong>vaditad</strong></span> 
     </span>
    </p>
   </div>
   <div class='ocr_carea' id='block_1_77' title="bbox 2305 2462 3904 2526">
    <p class='ocr_par' dir='ltr' id='par_1_77' title="bbox 2305 2462 3904 2526">
     <span class='ocr_line' id='line_1_77' title="bbox 2305 2462 3904 2526; baseline -0.007 -2"><span class='ocrx_word' id='word_1_534' title='bbox 2305 2468 2500 2524; x_wconf 90' lang='lat' dir='ltr'><strong>dictam</strong></span> <span class='ocrx_word' id='word_1_535' title='bbox 2530 2469 2811 2522; x_wconf 89' lang='lat' dir='ltr'><strong>ecclesiam</strong></span> <span class='ocrx_word' id='word_1_536' title='bbox 2843 2467 3131 2522; x_wconf 88' lang='lat' dir='ltr'><strong>comitante</strong></span> <span class='ocrx_word' id='word_1_537' title='bbox 3154 2479 3275 2519; x_wconf 93' lang='lat' dir='ltr'><strong>eum</strong></span> <span class='ocrx_word' id='word_1_538' title='bbox 3323 2472 3437 2517; x_wconf 90' lang='lat' dir='ltr'><strong>tota</strong></span> <span class='ocrx_word' id='word_1_539' title='bbox 3487 2464 3670 2526; x_wconf 81' lang='lat' dir='ltr'><strong>curia,</strong></span> <span class='ocrx_word' id='word_1_540' title='bbox 3716 2472 3770 2514; x_wconf 88' lang='lat' dir='ltr'><strong>et</strong></span> <span class='ocrx_word' id='word_1_541' title='bbox 3791 2462 3904 2514; x_wconf 83' lang='lat' dir='ltr'><strong>dicit</strong></span> 
     </span>
    </p>
   </div>
   <div class='ocr_carea' id='block_1_78' title="bbox 2309 2554 3903 2627">
    <p class='ocr_par' dir='ltr' id='par_1_78' title="bbox 2309 2554 3903 2627">
     <span class='ocr_line' id='line_1_78' title="bbox 2309 2554 3903 2627; baseline -0.006 -12"><span class='ocrx_word' id='word_1_542' title='bbox 2309 2561 2380 2615; x_wconf 85' lang='lat' dir='ltr'><strong>ibi</strong></span> <span class='ocrx_word' id='word_1_543' title='bbox 2409 2559 2651 2624; x_wconf 78' lang='lat' dir='ltr'><strong>Sextam,</strong></span> <span class='ocrx_word' id='word_1_544' title='bbox 2676 2558 2927 2627; x_wconf 86' lang='lat' dir='ltr'><strong>quoniam</strong></span> <span class='ocrx_word' id='word_1_545' title='bbox 2967 2567 3251 2627; x_wconf 81' lang='lat' dir='ltr'><strong>antequam</strong></span> <span class='ocrx_word' id='word_1_546' title='bbox 3279 2555 3588 2610; x_wconf 89' lang='lat' dir='ltr'><strong>descendat</strong></span> <span class='ocrx_word' id='word_1_547' title='bbox 3633 2554 3703 2608; x_wconf 90' lang='lat' dir='ltr'><strong>de</strong></span> <span class='ocrx_word' id='word_1_548' title='bbox 3724 2554 3903 2622; x_wconf 79' lang='lat' dir='ltr'><strong>palatio</strong></span> 
     </span>
    </p>
   </div>
   <div class='ocr_carea' id='block_1_79' title="bbox 2308 2645 3898 2716">
    <p class='ocr_par' dir='ltr' id='par_1_79' title="bbox 2308 2645 3898 2716">
     <span class='ocr_line' id='line_1_79' title="bbox 2308 2645 3898 2716; baseline -0.005 -8"><span class='ocrx_word' id='word_1_549' title='bbox 2308 2653 2467 2708; x_wconf 86' lang='lat' dir='ltr'><strong>debet</strong></span> <span class='ocrx_word' id='word_1_550' title='bbox 2494 2652 2671 2705; x_wconf 84' lang='lat' dir='ltr'><strong>dicere</strong></span> <span class='ocrx_word' id='word_1_551' title='bbox 2697 2651 2956 2706; x_wconf 74' lang='lat' dir='ltr'><strong>Tertiam.</strong></span> <span class='ocrx_word' id='word_1_552' title='bbox 2992 2647 3336 2703; x_wconf 77' lang='lat' dir='ltr'><strong>l’osttnodum</strong></span> <span class='ocrx_word' id='word_1_553' title='bbox 3362 2647 3676 2716; x_wconf 85' lang='lat' dir='ltr'><strong>imponitur</strong></span> <span class='ocrx_word' id='word_1_554' title='bbox 3701 2645 3750 2700; x_wconf 87' lang='lat' dir='ltr'><strong>ei</strong></span> <span class='ocrx_word' id='word_1_555' title='bbox 3778 2645 3898 2700; x_wconf 81' lang='lat' dir='ltr'><strong>cinis</strong></span> 
     </span>
    </p>
   </div>
   <div class='ocr_carea' id='block_1_80' title="bbox 2311 2738 3904 2812">
    <p class='ocr_par' dir='ltr' id='par_1_80' title="bbox 2311 2738 3904 2812">
     <span class='ocr_line' id='line_1_80' title="bbox 2311 2738 3904 2812; baseline -0.005 -12"><span class='ocrx_word' id='word_1_556' title='bbox 2311 2745 2631 2800; x_wconf 85' lang='lat' dir='ltr'><strong>benedictus</strong></span> <span class='ocrx_word' id='word_1_557' title='bbox 2659 2757 2756 2812; x_wconf 87' lang='lat' dir='ltr'><strong>per</strong></span> <span class='ocrx_word' id='word_1_558' title='bbox 2807 2742 3038 2812; x_wconf 87' lang='lat' dir='ltr'><strong>priorem</strong></span> <span class='ocrx_word' id='word_1_559' title='bbox 3089 2741 3470 2810; x_wconf 63' lang='lat' dir='ltr'><strong>episeortorum</strong></span> <span class='ocrx_word' id='word_1_560' title='bbox 3523 2749 3621 2793; x_wconf 87' lang='lat' dir='ltr'><strong>aut</strong></span> <span class='ocrx_word' id='word_1_561' title='bbox 3675 2755 3768 2808; x_wconf 90' lang='lat' dir='ltr'><strong>pcr</strong></span> <span class='ocrx_word' id='word_1_562' title='bbox 3791 2738 3904 2793; x_wconf 84' lang='lat' dir='ltr'><strong>sub-</strong></span> 
     </span>
    </p>
   </div>
   <div class='ocr_carea' id='block_1_81' title="bbox 2311 2829 3905 2904">
    <p class='ocr_par' dir='ltr' id='par_1_81' title="bbox 2311 2829 3905 2904">
     <span class='ocr_line' id='line_1_81' title="bbox 2311 2829 3905 2904; baseline -0.005 -15"><span class='ocrx_word' id='word_1_563' title='bbox 2311 2837 2568 2904; x_wconf 91' lang='lat' dir='ltr'><strong>priorem.</strong></span> <span class='ocrx_word' id='word_1_564' title='bbox 2607 2832 2807 2887; x_wconf 89' lang='lat' dir='ltr'><strong>Deinde</strong></span> <span class='ocrx_word' id='word_1_565' title='bbox 2833 2831 3084 2885; x_wconf 85' lang='lat' dir='ltr'><strong>dominus</strong></span> <span class='ocrx_word' id='word_1_566' title='bbox 3133 2845 3268 2899; x_wconf 85' lang='lat' dir='ltr'><strong>papa</strong></span> <span class='ocrx_word' id='word_1_567' title='bbox 3298 2832 3414 2899; x_wconf 87' lang='lat' dir='ltr'><strong>ipse</strong></span> <span class='ocrx_word' id='word_1_568' title='bbox 3455 2829 3687 2896; x_wconf 77' lang='lat' dir='ltr'><strong>reponit</strong></span> <span class='ocrx_word' id='word_1_569' title='bbox 3717 2829 3905 2882; x_wconf 84' lang='lat' dir='ltr'><strong>cineres</strong></span> 
     </span>
    </p>
   </div>
   <div class='ocr_carea' id='block_1_82' title="bbox 2313 2921 3902 2994">
    <p class='ocr_par' dir='ltr' id='par_1_82' title="bbox 2313 2921 3902 2994">
     <span class='ocr_line' id='line_1_82' title="bbox 2313 2921 3902 2994; baseline -0.006 -14"><span class='ocrx_word' id='word_1_570' title='bbox 2313 2939 2469 2994; x_wconf 89' lang='lat' dir='ltr'><strong>super</strong></span> <span class='ocrx_word' id='word_1_571' title='bbox 2497 2925 2671 2993; x_wconf 85' lang='lat' dir='ltr'><strong>capita</strong></span> <span class='ocrx_word' id='word_1_572' title='bbox 2716 2939 2902 2978; x_wconf 83' lang='lat' dir='ltr'><strong>eorum</strong></span> <span class='ocrx_word' id='word_1_573' title='bbox 2952 2922 3136 2978; x_wconf 66' lang='lat' dir='ltr'><strong>d‘ccns</strong></span> <span class='ocrx_word' id='word_1_574' title='bbox 3186 2921 3469 2988; x_wconf 76' lang='lat' dir='ltr'><strong>Memento,</strong></span> <span class='ocrx_word' id='word_1_575' title='bbox 3506 2922 3700 2974; x_wconf 79' lang='lat' dir='ltr'><strong>homo.</strong></span> <span class='ocrx_word' id='word_1_576' title='bbox 3735 2921 3902 2973; x_wconf 59' lang='lat' dir='ltr'><strong>Postea</strong></span> 
     </span>
    </p>
   </div>
   <div class='ocr_carea' id='block_1_83' title="bbox 2317 3010 3908 3083">
    <p class='ocr_par' dir='ltr' id='par_1_83' title="bbox 2317 3010 3908 3083">
     <span class='ocr_line' id='line_1_83' title="bbox 2317 3010 3908 3083; baseline -0.005 -14"><span class='ocrx_word' id='word_1_577' title='bbox 2317 3017 2594 3070; x_wconf 89' lang='lat' dir='ltr'><strong>ordinatur</strong></span> <span class='ocrx_word' id='word_1_578' title='bbox 2637 3015 2919 3070; x_wconf 76' lang='lat' dir='ltr'><strong>l’rocessio</strong></span> <span class='ocrx_word' id='word_1_579' title='bbox 2952 3030 3045 3083; x_wconf 79' lang='lat' dir='ltr'><strong>per</strong></span> <span class='ocrx_word' id='word_1_580' title='bbox 3089 3014 3322 3082; x_wconf 80' lang='lat' dir='ltr'><strong>priorem</strong></span> <span class='ocrx_word' id='word_1_581' title='bbox 3357 3016 3726 3067; x_wconf 84' lang='lat' dir='ltr'><strong>diaconorum</strong></span> <span class='ocrx_word' id='word_1_582' title='bbox 3755 3010 3908 3065; x_wconf 81' lang='lat' dir='ltr'><strong>canti-</strong></span> 
     </span>
    </p>
   </div>
   <div class='ocr_carea' id='block_1_84' title="bbox 2320 3108 2544 3161">
    <p class='ocr_par' dir='ltr' id='par_1_84' title="bbox 2320 3108 2544 3161">
     <span class='ocr_line' id='line_1_84' title="bbox 2320 3108 2544 3161; baseline -0.004 0"><span class='ocrx_word' id='word_1_583' title='bbox 2320 3108 2544 3161; x_wconf 74' lang='lat' dir='ltr'><strong>nullum.</strong></span> 
     </span>
    </p>
   </div>
   <div class='ocr_carea' id='block_1_85' title="bbox 2428 3215 3819 3286">
    <p class='ocr_par' dir='ltr' id='par_1_85' title="bbox 2428 3215 3819 3286">
     <span class='ocr_line' id='line_1_85' title="bbox 2428 3215 3819 3286; baseline -0.005 -15"><span class='ocrx_word' id='word_1_584' title='bbox 2428 3216 2692 3272; x_wconf 77' lang='lat' dir='ltr'><strong>XXXVII.</strong></span> <span class='ocrx_word' id='word_1_585' title='bbox 2739 3216 2960 3283; x_wconf 83' lang='lat' dir='ltr'><strong>Quando</strong></span> <span class='ocrx_word' id='word_1_586' title='bbox 2989 3217 3200 3270; x_wconf 74' lang='lat' dir='ltr'><strong>antistes</strong></span> <span class='ocrx_word' id='word_1_587' title='bbox 3228 3215 3344 3270; x_wconf 78' lang='lat' dir='ltr'><strong>velit</strong></span> <span class='ocrx_word' id='word_1_588' title='bbox 3393 3230 3616 3286; x_wconf 69' lang='lat' dir='ltr'><strong>pergere</strong></span> <span class='ocrx_word' id='word_1_589' title='bbox 3649 3215 3819 3285; x_wconf 79' lang='lat' dir='ltr'><strong>pedes.</strong></span> 
     </span>
    </p>
   </div>
   <div class='ocr_carea' id='block_1_86' title="bbox 2239 3289 3910 3376">
    <p class='ocr_par' dir='ltr' id='par_1_86' title="bbox 2239 3289 3910 3376">
     <span class='ocr_line' id='line_1_86' title="bbox 2239 3289 3910 3376; baseline -0.004 -12"><span class='ocrx_word' id='word_1_590' title='bbox 2239 3289 2286 3351; x_wconf 64' lang='grc' dir='ltr'><strong>(ἶ</strong></span> <span class='ocrx_word' id='word_1_591' title='bbox 2394 3308 2694 3364; x_wconf 85' lang='lat' dir='ltr'><strong>Notandum</strong></span> <span class='ocrx_word' id='word_1_592' title='bbox 2726 3308 2865 3376; x_wconf 86' lang='lat' dir='ltr'><strong>quod</strong></span> <span class='ocrx_word' id='word_1_593' title='bbox 2902 3309 2945 3361; x_wconf 92' lang='lat' dir='ltr'><strong>si</strong></span> <span class='ocrx_word' id='word_1_594' title='bbox 2987 3307 3237 3362; x_wconf 89' lang='lat' dir='ltr'><strong>dominus</strong></span> <span class='ocrx_word' id='word_1_595' title='bbox 3265 3305 3497 3361; x_wconf 73' lang='lat' dir='ltr'><strong>antistes</strong></span> <span class='ocrx_word' id='word_1_596' title='bbox 3548 3306 3686 3359; x_wconf 72' lang='lat' dir='ltr'><strong>velit</strong></span> <span class='ocrx_word' id='word_1_597' title='bbox 3716 3318 3910 3374; x_wconf 75' lang='lat' dir='ltr'><strong>pergere</strong></span> 
     </span>
    </p>
   </div>
   <div class='ocr_carea' id='block_1_87' title="bbox 2323 3396 3909 3469">
    <p class='ocr_par' dir='ltr' id='par_1_87' title="bbox 2323 3396 3909 3469">
     <span class='ocr_line' id='line_1_87' title="bbox 2323 3396 3909 3469; baseline -0.005 -14"><span class='ocrx_word' id='word_1_598' title='bbox 2323 3401 2504 3469; x_wconf 86' lang='lat' dir='ltr'><strong>pedes,</strong></span> <span class='ocrx_word' id='word_1_599' title='bbox 2533 3399 2694 3454; x_wconf 89' lang='lat' dir='ltr'><strong>debet</strong></span> <span class='ocrx_word' id='word_1_600' title='bbox 2719 3413 2778 3453; x_wconf 89' lang='lat' dir='ltr'><strong>se</strong></span> <span class='ocrx_word' id='word_1_601' title='bbox 2817 3397 3037 3452; x_wconf 89' lang='lat' dir='ltr'><strong>induere</strong></span> <span class='ocrx_word' id='word_1_602' title='bbox 3074 3397 3410 3454; x_wconf 63' lang='lat' dir='ltr'><strong>vestimentis</strong></span> <span class='ocrx_word' id='word_1_603' title='bbox 3457 3396 3789 3451; x_wconf 84' lang='lat' dir='ltr'><strong>missalibus</strong></span> <span class='ocrx_word' id='word_1_604' title='bbox 3823 3409 3909 3448; x_wconf 79' lang='lat' dir='ltr'><strong>us-</strong></span> 
     </span>
    </p>
   </div>
   <div class='ocr_carea' id='block_1_88' title="bbox 2324 3489 3909 3565">
    <p class='ocr_par' dir='ltr' id='par_1_88' title="bbox 2324 3489 3909 3565">
     <span class='ocr_line' id='line_1_88' title="bbox 2324 3489 3909 3565; baseline -0.006 -17"><span class='ocrx_word' id='word_1_605' title='bbox 2324 3510 2427 3565; x_wconf 91' lang='lat' dir='ltr'><strong>que</strong></span> <span class='ocrx_word' id='word_1_606' title='bbox 2448 3495 2788 3549; x_wconf 83' lang='lat' dir='ltr'><strong>dalmatieatu</strong></span> <span class='ocrx_word' id='word_1_607' title='bbox 2815 3493 3094 3557; x_wconf 89' lang='lat' dir='ltr'><strong>inclusive,</strong></span> <span class='ocrx_word' id='word_1_608' title='bbox 3123 3504 3415 3559; x_wconf 83' lang='lat' dir='ltr'><strong>antequam</strong></span> <span class='ocrx_word' id='word_1_609' title='bbox 3437 3492 3665 3546; x_wconf 86' lang='lat' dir='ltr'><strong>cineres</strong></span> <span class='ocrx_word' id='word_1_610' title='bbox 3692 3489 3909 3558; x_wconf 74' lang='lat' dir='ltr'><strong>recipiat.</strong></span> 
     </span>
    </p>
   </div>
   <div class='ocr_carea' id='block_1_89' title="bbox 2325 3581 3914 3654">
    <p class='ocr_par' dir='ltr' id='par_1_89' title="bbox 2325 3581 3914 3654">
     <span class='ocr_line' id='line_1_89' title="bbox 2325 3581 3914 3654; baseline -0.003 -15"><span class='ocrx_word' id='word_1_611' title='bbox 2325 3585 2451 3640; x_wconf 82' lang='lat' dir='ltr'><strong>Post</strong></span> <span class='ocrx_word' id='word_1_612' title='bbox 2498 3585 2895 3654; x_wconf 83' lang='lat' dir='ltr'><strong>impositioncm</strong></span> <span class='ocrx_word' id='word_1_613' title='bbox 2944 3582 3140 3636; x_wconf 90' lang='lat' dir='ltr'><strong>cineris</strong></span> <span class='ocrx_word' id='word_1_614' title='bbox 3169 3584 3333 3636; x_wconf 88' lang='lat' dir='ltr'><strong>debet</strong></span> <span class='ocrx_word' id='word_1_615' title='bbox 3377 3596 3439 3637; x_wconf 89' lang='lat' dir='ltr'><strong>se</strong></span> <span class='ocrx_word' id='word_1_616' title='bbox 3485 3581 3914 3648; x_wconf 78' lang='lat' dir='ltr'><strong>discalciareper</strong></span> 
     </span>
    </p>
   </div>
   <div class='ocr_carea' id='block_1_90' title="bbox 2325 3670 3912 3740">
    <p class='ocr_par' dir='ltr' id='par_1_90' title="bbox 2325 3670 3912 3740">
     <span class='ocr_line' id='line_1_90' title="bbox 2325 3670 3912 3740; baseline -0.003 -12"><span class='ocrx_word' id='word_1_617' title='bbox 2325 3687 2450 3729; x_wconf 87' lang='lat' dir='ltr'><strong>suos</strong></span> <span class='ocrx_word' id='word_1_618' title='bbox 2478 3673 2862 3739; x_wconf 89' lang='lat' dir='ltr'><strong>cubicularios,</strong></span> <span class='ocrx_word' id='word_1_619' title='bbox 2891 3683 2944 3726; x_wconf 91' lang='lat' dir='ltr'><strong>et</strong></span> <span class='ocrx_word' id='word_1_620' title='bbox 2975 3671 3120 3724; x_wconf 88' lang='lat' dir='ltr'><strong>indui</strong></span> <span class='ocrx_word' id='word_1_621' title='bbox 3147 3673 3295 3740; x_wconf 79' lang='lat' dir='ltr'><strong>nigra</strong></span> <span class='ocrx_word' id='word_1_622' title='bbox 3320 3671 3516 3726; x_wconf 84' lang='lat' dir='ltr'><strong>casula</strong></span> <span class='ocrx_word' id='word_1_623' title='bbox 3547 3671 3636 3726; x_wconf 85' lang='lat' dir='ltr'><strong>vel</strong></span> <span class='ocrx_word' id='word_1_624' title='bbox 3673 3670 3912 3730; x_wconf 69' lang='lat' dir='ltr'><strong>violaeea.</strong></span> 
     </span>
    </p>
   </div>
   <div class='ocr_carea' id='block_1_91' title="bbox 2328 3763 3916 3837">
    <p class='ocr_par' dir='ltr' id='par_1_91' title="bbox 2328 3763 3916 3837">
     <span class='ocr_line' id='line_1_91' title="bbox 2328 3763 3916 3837; baseline -0.006 -14"><span class='ocrx_word' id='word_1_625' title='bbox 2328 3777 2384 3824; x_wconf 92' lang='lat' dir='ltr'><strong>et</strong></span> <span class='ocrx_word' id='word_1_626' title='bbox 2421 3782 2647 3837; x_wconf 81' lang='lat' dir='ltr'><strong>pergere</strong></span> <span class='ocrx_word' id='word_1_627' title='bbox 2693 3765 3164 3835; x_wconf 86' lang='lat' dir='ltr'><strong>processionaliter</strong></span> <span class='ocrx_word' id='word_1_628' title='bbox 3212 3779 3380 3833; x_wconf 70' lang='lat' dir='ltr'><strong>usque</strong></span> <span class='ocrx_word' id='word_1_629' title='bbox 3413 3763 3479 3817; x_wconf 88' lang='lat' dir='ltr'><strong>ad</strong></span> <span class='ocrx_word' id='word_1_630' title='bbox 3528 3774 3780 3818; x_wconf 83' lang='lat' dir='ltr'><strong>sanctam</strong></span> <span class='ocrx_word' id='word_1_631' title='bbox 3822 3763 3916 3815; x_wconf 61' lang='lat' dir='ltr'><strong>tia-</strong></span> 
     </span>
    </p>
   </div>
   <div class='ocr_carea' id='block_1_92' title="bbox 2331 3853 3918 3925">
    <p class='ocr_par' dir='ltr' id='par_1_92' title="bbox 2331 3853 3918 3925">
     <span class='ocr_line' id='line_1_92' title="bbox 2331 3853 3918 3925; baseline -0.006 -12"><span class='ocrx_word' id='word_1_632' title='bbox 2331 3860 2462 3913; x_wconf 88' lang='lat' dir='ltr'><strong>riam</strong></span> <span class='ocrx_word' id='word_1_633' title='bbox 2489 3858 2700 3914; x_wconf 67' lang='lat' dir='ltr'><strong>Scholat</strong></span> <span class='ocrx_word' id='word_1_634' title='bbox 2733 3857 3060 3922; x_wconf 66' lang='lat' dir='ltr'><strong>Graecorum,</strong></span> <span class='ocrx_word' id='word_1_635' title='bbox 3094 3867 3147 3910; x_wconf 90' lang='lat' dir='ltr'><strong>et</strong></span> <span class='ocrx_word' id='word_1_636' title='bbox 3185 3870 3350 3925; x_wconf 87' lang='lat' dir='ltr'><strong>usque</strong></span> <span class='ocrx_word' id='word_1_637' title='bbox 3388 3855 3455 3908; x_wconf 90' lang='lat' dir='ltr'><strong>ad</strong></span> <span class='ocrx_word' id='word_1_638' title='bbox 3503 3862 3759 3908; x_wconf 85' lang='lat' dir='ltr'><strong>sanctam</strong></span> <span class='ocrx_word' id='word_1_639' title='bbox 3790 3853 3918 3908; x_wconf 73' lang='lat' dir='ltr'><strong>Sabi-</strong></span> 
     </span>
    </p>
   </div>
   <div class='ocr_carea' id='block_1_93' title="bbox 2332 3945 3918 4017">
    <p class='ocr_par' dir='ltr' id='par_1_93' title="bbox 2332 3945 3918 4017">
     <span class='ocr_line' id='line_1_93' title="bbox 2332 3945 3918 4017; baseline -0.005 -13"><span class='ocrx_word' id='word_1_640' title='bbox 2332 3965 2474 4012; x_wconf 88' lang='lat' dir='ltr'><strong>nam,</strong></span> <span class='ocrx_word' id='word_1_641' title='bbox 2523 3949 2612 4004; x_wconf 91' lang='lat' dir='ltr'><strong>ubi</strong></span> <span class='ocrx_word' id='word_1_642' title='bbox 2661 3958 2744 4005; x_wconf 88' lang='lat' dir='ltr'><strong>est</strong></span> <span class='ocrx_word' id='word_1_643' title='bbox 2788 3949 2971 4016; x_wconf 85' lang='lat' dir='ltr'><strong>statio,</strong></span> <span class='ocrx_word' id='word_1_644' title='bbox 3027 3948 3251 4017; x_wconf 85' lang='lat' dir='ltr'><strong>pedibus</strong></span> <span class='ocrx_word' id='word_1_645' title='bbox 3303 3945 3673 4000; x_wconf 81' lang='lat' dir='ltr'><strong>discalccatis.</strong></span> <span class='ocrx_word' id='word_1_646' title='bbox 3726 3945 3918 3999; x_wconf 64' lang='lat' dir='ltr'><strong>lateris:</strong></span> 
     </span>
    </p>
   </div>
   <div class='ocr_carea' id='block_1_94' title="bbox 2333 4034 3917 4106">
    <p class='ocr_par' dir='ltr' id='par_1_94' title="bbox 2333 4034 3917 4106">
     <span class='ocr_line' id='line_1_94' title="bbox 2333 4034 3917 4106; baseline -0.006 -12"><span class='ocrx_word' id='word_1_647' title='bbox 2333 4042 2514 4095; x_wconf 75' lang='lat' dir='ltr'><strong>scitula</strong></span> <span class='ocrx_word' id='word_1_648' title='bbox 2545 4056 2640 4097; x_wconf 89' lang='lat' dir='ltr'><strong>seu</strong></span> <span class='ocrx_word' id='word_1_649' title='bbox 2668 4050 2908 4096; x_wconf 65' lang='lat' dir='ltr'><strong>cantores</strong></span> <span class='ocrx_word' id='word_1_650' title='bbox 2940 4050 3157 4094; x_wconf 86' lang='lat' dir='ltr'><strong>cantent</strong></span> <span class='ocrx_word' id='word_1_651' title='bbox 3190 4053 3284 4106; x_wconf 88' lang='lat' dir='ltr'><strong>per</strong></span> <span class='ocrx_word' id='word_1_652' title='bbox 3332 4037 3473 4090; x_wconf 88' lang='lat' dir='ltr'><strong>viant</strong></span> <span class='ocrx_word' id='word_1_653' title='bbox 3521 4035 3802 4105; x_wconf 79' lang='lat' dir='ltr'><strong>Antiph.;</strong></span> <span class='ocrx_word' id='word_1_654' title='bbox 3841 4034 3917 4085; x_wconf 75' lang='lat' dir='ltr'><strong>de-</strong></span> 
     </span>
    </p>
   </div>
   <div class='ocr_carea' id='block_1_95' title="bbox 2335 4126 3917 4202">
    <p class='ocr_par' dir='ltr' id='par_1_95' title="bbox 2335 4126 3917 4202">
     <span class='ocr_line' id='line_1_95' title="bbox 2335 4126 3917 4202; baseline -0.008 -14"><span class='ocrx_word' id='word_1_655' title='bbox 2335 4149 2478 4189; x_wconf 89' lang='lat' dir='ltr'><strong>munt</strong></span> <span class='ocrx_word' id='word_1_656' title='bbox 2501 4144 2794 4202; x_wconf 61' lang='lat' dir='ltr'><strong>seruantur</strong></span> <span class='ocrx_word' id='word_1_657' title='bbox 2835 4131 3055 4192; x_wconf 72' lang='lat' dir='ltr'><strong>litanitn,</strong></span> <span class='ocrx_word' id='word_1_658' title='bbox 3105 4138 3265 4198; x_wconf 88' lang='lat' dir='ltr'><strong>prout</strong></span> <span class='ocrx_word' id='word_1_659' title='bbox 3304 4137 3432 4183; x_wconf 87' lang='lat' dir='ltr'><strong>sunt</strong></span> <span class='ocrx_word' id='word_1_660' title='bbox 3459 4127 3516 4181; x_wconf 88' lang='lat' dir='ltr'><strong>in</strong></span> <span class='ocrx_word' id='word_1_661' title='bbox 3551 4126 3814 4181; x_wconf 80' lang='lat' dir='ltr'><strong>Politico.</strong></span> <span class='ocrx_word' id='word_1_662' title='bbox 3846 4126 3917 4177; x_wconf 63' lang='lat' dir='ltr'><strong>llis</strong></span> 
     </span>
    </p>
   </div>
   <div class='ocr_carea' id='block_1_96' title="bbox 2337 4218 3917 4294">
    <p class='ocr_par' dir='ltr' id='par_1_96' title="bbox 2337 4218 3917 4294">
     <span class='ocr_line' id='line_1_96' title="bbox 2337 4218 3917 4294; baseline -0.008 -14"><span class='ocrx_word' id='word_1_663' title='bbox 2337 4227 2518 4294; x_wconf 81' lang='lat' dir='ltr'><strong>finitis,</strong></span> <span class='ocrx_word' id='word_1_664' title='bbox 2548 4225 2796 4279; x_wconf 88' lang='lat' dir='ltr'><strong>dominus</strong></span> <span class='ocrx_word' id='word_1_665' title='bbox 2840 4237 2995 4292; x_wconf 89' lang='lat' dir='ltr'><strong>papa,</strong></span> <span class='ocrx_word' id='word_1_666' title='bbox 3047 4223 3244 4276; x_wconf 90' lang='lat' dir='ltr'><strong>ablutis</strong></span> <span class='ocrx_word' id='word_1_667' title='bbox 3295 4219 3522 4290; x_wconf 90' lang='lat' dir='ltr'><strong>pedibus</strong></span> <span class='ocrx_word' id='word_1_668' title='bbox 3569 4218 3642 4272; x_wconf 88' lang='lat' dir='ltr'><strong>ad</strong></span> <span class='ocrx_word' id='word_1_669' title='bbox 3695 4228 3917 4272; x_wconf 79' lang='lat' dir='ltr'><strong>sanctam</strong></span> 
     </span>
    </p>
   </div>
   <div class='ocr_carea' id='block_1_97' title="bbox 2340 4310 3921 4384">
    <p class='ocr_par' dir='ltr' id='par_1_97' title="bbox 2340 4310 3921 4384">
     <span class='ocr_line' id='line_1_97' title="bbox 2340 4310 3921 4384; baseline -0.008 -10"><span class='ocrx_word' id='word_1_670' title='bbox 2340 4319 2596 4374; x_wconf 87' lang='lat' dir='ltr'><strong>Sabinam</strong></span> <span class='ocrx_word' id='word_1_671' title='bbox 2647 4325 2855 4372; x_wconf 84' lang='lat' dir='ltr'><strong>secrete</strong></span> <span class='ocrx_word' id='word_1_672' title='bbox 2898 4315 2951 4369; x_wconf 89' lang='lat' dir='ltr'><strong>in</strong></span> <span class='ocrx_word' id='word_1_673' title='bbox 2984 4315 3230 4370; x_wconf 87' lang='lat' dir='ltr'><strong>sacristia</strong></span> <span class='ocrx_word' id='word_1_674' title='bbox 3277 4328 3373 4384; x_wconf 90' lang='lat' dir='ltr'><strong>per</strong></span> <span class='ocrx_word' id='word_1_675' title='bbox 3414 4310 3789 4368; x_wconf 83' lang='lat' dir='ltr'><strong>cubicularios</strong></span> <span class='ocrx_word' id='word_1_676' title='bbox 3813 4324 3921 4364; x_wconf 76' lang='lat' dir='ltr'><strong>sues</strong></span> 
     </span>
    </p>
   </div>
   <div class='ocr_carea' id='block_1_98' title="bbox 2340 4403 3921 4476">
    <p class='ocr_par' dir='ltr' id='par_1_98' title="bbox 2340 4403 3921 4476">
     <span class='ocr_line' id='line_1_98' title="bbox 2340 4403 3921 4476; baseline -0.008 -8"><span class='ocrx_word' id='word_1_677' title='bbox 2340 4413 2700 4468; x_wconf 87' lang='lat' dir='ltr'><strong>subdiaconos</strong></span> <span class='ocrx_word' id='word_1_678' title='bbox 2755 4420 2807 4464; x_wconf 92' lang='lat' dir='ltr'><strong>et</strong></span> <span class='ocrx_word' id='word_1_679' title='bbox 2856 4407 3270 4472; x_wconf 86' lang='lat' dir='ltr'><strong>commcnsales,</strong></span> <span class='ocrx_word' id='word_1_680' title='bbox 3322 4421 3459 4476; x_wconf 85' lang='lat' dir='ltr'><strong>aqua</strong></span> <span class='ocrx_word' id='word_1_681' title='bbox 3518 4413 3713 4475; x_wconf 76' lang='lat' dir='ltr'><strong>parata</strong></span> <span class='ocrx_word' id='word_1_682' title='bbox 3768 4403 3921 4458; x_wconf 84' lang='lat' dir='ltr'><strong>calida</strong></span> 
     </span>
    </p>
   </div>
   <div class='ocr_carea' id='block_1_99' title="bbox 2339 4497 3920 4570">
    <p class='ocr_par' dir='ltr' id='par_1_99' title="bbox 2339 4497 3920 4570">
     <span class='ocr_line' id='line_1_99' title="bbox 2339 4497 3920 4570; baseline -0.009 -8"><span class='ocrx_word' id='word_1_683' title='bbox 2339 4524 2460 4562; x_wconf 91' lang='lat' dir='ltr'><strong>cum</strong></span> <span class='ocrx_word' id='word_1_684' title='bbox 2495 4506 2675 4560; x_wconf 87' lang='lat' dir='ltr'><strong>herbis</strong></span> <span class='ocrx_word' id='word_1_685' title='bbox 2721 4501 3007 4558; x_wconf 81' lang='lat' dir='ltr'><strong>odoriferis</strong></span> <span class='ocrx_word' id='word_1_686' title='bbox 3068 4517 3163 4570; x_wconf 88' lang='lat' dir='ltr'><strong>per</strong></span> <span class='ocrx_word' id='word_1_687' title='bbox 3203 4499 3486 4570; x_wconf 62' lang='lat' dir='ltr'><strong>prtedictos</strong></span> <span class='ocrx_word' id='word_1_688' title='bbox 3531 4497 3920 4554; x_wconf 76' lang='lat' dir='ltr'><strong>cubicularios;</strong></span> 
     </span>
    </p>
   </div>
   <div class='ocr_carea' id='block_1_100' title="bbox 2343 4586 3919 4672">
    <p class='ocr_par' dir='ltr' id='par_1_100' title="bbox 2343 4586 3919 4672">
     <span class='ocr_line' id='line_1_100' title="bbox 2343 4586 3919 4672; baseline -0.012 -18"><span class='ocrx_word' id='word_1_689' title='bbox 2343 4607 2521 4672; x_wconf 87' lang='lat' dir='ltr'><strong>tapeta</strong></span> <span class='ocrx_word' id='word_1_690' title='bbox 2554 4613 2698 4662; x_wconf 82' lang='lat' dir='ltr'><strong>vero,</strong></span> <span class='ocrx_word' id='word_1_691' title='bbox 2762 4595 3038 4662; x_wconf 85' lang='lat' dir='ltr'><strong>bancalea,</strong></span> <span class='ocrx_word' id='word_1_692' title='bbox 3091 4604 3143 4648; x_wconf 89' lang='lat' dir='ltr'><strong>et</strong></span> <span class='ocrx_word' id='word_1_693' title='bbox 3200 4593 3301 4645; x_wconf 82' lang='lat' dir='ltr'><strong>alia</strong></span> <span class='ocrx_word' id='word_1_694' title='bbox 3352 4589 3660 4645; x_wconf 85' lang='lat' dir='ltr'><strong>necessaria</strong></span> <span class='ocrx_word' id='word_1_695' title='bbox 3715 4588 3782 4641; x_wconf 86' lang='lat' dir='ltr'><strong>ad</strong></span> <span class='ocrx_word' id='word_1_696' title='bbox 3811 4586 3919 4638; x_wconf 53' lang='lat' dir='ltr'><strong>illud</strong></span> 
     </span>
    </p>
   </div>
   <div class='ocr_carea' id='block_1_101' title="bbox 2343 4675 3919 4757">
    <p class='ocr_par' dir='ltr' id='par_1_101' title="bbox 2343 4675 3919 4757">
     <span class='ocr_line' id='line_1_101' title="bbox 2343 4675 3919 4757; baseline -0.01 -14"><span class='ocrx_word' id='word_1_697' title='bbox 2343 4704 2438 4757; x_wconf 87' lang='lat' dir='ltr'><strong>per</strong></span> <span class='ocrx_word' id='word_1_698' title='bbox 2462 4687 2746 4742; x_wconf 85' lang='lat' dir='ltr'><strong>febrarium</strong></span> <span class='ocrx_word' id='word_1_699' title='bbox 2780 4700 2900 4738; x_wconf 88' lang='lat' dir='ltr'><strong>ettm</strong></span> <span class='ocrx_word' id='word_1_700' title='bbox 2934 4682 3267 4738; x_wconf 88' lang='lat' dir='ltr'><strong>cursoribus.</strong></span> <span class='ocrx_word' id='word_1_701' title='bbox 3297 4680 3504 4747; x_wconf 84' lang='lat' dir='ltr'><strong>Quibus</strong></span> <span class='ocrx_word' id='word_1_702' title='bbox 3531 4677 3658 4731; x_wconf 79' lang='lat' dir='ltr'><strong>lotis</strong></span> <span class='ocrx_word' id='word_1_703' title='bbox 3694 4675 3919 4746; x_wconf 71' lang='lat' dir='ltr'><strong>pedibus.</strong></span> 
     </span>
    </p>
   </div>
   <div class='ocr_carea' id='block_1_102' title="bbox 2336 4768 3918 4843">
    <p class='ocr_par' dir='ltr' id='par_1_102' title="bbox 2336 4768 3918 4843">
     <span class='ocr_line' id='line_1_102' title="bbox 2336 4768 3918 4843; baseline -0.009 -8"><span class='ocrx_word' id='word_1_704' title='bbox 2336 4782 2596 4835; x_wconf 72' lang='lat' dir='ltr'><strong>ealceatur</strong></span> <span class='ocrx_word' id='word_1_705' title='bbox 2627 4777 2879 4832; x_wconf 88' lang='lat' dir='ltr'><strong>sandaliis</strong></span> <span class='ocrx_word' id='word_1_706' title='bbox 2907 4776 3159 4830; x_wconf 64' lang='lat' dir='ltr'><strong>violacuis</strong></span> <span class='ocrx_word' id='word_1_707' title='bbox 3190 4777 3309 4828; x_wconf 83' lang='lat' dir='ltr'><strong>sine</strong></span> <span class='ocrx_word' id='word_1_708' title='bbox 3343 4773 3505 4843; x_wconf 83' lang='lat' dir='ltr'><strong>periis</strong></span> <span class='ocrx_word' id='word_1_709' title='bbox 3561 4771 3796 4840; x_wconf 80' lang='lat' dir='ltr'><strong>legendo</strong></span> <span class='ocrx_word' id='word_1_710' title='bbox 3831 4768 3918 4830; x_wconf 63' lang='lat' dir='ltr'><strong>Na-</strong></span> 
     </span>
    </p>
   </div>
   <div class='ocr_carea' id='block_1_103' title="bbox 2338 4860 3916 4937">
    <p class='ocr_par' dir='ltr' id='par_1_103' title="bbox 2338 4860 3916 4937">
     <span class='ocr_line' id='line_1_103' title="bbox 2338 4860 3916 4937; baseline -0.011 -9"><span class='ocrx_word' id='word_1_711' title='bbox 2338 4889 2481 4937; x_wconf 86' lang='lat' dir='ltr'><strong>nam,</strong></span> <span class='ocrx_word' id='word_1_712' title='bbox 2535 4881 2589 4927; x_wconf 89' lang='lat' dir='ltr'><strong>et</strong></span> <span class='ocrx_word' id='word_1_713' title='bbox 2644 4872 2810 4935; x_wconf 84' lang='lat' dir='ltr'><strong>Quam</strong></span> <span class='ocrx_word' id='word_1_714' title='bbox 2860 4868 3104 4921; x_wconf 87' lang='lat' dir='ltr'><strong>amabilia</strong></span> <span class='ocrx_word' id='word_1_715' title='bbox 3155 4864 3484 4920; x_wconf 81' lang='lat' dir='ltr'><strong>tabernacula</strong></span> <span class='ocrx_word' id='word_1_716' title='bbox 3530 4874 3642 4930; x_wconf 84' lang='lat' dir='ltr'><strong>tua,</strong></span> <span class='ocrx_word' id='word_1_717' title='bbox 3704 4860 3916 4915; x_wconf 66' lang='lat' dir='ltr'><strong>Domist.</strong></span> 
     </span>
    </p>
   </div>
   <div class='ocr_carea' id='block_1_104' title="bbox 2341 4957 3918 5024">
    <p class='ocr_par' dir='ltr' id='par_1_104' title="bbox 2341 4957 3918 5024">
     <span class='ocr_line' id='line_1_104' title="bbox 2341 4957 3918 5024; baseline -0.01 -3"><span class='ocrx_word' id='word_1_718' title='bbox 2341 4968 2476 5021; x_wconf 82' lang='lat' dir='ltr'><strong>Deus</strong></span> <span class='ocrx_word' id='word_1_719' title='bbox 2500 4967 2762 5019; x_wconf 81' lang='lat' dir='ltr'><strong>virtutum.</strong></span> <span class='ocrx_word' id='word_1_720' title='bbox 2786 4961 3011 5018; x_wconf 84' lang='lat' dir='ltr'><strong>Perinde</strong></span> <span class='ocrx_word' id='word_1_721' title='bbox 3041 4961 3274 5015; x_wconf 88' lang='lat' dir='ltr'><strong>induitur</strong></span> <span class='ocrx_word' id='word_1_722' title='bbox 3297 4959 3464 5014; x_wconf 85' lang='lat' dir='ltr'><strong>saCris</strong></span> <span class='ocrx_word' id='word_1_723' title='bbox 3491 4957 3754 5012; x_wconf 81' lang='lat' dir='ltr'><strong>violaceis</strong></span> <span class='ocrx_word' id='word_1_724' title='bbox 3783 4970 3918 5024; x_wconf 75' lang='lat' dir='ltr'><strong>par:-</strong></span> 
     </span>
    </p>
   </div>
   <div class='ocr_carea' id='block_1_105' title="bbox 2341 5048 3918 5124">
    <p class='ocr_par' dir='ltr' id='par_1_105' title="bbox 2341 5048 3918 5124">
     <span class='ocr_line' id='line_1_105' title="bbox 2341 5048 3918 5124; baseline -0.01 -12"><span class='ocrx_word' id='word_1_725' title='bbox 2341 5058 2552 5122; x_wconf 89' lang='lat' dir='ltr'><strong>mcntis,</strong></span> <span class='ocrx_word' id='word_1_726' title='bbox 2584 5064 2640 5111; x_wconf 90' lang='lat' dir='ltr'><strong>et</strong></span> <span class='ocrx_word' id='word_1_727' title='bbox 2679 5055 2796 5110; x_wconf 90' lang='lat' dir='ltr'><strong>sine</strong></span> <span class='ocrx_word' id='word_1_728' title='bbox 2826 5053 3016 5124; x_wconf 83' lang='lat' dir='ltr'><strong>perlis;</strong></span> <span class='ocrx_word' id='word_1_729' title='bbox 3070 5051 3228 5122; x_wconf 51' lang='lat'><strong>[‘67</strong></span> <span class='ocrx_word' id='word_1_730' title='bbox 3285 5061 3341 5105; x_wconf 88' lang='lat' dir='ltr'><strong>et</strong></span> <span class='ocrx_word' id='word_1_731' title='bbox 3378 5051 3458 5106; x_wconf 88' lang='lat' dir='ltr'><strong>sic</strong></span> <span class='ocrx_word' id='word_1_732' title='bbox 3488 5049 3739 5116; x_wconf 85' lang='lat' dir='ltr'><strong>procedit</strong></span> <span class='ocrx_word' id='word_1_733' title='bbox 3768 5048 3829 5100; x_wconf 88' lang='lat' dir='ltr'><strong>ad</strong></span> <span class='ocrx_word' id='word_1_734' title='bbox 3855 5048 3918 5098; x_wconf 46' lang='lat' dir='ltr'><strong>di-</strong></span> 
     </span>
    </p>
   </div>
   <div class='ocr_carea' id='block_1_106' title="bbox 2342 5138 3920 5219">
    <p class='ocr_par' dir='ltr' id='par_1_106' title="bbox 2342 5138 3920 5219">
     <span class='ocr_line' id='line_1_106' title="bbox 2342 5138 3920 5219; baseline -0.013 -15"><span class='ocrx_word' id='word_1_735' title='bbox 2342 5152 2464 5204; x_wconf 80' lang='lat' dir='ltr'><strong>vina</strong></span> <span class='ocrx_word' id='word_1_736' title='bbox 2520 5148 2842 5219; x_wconf 80' lang='lat' dir='ltr'><strong>peragenda,</strong></span> <span class='ocrx_word' id='word_1_737' title='bbox 2897 5153 3054 5214; x_wconf 89' lang='lat' dir='ltr'><strong>prout</strong></span> <span class='ocrx_word' id='word_1_738' title='bbox 3108 5154 3194 5198; x_wconf 90' lang='lat' dir='ltr'><strong>est</strong></span> <span class='ocrx_word' id='word_1_739' title='bbox 3241 5141 3431 5198; x_wconf 91' lang='lat' dir='ltr'><strong>moris.</strong></span> <span class='ocrx_word' id='word_1_740' title='bbox 3479 5139 3632 5195; x_wconf 87' lang='lat' dir='ltr'><strong>Solet</strong></span> <span class='ocrx_word' id='word_1_741' title='bbox 3689 5138 3920 5192; x_wconf 74' lang='lat' dir='ltr'><strong>dominus</strong></span> 
     </span>
    </p>
   </div>
   <div class='ocr_carea' id='block_1_107' title="bbox 2348 5229 3919 5312">
    <p class='ocr_par' dir='ltr' id='par_1_107' title="bbox 2348 5229 3919 5312">
     <span class='ocr_line' id='line_1_107' title="bbox 2348 5229 3919 5312; baseline -0.01 -16"><span class='ocrx_word' id='word_1_742' title='bbox 2348 5259 2480 5312; x_wconf 87' lang='lat' dir='ltr'><strong>papa</strong></span> <span class='ocrx_word' id='word_1_743' title='bbox 2512 5244 2609 5294; x_wconf 90' lang='lat' dir='ltr'><strong>bac</strong></span> <span class='ocrx_word' id='word_1_744' title='bbox 2649 5240 2734 5294; x_wconf 88' lang='lat' dir='ltr'><strong>die</strong></span> <span class='ocrx_word' id='word_1_745' title='bbox 2765 5238 2830 5292; x_wconf 88' lang='lat' dir='ltr'><strong>ad</strong></span> <span class='ocrx_word' id='word_1_746' title='bbox 2879 5238 3091 5291; x_wconf 84' lang='lat' dir='ltr'><strong>Missam</strong></span> <span class='ocrx_word' id='word_1_747' title='bbox 3149 5249 3308 5288; x_wconf 90' lang='lat' dir='ltr'><strong>unam</strong></span> <span class='ocrx_word' id='word_1_748' title='bbox 3367 5241 3573 5287; x_wconf 85' lang='lat' dir='ltr'><strong>tantum</strong></span> <span class='ocrx_word' id='word_1_749' title='bbox 3621 5229 3919 5285; x_wconf 70' lang='lat' dir='ltr'><strong>Orationem</strong></span> 
     </span>
    </p>
   </div>
   <div class='ocr_carea' id='block_1_108' title="bbox 2346 5322 3733 5396">
    <p class='ocr_par' dir='ltr' id='par_1_108' title="bbox 2346 5322 3733 5396">
     <span class='ocr_line' id='line_1_108' title="bbox 2346 5322 3733 5396; baseline -0.011 -9"><span class='ocrx_word' id='word_1_750' title='bbox 2346 5343 2583 5396; x_wconf 86' lang='lat' dir='ltr'><strong>cantare,</strong></span> <span class='ocrx_word' id='word_1_751' title='bbox 2612 5342 2663 5384; x_wconf 88' lang='lat' dir='ltr'><strong>et</strong></span> <span class='ocrx_word' id='word_1_752' title='bbox 2688 5331 2738 5384; x_wconf 93' lang='lat' dir='ltr'><strong>in</strong></span> <span class='ocrx_word' id='word_1_753' title='bbox 2767 5328 3018 5383; x_wconf 74' lang='lat' dir='ltr'><strong>omnibus</strong></span> <span class='ocrx_word' id='word_1_754' title='bbox 3047 5326 3239 5383; x_wconf 89' lang='lat' dir='ltr'><strong>diebus</strong></span> <span class='ocrx_word' id='word_1_755' title='bbox 3267 5322 3733 5393; x_wconf 71' lang='lat' dir='ltr'><strong>Quadragesitnze.</strong></span> 
     </span>
    </p>
   </div>
   <div class='ocr_carea' id='block_1_109' title="bbox 2388 5431 3892 5510">
    <p class='ocr_par' dir='ltr' id='par_1_109' title="bbox 2388 5431 3892 5510">
     <span class='ocr_line' id='line_1_109' title="bbox 2388 5431 3892 5510; baseline -0.013 -10"><span class='ocrx_word' id='word_1_756' title='bbox 2388 5442 2673 5500; x_wconf 76' lang='lat' dir='ltr'><strong>XXXVIII.</strong></span> <span class='ocrx_word' id='word_1_757' title='bbox 2717 5441 2937 5508; x_wconf 84' lang='lat' dir='ltr'><strong>Quando</strong></span> <span class='ocrx_word' id='word_1_758' title='bbox 2968 5455 3103 5510; x_wconf 81' lang='lat' dir='ltr'><strong>papa</strong></span> <span class='ocrx_word' id='word_1_759' title='bbox 3135 5454 3235 5502; x_wconf 84' lang='lat' dir='ltr'><strong>non</strong></span> <span class='ocrx_word' id='word_1_760' title='bbox 3276 5447 3349 5490; x_wconf 83' lang='lat' dir='ltr'><strong>est</strong></span> <span class='ocrx_word' id='word_1_761' title='bbox 3392 5437 3442 5489; x_wconf 83' lang='lat' dir='ltr'><strong>in</strong></span> <span class='ocrx_word' id='word_1_762' title='bbox 3491 5431 3631 5487; x_wconf 85' lang='lat' dir='ltr'><strong>Urbe</strong></span> <span class='ocrx_word' id='word_1_763' title='bbox 3673 5432 3892 5483; x_wconf 64' lang='lat' dir='ltr'><strong>rubria.</strong></span> 
     </span>
    </p>
   </div>
   <div class='ocr_carea' id='block_1_110' title="bbox 2419 5540 3969 5623">
    <p class='ocr_par' dir='ltr' id='par_1_110' title="bbox 2419 5540 3969 5623">
     <span class='ocr_line' id='line_1_110' title="bbox 2419 5540 3969 5623; baseline -0.017 -9"><span class='ocrx_word' id='word_1_764' title='bbox 2419 5557 2476 5614; x_wconf 90' lang='lat' dir='ltr'><strong>Si</strong></span> <span class='ocrx_word' id='word_1_765' title='bbox 2499 5573 2627 5612; x_wconf 84' lang='lat' dir='ltr'><strong>vero</strong></span> <span class='ocrx_word' id='word_1_766' title='bbox 2658 5557 2903 5610; x_wconf 74' lang='lat' dir='ltr'><strong>dominus</strong></span> <span class='ocrx_word' id='word_1_767' title='bbox 2944 5567 3076 5623; x_wconf 86' lang='lat' dir='ltr'><strong>papa</strong></span> <span class='ocrx_word' id='word_1_768' title='bbox 3110 5566 3215 5604; x_wconf 89' lang='lat' dir='ltr'><strong>non</strong></span> <span class='ocrx_word' id='word_1_769' title='bbox 3241 5549 3309 5602; x_wconf 92' lang='lat' dir='ltr'><strong>sit</strong></span> <span class='ocrx_word' id='word_1_770' title='bbox 3335 5548 3387 5602; x_wconf 89' lang='lat' dir='ltr'><strong>in</strong></span> <span class='ocrx_word' id='word_1_771' title='bbox 3418 5545 3586 5610; x_wconf 83' lang='lat' dir='ltr'><strong>Urbe,</strong></span> <span class='ocrx_word' id='word_1_772' title='bbox 3611 5540 3914 5597; x_wconf 69' lang='lat' dir='ltr'><strong>conveniant</strong></span> <span class='ocrx_word' id='word_1_773' title='bbox 3968 5603 3969 5610; x_wconf 12' lang='grc' dir='ltr'>γ</span> 
     </span>
    </p>
   </div>
   <div class='ocr_carea' id='block_1_111' title="bbox 2349 5625 3969 5710">
    <p class='ocr_par' dir='ltr' id='par_1_111' title="bbox 2349 5625 3969 5710">
     <span class='ocr_line' id='line_1_111' title="bbox 2349 5625 3969 5710; baseline -0.017 -4"><span class='ocrx_word' id='word_1_774' title='bbox 2349 5665 2479 5706; x_wconf 84' lang='lat' dir='ltr'><strong>vero</strong></span> <span class='ocrx_word' id='word_1_775' title='bbox 2501 5661 2690 5701; x_wconf 91' lang='lat' dir='ltr'><strong>omnes</strong></span> <span class='ocrx_word' id='word_1_776' title='bbox 2735 5643 2918 5699; x_wconf 90' lang='lat' dir='ltr'><strong>clerici</strong></span> <span class='ocrx_word' id='word_1_777' title='bbox 2972 5652 3026 5697; x_wconf 89' lang='lat' dir='ltr'><strong>et</strong></span> <span class='ocrx_word' id='word_1_778' title='bbox 3074 5639 3251 5710; x_wconf 85' lang='lat' dir='ltr'><strong>populi</strong></span> <span class='ocrx_word' id='word_1_779' title='bbox 3300 5637 3366 5692; x_wconf 89' lang='lat' dir='ltr'><strong>ad</strong></span> <span class='ocrx_word' id='word_1_780' title='bbox 3396 5634 3690 5691; x_wconf 84' lang='lat' dir='ltr'><strong>ecclesiam</strong></span> <span class='ocrx_word' id='word_1_781' title='bbox 3743 5641 3914 5685; x_wconf 67' lang='lat' dir='ltr'><strong>sariri:</strong></span> <span class='ocrx_word' id='word_1_782' title='bbox 3968 5625 3969 5666; x_wconf 52' lang='grc' dir='ltr'>ι</span> 
     </span>
    </p>
   </div>
   <div class='ocr_carea' id='block_1_112' title="bbox 2350 5725 3912 5804">
    <p class='ocr_par' dir='ltr' id='par_1_112' title="bbox 2350 5725 3912 5804">
     <span class='ocr_line' id='line_1_112' title="bbox 2350 5725 3912 5804; baseline -0.016 -8"><span class='ocrx_word' id='word_1_783' title='bbox 2350 5741 2598 5804; x_wconf 71' lang='lat' dir='ltr'><strong>Sabiuat;</strong></span> <span class='ocrx_word' id='word_1_784' title='bbox 2632 5748 2685 5792; x_wconf 93' lang='lat' dir='ltr'><strong>et</strong></span> <span class='ocrx_word' id='word_1_785' title='bbox 2707 5737 2845 5792; x_wconf 90' lang='lat' dir='ltr'><strong>dicta</strong></span> <span class='ocrx_word' id='word_1_786' title='bbox 2873 5730 3073 5798; x_wconf 83' lang='lat' dir='ltr'><strong>Tertia,</strong></span> <span class='ocrx_word' id='word_1_787' title='bbox 3105 5730 3487 5786; x_wconf 86' lang='lat' dir='ltr'><strong>benedicantur</strong></span> <span class='ocrx_word' id='word_1_788' title='bbox 3509 5725 3731 5781; x_wconf 84' lang='lat' dir='ltr'><strong>cineres</strong></span> <span class='ocrx_word' id='word_1_789' title='bbox 3756 5738 3782 5777; x_wconf 67' lang='grc' dir='ltr'><strong>δ</strong></span> <span class='ocrx_word' id='word_1_790' title='bbox 3810 5733 3912 5788; x_wconf 68' lang='lat' dir='ltr'><strong>pea-</strong></span> 
     </span>
    </p>
   </div>
   <div class='ocr_carea' id='block_1_113' title="bbox 665 5459 2305 5546">
    <p class='ocr_par' dir='ltr' id='par_1_113' title="bbox 665 5459 2305 5546">
     <span class='ocr_line' id='line_1_113' title="bbox 665 5459 2305 5546; baseline -0.012 -17"><span class='ocrx_word' id='word_1_791' title='bbox 665 5477 828 5546; x_wconf 58' lang='grc'><strong>466</strong></span> <span class='ocrx_word' id='word_1_792' title='bbox 868 5488 1000 5544; x_wconf 87' lang='lat' dir='ltr'><strong>papa</strong></span> <span class='ocrx_word' id='word_1_793' title='bbox 1052 5468 1328 5526; x_wconf 79' lang='lat' dir='ltr'><strong>descendit</strong></span> <span class='ocrx_word' id='word_1_794' title='bbox 1369 5467 1434 5521; x_wconf 91' lang='lat' dir='ltr'><strong>de</strong></span> <span class='ocrx_word' id='word_1_795' title='bbox 1464 5465 1714 5520; x_wconf 83' lang='lat' dir='ltr'><strong>cathedra</strong></span> <span class='ocrx_word' id='word_1_796' title='bbox 1744 5472 1797 5518; x_wconf 90' lang='lat' dir='ltr'><strong>et</strong></span> <span class='ocrx_word' id='word_1_797' title='bbox 1826 5463 1972 5517; x_wconf 83' lang='lat' dir='ltr'><strong>vadit</strong></span> <span class='ocrx_word' id='word_1_798' title='bbox 2010 5470 2132 5514; x_wconf 88' lang='lat' dir='ltr'><strong>ante</strong></span> <span class='ocrx_word' id='word_1_799' title='bbox 2167 5459 2241 5512; x_wconf 84' lang='lat' dir='ltr'><strong>al-</strong></span> <span class='ocrx_word' id='word_1_800' title='bbox 2289 5511 2305 5525; x_wconf 69' lang='grc'><strong><em>,</em></strong></span> 
     </span>
    </p>
   </div>
   <div class='ocr_carea' id='block_1_114' title="bbox 667 5567 1480 5632">
    <p class='ocr_par' dir='ltr' id='par_1_114' title="bbox 667 5567 1480 5632">
     <span class='ocr_line' id='line_1_114' title="bbox 667 5567 1480 5632; baseline -0.01 -12"><span class='ocrx_word' id='word_1_801' title='bbox 667 5576 796 5628; x_wconf 83' lang='lat' dir='ltr'><strong>tare,</strong></span> <span class='ocrx_word' id='word_1_802' title='bbox 831 5575 887 5618; x_wconf 90' lang='lat' dir='ltr'><strong>ut</strong></span> <span class='ocrx_word' id='word_1_803' title='bbox 921 5577 1076 5632; x_wconf 87' lang='lat' dir='ltr'><strong>supra</strong></span> <span class='ocrx_word' id='word_1_804' title='bbox 1111 5571 1348 5616; x_wconf 86' lang='lat' dir='ltr'><strong>notatum</strong></span> <span class='ocrx_word' id='word_1_805' title='bbox 1375 5567 1480 5613; x_wconf 85' lang='lat' dir='ltr'><strong>est.</strong></span> 
     </span>
    </p>
   </div>
   <div class='ocr_carea' id='block_1_115' title="bbox 739 5647 2248 5720">
    <p class='ocr_par' dir='ltr' id='par_1_115' title="bbox 739 5647 2248 5720">
     <span class='ocr_line' id='line_1_115' title="bbox 739 5647 2248 5720; baseline -0.006 -12"><span class='ocrx_word' id='word_1_806' title='bbox 739 5654 1037 5708; x_wconf 79' lang='lat' dir='ltr'><strong>Notandum</strong></span> <span class='ocrx_word' id='word_1_807' title='bbox 1071 5653 1208 5720; x_wconf 90' lang='lat' dir='ltr'><strong>quod</strong></span> <span class='ocrx_word' id='word_1_808' title='bbox 1253 5653 1378 5705; x_wconf 91' lang='lat' dir='ltr'><strong>dum</strong></span> <span class='ocrx_word' id='word_1_809' title='bbox 1425 5651 1706 5706; x_wconf 87' lang='lat' dir='ltr'><strong>celebrans</strong></span> <span class='ocrx_word' id='word_1_810' title='bbox 1751 5649 1878 5703; x_wconf 91' lang='lat' dir='ltr'><strong>dicit</strong></span> <span class='ocrx_word' id='word_1_811' title='bbox 1933 5647 2030 5701; x_wconf 77' lang='lat' dir='ltr'><strong>Per</strong></span> <span class='ocrx_word' id='word_1_812' title='bbox 2072 5648 2248 5704; x_wconf 76' lang='lat' dir='ltr'><strong>omnia</strong></span> 
     </span>
    </p>
   </div>
   <div class='ocr_carea' id='block_1_116' title="bbox 669 5740 2250 5810">
    <p class='ocr_par' dir='ltr' id='par_1_116' title="bbox 669 5740 2250 5810">
     <span class='ocr_line' id='line_1_116' title="bbox 669 5740 2250 5810; baseline -0.005 -9"><span class='ocrx_word' id='word_1_813' title='bbox 669 5745 858 5800; x_wconf 73' lang='lat' dir='ltr'><strong>attenta</strong></span> <span class='ocrx_word' id='word_1_814' title='bbox 887 5742 1188 5795; x_wconf 70' lang='lat' dir='ltr'><strong>saeculorum</strong></span> <span class='ocrx_word' id='word_1_815' title='bbox 1216 5751 1339 5795; x_wconf 85' lang='lat' dir='ltr'><strong>ante</strong></span> <span class='ocrx_word' id='word_1_816' title='bbox 1361 5742 1534 5810; x_wconf 79' lang='lat' dir='ltr'><strong>Agnus</strong></span> <span class='ocrx_word' id='word_1_817' title='bbox 1563 5740 1679 5807; x_wconf 84' lang='lat' dir='ltr'><strong>Dei,</strong></span> <span class='ocrx_word' id='word_1_818' title='bbox 1712 5753 1770 5809; x_wconf 78' lang='lat' dir='ltr'><strong>pa</strong></span> <span class='ocrx_word' id='word_1_819' title='bbox 1781 5755 1843 5809; x_wconf 82' lang='lat' dir='ltr'><strong>pa</strong></span> <span class='ocrx_word' id='word_1_820' title='bbox 1874 5741 2062 5808; x_wconf 81' lang='lat' dir='ltr'><strong>surgit,</strong></span> <span class='ocrx_word' id='word_1_821' title='bbox 2093 5749 2143 5792; x_wconf 90' lang='lat' dir='ltr'><strong>et</strong></span> <span class='ocrx_word' id='word_1_822' title='bbox 2164 5753 2250 5793; x_wconf 84' lang='lat' dir='ltr'><strong>re-</strong></span> 
     </span>
    </p>
   </div>
   <div class='ocr_carea' id='block_1_117' title="bbox 746 5860 3502 5945">
    <p class='ocr_par' dir='ltr' id='par_1_117' title="bbox 746 5860 3502 5945">
     <span class='ocr_line' id='line_1_117' title="bbox 746 5860 3502 5945; baseline -0.008 -12"><span class='ocrx_word' id='word_1_823' title='bbox 746 5890 773 5918; x_wconf 70' lang='grc' dir='ltr'><strong><em>α</em></strong></span> <span class='ocrx_word' id='word_1_824' title='bbox 809 5877 1066 5932; x_wconf 83' lang='lat' dir='ltr'><strong>Similiter</strong></span> <span class='ocrx_word' id='word_1_825' title='bbox 1089 5890 1218 5944; x_wconf 80' lang='lat' dir='ltr'><strong>papa</strong></span> <span class='ocrx_word' id='word_1_826' title='bbox 1246 5886 1464 5930; x_wconf 72' lang='lat' dir='ltr'><strong>vocatur</strong></span> <span class='ocrx_word' id='word_1_827' title='bbox 1493 5877 1542 5930; x_wconf 92' lang='lat' dir='ltr'><strong>in</strong></span> <span class='ocrx_word' id='word_1_828' title='bbox 1571 5877 1721 5932; x_wconf 82' lang='lat' dir='ltr'><strong>titulo</strong></span> <span class='ocrx_word' id='word_1_829' title='bbox 1749 5876 1936 5945; x_wconf 87' lang='lat' dir='ltr'><strong>capitis</strong></span> <span class='ocrx_word' id='word_1_830' title='bbox 1969 5873 2244 5944; x_wconf 81' lang='lat' dir='ltr'><strong>sequentis</strong></span> <span class='ocrx_word' id='word_1_831' title='bbox 2283 5871 2515 5939; x_wconf 85' lang='lat' dir='ltr'><strong>antistes,</strong></span> <span class='ocrx_word' id='word_1_832' title='bbox 2543 5878 2598 5925; x_wconf 92' lang='lat' dir='ltr'><strong>et</strong></span> <span class='ocrx_word' id='word_1_833' title='bbox 2628 5870 2680 5922; x_wconf 89' lang='lat' dir='ltr'><strong>in</strong></span> <span class='ocrx_word' id='word_1_834' title='bbox 2711 5873 2964 5922; x_wconf 81' lang='lat' dir='ltr'><strong>contextu</strong></span> <span class='ocrx_word' id='word_1_835' title='bbox 3003 5863 3240 5916; x_wconf 72' lang='lat' dir='ltr'><strong>dominus</strong></span> <span class='ocrx_word' id='word_1_836' title='bbox 3271 5860 3502 5914; x_wconf 64' lang='lat' dir='ltr'><strong>antistes.</strong></span> 
     </span>
    </p>
   </div>
  </div>
