3990 6292
153 402 287 457 l293

1340 390 1589 448 ROMANI
1632 390 1941 445 UlllHN'S.
1984 420 2054 431 --
2094 390 2182 443 XV

3273 389 3401 442 19.9!

142 520 288 571 tillce
319 514 399 569 vel
428 527 455 565 a
488 509 765 565 sicerdote
796 507 883 577 qui
913 507 1071 561 debet
1094 514 1309 560 cantare
1334 505 1547 558 Missam
1576 518 1726 556 more
1756 508 1803 560 Α
1832 502 2036 556 dinales
2079 514 2291 567 semper
2334 510 2615 567 antequam
2649 494 2897 564 incipiat;
2935 502 3115 563 postea
3143 497 3316 561 sedet,
3354 511 3411 554 et

140 604 327 665 sdito,
374 606 531 670 prout
580 597 631 652 in
665 597 862 652 Missali
910 595 1236 650 continetur.
1284 592 1454 647 Finita
1500 592 1729 647 Benedi-

140 700 324 749 ct'one
357 689 619 761 pontiﬁcis
650 688 733 743 vel
780 687 1096 751 sacerdotis,
1154 685 1277 739 dum
1333 682 1547 753 ponitur
1597 681 1731 735 cinis

150 785 229 838 illi
304 784 392 851 qui
450 779 688 835 celebrat
753 778 966 832 Missam
1024 792 1117 841 per
1190 775 1351 828 alitnn
1420 772 1730 841 episcopum

142 876 231 929 vel
284 872 655 933 sacerdotem,
722 867 765 921 si
826 868 1009 931 adest;
1065 867 1146 920 sin
1203 876 1420 928 autem,
1470 864 1583 929 ipse
1632 862 1731 917 sibi

147 964 413 1032 imponit;
463 961 659 1013 deinde
704 959 925 1024 imponit
976 958 1122 1011 clero
1170 967 1223 1010 et
1274 955 1491 1025 pepulo,
1546 954 1727 1007 dicen-

1833 600 1956 646 tnnc
1988 596 2047 644 tit
2070 595 2117 647 ei
2149 591 2445 646 reverentia
2476 604 2569 659 per
2595 602 2781 645 omnes
2808 587 2941 641 alios
2970 586 3221 657 przelatos
3254 604 3405 645 more

1832 684 2010 737 solito.

1838 795 1966 848 XLI.
2013 794 2161 860 Quod
2192 795 2243 846 iu
2276 792 2556 845 Dominicis
2584 790 2999 859 Quadragcsiotaz
3028 792 3168 856 prior
3206 793 3413 861 presby-

1869 877 2087 918 terorum
2111 865 2452 917 cardinulium
2481 865 2631 915 servit
2659 878 2809 931 papa:
2840 863 2888 914 in
2921 863 3083 930 o/ﬁcio
3105 867 3378 932 copetlani.

1903 956 2203 1011 Notandum
2233 956 2395 1009 etiam
2426 953 2568 1023 quod
2617 953 2671 1006 in
2704 952 2833 1022 ipsis
2885 952 3075 1007 diebus
3130 954 3417 1009 dominicis

146 1058 220 1111 d0
258 1056 476 1110 cuilibet
525 1051 799 1113 Memento,
835 1049 1007 1112 homo,
1065 1058 1169 1101 etc.
1232 1047 1445 1099 Interim
1490 1054 1735 1098 cantatur
1835 1049 2269 1119 Quadragesimm
2296 1047 2442 1116 prior
2468 1046 2902 1117 presbyterorum
2933 1045 3280 1101 cardinalium
3302 1060 3423 1100 scr-

149 1146 492 1201 Emendemus
524 1143 576 1195 in
620 1141 823 1205 melius,
868 1147 974 1193 etc.
1007 1137 1177 1192 Finita
1208 1135 1553 1203 impositione
1584 1135 1733 1187 cine-

1837 1144 1913 1196 vit
1953 1156 2105 1211 papae
2130 1143 2181 1195 in
2210 1139 2390 1194 ofﬁcio
2418 1138 2701 1209 eapellani.
2753 1139 2853 1205 Qui
2888 1148 3031 1195 stare
3058 1138 3217 1194 debet
3263 1154 3427 1208 super

146 1256 290 1301 rum,
325 1237 518 1291 dit-itur
548 1235 751 1299 Oratio,
788 1232 993 1286 scilicet
1041 1230 1366 1294 Qutcsumus,
1400 1238 1526 1289 ete.,
1560 1235 1615 1278 ut
1645 1240 1737 1277 su-

1869 1232 2129 1287 cabellum
2160 1240 2284 1285 ante
2332 1230 2615 1284 diaconum
2646 1228 2737 1299 qui
2776 1238 2940 1284 stata
2993 1229 3218 1296 dextris,
3266 1239 3425 1300 prout

150 1345 271 1399 pra.
309 1324 648 1382 Pestmodum
695 1321 934 1392 procedit
963 1320 1028 1374 ad
1064 1319 1231 1372 altare
1262 1316 1326 1370 ad
1359 1316 1536 1369 divina
1580 1328 1737 1383 pera-

149 1420 346 1490 genda.
396 1418 508 1472 lloc
537 1416 677 1471 idem
707 1421 954 1468 servatur
985 1412 1037 1466 in
1069 1410 1271 1479 capella
1321 1422 1491 1477 papae,
1521 1404 1735 1474 quando

1840 1336 2055 1381 notatur
2085 1326 2139 1379 in
2167 1339 2265 1379 suo
2297 1325 2438 1377 loco.

1911 1415 2215 1471 Notandum
2292 1413 2438 1484 quod
2484 1413 2780 1468 secundum
2831 1412 3109 1468 dominum
3165 1412 3423 1469 Iacobum

72 1511 83 1521 “
152 1533 288 1585 papa
320 1529 423 1569 non
451 1511 709 1573 celebrat,
749 1509 849 1562 boc
876 1516 1126 1576 excepta,
1172 1503 1311 1574 quod
1341 1501 1441 1558 sibi
1463 1509 1518 1557 el
1564 1499 1739 1556 οιηῐιῖ·
1839 1508 2083 1567 Gaietani
2108 1508 2161 1562 in
2188 1506 2288 1562 ista
2339 1505 2636 1573 Dominica,
2692 1518 2790 1560 nec
2848 1506 2899 1558 in
2957 1503 3076 1559 aliis
3130 1505 3425 1561 Dominicis

155 1611 259 1665 bus
290 1623 384 1677 per
420 1606 578 1660 alium
610 1601 902 1670 imponitur
936 1599 1093 1654 cinis.

232 1698 435 1751 Idcirco
465 1692 757 1748 notandum
800 1689 943 1761 quod
988 1701 1122 1759 papa
1152 1700 1419 1757 nunquam
1450 1684 1610 1740 debet
1638 1682 1739 1738 sibi

153 1790 432 1858 imponere
459 1786 687 1847 cineres,
719 1781 812 1837 sed
843 1781 898 1835 in
934 1781 1177 1835 absentia
1207 1777 1494 1834 cardinalis
1532 1776 1621 1831 ille
1651 1776 1737 1845 qui

1840 1601 2290 1671 Quadrages‘mte,
2325 1612 2429 1652 non
2458 1598 2618 1653 debet
2647 1596 2750 1651 dici
2778 1597 2878 1650 nisi
2914 1606 3118 1652 tantum
3150 1614 3252 1653 una
3280 1600 3418 1653 Ora-

1842 1698 1918 1754 tio
1946 1697 2000 1751 in
2046 1695 2225 1750 Missa.
2283 1692 2560 1763 Nunquam
2596 1690 2805 1746 dicatur
2838 1691 2926 1745 illa
2969 1690 3151 1746 Oratio
3183 1692 3431 1746 Ecclesia

1845 1797 1963 1851 tum,
1997 1788 2052 1841 in
2082 1785 2283 1855 capella
2315 1798 2485 1853 papre.
2522 1782 2586 1837 Et
2627 1783 2765 1837 ratio
2795 1794 2878 1839 est
2904 1785 3027 1855 quia
3057 1800 3273 1855 semper
3300 1787 3435 1842 dici-

151 1881 394 1936 celebrat
435 1886 558 1932 tunc
587 1874 687 1931 Sibi
733 1872 894 1929 debet
926 1873 1205 1942 imponere
1249 1871 1463 1925 Cineres
1512 1867 1635 1934 8”“.
1685 1875 1739 1919 ει
1770 1861 1819 1920 Β
1849 1891 1933 1935 tur
1972 1879 2133 1943 Deus,
2176 1877 2405 1931 omnium
2450 1876 2704 1944 ﬁdelium.
2756 1874 2823 1930 Et
2868 1876 2987 1931 ista:
3034 1892 3143 1932 non
3191 1877 3436 1933 dicantur

155 1984 292 2041 papa
324 1976 451 2023 tunc
475 1966 613 2021 aliis.

258 2057 505 2116 χχχιχ.
551 2055 624 2111 De
651 2054 802 2110 modo
818 2053 1094 2108 incedendi
1121 2051 1339 2106 Romani
1368 2050 1643 2122 pontiﬁcis.

231 2152 365 2207 Nota
391 2151 460 2207 de
488 2149 647 2205 modo
676 2145 958 2203 incedendi
990 2144 1216 2200 Romani
1249 2142 1518 2214 pontiﬁcis
1547 2143 1599 2197 in
1629 2142 1742 2197 die-

156 2246 262 2300 bus
290 2238 746 2314 pmnitentialibus
772 2245 827 2293 et
864 2234 1359 2307 processionalibus
1391 2233 1443 2288 itt
1475 2233 1593 2288 loco
1626 2246 1744 2286 suo.

156 2338 216 2392 In
268 2333 576 2405 pontiﬁcatu
604 2329 808 2387 domini
836 2327 1102 2383 Bonifacii
1151 2326 1222 2382 1X
1250 2340 1392 2381 anno
1419 2333 1611 2394 quarto
1650 2325 1749 2379 Pe-

158 2428 366 2485 rusium
397 2428 509 2495 ipse
551 2424 697 2480 dedit
743 2422 951 2478 cineres
984 2420 1199 2475 indutus
1230 2416 1449 2488 pluviali
1496 2423 1553 2473 et
1592 2416 1748 2471 mitra

157 2522 280 2575 sine
322 2518 503 2589 periis.
535 2515 739 2584 Quibus
763 2513 925 2583 datis,
966 2512 1211 2583 deposito
1244 2509 1457 2582 pluviali
1489 2518 1543 2563 et
1568 2508 1747 2575 mitra,

162 2616 502 2680 reassumpta
550 2606 837 2678 chlamyde
892 2605 1095 2675 absque
1142 2602 1325 2672 mitra,
1372 2603 1452 2658 sic
1479 2600 1627 2657 stetit
1658 2614 1751 2672 per

161 2712 330 2758 totam
362 2702 574 2756 Missam
605 2707 824 2769 propter
850 2696 1041 2767 frigus.

236 2794 371 2849 Nota
393 2792 530 2863 quod
558 2805 699 2847 anno
718 2789 855 2845 1595
874 2789 1124 2845 dominus
1150 2784 1450 2844 Bonifacius
1480 2800 1649 2842 nonus
1662 2786 1753 2841 de-

161 2885 242 2940 dit
271 2885 498 2941 eineres.
548 2882 749 2952 Quibus
778 2882 939 2949 datis,
986 2879 1228 2950 deposito
1275 2879 1509 2950 pluviali,
1556 2872 1757 2946 recepit

161 2978 535 3048 chlamydem;
563 2984 619 3032 et
638 2978 715 3032 sic
733 2974 933 3044 absque
954 2972 1107 3028 mitra
1130 2973 1277 3028 stetit
1292 2972 1342 3025 in
1361 2972 1517 3027 Missa
1543 2981 1757 3041 propter

162 3070 353 3141 frigus,
383 3085 555 3141 neque
585 3068 883 3123 cardinales
913 3066 1124 3121 diaconi
1170 3063 1431 3119 sederunt
1454 3070 1577 3118 ante
1608 3077 1753 3126 eum,

161 3159 265 3216 sed
298 3161 349 3215 in
384 3159 511 3214 locis
560 3157 692 3214 suis.
747 3156 1005 3212 Dominus
1057 3154 1349 3211 cardinalis
1404 3149 1757 3208 Bononiensis

1847 1971 2027 2035 simul,
2086 1969 2188 2023 nisi
2237 1967 2541 2036 copulative
2573 1976 2858 2036 ponantur.
2891 1966 3272 2023 Verumtamen
3321 1984 3435 2022 mo-

1847 2059 2031 2115 dernis
2085 2056 2420 2126 temporibus
2452 2058 2629 2126 plures
2676 2058 3222 2124 consueveruntdiei,
3258 2060 3442 2115 videli-

1848 2163 1935 2209 cet
1960 2152 2131 2222 prima
2162 2149 2229 2205 de
2267 2148 2378 2215 die,
2412 2147 2644 2203 secunda
2672 2147 2716 2202 Α
2746 2149 2971 2213 cunctis,.
2987 2148 3138 2203 tertia
3165 2149 3303 2203 Deus
3331 2166 3441 2203 om-

1850 2245 1994 2299 nium
2040 2241 2291 2311 ﬁdelium,
2346 2249 2532 2311 quarta
2582 2238 2917 2310 Omnipotens
2969 2240 3272 2311 sempiterno
3298 2239 3439 2296 Deus

1849 2335 1937 2406 qui
1972 2334 2198 2388 vivorum
2220 2373 2235 2398 ,
2265 2345 2371 2388 etc.

1922 2423 2229 2480 Notandum
2280 2424 2440 2479 etiam
2498 2420 2639 2493 quod
2693 2422 2819 2478 dum
2869 2422 3120 2479 dicuntur
3171 2423 3439 2492 prtcdictat

1853 2517 2136 2575 Ora'iones
2169 2516 2354 2585 prima:
2377 2523 2430 2570 et
2460 2514 2712 2570 secunda:
2758 2529 2853 2570 seu
2900 2514 3122 2583 ultimas,
3168 2530 3301 2585 papa
3331 2531 3438 2571 non

1854 2606 2134 2666 descendit
2164 2606 2231 2661 de
2261 2604 2539 2665 cathedra.
2571 2604 2664 2660 sed
2693 2614 2800 2661 stat
2831 2605 2996 2677 pedes
3040 2606 3092 2661 in
3135 2606 3264 2663 sede
3306 2623 3400 2662 sua
3424 2650 3439 2675 ,

1857 2715 1957 2756 nec
1983 2698 2267 2770 deponitur
2294 2695 2397 2753 sibi
2426 2696 2607 2763 mitra,
2654 2696 2756 2751 nisi
2809 2710 2970 2751 causa
3014 2696 3234 2767 majoris
3278 2698 3439 2754 devo-

1870 2792 2054 2847 tionis.

1932 2885 2058 2938 ltcm
2088 2882 2379 2938 notandum
2408 2880 2551 2950 quod
2598 2879 2877 2936 Romanus
2905 2881 3141 2950 pontifex
3174 2898 3441 2952 nunquam

1859 2976 2135 3031 descendit
2159 2975 2227 3030 de
2256 2974 2512 3029 cathedra
2544 2986 2664 3039 sua,
2711 2973 2836 3027 dum
2880 2973 3130 3028 dicuntur
3160 2975 3444 3030 Orationes

1860 3068 1914 3123 in
1946 3070 2128 3133 Missa,
2161 3066 2261 3122 nisi
2309 3066 2364 3122 in
2409 3064 2625 3136 vigiliis,
2670 3063 2892 3130 litaniis,
2923 3074 2978 3119 et
3024 3064 3302 3121 ferialibus
3331 3067 3447 3121 dic-

1863 3160 1981 3215 bus.

163 3251 300 3304 dixit
334 3244 568 3315 missam,
598 3258 652 3306 et
680 3248 827 3304 dedit
853 3249 1065 3304 eineres
1113 3260 1284 3317 papre,
1337 3254 1392 3300 et
1447 3244 1751 3298 immediate
1778 3232 1828 3294 C
1930 3252 2233 3309 Notandum
2265 3249 2427 3306 etiam
2460 3247 2602 3320 quod
2633 3248 2759 3303 dum
2792 3248 3071 3305 celebrans
3114 3251 3303 3322 ίηοῖρῖι
3340 3253 3447 3321 ντί-

165 3358 306 3413 papa
333 3339 479 3396 dedit
517 3341 617 3395 sibi
644 3341 855 3396 cineres
902 3347 1026 3394 ante
1056 3351 1245 3393 omnes
1293 3336 1615 3391 cardinales.
1658 3335 1759 3389 Ve-

163 3448 293 3487 rum
325 3431 464 3501 quod
491 3439 617 3484 tunc
647 3444 751 3483 non
783 3429 880 3484 fuit
907 3429 1096 3499 aliquis
1122 3429 1415 3499 episcopus
1441 3425 1755 3494 cardinalis,

160 3533 221 3578 et
246 3521 535 3593 prmdictus
560 3520 805 3574 dominus
836 3528 1018 3574 noster
1033 3534 1163 3589 papa
1191 3519 1462 3574 ordinavit
1490 3516 1633 3587 quod
1659 3517 1760 3572 iste

165 3615 371 3669 modus
399 3625 611 3680 semper
652 3610 926 3666 observari
958 3610 1138 3676 debet,
1168 3611 1309 3680 quod
1360 3610 1451 3665 ille
1500 3612 1587 3680 qni
1618 3610 1761 3666 cele-

164 3708 304 3762 brat
331 3706 569 3774 imponat
617 3718 767 3775 papa:
812 3704 1055 3768 eineres;
1107 3716 1249 3755 anno
1293 3701 1631 3769 pontiﬁcatus
1678 3701 1760 3757 sui

168 3801 367 3871 quinto
395 3798 446 3853 in
472 3798 556 3852 die
585 3799 752 3852 sancti
796 3796 1047 3851 Matthiaz.
1081 3795 1231 3850 Tunc
1260 3794 1484 3850 fecimus
1514 3795 1580 3849 de
1610 3794 1759 3861 feria,

167 3902 234 3947 et
277 3907 383 3947 non
431 3892 497 3947 de
530 3890 704 3957 festo;
758 3890 852 3946 sed
882 3890 968 3946 die
996 3889 1143 3946 Jovis
1188 3888 1493 3945 immediate
1521 3890 1762 3959 sequenti

172 3987 381 4043 factum
422 3986 520 4041 fuit
550 3986 617 4042 de
646 3986 803 4041 festo.

257 4079 362 4134 XL.
407 4078 484 4132 De
516 4080 782 4133 Dominica
813 4079 976 4148 prima
1008 4078 1427 4149 Quadragesimre
1465 4079 1690 4149 rubrica.

257 4171 526 4226 Dominica
579 4171 746 4241 prima
797 4171 1228 4241 Quadragesimae
1284 4184 1462 4226 sermo
1509 4179 1566 4226 et
1609 4170 1779 4226 Missa.

177 4264 521 4318 mandantur.
556 4262 854 4317 Notandum
886 4263 1025 4332 quod
1076 4264 1175 4317 hac
1217 4262 1305 4317 die
1332 4272 1389 4319 et
1432 4262 1685 4332 deinceps
1714 4264 1767 4318 iu

178 4353 377 4407 diebus
432 4352 718 4407 Dominicis
770 4367 939 4421 usque
988 4352 1055 4407 ad
1112 4352 1446 4410 Dominicam
1504 4353 1559 4408 in
1604 4352 1770 4408 ramis

182 4432 491 4500 Palmarum
524 4454 728 4499 tantum
768 4458 948 4499 coram
982 4459 1117 4515 papa
1149 4445 1454 4501 celebratur
1482 4448 1768 4514 praesenti-

185 4541 291 4593 bus
318 4537 690 4591 cardinalihus.
741 4535 906 4608 £63
954 4537 1097 4607 Papa
1140 4537 1357 4593 indutus
1385 4548 1569 4593 manto
1602 4540 1768 4594 rubeo

1862 3361 2001 3403 main
2029 3344 2341 3401 Orationem
2371 3343 2423 3397 in
2476 3340 2894 3412 Quadragesitna
2951 3351 3004 3396 et
3059 3345 3113 3397 in
3169 3344 3438 3408 Adventu,

1862 3450 2077 3503 semper
2103 3435 2261 3490 debet
2285 3433 2483 3498 dicere,
2524 3430 2775 3485 Dominus
2809 3431 3084 3500 vobiscum,
3111 3446 3163 3488 et
3191 3450 3294 3489 non
3328 3432 3447 3489 Pot:

1860 3530 2021 3596 vobis,
2046 3528 2282 3597 exceptis
2310 3524 2599 3581 Dominicis
2628 3525 2697 3581 de
2744 3524 2972 3580 Gaudete
2999 3534 3055 3581 et
3084 3527 3303 3593 Lwtore,
3333 3531 3451 3599 qui-

1864 3619 1963 3674 bus
1989 3620 2179 3675 dicitur
2212 3614 2329 3670 Pax
2349 3617 2507 3686 vobis,
2537 3615 2664 3672 dato
2693 3617 2851 3672 etiam
2874 3616 3017 3687 quod
3044 3628 3291 3688 papamet
3320 3622 3451 3677 cele-

1865 3710 2061 3765 brarct.

2113 3797 2272 3853 XLII.
2314 3798 2392 3852 De
2432 3799 2739 3853 extractione
2768 3799 2935 3853 mitra:
2967 3799 3195 3869 rubrica.

1939 3889 1995 3943 ln
2025 3888 2315 3959 Evangelio
2337 3888 2650 3943 extrahatur
2696 3890 2851 3943 mitra
2883 3893 2950 3944 de
2976 3891 3151 3961 capite
3179 3908 3330 3963 papm
3359 3909 3454 3964 per

1866 3984 2150 4040 diaconum
2193 3980 2519 4037 cardinalem
2548 3980 2637 4050 qui
2676 3981 2722 4035 ei
2768 3983 2984 4037 assistet
3017 3998 3046 4037 a
3076 3984 3299 4041 dextris.
3333 3988 3451 4055 Quo

1868 4074 2030 4139 dicto,
2064 4070 2342 4142 reponitur
2381 4071 2432 4125 ei
2475 4084 2566 4137 per
2604 4070 2873 4137 eumdem,
2906 4086 3121 4142 semper
3161 4074 3451 4144 adjuvante

1869 4166 1975 4221 alio
1995 4164 2085 4234 qui
2113 4172 2219 4219 stat
2247 4177 2277 4217 a
2304 4162 2572 4229 sinistris;
2615 4170 2669 4218 et
2702 4164 2922 4219 veniens
2950 4164 3039 4221 ille
3063 4167 3151 4236 qui
3186 4168 3343 4224 habet
3373 4170 3453 4224 fa-

1871 4272 2015 4324 cere,
2038 4255 2311 4311 osculatur
2335 4255 2588 4312 dextrum
2616 4254 2810 4325 pedem
2853 4270 3021 4325 papae,
3050 4267 3103 4312 et
3131 4260 3263 4326 petit
3293 4260 3455 4318 Bene-

1858 4348 2157 4405 dictionem
2185 4364 2214 4403 a
2245 4363 2400 4419 papa.
2427 4349 2543 4417 Qua
2565 4357 2800 4417 recepta,
2828 4348 2991 4421 469
3020 4364 3154 4421 papa
3182 4353 3280 4407 sibi
3307 4370 3454 4410 com-

1860 4436 2037 4497 mittit
2062 4449 2324 4512 quatenus
2349 4456 2416 4498 ex
2445 4452 2595 4511 parte
2638 4440 2722 4496 sui
2751 4441 3027 4498 denuntiet
3054 4443 3299 4499 omnibus
3329 4462 3452 4502 vere

1877 4535 2258 4605 pauitantibus
2289 4546 2345 4591 et
2366 4533 2647 4601 confessis,
2676 4535 2763 4605 qui
2788 4544 2911 4590 sunt
2942 4537 3024 4592 vel
3055 4548 3211 4592 erunt
3235 4540 3286 4593 in
3308 4549 3448 4595 statu

182 4646 312 4687 cum
336 4628 614 4685 aurilrisiis
639 4629 755 4683 sine
796 4629 978 4698 periis,
1010 4638 1230 4699 portans
1260 4632 1474 4685 mitram
1503 4631 1675 4685 albam
1711 4639 1767 4685 et
1800 4609 1848 4668 D
1874 4628 2056 4698 gratias
2095 4627 2232 4681 infra
2258 4642 2345 4681 vut
2376 4626 2512 4690 dies,
2539 4634 2649 4682 tres
2672 4641 2839 4684 annos
2866 4637 2917 4681 et
2945 4637 3054 4683 tres
3078 4629 3447 4701 quadragenas

184 4725 402 4795 planam
432 4721 500 4778 de
524 4720 761 4792 garnello
804 4721 920 4776 sine
950 4721 1134 4791 perlis,
1164 4729 1396 4791 excepto
1424 4731 1610 4791 quarta
1655 4721 1764 4775 Do-

188 4816 409 4880 minica,
442 4815 512 4869 de
539 4828 643 4883 qua
680 4812 893 4868 dicetur
920 4812 1089 4877 intra;
1119 4822 1172 4867 et
1203 4811 1284 4866 sic
1313 4812 1457 4867 venit
1494 4812 1561 4867 ad
1585 4812 1767 4881 capel-

186 4907 322 4969 lam,
349 4914 402 4959 et
430 4913 547 4958 orat
569 4917 717 4959 more
739 4902 895 4957 solito
921 4916 1100 4956 coram
1129 4900 1309 4968 altari,
1339 4901 1426 4956 ubi
1457 4902 1619 4957 debet
1648 4916 1769 4957 esse

186 4997 451 5050 cathedra
504 5009 624 5049 eum
674 4994 906 5048 scabello
939 5003 1149 5062 parata;
1207 5002 1261 5048 et
1317 4992 1449 5048 facta
1494 4994 1767 5063 Oratione,

189 5098 373 5139 amota
405 5087 548 5155 prius
578 5100 671 5154 per
698 5087 949 5141 clericum
973 5095 1064 5139 aut
1085 5084 1399 5140 servitorem
1430 5086 1647 5155 capella:
1676 5102 1769 5141 ca-

192 5180 384 5233 thedra
406 5186 460 5233 et
482 5178 715 5233 scabello
744 5178 1034 5247 prmdictis,
1060 5192 1197 5248 papa
1227 5177 1349 5231 facit
1379 5178 1771 5233 confessionem

195 5287 317 5325 cum
347 5272 436 5325 illo
454 5272 541 5341 qui
566 5271 818 5327 celebrat.
844 5271 944 5336 Qui
973 5280 1113 5327 stare
1144 5270 1303 5327 debet
1332 5288 1361 5325 a
1384 5280 1535 5340 parte
1559 5273 1771 5327 sinistra

192 5362 342 5430 insta
396 5362 677 5417 diaconum
742 5363 1086 5429 cardinalem,
1138 5363 1517 5419 assistentibus
1566 5365 1774 5420 duobus

196 5452 508 5509 :ltaconibus
535 5453 914 5522 cardinalihus,
946 5470 1051 5509 uno
1082 5470 1109 5509 a
1138 5456 1359 5522 dextris,
1391 5467 1445 5511 et
1470 5458 1575 5510 alio
1598 5472 1628 5510 a
1652 5458 1780 5511 sini-

200 5544 346 5609 stris,
380 5543 445 5599 de
487 5544 897 5613 antiquioribus.
942 5546 1189 5613 Deposita
1219 5550 1397 5612 mitra,
1430 5563 1563 5617 papa
1592 5550 1778 5619 incipit

204 5633 434 5690 {ntroibo
464 5636 532 5687 ad
570 5637 731 5690 altare
765 5636 881 5703 Dei,
925 5648 1028 5693 etc.
1066 5638 1178 5704 Qua
1230 5640 1365 5693 facta
1416 5639 1775 5710 eottfessione,

198 5726 345 5779 vadit
374 5726 439 5780 ad
483 5726 664 5781 sedem
692 5742 866 5793 suam,
912 5738 968 5785 et
1022 5730 1151 5784 dicit
1179 5731 1455 5786 lntroitum
1504 5733 1681 5789 Missa:
1725 5744 1780 5790 et

201 5818 383 5887 Hyrie,
409 5818 616 5874 eleiseu.
645 5818 823 5877 Primo
847 5820 904 5875 lit
929 5822 977 5875 ei
1003 5821 1297 5877 reverentia
1319 5837 1412 5891 per
1440 5838 1629 5879 omnes
1656 5838 1776 5879 ear-

1876 4720 1944 4773 de
1986 4718 2334 4787 indulgentia.
2370 4715 2547 4771 Finito
2580 4731 2710 4771 vero
2738 4732 3009 4782 sermone,
3065 4721 3320 4776 diaconus
3364 4724 3454 4791 qni

1876 4810 2013 4864 dixit
2042 4808 2414 4878 Evattgelium,
2453 4807 2579 4861 dicit
2629 4823 2809 4862 coram
2867 4824 3001 4878 papa
3056 4808 3312 4878 Conﬁteor
3360 4828 3455 4880 per

1876 4905 2091 4959 modum
2117 4914 2454 4958 consuetum.
2489 4902 2603 4966 Qui
2635 4903 2805 4967 linito,
2836 4903 3184 4959 incontiucnli
3206 4904 3297 4975 qui
3321 4921 3454 4974 prae-

1876 5002 2072 5056 dicavit
2100 5000 2381 5056 denuntiet
2428 4999 2835 5067 ludulgcntiam.
2884 4999 2997 5066 Qua
3029 4999 3356 5065 denuntiata,
3407 5002 3453 5054 si

1883 5094 1949 5145 sit
1983 5095 2230 5160 praelatus
2260 5091 2563 5155 celebrans,
2607 5090 2885 5145 descendit
2933 5091 3039 5145 cito
3090 5092 3155 5145 de
3203 5093 3456 5146 cathedra

1876 5200 1970 5240 seu
2001 5186 2069 5239 de
2099 5185 2345 5249 amboue,
2378 5194 2430 5237 et
2453 5183 2599 5237 vadit
2628 5183 2694 5237 ad
2723 5182 2934 5237 bassam
2961 5199 3112 5238 suam
3141 5184 3448 5239 cathedram

1880 5279 2033 5331 mitra
2062 5290 2159 5328 sua
2191 5290 2319 5343 repo
2351 5275 2447 5342 ita,
2481 5274 2597 5330 sive
2622 5274 2689 5328 sit
2710 5276 2981 5344 praslatus,
3012 5277 3123 5330 sive
3149 5292 3285 5343 non;
3310 5277 3458 5332 vadit

1878 5369 1944 5423 ad
1975 5371 2147 5423 locum
2178 5382 2355 5431 suum,
2392 5376 2444 5419 et
2473 5381 2630 5437 papa,
2656 5367 2898 5435 deposita
2921 5367 3097 5433 mitra,
3126 5369 3273 5433 dicit,
3301 5373 3449 5437 quasi

1882 5458 2129 5528 legendo,
2164 5457 2468 5510 illiset-eatur
2494 5458 2662 5522 vestri,
2686 5467 2791 5511 etc.
2819 5466 2874 5513 et
2902 5459 2989 5512 (ιιι
3018 5460 3451 5517 Benedictionem

1882 5551 2169 5620 signando;
2202 5562 2257 5605 et
2282 5565 2413 5603 eam.
2435 5550 2607 5605 rarius
2633 5554 2715 5604 vel
2746 5551 2879 5605 alius
2903 5551 2968 5606 de
2993 5552 3459 5608 circumstantibus

1884 5660 2032 5712 ιιτψτη
2060 5652 2111 5697 et
2138 5641 2254 5712 ejus
2281 5642 2609 5697 domesticus
2638 5643 2777 5698 levat
2802 5657 2948 5698 oram
2981 5659 3131 5712 papae
3159 5645 3457 5716 chlamydis

1881 5749 2001 5787 cum
2031 5733 2289 5791 ambabus
2309 5734 2575 5805 manibus,
2604 5742 2659 5791 et
2686 5741 2809 5792 tunc
2830 5734 3107 5793 celebrans
3136 5734 3267 5791 dcit
3291 5733 3461 5791 Credo

1882 5842 1935 5880 ω
1964 5841 2143 5879 unum.
