3990 6350
589 436 612 487 1
626 431 728 487 293

588 645 979 694 consueverunt
1022 634 1136 690 dati
1166 638 1549 706 quinque‘anni
1582 653 1635 697 et
1677 648 1910 714 quinque
1940 648 2166 715 quadra-

579 745 733 797 gena:
783 727 848 781 de
880 725 1248 795 lndulgcntiis,
1278 740 1329 784 et
1360 731 1410 785 in
1440 744 1624 801 quarta
1663 735 1930 791 Dominiea
1960 739 2024 791 de
2053 738 2164 793 Liv-

580 832 687 873 tare
709 834 800 872 νη.

792 930 973 983 XLIII.
1007 930 1081 984 De
1107 930 1452 1003 Indulgentiis
1478 938 1660 992 demtis
1688 941 1740 993 in
1770 941 1949 996 Missa.

649 1044 944 1097 Notandum
970 1046 1306 1110 etiam,un
1336 1048 1603 1104 Itomauus
1632 1054 1865 1121 pontifex
1895 1071 2162 1123 nunquam

574 1138 847 1192 consuevit
874 1138 1003 1191 dare
1028 1154 1095 1191 vn
1135 1154 1325 1206 annos,
1359 1143 1458 1196 nisi
1491 1145 1602 1213 ipse
1631 1146 1931 1201 celebraret
1956 1149 2007 1202 in
2038 1149 2158 1202 Mis-

578 1231 675 1290 sis,
710 1228 809 1282 nisi
857 1230 907 1282 in
959 1228 1245 1284 Dominicis
1277 1232 1343 1286 de
1376 1233 1602 1287 Gaudete
1646 1245 1700 1291 et
1752 1236 1967 1293 Laetare.
1996 1240 2158 1309 Papa,

574 1331 807 1377 extracta
827 1324 999 1389 mitra,
1023 1338 1141 1376 cum
1174 1324 1527 1380 cardinalibus
1556 1327 1679 1382 dicit
1708 1329 1873 1384 Credo
1901 1333 1953 1384 in
1984 1349 2157 1392 unum,

574 1424 628 1467 et
656 1414 780 1468 dum
812 1414 924 1483 ipse
975 1424 1030 1468 et
1058 1425 1305 1470 cantores
1328 1427 1550 1472 cantant
1600 1420 1691 1473 illa
1746 1423 1940 1476 verba:
1973 1421 2040 1476 Et
2084 1425 2160 1476 in-

570 1516 811 1558 carnatus
839 1514 913 1558 est
945 1506 1006 1559 de
1051 1507 1255 1574 Spiritu
1290 1519 1487 1573 sancto,
1518 1520 1619 1566 etc.
1656 1512 1795 1581 Papa
1828 1514 2155 1583 geuttﬂectit,

572 1608 621 1648 et
651 1604 861 1664 semper
889 1597 1186 1652 extrahitur
1205 1600 1303 1653 sibi
1335 1602 1510 1663 mitra,
1536 1613 1589 1656 et
1626 1603 1786 1659 etiam
1814 1606 1940 1660 dum
1968 1606 2161 1663 dicitur

568 1690 691 1754 Are,
724 1687 897 1741 Maria
929 1689 979 1741 in
1013 1697 1037 1723 δ
1071 1690 1327 1759 principio
1355 1695 1638 1748 sermonis.

920 1798 1105 1853 XLIV.
1159 1797 1233 1854 De
1276 1804 1588 1858 extractione
1616 1806 1797 1859 mitrte.

641 1881 768 1960 Item
799 1908 1099 1963 extrahitur
1138 1909 1292 1965 mitra
1324 1926 1494 1981 papae,
1520 1914 1644 1969 dum
1686 1915 1882 1971 dicitur
1910 1918 2151 1974 Sanctus.
2185 1927 2233 1988 Β

570 2002 687 2066 Quo
713 2000 875 2064 dieto,
906 2002 1123 2070 ponitur
1150 2003 1272 2056 sibi.
1303 2004 1430 2058 Item
1462 2009 1749 2061 notandum
1778 2010 1916 2078 quod
1940 2012 2154 2080 quando

534 2148 541 2151 _
569 2092 846 2147 celebrans
878 2092 1058 2163 incipit
1088 2093 1266 2149 facere
1307 2110 1525 2151 crucem
1569 2114 1729 2167 super
1775 2115 1962 2169 panem
1993 2110 2047 2157 et
2071 2104 2151 2157 vi-

564 2198 689 2237 num
734 2184 1179 2250 consecrandum,
1214 2194 1339 2240 tunc
1390 2188 1529 2242 vadit
1570 2189 1636 2243 ad
1668 2190 1975 2245 cathedram
2028 2204 2153 2248 ante

567 2273 797 2327 medium
825 2273 1010 2328 altaris
1040 2289 1159 2327 cum
1191 2276 1422 2331 scabello
1453 2289 1719 2346 paratam;
1752 2291 1804 2335 et
1834 2282 1957 2335 dum
1990 2282 2154 2339 debet

561 2364 756 2419 elevari
808 2379 1004 2433 corpus
1047 2366 1271 2432 Christi,
1306 2371 1603 2424 exrrahitur
1655 2372 1753 2426 sibi
1809 2373 1983 2428 mitra.
2035 2376 2152 2443 Quo

482 2510 487 2513 _
560 2456 789 2519 elevato,
823 2457 992 2524 surgit
1020 2464 1073 2509 et
1119 2456 1256 2511 redit
1287 2459 1350 2511 ad
1384 2460 1563 2514 sedem
1616 2477 1789 2529 suam,
1824 2474 1876 2517 et
1930 2465 1998 2518 ibi
2044 2476 2151 2521 stat

560 2546 723 2613 peths
753 2560 872 2599 cum
917 2546 1073 2599 mitra
1125 2546 1176 2599 in
1208 2549 1400 2615 capite,
1431 2566 1704 2621 quousque
1744 2554 1938 2608 dicitur
1993 2555 2150 2611 Pater

559 2649 747 2703 nosrer,
781 2636 845 2689 Et
882 2654 942 2691 ne
970 2654 1081 2702 nos,
1111 2646 1218 2692 etc.
1252 2640 1316 2692 Et
1354 2653 1477 2694 tunc
1502 2644 1795 2706 descendit.
1830 2654 1884 2699 et
1912 2647 2054 2700 vadit
2081 2648 2146 2702 ad

552 2730 768 2784 bassam
795 2730 1104 2784 cathedram
1136 2740 1259 2786 ante
1290 2734 1519 2787 medium
1546 2737 1727 2791 altaris
1758 2754 1860 2791 una
1886 2755 2006 2794 cum
2040 2756 2149 2795 sca-

557 2824 698 2877 bello
730 2831 998 2891 paratam;
1032 2831 1087 2878 et
1127 2824 1196 2879 ibi
1230 2824 1379 2880 ﬂexis
1434 2828 1662 2895 genibus
1708 2816 1871 2899 Super
1910 2833 2146 2887 scabello

553 2929 674 2967 cum
706 2914 1006 2970 ceIebrante
1054 2916 1182 2970 dicit
1227 2916 1454 2971 Lwtatus
1500 2936 1631 2975 sum.
1671 2921 1737 2975 Et
1765 2920 1921 2977 dictis
1975 2925 2141 2979 tribus

559 3009 905 3063 Orationibus
936 3024 1029 3078 per
1071 3010 1451 3078 celebrantem,
1480 3029 1697 3084 semper
1744 3018 1904 3073 habet
1932 3019 2140 3074 mitram

556 3100 609 3152 in
634 3099 826 3167 capite.
852 3099 1001 3153 Tunc
1018 3115 1240 3171 surgens
1263 3103 1550 3157 revertitur
1576 3105 1643 3159 ad
1665 3107 1844 3161 sedem
1867 3123 2013 3163 suam
2041 3127 2054 3175 ;
2087 3121 2141 3166 et

554 3206 674 3244 cum
726 3191 1008 3247 celebrans
1055 3191 1183 3247 dicit
1223 3191 1340 3247 Pax
1390 3194 1615 3261 Domini,
1667 3208 1791 3264 etc.,
1849 3200 2138 3267 deponitur

550 3282 651 3338 sibi
684 3282 860 3349 mitra,
894 3291 948 3338 et
976 3284 1103 3338 dicit
1147 3300 1266 3339 cum
1298 3289 1555 3342 cardinali
1609 3289 1783 3362 Agnus
1831 3293 1944 3360 Dei,
1977 3304 2028 3349 et
2055 3296 2133 3352 sic
2163 3298 2209 3362 C

547 3385 761 3439 semper
786 3382 890 3428 stat
916 3372 1031 3428 sine
1063 3375 1237 3441 mitra,
1266 3391 1543 3446 quousque
1584 3377 1670 3433 ille
1698 3383 1984 3451 sumpserit
2006 3398 2132 3439 cor-

547 3478 646 3531 pus
685 3462 877 3518 Christi
936 3472 988 3516 et
1043 3464 1378 3532 sanguinem.
1415 3466 1530 3533 Quo
1587 3467 1744 3534 facto,
1780 3473 2057 3540 reponitur
2083 3477 2132 3529 ei

550 3555 725 3622 mitra,
767 3566 821 3610 et
864 3570 990 3610 eam
1044 3563 1188 3610 tenet
1237 3555 1287 3608 in
1327 3560 1519 3625 capite,
1554 3573 1827 3630 quousque
1872 3564 1924 3617 in
1973 3564 2130 3620 tinem

549 3645 723 3700 Missae
753 3645 880 3699 dicit
919 3644 1185 3699 cantando
1231 3644 1311 3700 Sit
1344 3663 1525 3701 nomcn
1558 3648 1765 3703 Domini
1794 3653 2128 3721 benedictum,

544 3749 649 3793 etc.
682 3756 696 3804 ;
727 3746 780 3792 et
803 3737 965 3808 470
990 3737 1258 3791 cantando
1314 3737 1406 3791 dat
1457 3739 1908 3799 Benedictionem.
1934 3745 2000 3798 Et
2029 3760 2129 3800 an-

543 3838 754 3898 tequam
802 3828 940 3883 dicat
972 3828 1053 3883 Sit
1105 3844 1286 3882 nomen
1339 3827 1549 3884 Domini
1596 3832 1930 3901 benedictum,
1962 3836 2129 3906 depo-

544 3922 685 3975 nitur
713 3921 761 3976 ei
796 3923 973 3986 mitra,
1007 3930 1059 3976 et
1082 3921 1447 3978 subdiaconus
1477 3934 1601 3979 ante
1632 3925 1804 3994 ipsum
1830 3936 1975 3984 tenet
2005 3946 2128 3986 cru-

543 4012 783 4077 cem,-ita
835 4012 975 4081 quod
1025 4012 1311 4067 crucifixus
1356 4015 1425 4067 sit
1464 4023 1590 4069 ante
1621 4015 1811 4071 faciem
1863 4034 2045 4088 papae;
2074 4029 2130 4078 et

542 4105 868 4159 camerarius
900 4114 1086 4159 tenens
1109 4105 1258 4159 flexis
1276 4105 1501 4176 genibus
1530 4121 1708 4163 coram
1733 4111 2050 4182 chlamydis,
2082 4115 2125 4167 si

541 4210 646 4248 non
698 4194 765 4248 sit
813 4194 1121 4261 eardinalis,
1180 4196 1269 4249 dat
1318 4196 1765 4255 Benedictonem.
1813 4201 1927 4267 Qua
1978 4204 2121 4274 data,

543 4284 818 4353 reponitur
871 4284 920 4340 ei
974 4286 1153 4351 mitra,
1186 4296 1238 4341 et
1268 4287 1346 4340 sic
1400 4291 1687 4343 revertitur
1740 4291 1805 4345 ad
1857 4307 2123 4348 cameram

540 4392 714 4443 suam,
750 4376 1124 4431 assistentibus
1177 4378 1226 4431 ei
1273 4377 1479 4432 duobus
1530 4378 1839 4437 diaconibus
1880 4382 2125 4439 cardina-

538 4470 677 4524 ltbus
707 4484 855 4524 more
885 4468 1044 4522 solito
1080 4469 1515 4525 antecedentibus
1547 4472 1869 4530 immediate.

608 4558 907 4613 Notandum
936 4560 1097 4613 etiam
1145 4560 1289 4628 quod
1319 4561 1368 4614 in
1396 4560 1507 4616 {ine
1535 4563 1797 4618 dictat-um
1841 4566 2119 4622 Missarum

1256 435 1599 492 APPENDIX
1640 440 1731 494 AD
1769 442 1825 496 S.
1874 441 2201 497 GllEthIill
2245 445 2455 500 MACNI
2501 447 2863 504 IJTURGICA
2904 452 3157 510 0I‘EI‘..\.

661 545 956 601 Notandum
1011 552 1183 597 tamen
1233 548 1373 612 quod
1429 549 1480 601 in
1533 550 1706 605 Missis
1759 553 2164 607 dominicalibus
2198 566 2240 616 Α

3730 464 3851 520 1296

2480 559 2635 616 XLV.
2666 564 2738 616 De
2763 564 2907 631 [estis
2938 570 3226 634 duplicibus
3265 573 3581 629 venientibus
3607 578 3664 632 in

2853 639 3287 709 Quodragesfman

2345 719 2642 778 Notandum
2691 728 2832 796 quod
2877 731 2919 783 si
2974 732 3184 800 aliquod
3234 734 3428 790 festum
3463 738 3665 807 duplex
3698 744 3855 807 quotl-

2271 829 2499 883 cunque,
2541 818 2701 871 etiam
2742 823 2783 874 si
2818 821 2887 875 sit
2928 822 3119 878 festum
3166 826 3302 881 tituli
3352 830 3478 883 card
3506 832 3669 896 nalis,
3703 834 3745 885 si
3780 851 3857 888 γρ-

2270 914 2412 966 norit
2442 914 2491 965 in
2525 912 2819 971 Dominicis
2850 919 3279 991 Quadragcsima:
3317 934 3370 979 et
3405 927 3707 990 Adventus,
3734 946 3856 995 qua-

2270 1018 2385 1055 rum
2417 1006 2664 1073 qnzelibet
2698 1007 2854 1063 habet
2884 1011 3159 1067 histoviam
3191 1008 3485 1083 propriam,
3522 1018 3665 1071 nullo
3700 1022 3853 1073 modo

2269 1092 2325 1146 fit
2368 1094 2436 1147 de
2485 1093 2641 1162 festo,
2667 1099 2759 1153 sed
2806 1102 2874 1155 de
2908 1102 3214 1168 'Dominica,
3246 1123 3343 1161 nec
3380 1112 3850 1175 commemoratio;

2267 1185 2359 1238 sed
2412 1188 2727 1244 transfertur
2771 1194 2820 1244 in
2862 1196 3149 1249 secundam
3196 1198 3405 1252 feriam.
3441 1200 3517 1255 De
3567 1202 3688 1256 aliis
3732 1219 3851 1258 vero

2267 1276 2659 1347 festivitatibus,
2687 1298 2805 1351 qum
2833 1285 3027 1339 cadunt
3057 1289 3105 1340 iu
3135 1289 3263 1355 ipsis
3298 1290 3592 1345 Dominicis
3626 1308 3719 1359 per
3751 1295 3846 1346 cir-

2266 1369 2442 1423 culum
2474 1372 2635 1428 totius
2677 1377 2823 1435 anni.
2859 1391 2981 1429 nom
3015 1378 3161 1433 rubri
3194 1396 3278 1434 am
3312 1381 3569 1437 Breviarii
3616 1400 3734 1453 qua:
3786 1386 3845 1437 ibi

2265 1460 2317 1513 in
2363 1463 2620 1533 principio
2652 1478 2882 1537 notatur,
2919 1469 3066 1535 Quod
3114 1474 3160 1525 si
3205 1474 3416 1544 aliquud
3461 1477 3649 1543 festum
3681 1491 3845 1530 nat-rm
3896 1546 3906 1557 ο

2264 1549 2561 1619 lectionum,
2589 1566 2691 1609 etc.

2334 1652 2341 1657 ‘
2405 1645 2585 1703 XLVI.
2616 1648 2688 1705 De
2712 1654 2933 1706 secunda
2964 1653 3229 1712 Dominica
3261 1659 3709 1731 Quadragesimte.

2333 1736 2604 1794 Dominica
2644 1745 2875 1799 secunda
2907 1744 3337 1818 Quadragesimae
3364 1766 3553 1808 sermo
3597 1764 3651 1811 et
3701 1756 3841 1811 Missa

2262 1827 2605 1896 mandantur;
2636 1832 2737 1887 aITa
2768 1835 2892 1889 fiant
2925 1846 2980 1891 ut
3007 1854 3187 1908 supra.

2416 1942 2621 1998 XLVII.
2671 1943 2748 1999 De
2776 1949 2923 2002 tertia
2954 1948 3222 2005 Dominica
3254 1951 3700 2026 Quadragesimar.

2331 2055 2604 2111 Dominica
2658 2060 2808 2113 tertia
2856 2060 3290 2132 Quadragesima:
3336 2078 3528 2120 sermo
3584 2077 3639 2121 et
3702 2067 3843 2122 Missa

2260 2147 2609 2213 mandantur;
2642 2149 2740 2203 alia
2770 2149 2899 2205 fiant
2937 2160 2994 2206 ut
3017 2167 3200 2222 supra.

2258 2261 2487 2316 XLVIII.
2542 2261 2617 2314 De
2668 2276 2849 2330 quarta
2906 2264 3187 2339 Dominica
3231 2268 3691 2339 Quodragesinut,
3745 2288 3844 2339 quc

2794 2348 3000 2389 voratur
3043 2337 3106 2390 de
3145 2336 3306 2393 R-tsa.

2326 2445 2598 2500 Dominica
2641 2456 2826 2513 quarta
2872 2448 3303 2519 Quadragesimze
3327 2491 3344 2517 ,
3375 2467 3504 2522 qua!
3539 2464 3758 2509 vocatur
3783 2456 3842 2509 tle

2254 2534 2392 2587 Rosa
2425 2550 2517 2589 seu
2571 2536 2787 2604 Lwtare,
2818 2537 3131 2605 Jerusalem,
3166 2557 3343 2596 sermo
3391 2553 3448 2597 et
3499 2544 3661 2597 Missa
3703 2560 3837 2598 man-

2252 2628 2465 2682 dantur.
2494 2629 2664 2684 Statio
2712 2631 2778 2685 ad
2811 2642 3047 2688 sanctum
3097 2633 3343 2689 Crucem.
3377 2636 3437 2689 Si
3489 2651 3629 2706 rapa
3683 2639 3752 2691 sit
3792 2640 3835 2691 in

2255 2716 2414 2783 Urbe,
2443 2720 2583 2773 bono
2622 2736 2779 2776 mane
2822 2721 3057 2779 celebrat
3102 2736 3310 2781 secrete
3328 2735 3393 2781 et
3423 2728 3591 2782 hasse
3637 2728 3835 2784 Missam

2248 2822 2421 2874 Suam,
2456 2811 2554 2864 nisi
2595 2814 2745 2867 vellet
2800 2816 2972 2870 facere
3012 2829 3336 2888 sermonem,
3370 2819 3499 2885 quia
3532 2829 3660 2875 tunc
3682 2822 3831 2875 etiam

2247 2899 2449 2955 diceret
2495 2903 2731 2958 Mi:sam.
2763 2905 2811 2958 Id
2864 2916 3011 2961 certo
3061 2919 3181 2962 nata
3228 2909 3370 2979 quod
3410 2912 3832 2982 quandoeunquc

2248 2992 2516 3047 Romanus
2549 2996 2783 3070 pontifex
2818 2997 2941 3051 facit
2976 3013 3301 3066 sermonem,
3333 2999 3499 3055 debet
3526 3001 3688 3056 etiam
3718 3003 3832 3056 ltis-

2245 3098 2357 3137 sam
2408 3085 2711 3153 cclebrare;
2744 3097 2800 3143 et
2846 3089 3005 3148 etiam
3051 3090 3351 3161 quicunque
3395 3092 3538 3146 alius
3587 3095 3830 3162 prazlatus

2243 3177 2433 3232 eodem
2482 3179 2662 3235 modo.
2715 3180 2887 3235 Finita
2932 3197 3063 3252 ergo
3113 3184 3296 3249 Missa,
3336 3186 3515 3241 intrat
3548 3202 3829 3258 cameram

2244 3281 2420 3336 suam,
2450 3280 2502 3323 et
2533 3279 2683 3338 parat
2711 3286 2770 3327 se
2809 3273 2972 3327 eundi
3001 3274 3065 3328 ad
3099 3290 3341 3345 magnam
3375 3276 3619 3331 Missam.

2310 3359 2468 3432 471
2493 3362 2643 3429 Quod
2672 3364 2716 3417 si
2748 3378 2882 3433 papa
2915 3364 3074 3419 fuerit
3100 3366 3149 3419 in
3182 3365 3345 3432 Urbe,
3382 3379 3539 3437 paret
3569 3383 3629 3422 se
3662 3368 3716 3423 in
3748 3358 3842 3423 αξ

2236 3466 2382 3506 mera
2408 3469 2555 3509 more
2583 3456 2743 3510 solito
2766 3471 2885 3512 cum
2912 3459 3063 3512 mitra
3097 3459 3417 3515 amitrisiata
3448 3463 3716 3526 nobilem,
3737 3464 3824 3518 sed

2236 3557 2339 3596 non
2386 3547 2859 3613 pretiosam;alias
2909 3558 3142 3616 portaret
3189 3550 3572 3607 aurifrisiattm
3618 3555 3827 3622 simpli-

2235 3647 2388 3701 cem;
2414 3641 2508 3691 sed
2541 3649 2753 3708 propter
2776 3640 3173 3697 Processionem
3209 3653 3387 3711 portat
3413 3646 3653 3699 nobilem
3687 3648 3826 3700 illam

2234 3740 2354 3781 cum
2408 3732 2742 3803 imaginibus.
2774 3734 2890 3799 Quo
2928 3733 3135 3802 induto,
3168 3738 3313 3790 venit
3340 3740 3681 3792 camerarius
3713 3755 3828 3793 cum

2233 3843 2357 3882 rosa
2387 3842 2570 3893 aurea,
2601 3837 2654 3882 et
2684 3827 2836 3883 ﬂexis
2860 3828 3084 3898 genibus
3110 3840 3400 3899 praesentat
3445 3847 3623 3900 papae,
3652 3842 3711 3885 et
3740 3848 3826 3883 os-

2231 3922 2436 3975 culatur
2476 3922 2525 3975 ei
2577 3935 2825 3987 manum;
2852 3933 2905 3977 et
2935 3923 3155 3977 saerista
3189 3934 3476 3992 praesentat
3524 3924 3828 3980 balsamum

2230 4029 2351 4069 cum
2386 4023 2683 4082 musqueto,
2715 4028 2835 4083 qua:
2876 4013 3034 4068 debet
3076 4015 3338 4082 recipi-ab
3384 4016 3572 4084 aliquo
3600 4018 3833 4070 cubicu-

2232 4105 2481 4160 lariorum
2513 4120 2662 4175 papae
2690 4120 2705 4159 :
2738 4115 2792 4161 et
2829 4120 2963 4176 papa
3005 4104 3245 4162 infundat
3293 4123 3454 4176 super
3481 4122 3669 4161 rosam
3724 4109 3832 4161 ba?-

2210 4213 2434 4252 -samum
2460 4208 2511 4252 et
2538 4211 2893 4267 musquetum.
2927 4200 2994 4253 Et
3020 4200 3097 4254 sic
3128 4201 3370 4267 hajulans
3412 4216 3594 4255 rosam
3620 4205 3741 4255 exit
3769 4204 3832 4255 de

2228 4304 2465 4355 camera,
2494 4297 2547 4343 et
2576 4290 2719 4343 vadit
2745 4290 2812 4343 ad
2852 4292 3107 4359 capellam
3152 4306 3333 4357 suam;
3361 4293 3466 4356 vel,
3494 4294 3543 4347 si
3592 4294 3654 4348 in
3692 4293 3834 4349 Urbe

2225 4378 2405 4445 fuerit,
2430 4380 2496 4435 ad
2542 4389 2779 4436 sanctam
2822 4381 3047 4437 Crucem
3097 4382 3149 4436 In
3200 4382 3525 4439 Jerusalem.
3554 4385 3613 4439 lu
3666 4402 3831 4440 utam:

2225 4470 2441 4524 sinistra
2489 4486 2606 4525 eam
2652 4481 2817 4538 tenet,
2850 4482 3052 4527 etcum
3097 4473 3199 4526 alia
3228 4474 3432 4542 signat;
3465 4484 3524 4528 et
3576 4476 3657 4531 sic
3704 4491 3831 4531 eam

2229 4568 2373 4613 tenet
2413 4561 2625 4629 quando
2655 4562 2777 4615 facit
2821 4562 3234 4630 confessionem,
3267 4565 3365 4618 etsi
3398 4579 3504 4619 non
3556 4565 3830 4631 celebrat,

532 4652 727 4706 dicitur
753 4651 1120 4706 Benedicamus
1153 4653 1389 4720 Domino,
1428 4670 1520 4723 per
1547 4656 1828 4712 diaconum
1872 4659 1963 4728 qui
1993 4661 2120 4731 legit

2249 4652 2473 4720 Iuoniam
2509 4662 2651 4718 tunc,
2684 4653 2806 4707 dum
2853 4652 3367 4723 iucipietConﬁtror,
3402 4655 3608 4711 dictam
3638 4674 3832 4713 rosam

534 4742 903 4813 Evangelium,
937 4754 990 4799 et
1017 4743 1211 4798 dicitur
1238 4760 1390 4800 versa
1421 4746 1553 4802 facie
1585 4749 1649 4802 ad
1682 4750 1871 4804 altare.

603 4836 900 4889 Notandum
937 4837 1096 4890 etiam
1145 4836 1285 4906 quod
1326 4838 1538 4905 quando
1586 4839 1775 4908 aliquis
1828 4840 2115 4898 eardinalis

528 4926 653 4982 facit
692 4928 927 4982 ofticium
979 4927 1154 4983 Missa:
1197 4942 1379 4983 coram
1413 4943 1567 4996 papa,
1598 4945 1784 4985 omnes
1814 4934 2115 4990 cardinales

529 5027 842 5085 esSpectare
879 5017 1076 5072 debent
1123 5018 1292 5088 illum,
1343 5034 1615 5088 quousque
1667 5020 1757 5075 ille
1809 5022 2114 5091 deposuerit

522 5123 675 5164 sacra
706 5120 1033 5177 paramcnta,
1066 5118 1121 5166 et
1148 5110 1493 5178 resumpserit
1532 5112 1868 5181 quotidiana;
1900 5124 1953 5169 et
1989 5132 2109 5170 cum

525 5218 598 5257 eo
638 5204 837 5257 vadunt
881 5203 948 5257 ad
996 5216 1262 5258 cameram
1292 5216 1438 5272 papae
1490 5212 1606 5272 post
1653 5219 1796 5259 eum.
1830 5206 2108 5276 Deinceps,

524 5293 755 5364 demptis
783 5292 890 5349 illis
915 5292 1122 5349 duobus
1163 5293 1498 5359 diaconibus,
1535 5296 1626 5364 qui
1671 5309 1859 5364 papam
1897 5305 2113 5353 antece-

522 5385 676 5451 dunt,
710 5387 791 5440 vel
845 5387 891 5441 si
950 5400 1137 5442 omnes
1190 5396 1513 5458 exspectare
1567 5388 1872 5456 noluerunt,
1924 5391 2110 5447 saltem

524 5480 629 5533 duo
656 5492 975 5551 exspectare
1000 5482 1214 5538 debent.

588 5642 609 5667 α
641 5634 704 5667 ll:

588 5642 609 5667 α
641 5634 780 5689 llinc
815 5643 969 5701 patet
997 5638 1196 5694 saecqu
1249 5652 1316 5689 xv
1357 5637 1465 5704 jam
1514 5651 1664 5690 usum
1697 5636 1985 5692 invaluisse
2039 5647 2095 5692 ut

521 5702 1037 5774 Salutatioangeliea
1063 5707 1475 5772 praemitteretur
1504 5708 1554 5760 in
1577 5708 1828 5774 principio
1854 5711 2095 5762 sermonis

516 5786 613 5824 seu
642 5772 937 5844 concionis.
961 5772 1074 5827 sive
1090 5775 1147 5844 id
1164 5776 1436 5844 intelligas
1477 5772 1716 5831 absolute
1738 5777 1804 5831 de
1836 5779 2097 5844 principio

521 5853 640 5896 ante
663 5841 961 5908 exordium,
988 5852 1042 5896 ut
1079 5842 1134 5896 tit
1163 5842 1318 5898 hodie
1339 5841 1545 5915 iitroque
1573 5845 1624 5899 in
1655 5841 1969 5917 quibusdam
1998 5841 2100 5904 lita-

815 5643 969 5701 patet
997 5638 1196 5694 saecqu
1249 5652 1316 5689 xv
1357 5637 1465 5704 jam
1514 5651 1664 5690 usum
1697 5636 1985 5692 invaluisse
2039 5647 2097 5692 ut

2222 4741 2396 4797 tradet
2424 4742 2651 4797 diacono
2691 4744 2947 4798 cardinali
2992 4745 3079 4814 qui
3112 4759 3233 4798 eum
3262 4746 3430 4799 servit
3452 4761 3481 4798 a
3506 4746 3759 4811 dextris;
3780 4760 3834 4803 et

2220 4844 2341 4902 post
2387 4835 2769 4888 osculationem
2817 4835 3003 4889 altatis
3051 4844 3105 4889 ct
3156 4838 3578 4895 incensationem
3624 4839 3832 4894 iterum

2221 4924 2430 4992 recipit,
2455 4925 2597 4979 dicto
2628 4926 2776 4994 prius
2806 4926 3026 4980 lntroitu
3051 4925 3249 4991 Missas,
3275 4926 3343 4981 de
3368 4942 3537 4981 manu
3572 4931 3833 4995 praedicti

2216 5014 2447 5075 diaconi,
2482 5025 2533 5067 et
2561 5014 2638 5068 sic
2682 5024 2823 5069 temt
2868 5030 3008 5070 eam.
3040 5016 3193 5082 Quod
3240 5016 3287 5069 si
3327 5017 3524 5086 aliquis
3575 5020 3833 5075 celebret

2216 5119 2396 5158 coram
2427 5121 2512 5171 eo,
2548 5106 2695 5159 illam
2724 5121 2827 5159 non
2855 5106 3078 5161 dimittit
3106 5110 3156 5161 in
3189 5116 3297 5162 tota
3324 5108 3514 5173 Missa,
3552 5110 3658 5165 nisi
3694 5112 3830 5166 dum

2217 5197 2383 5254 ﬂectit
2429 5214 2598 5268 genua
2642 5210 2766 5255 ante
2809 5199 3040 5255 medium
3081 5202 3286 5266 altaris,
3308 5212 3362 5256 et
3410 5202 3465 5256 in
3507 5204 3832 5259 eleratione

2215 5295 2456 5362 corporis
2502 5292 2721 5358 Clu-isti,
2776 5302 2832 5348 et
2877 5294 3003 5347 dum
3054 5292 3249 5348 dicitur
3298 5292 3531 5349 Lctalus
3581 5312 3746 5360 una;
3778 5308 3826 5350 et

2216 5389 2377 5442 etiam
2417 5387 2541 5442 dum
2574 5387 2700 5442 dicit
2726 5386 2839 5441 illas
2863 5386 3169 5453 Orationes.
3196 5385 3437 5441 dimittit.

2289 5483 2422 5537 Nota
2448 5482 2587 5551 quod
2638 5495 2853 5551 semper
2876 5480 3135 5536 diaconus
3180 5480 3470 5537 cardinalis
3499 5481 3560 5536 in
3588 5482 3825 5552 capien-

2206 5638 2293 5693 lia:
2335 5648 2391 5694 et
2412 5639 2715 5694 Germanias
2745 5638 2894 5704 locis,
2921 5636 3061 5706 quod
3090 5638 3432 5693 commodius
3462 5650 3520 5695 et
3549 5651 3825 5708 opportu-

2203 5712 2339 5835 nius1
2371 5711 2579 5765 videtur
2595 5711 2745 5777 ;sive
2789 5709 2857 5765 de
2901 5707 3161 5778 principio
3210 5718 3331 5779 post
3376 5707 3707 5779 exordium,
3748 5712 3825 5764 uti

2203 5794 2301 5835 anu
2372 5796 2490 5835 nos.
2522 5796 2540 5802 ·

2201 5794 2339 5851 apud
2372 5796 2490 5837 nos.
2522 5796 2540 5802 ·
