3990 6288
119 300 136 351 1
152 298 247 355 297

112 519 282 573 papae.

184 596 315 651 Nota
344 596 483 666 quod
526 596 579 651 in
626 597 875 665 przeseuti
903 598 1080 666 Missa,
1109 598 1151 653 si
1184 608 1325 654 esset
1348 598 1544 667 aliquis
1571 612 1690 662 rex,

110 696 166 739 et
195 702 324 755 papa
355 702 459 740 non
482 686 798 752 celebraret,
830 690 943 757 ipse
974 704 1063 744 rex
1091 690 1304 745 sederet
1330 690 1466 744 inter
1497 689 1696 757 primos

110 777 246 829 duos
298 777 579 846 episcopos
629 778 949 834 cardinales.
1006 780 1157 848 Quod
1212 781 1258 834 si
1314 795 1447 848 papa
1502 784 1698 835 taceret

110 868 366 931 officium,
401 867 621 923 sederet.
640 882 799 937 super
825 870 1034 924 bassam
1066 880 1121 926 et
1158 871 1352 925 nudam
1385 871 1693 925 rathedram

110 956 229 1010 sine
260 958 494 1011 scabello
523 958 590 1012 ad
625 958 761 1012 latus
810 959 1057 1014 dextrum
1101 975 1248 1028 papa:
1280 976 1445 1029 prepe
1486 962 1699 1028 episco-

113 1064 236 1116 pum
267 1050 615 1116 cardinalcni,
647 1053 735 1119 qui
765 1066 912 1120 papa:
941 1053 1124 1118 servit,
1158 1054 1307 1121 quasi
1357 1054 1495 1108 inter
1523 1053 1693 1118 ipsum

111 1148 169 1193 et
204 1140 537 1209 subpriorem
584 1142 979 1208 episcoiiorutu.

184 1232 484 1288 Notandum
511 1234 651 1303 quod
680 1233 732 1289 iu
766 1234 920 1289 Missa
946 1237 1219 1304 praesenti,
1246 1236 1369 1291 dato
1396 1240 1534 1307 quod
1564 1254 1695 1308 papa

114 1338 221 1377 non
252 1323 567 1389 celebraret,
608 1334 999 1380 consueverunt
1026 1326 1154 1382 dare
1201 1342 1275 1379 vu
1319 1342 1485 1381 annos
1532 1338 1585 1382 et
1628 1344 1696 1382 vn

110 1414 479 1483 quadragenas
503 1414 570 1469 de
600 1414 947 1485 indulgentia.
978 1417 1136 1471 Missa
1168 1433 1296 1473 vero
1321 1419 1485 1485 finita,
1518 1419 1694 1473 domi-

113 1518 214 1557 nus
243 1518 374 1572 papa
404 1503 597 1559 dictam
628 1520 803 1561 rosam
840 1506 890 1562 in
920 1524 1077 1562 manu
1108 1518 1284 1577 portat
1314 1527 1478 1579 usque
1508 1514 1572 1566 ad
1605 1528 1694 1568 ca.

113 1607 315 1647 meram
347 1607 538 1659 suam;
575 1596 680 1661 vel,
707 1596 752 1650 si
795 1596 865 1650 sit
906 1597 958 1651 in
993 1598 1156 1663 Urbe,
1181 1615 1352 1668 usque
1388 1602 1452 1655 ad
1480 1602 1698 1657 Latera-

113 1699 280 1740 ncnse
326 1686 605 1754 palatium;
644 1697 700 1743 et
728 1689 853 1743 dum
903 1690 1218 1757 revertitur,
1243 1704 1536 1763 sequuntur
1576 1712 1696 1751 eum

110 1777 539 1836 omnes'nobiles
566 1783 618 1836 in
647 1784 792 1837 curia
827 1793 1138 1853 praesentes.
1177 1786 1240 1839 Et
1266 1787 1390 1842 dum
1429 1790 1494 1844 ad
1520 1805 1698 1845 eame-

114 1885 231 1923 ram
264 1885 413 1924 suam
443 1870 683 1938 redierit,
715 1872 759 1927 si
789 1873 857 1927 sit
888 1885 1037 1930 extra
1078 1876 1294 1943 Urbem,
1328 1878 1418 1933 dat
1465 1880 1580 1948 ipse
1602 1881 1698 1936 do-

110 1961 293 2015 minus
332 1976 466 2032 papa
510 1977 687 2018 rosam
738 1964 1006 2034 nobiliori,
1037 1968 1119 2022 vel
1166 1969 1239 2023 i'li
1272 1971 1369 2024 soli
1399 1972 1482 2026 cui
1530 1975 1698 2044 magis

111 2052 330 2120 placet;
362 2061 417 2108 et
443 2054 532 2108 ille
555 2056 905 2110 iucontinenti
931 2058 1092 2113 ﬂectit
1120 2074 1314 2130 genua,
1346 2070 1399 2117 et
1424 2064 1698 2119 osculatur

111 2141 308 2208 pedem
341 2158 509 2211 papze,
540 2144 687 2210 dato,
720 2148 879 2200 etiam
911 2149 956 2202 si
996 2160 1140 2205 esset
1182 2166 1299 2206 rex.
1334 2152 1535 2208 Deinde
1564 2169 1696 2225 papa

115 2233 305 2302 recipit
330 2234 501 2307 ipsum
531 2236 595 2289 ad
620 2237 858 2292 osculum
882 2240 1012 2295 oris.
1046 2242 1163 2308 Quo
1192 2243 1350 2310 facto,
1381 2245 1470 2300 ille
1499 2247 1701 2303 recedit

116 2341 239 2380 eum
287 2342 328 2380 Ct
353 2328 660 2384 mitantibus
709 2331 916 2388 duobus
963 2335 1275 2392 diaconibns
1314 2339 1700 2409 antiquioribus

119 2418 500 2486 cardinalibus,
528 2430 582 2474 et
624 2436 746 2477 cum
776 2423 866 2480 illo
895 2427 1134 2496 equitant
1173 2428 1562 2498 aliquantulum
1608 2450 1703 2504 per

114 2508 404 2575 civitatem,
446 2520 702 2580 quantum
733 2514 831 2569 sibi
868 2516 1061 2584 placet.

188 2602 277 2654 Sic
314 2602 474 2657 etiam
519 2604 567 2657 si
595 2604 665 2658 sit
709 2620 802 2660 rex
832 2608 915 2661 vel
956 2608 1267 2677 imperator,
1298 2611 1463 2681 aliqui
1493 2615 1556 2668 de
1582 2613 1700 2669 aliis

116 2691 473 2749 cardinalibus
502 2709 623 2749 eum
669 2696 936 2752 modicum
966 2702 1255 2770 equitando
1284 2707 1549 2761 associare
1573 2720 1702 2760 con-

116 2794 436 2852 sueverunt;
466 2794 520 2841 et
548 2788 625 2841 sic
652 2793 935 2847 revertitur
962 2791 1054 2849 ille
1075 2794 1142 2848 ad
1170 2797 1557 2852 comedendum
1580 2814 1700 2855 cum

118 2890 296 2943 papa;
328 2885 381 2931 et
406 2877 545 2934 facto
589 2881 834 2950 prandio,
864 2897 985 2938 cum
1033 2896 1191 2954 gente
1239 2901 1330 2941 sua
1378 2889 1579 2957 equitat
1609 2905 1703 2958 per

116 2968 391 3024 civitatem
421 2971 621 3043 absque
650 2973 1031 3045 cardinalibus,
1057 2992 1178 3034 cum
1210 2980 1319 3035 suis
1358 2981 1620 3038 nobilibus
1650 2992 1706 3040 et

121 3061 469 3131 principibus.

194 3153 344 3216 Quod
391 3155 436 3209 si
481 3170 614 3227 papa
644 3157 714 3214 sit
746 3159 946 3226 Romae,
977 3174 1154 3216 rosam
1187 3164 1493 3231 prtedictam
1533 3165 1706 3221 defert
1732 3148 1781 3211 c

120 3256 259 3312 papa
284 3260 447 3315 usque
464 3248 658 3318 gradus
680 3252 856 3319 palatii
884 3254 1284 3323 Lateranensis,
1313 3258 1400 3311 ubi
1429 3259 1705 3327 quiesct're

118 3334 304 3388 debuit
333 3347 490 3393 nocte
525 3342 893 3411 prazcedente;
925 3354 979 3401 et
1019 3347 1072 3400 in
1116 3347 1373 3403 descensu
1402 3352 1524 3419 equi
1569 3367 1706 3419 prie—

117 3425 295 3480 fectus
344 3428 524 3498 Urbis,
556 3432 773 3489 indutus
820 3437 1049 3494 scarleto
1094 3440 1176 3495 vel
1216 3455 1468 3511 purpura,
1503 3444 1706 3501 habens

117 3533 284 3571 unam
326 3520 544 3589 ealigam
585 3532 639 3577 et
667 3524 826 3580 aliam
856 3528 1183 3594 deauratam,
1214 3542 1357 3587 tenet
1388 3550 1538 3604 papae
1585 3545 1697 3591 sta-

116 3624 245 3673 pain
274 3622 289 3671 ;
317 3615 373 3661 et
401 3609 650 3665 dominus
678 3627 807 3683 papa
836 3629 958 3670 eum
983 3616 1277 3684 descendit,
1303 3621 1391 3674 dat
1417 3624 1465 3677 ei
1490 3638 1707 3681 auream

113 3710 302 3750 rosam
329 3713 343 3763 ;
368 3706 422 3753 et
448 3698 538 3755 ille
576 3700 727 3756 ﬂexis
750 3703 972 3771 genibus
1014 3707 1285 3761 osculatur
1326 3710 1512 3777 pedem
1558 3727 1708 3781 papae

113 3791 397 3857 dextrum,
425 3801 479 3846 et
508 3792 757 3850 dominus
802 3796 1037 3866 pontifex
1083 3813 1203 3854 eum
1236 3802 1426 3869 recipit
1455 3804 1522 3857 ad
1551 3819 1709 3860 oscu-

113 3881 233 3935 lum
262 3882 388 3937 oris.
420 3883 537 3951 Quo
567 3886 723 3951 facto,
760 3903 888 3957 papa
942 3890 1180 3945 ascendit
1220 3891 1492 3959 palatium,
1522 3902 1576 3947 et
1622 3895 1709 3950 ille

113 3973 477 4029 incontinenti
523 3990 644 4033 cum
692 3977 852 4050 472
893 3981 1160 4037 nobilibus
1208 3982 1461 4040 Romanis
1509 3987 1710 4056 equitat

114 4082 247 4120 cum
272 4082 462 4138 magno
493 4071 760 4139 triumpho
789 4087 883 4142 per
912 4073 1132 4130 Urbem.

198 4159 501 4216 Notandum
546 4165 686 4233 quod
736 4166 1041 4223 cardinales
1080 4184 1184 4223 non
1215 4181 1609 4228 consueverunt
1655 4173 1707 4227 in

116 4250 277 4307 Urbe
296 4256 560 4311 associare
588 4259 919 4326 praefectum,
947 4263 1068 4331 quia
1098 4264 1228 4318 satis
1260 4263 1419 4319 habet
1446 4265 1513 4320 de
1537 4265 1707 4320 comi-

112 4344 345 4399 talibus.
376 4346 674 4403 Notandum
720 4352 861 4420 quod
893 4368 1047 4421 papa,
1073 4366 1355 4424 antequam
1386 4357 1475 4411 det
1504 4372 1705 4424 rosam,

110 4436 291 4492 debet
322 4437 503 4494 dicere
528 4440 704 4511 aliqua
734 4444 895 4498 verba
930 4445 1109 4500 brevia
1136 4447 1205 4501 de
1230 4446 1623 4504 conditionibus
1651 4460 1707 4506 et

1320 296 1574 350 ROMANI
1615 294 1927 350 UllDlNlﬂS.
1974 326 2041 335 -—-
2086 298 2192 351 XV.

109 413 182 467 do
226 421 281 467 et
327 411 503 468 dando
530 412 728 468 dictam
773 426 949 467 rosatn
980 411 1143 467 debet
1183 411 1419 476 osculari
1470 424 1687 463 manum
1718 413 1767 467 Α

3236 302 3371 355 1298

1867 409 2149 463 Sciendum
2195 408 2339 477 quod
2388 408 2600 477 quando
2649 408 2826 463 veniet
2879 406 2930 461 itt
2960 405 3371 477 Quadragesinm

1801 499 1915 554 haec
1957 499 2237 568 feStivitas,
2269 516 2372 555 non
2417 502 2561 556 venit
2600 517 2732 570 papa
2765 501 2977 555 indutus
3006 515 3126 553 cum
3160 500 3375 568 pluviali

1798 600 1853 653 et
1900 594 2056 645 mitra
2106 592 2157 645 in
2207 592 2393 661 primis
2439 592 2710 662 Vesperis,
2740 591 2863 661 quia
2911 590 2965 644 in
3010 589 3206 658 vigilia,
3231 589 3370 643 dicta

1782 674 1981 743 "Missa,
2011 682 2359 737 incontnenti
2410 692 2658 737 cantores
2707 681 2964 750 incipiunt
3010 681 3295 749 Vesperas,
3318 689 3378 733 et

1800 789 1934 843 papa
1979 787 2220 830 remanet
2256 777 2324 829 ibi
2377 787 2533 843 prout
2573 774 2669 828 fuit
2698 775 2913 828 indutus
2957 772 3085 826 dum
3128 770 3377 825 audiebat

1801 865 2034 919 Missam.
2087 865 2195 919 Nec
2244 865 2541 919 cardinales
2584 872 2985 919 consueverunt
3016 862 3373 930 venire,.quia

1800 965 2081 1010 cantantur
2127 967 2249 1010 ante
2295 957 2610 1024 prandium,
2648 956 2744 1008 nisi
2794 956 2999 1007 veniret
3055 951 3141 1007 die
3186 951 3373 1007 Lunae.

1800 1049 1949 1103 Tunc
1977 1048 2251 1102 Dotninica
2292 1048 2359 1101 de
2399 1062 2518 1101 seru
2564 1047 2811 1115 Vespera-
2842 1042 3377 1113 papales;Antipbo-

1804 1155 1897 1194 nas
1926 1140 2186 1209 incipiunt
2208 1138 2528 1195 cardinales.

1875 1253 2006 1307 Item
2056 1251 2344 1306 notandum
2393 1250 2536 1320 quod
2582 1249 2796 1319 quando
2825 1247 2998 1303 veniet
3027 1247 3161 1302 infra
3193 1245 3376 1301 feriam

1801 1356 2043 1414 quartam
2074 1343 2291 1411 majoris
2322 1340 2689 1403 hebdomadae,
2711 1341 2843 1393 nihil
2867 1351 2946 1393 est
2979 1348 3103 1392 tunc
3132 1338 3197 1391 de
3224 1338 3380 1400 festo,

1802 1438 1895 1491 sed
1923 1435 2240 1489 transfertur
2267 1447 2433 1501 usque
2458 1432 2523 1485 ad
2563 1432 2702 1485 diem
2729 1431 2888 1484 Luna:
2920 1428 3037 1498 post
3077 1429 3234 1493 Quasi
3270 1443 3379 1479 mo—

1803 1530 1869 1581 do
1898 1528 2085 1597 geniti;
2118 1535 2171 1579 et
2200 1524 2287 1577 illa
2319 1524 2403 1576 die
2434 1523 2503 1576 sit
2532 1521 2844 1575 solentniter
2869 1517 3125 1583 ofticiutn,
3157 1526 3211 1571 et
3252 1531 3382 1584 papa

1806 1622 1947 1676 venit
1976 1619 2028 1672 in
2067 1618 2249 1688 primis
2283 1614 2529 1683 Vesperis
2568 1627 2690 1668 cum
2718 1611 2928 1680 pluviali
2959 1610 3123 1663 rubet)
3154 1620 3205 1662 et
3230 1610 3383 1661 mitra

1803 1712 2122 1767 aurifrisiata
2155 1725 2275 1764 cum
2322 1708 2483 1777 periis
2508 1747 2523 1774 ,
2547 1718 2601 1762 ct
2647 1704 2949 1761 cardinales
2996 1702 3250 1769 veniunt,
3279 1716 3383 1753 nou

1729 1776 1776 1835 Β
1804 1815 1978 1858 tamen
2020 1801 2210 1857 induti.

2229 1961 2291 2018 L.
2326 1960 2401 2014 De
2430 1958 2590 2014 Missa
2630 1958 2807 2012 eadem
2848 1956 2947 2010 die.

1872 2118 2000 2172 ltem
2033 2116 2085 2170 in
2115 2114 2276 2170 Missa
2298 2126 2484 2168 omnes
2504 2111 2699 2166 debent
2742 2123 2863 2164 esse
2905 2106 3072 2160 induti
3103 2105 3234 2158 albis
3264 2119 3383 2158 ves-

1804 2211 2059 2268 timentis.
2079 2210 2230 2280 Quod
2255 2210 2299 2263 si
2326 2209 2378 2263 in
2414 2204 2828 2276 Quadragesima
2852 2201 3045 2266 veniat,
3074 2200 3210 2253 bono
3233 2212 3388 2251 mane

1805 2323 1937 2377 papa
1964 2307 2110 2360 audit
2134 2306 2343 2360 Missam
2376 2304 2443 2358 de
2475 2303 2624 2356 feria.
2652 2302 2763 2366 Qua
2793 2299 2953 2363 dicta,
2982 2305 3130 2364 parat
3158 2309 3215 2349 se
3239 2306 3387 2347 more

1803 2398 1959 2451 solito
2001 2396 2051 2449 in
2098 2410 2306 2450 camera
2358 2409 2485 2457 sua;
2514 2391 2705 2447 deinde
2736 2389 2880 2443 vadit
2923 2387 2990 2441 ad
3022 2400 3265 2454 magnam
3296 2399 3386 2438 ca-

1806 2488 2021 2558 pellam,
2054 2497 2105 2541 et
2148 2487 2217 2541 ibi
2246 2485 2482 2540 induitur
2510 2483 2678 2542 sacris
2708 2480 2943 2536 vesribus
2970 2479 3073 2532 albi
3106 2476 3321 2531 coloris.

1876 2578 2005 2632 Item
2049 2580 2339 2633 notandum
2384 2575 2526 2646 quod
2573 2575 2625 2629 in
2657 2574 2754 2628 hac
2794 2572 2970 2635 Missa,
2995 2570 3046 2623 in
3074 2581 3388 2638 quocunque

1808 2681 2047 2741 tempore
2078 2673 2273 2738 veniat,
2299 2685 2403 2723 non
2435 2668 2629 2721 dicitur
2655 2666 2838 2722 Oratio
2874 2663 2975 2719 nisi
3006 2662 3072 2718 de
3107 2660 3259 2718 beata
3284 2660 3389 2712 vir-

1812 2763 1935 2834 gine
1965 2761 2149 2828 Maria,
2173 2770 2226 2815 et
2250 2760 2398 2815 .nihil
2431 2759 2495 2813 de
2528 2757 2679 2813 feria.

2240 2932 2324 2989 ιι.
2372 2933 2450 2988 De
2475 2931 2711 2986 Collectis
2738 2931 2958 2984 rubrica.

1889 3110 2110 3178 Propter
2158 3107 2258 3161 hoc
2299 3106 2574 3162 sciendum
2617 3104 2759 3176 quod
2809 3116 3076 3172 nunquam
3123 3101 3393 3155 Romanus

1814 3203 2045 3272 pontifex
2077 3204 2128 3256 in
2160 3200 2362 3270 magnis
2394 3199 2566 3256 Missis
2596 3207 2649 3253 et
2694 3196 3085 3268 pontificalibus
3110 3195 3391 3249 consuevit

1812 3298 1992 3352 dicere
2023 3296 2121 3349 nisi
2153 3295 2360 3349 unicam
2410 3292 2708 3359 collectam,
2735 3291 2859 3344 licet
2901 3299 3082 3343 contra
3124 3286 3387 3341 rubricam

1812 3407 1931 3460 quze
1954 3390 2078 3445 dicit
2110 3390 2249 3458 quod
2271 3388 2338 3443 de
2376 3387 2480 3441 illis
2509 3388 2575 3442 de
2600 3387 2791 3457 quibus
2815 3385 3038 3440 facimus
3063 3396 3391 3439 commemo-

1813 3482 2070 3539 rationem
2099 3482 2150 3536 in
2180 3482 2429 3549 VeSperis
2457 3489 2510 3535 et
2533 3479 2823 3543 Matutiuis,
2858 3477 3114 3532 debemus
3142 3475 3300 3529 etiam
3335 3474 3386 3526 in

1813 3575 1973 3629 Missa
2004 3574 2199 3629 facere.
2229 3573 2374 3627 Licet
2413 3572 2528 3640 ipse
2567 3585 2701 3641 papa
2742 3567 2865 3623 facit
2904 3570 2955 3623 in
2994 3568 3231 3637 utrisque
3258 3565 3385 3620 Vcs~

1815 3668 1954 3735 peris
1973 3676 2025 3720 et
2052 3667 2320 3721 Matutinis
2345 3664 2927 3733 commemorationem,
2943 3662 3104 3733 473
3126 3675 3392 3728 nunquam

1814 3766 1989 3812 tamen
2031 3756 2082 3809 in
2117 3758 2321 3827 magnis
2346 3756 2538 3811 Missis.

1886 3869 2019 3922 Nota
2048 3868 2187 3937 quod
2228 3866 2281 3919 in
2312 3867 2408 3921 hac
2441 3868 2595 3920 Missa
2628 3868 2773 3934 prior
2810 3868 3181 3936 episcoporum
3215 3863 3389 3919 cardio

1817 3959 2014 4013 nalium
2045 3956 2210 4013 servit
2257 3972 2404 4026 papce
2435 3959 2485 4010 in
2517 3956 2696 4011 officio
2726 3957 3006 4025 capellani.

1886 4074 2063 4129 Finita
2114 4086 2243 4143 ergo
2301 4072 2458 4128 Missa
2507 4086 2602 4140 per
2643 4084 2829 4139 papam
2857 4110 2871 4133 ,
2916 4077 2971 4122 et
3011 4069 3131 4122 data
3171 4066 3397 4123 Benedi-

1813 4165 2012 4233 ctione,
2060 4164 2175 4235 ipse
2218 4179 2351 4234 papa
2397 4163 2681 4217 revertitur
2716 4160 2794 4215 sic
2836 4160 3049 4215 indutus
3102 4160 3168 4214 ad
3210 4160 3391 4214 sedem

1816 4273 1965 4312 suam
1997 4253 2242 4327 ma‘gnam
2272 4273 2286 4322 ;
2317 4266 2371 4311 et
2398 4265 2546 4311 stans
2575 4254 2691 4308 sine
2720 4254 2876 4307 mitra
2904 4252 3085 4322 incipit
3109 4253 3394 4320 VeSperas,

1815 4348 2080 4404 cantando
2109 4348 2245 4403 Deus
2276 4348 2329 4401 in
2357 4347 2677 4417 adjutorium
2707 4362 2873 4400 meum
2910 4346 3134 4399 intende.
3162 4345 3229 4399 Et
3257 4344 3397 4399 dioto

1816 4438 1999 4495 Gloria
2031 4441 2203 4508 Patri,
2247 4439 2604 4494 subdiaconus
2653 4448 2776 4492 ante
2802 4451 2922 4492 eum
2954 4433 3141 4503 incipit
3166 4435 3395 4505 primam

112 4526 547 4595 proprietatibus
576 4548 737 4599 rosae,
769 4538 889 4607 quia
923 4537 1082 4595 habet
1106 4541 1341 4597 colorem
1368 4543 1704 4611 gaudiosnm,

1820 4530 2178 4600 Antiphonam
2208 4532 2489 4594 cantando,
2521 4537 2576 4583 et
2605 4544 2737 4599 papa
2769 4530 2935 4585 etiam
2958 4527 3221 4583 cantando
3253 4527 3397 4585 rein-

112 4617 350 4675 odorem
406 4623 835 4699 confortativum,
882 4640 1157 4699 aspectum
1214 4633 1505 4701 laetificum,
1552 4646 1708 4706 prout

112 4716 208 4764 est
238 4712 293 4764 in
324 4710 461 4768 libro
480 4714 742 4772 Rationali
765 4719 1064 4777 divinorum
1089 4723 1410 4779 officiorum.

197 4803 359 4858 Anno
398 4814 588 4874 quarto
632 4810 970 4877 pontificatus
1020 4813 1223 4869 domini
1271 4815 1526 4871 Bonifacii
1560 4832 1708 4887 papa:

112 4892 258 4946 noni
281 4891 333 4946 in
362 4892 583 4951 Perusio
623 4898 722 4953 hac
758 4901 845 4955 die
872 4917 987 4957 rosa
1013 4901 1107 4957 fuit
1133 4909 1293 4960 missa
1326 4907 1377 4960 in
1403 4923 1589 4977 magna
1618 4925 1711 4965 ca-

110 4982 291 5049 pella,
320 4994 374 5038 et
397 4990 631 5042 sermoni
678 5006 865 5047 omnes
891 4993 1265 5064 interfuerunt,
1295 4999 1386 5052 sed
1419 5014 1523 5053 non
1556 5015 1708 5068 papa,

108 5076 251 5143 quia
300 5075 565 5133 infirmus.
599 5081 793 5137 Rusam
838 5086 902 5138 ad
934 5086 1141 5140 MisSam
1177 5091 1402 5157 portavit
1428 5106 1591 5160 super
1633 5095 1712 5148 al-

110 5181 241 5225 tare
284 5182 337 5226 et
386 5179 676 5243 reportavit
716 5178 898 5248 jnnior
947 5184 1174 5239 clericus
1202 5200 1449 5252 carncrre,
1483 5196 1537 5243 ct
1580 5204 1711 5260 papa

103 5262 274 5317 dedit
302 5278 478 5319 rosam
519 5270 570 5323 in
614 5285 821 5325 camera
853 5287 967 5327 sua.

108 5399 318 5459 XLIX.
352 5405 425 5460 De
454 5409 582 5480 festo
610 5412 1022 5536 Annunziationis
1056 5415 1213 5470 bealw
1246 5415 1428 5472 Marire
1454 5418 1504 5472 in
1537 5421 1715 5488 primis

817 5500 1050 5536 emeris.

843 5500 1050 5551 caperis.

190 5615 253 5664 In
285 5619 372 5669 die
405 5614 837 5677 Annuntiationis
881 5624 1054 5680 beatae
1080 5625 1259 5682 Mariae
1287 5628 1505 5697 virginis
1535 5643 1711 5688 sermo

108 5715 175 5764 et
201 5705 364 5766 Missa
391 5706 727 5772 mandantur.

1818 4624 1949 4693 cipit
1980 4640 1995 4689 ;
2024 4634 2078 4677 et
2109 4622 2210 4677 hoc
2237 4622 2376 4677 idem
2407 4631 2530 4677 ante
2559 4622 2729 4690 ipsum
2772 4621 2824 4675 in
2848 4619 3146 4690 Antiphona
3178 4620 3245 4675 de
3279 4618 3396 4672 Ma-

1818 4717 2027 4787 gniﬁcat
2051 4732 2070 4781 ;
2098 4724 2289 4769 caetera
2320 4715 2497 4768 omnia
2548 4715 2865 4768 inchoantur
2905 4729 2998 4781 per
3027 4723 3270 4768 cantores
3304 4728 3395 4768 us-

1818 4822 1920 4875 que
1948 4806 2011 4859 ad
2036 4808 2363 4869 Orationem,
2394 4818 2551 4875 quam
2585 4819 2715 4874 papa
2746 4803 2905 4857 debet
2933 4802 3131 4857 dicere.
3164 4803 3395 4871 lncmpta

1819 4909 1999 4952 autem
2032 4896 2202 4966 prima
2238 4895 2567 4964 Antipliona,
2607 4897 2823 4964 deponit
2865 4895 2952 4951 illa
2986 4902 3313 4965 paramenta,
3342 4903 3397 4948 et

1820 4992 2044 5044 resumit
2070 4989 2318 5059 pluviale
2360 4988 2579 5044 tubeum
2611 5005 2625 5053 ;
2658 4997 2712 5043 et
2758 5004 2943 5044 omnes
2994 4988 3288 5043 cardinales
3345 4998 3399 5043 et

1820 5080 2027 5148 praelati
2075 5079 2349 5148 deponunt
2399 5088 2727 5147 paramenta,
2771 5089 2825 5134 et
2881 5080 3140 5148 recipiunt
3197 5094 3394 5148 cappas

1821 5173 2004 5227 laneas
2031 5189 2046 5237 ;
2080 5186 2178 5225 nec
2201 5171 2498 5225 cardinales
2527 5170 2785 5239 incipiunt
2816 5172 3145 5240 Autiphonas
3176 5171 3227 5223 in
3260 5170 3394 5225 Ves-

1825 5264 1987 5333 peris.
2020 5261 2316 5331 Episcopus
2349 5277 2475 5316 vero
2515 5263 2798 5317 cardinalis
2826 5262 2914 5333 qui
2959 5276 3105 5331 papae
3150 5260 3314 5316 servit
3343 5261 3396 5315 in

1822 5356 2003 5422 Missa,
2052 5371 2159 5411 non
2191 5356 2407 5425 deponit
2450 5365 2753 5424 paramenta
2796 5355 2895 5408 nisi
2932 5354 3091 5409 dictis
3128 5353 3396 5422 Vesperis,

1822 5448 2073 5517 quoniam
2101 5447 2260 5502 habet
2288 5457 2499 5516 portare
2531 5463 2676 5516 papa:
2707 5448 2998 5501 naviculam
3027 5462 3147 5501 cum
3180 5445 3398 5500 incenso

1823 5538 1953 5592 hora
1997 5538 2195 5604 debita,
2239 5547 2292 5592 et
2333 5552 2464 5606 papa
2506 5537 2661 5591 debet
2696 5536 2820 5591 inde
2863 5539 3102 5605 recipere
3150 5536 3399 5591 cocltlear

1820 5643 1937 5684 cum
1965 5631 2215 5695 incenso,
2244 5639 2298 5684 et
2329 5645 2531 5699 ponere
2561 5630 2833 5684 incensum
2866 5630 2917 5684 in
2946 5628 3219 5684 thurihnlo
3250 5645 3392 5699 pra:-

1821 5720 2081 5776 scntando
2109 5720 2208 5777 sibi
2252 5735 2346 5790 per
2387 5736 2547 5777 unum
2588 5719 2652 5778 de
2687 5721 2965 5792 acolythis.
3005 5720 3206 5777 Deinde
3256 5720 3396 5775 idem
