3990 6298
605 322 745 381 1999

1247 313 1592 369 ΑΡΡΕΝΟΙΚ
1633 314 1723 367 Al)
1764 310 1821 367 S.
1864 307 2191 367 GREGORII
2232 306 2448 363 MAGNI
2493 305 2863 363 LITURGlCA
2902 304 3157 362 OPERA.

604 431 891 489 cardinalis
920 426 1081 483 habet
1109 424 1385 480 incensare
1421 425 1607 490 altare,
1640 432 1693 480 et
1721 433 1745 462 α
1769 423 2079 487 cophinum,
2123 425 2176 477 in
2207 426 2260 484 Α
2355 419 2487 475 Nota
2527 420 2668 489 quod
2695 428 2978 489 antequam
3024 434 3160 489 papa
3190 418 3471 475 distribuat
3512 430 3718 472 ramos
3739 460 3755 482 ,
3788 430 3886 468 nm-

600 538 707 594 quo
733 528 974 577 servatur
998 516 1198 577 Corpus
1219 515 1437 582 Christi,
1464 528 1643 575 POSIea
1665 515 1938 569 dominum
1962 529 2182 584 papam;

611 625 663 668 et
692 614 849 667 etiam
888 609 1049 663 habet
1079 620 1257 662 tenere
1286 608 1476 661 librum
1510 616 1633 660 ante
1666 621 1876 675 papam,
1905 607 2030 660 dum
2061 605 2188 659 dicit

608 703 916 757 Orationem
982 700 1310 769 prmtlictam.
1370 698 1560 752 Finitis
1612 713 1738 751 vcro
1791 697 2063 764 Vesperis,
2135 696 2185 750 in

598 792 790 861 quibus
835 790 1033 846 debent
1084 789 1187 844 dici
1233 789 1350 843 dine
1398 786 1705 853 Orationes,
1769 786 2015 841 videlicet
2083 801 2186 840 una

600 884 667 937 tle
709 886 865 949 festo,
912 882 1016 935 alia
1065 882 1131 937 de
1176 880 1330 947 feria,
1364 882 1410 936 si
1457 889 1627 935 tamen
1660 880 1852 934 incidat
1888 879 2022 933 inl‘ra
2056 887 2188 933 tem-

601 992 700 1046 pus
728 977 1060 1046 prmdictnm.
1095 976 1294 1043 Quibus
1341 976 1523 1038 linitis,
1557 985 1688 1044 papa
1735 972 1827 1027 dat
1855 972 2187 1028 Benedictio-

604 1084 751 1123 nem.

671 1161 805 1216 ltem
837 1169 983 1227 nota,
1018 1160 1159 1230 quod
1190 1160 1234 1215 si
1262 1158 1565 1215 cardinales
1588 1157 1847 1213 haberent
1879 1166 2185 1227 paramenta

606 1253 660 1308 in
694 1250 942 1310 Secundis
975 1253 1222 1323 Vesperis
1250 1253 1401 1306 istius
1433 1251 1551 1306 festi
1579 1250 1656 1305 sic
1687 1251 1737 1304 in
1769 1248 2187 1320 Quadragesima

604 1345 884 1411 celebrati,
927 1344 1179 1412 incipient
1210 1342 1563 1411 Antiphonas.
1608 1340 1861 1411 quoniant
1904 1341 1957 1395 in
2002 1342 2189 1410 primis

600 1451 706 1490 non
752 1436 1107 1505 incmperunt,
1141 1449 1239 1490 nec
1277 1435 1382 1489 tale
1425 1430 1617 1489 festum
1648 1434 1809 1489 debet
1853 1432 2186 1504 praetermitti

597 1528 714 1582 sine
752 1525 1006 1597 Vesperis
1036 1526 1388 1582 solemnibus.

669 1621 800 1676 Item
846 1628 996 1676 certo
1026 1630 1149 1675 nota
1190 1620 1331 1688 quod
1382 1632 1653 1689 nunquam
1699 1614 2005 1674 cardinales
2046 1617 2189 1674 inci-

598 1713 748 1780 piunt
778 1711 1114 1781 Antiphonas
1145 1712 1197 1766 in
1228 1710 1478 1766 secundis
1510 1709 1761 1779 Vesperis
1802 1723 1981 1765 coram
2013 1723 2181 1779 papa,

2291 527 2390 571 nos
2434 512 2736 567 cardinales
2765 520 2818 567 et
2864 510 3070 580 praelati
3097 526 3217 567 cum
3245 512 3432 581 cappis
3462 510 3649 565 laneis
3686 508 3886 561 veniunt

2289 603 2355 658 ad
2387 604 2741 658 reve'entiam
2769 617 2918 671 papa:
2946 602 3009 655 ad
3037 602 3380 657 osculandum
3412 617 3640 656 manum
3667 613 3883 668 eooper-

2291 702 2397 747 tam
2428 693 2704 747 aurifrisio
2735 692 2999 761 pluvialis,
3032 706 3137 745 non
3172 705 3333 761 genu,
3363 706 3466 746 nec
3493 690 3727 757 pedem.

2371 783 2659 839 Sciendum
2683 782 2822 851 quod
2853 782 2951 837 hac
2976 782 3063 836 die
3085 782 3307 836 Romani
3336 781 3635 852 pontiﬁces
3658 778 3887 834 afﬁciare

2294 890 2398 928 non
2447 882 2863 939 consueverunt,
2888 873 2980 928 sed
3010 874 3146 928 bene
3184 872 3313 927 dant
3339 882 3396 927 et
3435 872 3789 927 distribuunt
3822 886 3888 922 ra-

2290 981 2428 1020 mos.
2452 967 2585 1020 Nota
2610 966 2750 1034 quod
2782 947 3142 1021 subdiaconus
3159 965 3317 1020 debet
3346 963 3554 1019 habere
3586 962 3887 1017 tunicellatn

2290 1074 2385 1128 per
2412 1068 2580 1114 totum
2621 1057 2854 1113 ofﬁcium
2879 1104 2893 1129 ,
2940 1067 2995 1113 et
3035 1071 3142 1111 non
3174 1057 3231 1111 ﬁt
3258 1055 3567 1111 Processio.
3612 1052 3879 1108 Modernis

2293 1164 2473 1210 autem
2505 1152 2835 1222 temporibus
2863 1162 2946 1207 est
2969 1151 3126 1207 Missa
3155 1151 3383 1220 papalis.

2362 1248 2495 1299 Nota
2537 1243 2698 1298 etiam
2727 1243 2870 1313 quod
2896 1242 2987 1298 ille
3016 1242 3107 1311 qui
3150 1239 3309 1295 debet
3336 1239 3559 1292 Missam
3588 1233 3883 1297 celebrare,

2295 1336 2342 1392 si
2369 1338 2438 1392 sit
2465 1334 2769 1408 epi-copus,
2817 1343 2871 1391 et
2896 1348 3029 1405 papa
3059 1348 3165 1387 non
3208 1331 3467 1396 celebret,
3505 1330 3697 1400 primo
3746 1326 3888 1381 habet

2290 1428 2611 1484 benediceze
2640 1440 2832 1497 aquam
2870 1440 2989 1481 cum
3043 1424 3175 1491 sale,
3221 1433 3378 1492 prout
3409 1422 3467 1477 ﬁt
3513 1422 3571 1475 in
3604 1418 3885 1474 Dominicis

2296 1519 2529 1585 diebus;
2559 1516 2754 1573 deinde
2782 1514 3053 1571 benedicit
3080 1526 3281 1569 ramos.
3309 1513 3445 1567 Dum
3475 1513 3693 1580 spargit
3722 1524 3885 1563 ramos

2291 1624 2428 1679 aqua
2455 1608 2732 1663 benedicta
2759 1606 2893 1661 dicit
2912 1605 3161 1675 Asperges
3182 1619 3282 1667 me,
3316 1601 3563 1657 Domine.
3600 1600 3738 1653 Dato
3765 1614 3878 1651 vero

2289 1700 2429 1769 quod
2451 1712 2584 1770 papa
2612 1695 2868 1766 celebret,
2889 1695 3072 1767 iunior
3094 1693 3379 1765 presbyter
3403 1690 3710 1748 cardinalis
3732 1689 3883 1744 bene—

596 1807 694 1863 nisi
723 1807 769 1863 si
810 1822 1046 1878 praesens
1090 1806 1346 1861 festivitas
1396 1804 1468 1859 sit
1499 1805 1551 1858 in
1589 1802 2006 1873 Quadragesima
2046 1805 2186 1858 cele-
2229 1812 2275 1873 Β
2302 1792 2449 1847 dieil-

602 1899 692 1953 bra
699 1906 769 1952 ta.

676 1987 992 2058 Supradicta
1036 1986 1169 2041 ﬁunt
1206 1999 1303 2056 per
1343 1986 1555 2040 modum
1594 1982 1930 2054 pr.cdictum,
1974 1982 2190 2055 quando

599 2078 810 2133 diaconi
854 2077 1152 2133 cardinales
1194 2091 1302 2132 non
1334 2076 1405 2131 ibi
1450 2075 1651 2132 habent
1692 2075 1935 2143 pluvialia
1982 2086 2185 2146 parata.

605 2174 739 2227 Nam
768 2172 813 2227 si
846 2171 1129 2237 haberent,
1162 2171 1279 2240 ipsa
1322 2171 1644 2240 reciperent.
1680 2172 1827 2225 Licet
1862 2171 2187 2239 temporibus

606 2264 829 2321 Joannis
859 2261 1027 2331 XXII,
1060 2261 1328 2320 Benedicti
1361 2262 1479 2333 XII,
1512 2270 1565 2317 et
1587 2260 1883 2319 Clementis
1911 2259 1978 2315 Vl
2002 2260 2190 2317 Roma.

599 2373 789 2414 norum
856 2355 1192 2427 pontiﬁcum,
1248 2369 1357 2411 non
1408 2353 1790 2410 consueverint
1837 2362 2080 2426 recipere
2131 2352 2182 2406 in

593 2452 748 2506 dictis
790 2450 1041 2507 secundis
1090 2446 1345 2518 Vesperis
1391 2445 1641 2516 prmdieta
1687 2456 2037 2516 paramenta,
2084 2457 2185 2499 nec

601 2544 834 2613 incipere
878 2542 1231 2611 Antiphonas,
1277 2548 1435 2610 prout
1473 2539 1525 2594 in
1554 2539 1672 2593 aliis
1716 2537 2089 2593 festivitatibus
2128 2534 2181 2591 in

596 2635 781 2706 primis
814 2630 1063 2703 Vesperis
1093 2641 1175 2687 est
1219 2630 1334 2685 ﬁeri
1375 2639 1727 2695 consuetum;
1756 2628 1851 2684 sed
1890 2626 2177 2684 secundam

597 2728 956 2798 Antiphonam
1005 2726 1260 2780 diaconus
1307 2723 1596 2779 cardinalis
1635 2738 1666 2777 a
1704 2722 1907 2778 dextris
1958 2737 2109 2792 papae
2157 2737 2174 2787 ;

597 2820 808 2877 tertiam
841 2832 965 2876 vero
998 2817 1282 2887 cpiscopus
1310 2814 1598 2872 cardinalis
1625 2816 1866 2871 serviens
1897 2815 1950 2869 in
1982 2814 2179 2883 Vespe-

600 2915 674 2967 ris
706 2911 953 2982 prmdicta
979 2918 1290 2978 paramenta
1315 2926 1331 2976 ;
1363 2917 1604 2980 quartam
1630 2908 1909 2979 presbyter
1935 2907 2178 2975 cardina-

602 3007 668 3062 lis
698 3003 789 3075 qui
827 3013 934 3059 stat
963 3003 1015 3057 in
1046 3002 1173 3059 sede
1200 3003 1492 3058 secundum
1522 3002 1763 3058 ordinem
1799 3017 1952 3056 suum
1979 3020 1993 3069 ;
2023 3003 2177 3072 quin-

605 3104 715 3151 tam
742 3095 998 3151 diaconus
1023 3094 1311 3150 cardinalis
1336 3096 1423 3164 qui
1453 3095 1654 3150 assistit
1680 3110 1827 3165 papzn
1857 3109 1887 3149 a
1917 3094 2167 3151 sinistris.

2512 1900 2622 1956 LIV
2656 1906 2713 1956 et
2737 1897 2849 1954 LV.
2883 1895 2961 1952 De
3005 1894 3353 1951 benedictione
3382 1892 3719 1948 Palinurum.

2361 1995 2495 2049 Nota
2526 1992 2669 2064 quod
2698 1992 3009 2063 quicunque
3040 1989 3167 2044 dicit
3199 1988 3441 2055 Missam,
3475 1987 3521 2040 si
3572 1995 3779 2039 tantum
3824 1986 3883 2037 sit

2290 2085 2597 2151 cardinalis,
2622 2084 2711 2140 ille
2736 2098 2918 2153 ramos
2939 2081 3227 2145 benedicit,
3250 2088 3304 2136 et
3330 2093 3438 2134 non
3458 2079 3643 2150 junior
3673 2076 3880 2147 presby-

2292 2189 2375 2237 ter
2403 2177 2691 2235 cardinalis
2714 2193 2729 2243 ;
2755 2176 2827 2230 ita
2857 2184 2910 2231 et
2949 2174 3198 2229 candelas
3219 2181 3271 2227 et
3300 2173 3536 2225 cineres.

2361 2269 2649 2325 Sciendum
2687 2266 2829 2337 quod
2870 2263 2971 2320 hac
3001 2264 3088 2321 die
3129 2263 3273 2334 prior
3296 2263 3681 2330 episcoporum
3717 2259 3877 2313 cardi-

2288 2361 2511 2428 nalium,
2552 2357 2599 2415 si
2637 2356 2875 2414 celebret
2915 2370 3094 2412 coram
3139 2368 3297 2424 papa,
3347 2352 3487 2406 facta
3545 2350 3876 2414 reverentia,

2287 2460 2446 2522 prout
2473 2458 2555 2506 est
2578 2448 2764 2514 moris,
2789 2448 2858 2502 ab
2902 2445 3149 2502 omnibus
3177 2441 3566 2506 cardinalibus,
3598 2441 3716 2508 ipse
3744 2438 3880 2492 indu-

2289 2552 2375 2599 tus
2406 2543 2621 2614 pluviali
2651 2542 2741 2597 dat
2766 2555 2916 2612 papa:
2948 2540 3209 2609 palmam,
3240 2545 3297 2592 et
3326 2535 3507 2615 statim
3532 2549 3562 2587 a
3597 2549 3730 2603 papa
3761 2533 3880 2586 reci-

2286 2638 2399 2706 pit;
2437 2636 2632 2692 deinde
2663 2633 2813 2689 vadit
2860 2642 2915 2688 et
2961 2641 3110 2703 parat
3131 2644 3191 2687 se
3225 2630 3293 2685 ad
3323 2627 3733 2684 celebrandum.
3770 2626 3879 2680 Du:

2283 2728 2475 2798 palmte
2502 2726 2698 2781 dantur
2722 2738 2893 2795 papae.

2352 2817 2651 2875 Notandum
2672 2816 2829 2871 etiam
2845 2813 2983 2885 quod
3000 2812 3044 2868 si
3061 2820 3205 2868 esset
3222 2826 3315 2868 rex
3334 2824 3601 2881 praesens,
3618 2808 3878 2864 immedia-

2281 2923 2334 2969 te
2348 2921 2465 2982 post
2486 2926 2608 2967 eum
2627 2910 2788 2981 [.75
2812 2908 2958 2962 ﬂexis
2979 2905 3199 2977 genibus
3216 2905 3444 2973 palmam
3469 2903 3666 2971 recipit
3687 2903 3752 2954 de
3776 2915 3873 2952 ma-

2283 3007 2438 3060 nibus
2469 3019 2637 3073 papae,
2665 3003 2853 3071 pedem
2880 3000 3125 3055 dextrum
3149 2996 3465 3061 osculando,
3489 3004 3549 3052 et
3579 3011 3686 3049 non
3733 3010 3871 3064 genu.

2279 3098 2393 3165 Qua
2422 3096 2717 3152 reverentia
2745 3094 2881 3149 facta
2912 3108 3032 3146 cum
3078 3092 3261 3161 cappis
3321 3091 3494 3146 laneis
3526 3105 3622 3157 per
3650 3089 3874 3144 cardina-

595 3187 740 3255 Quas
782 3184 1117 3255 Antiphonas
1158 3199 1373 3255 semper
1415 3184 1600 3255 incipit
1643 3183 2006 3240 subdiaconus
2048 3198 2170 3238 cum
2201 3184 2246 3247 C
2280 3192 2357 3245 les
2397 3196 2453 3242 et
2495 3198 2682 3242 omnes
2728 3183 3007 3254 praelatos,
3059 3190 3213 3252 prout
3258 3185 3311 3236 in
3351 3182 3441 3236 die
3495 3180 3868 3241 Candelarum,

594 3277 843 3351 acolytho
871 3291 1049 3332 coram
1082 3277 1161 3331 eis
1182 3275 1209 3315 ι’
1233 3275 1516 3331 cantando.

594 3391 757 3464 474,
784 3391 894 3446 Lll.
927 3390 1003 3446 De
1039 3389 1307 3445 Dominica
1337 3391 1388 3464 in
1425 3388 1690 3464 Passione,
1736 3403 1849 3458 quae
1888 3396 1962 3442 est
2000 3387 2177 3457 quinta

611 3461 701 3514 ,ῖς
726 3461 746 3464 “
1198 3461 1632 3534 Quadragest'mw.

667 3577 720 3629 In
756 3573 1027 3629 Dominica
1057 3574 1126 3630 de
1156 3573 1430 3638 Pessime,
1461 3585 1579 3642 qute
1604 3577 1689 3627 est
1718 3569 1904 3640 quinta
1932 3566 2177 3635 Quadra-

595 3667 830 3735 gesimte,
875 3679 1054 3720 sermo
1098 3674 1153 3720 et
1188 3664 1343 3721 Missa
1374 3663 1713 3719 mandantur.
1741 3663 1930 3718 Omnia
1965 3661 2071 3716 alia
2125 3670 2183 3715 ut

596 3772 750 3825 supra
778 3755 833 3811 in
872 3755 990 3811 allis
1021 3755 1311 3812 Dominicis
1337 3755 1770 3827 Quadragesitnat
1795 3762 1881 3810 est
1910 3754 2023 3811 ﬁeri
2051 3768 2182 3809 con-

600 3857 833 3904 suetum.

953 3918 1086 3973 LIII.
1130 3915 1208 3972 De
1248 3915 1521 3972 Dominica
1548 3915 1870 3971 Palmarum.

675 4009 730 4064 In
752 4008 838 4066 die
862 4008 1170 4065 Palmarum
1194 4006 1353 4063 Missa
1380 4017 1433 4066 et
1474 4006 1706 4063 ofﬁcium
1734 4007 2070 4063 mandantur.
2091 4006 2185 4063 Illa

597 4100 686 4156 die
731 4115 839 4155 non
865 4099 923 4154 lit
951 4113 1151 4165 sermo,
1176 4100 1296 4170 quia
1329 4098 1418 4155 die
1439 4098 1555 4166 illa,
1586 4097 1879 4154 secundum
1909 4098 2186 4154 dominum

506 4232 510 4237 .
596 4189 853 4246 Iacobum
875 4188 1121 4245 Gaietani
1139 4229 1154 4255 ,
1203 4188 1385 4259 junior
1407 4186 1688 4259 presbyter
1720 4188 2006 4243 cardinalis
2031 4187 2191 4244 debet

606 4278 926 4335 benedicere
951 4277 1157 4349 palmas
1186 4277 1449 4332 olivarum
1480 4287 1534 4331 et
1569 4276 1794 4331 aliarum
1825 4277 2074 4333 arborum
2099 4292 2189 4332 ra-

601 4385 741 4439 mos,
757 4370 972 4427 indutus
986 4379 1142 4440 prout
1163 4368 1216 4424 in
1229 4368 1317 4425 die
1331 4367 1605 4437 Cinerum,
1623 4382 1744 4425 cum
1760 4385 1895 4441 aqua
1912 4370 2192 4428 benedicta

602 4474 661 4522 ct
701 4466 942 4523 incenso.
976 4463 1182 4532 Quibus
1226 4462 1557 4533 benedictis,
1602 4464 1823 4535 deponit
1862 4475 2193 4536 paramenta,

2282 3278 2581 3334 cardinales
2628 3284 2681 3330 et
2705 3288 2892 3332 omnes
2912 3272 3119 3345 praelati
3168 3273 3411 3328 violacea
3435 3272 3708 3341 recipiunt
3735 3285 3872 3341 para-

2283 3380 2486 3439 menta,
2546 3369 2793 3425 videlicet
2846 3367 3080 3438 episcopi
3160 3366 3463 3422 cardinales
3530 3364 3865 3434 superplicia,

2283 3464 2511 3518 amictus
2539 3462 2697 3529 latos,
2721 3471 2775 3516 et
2823 3459 3070 3532 pluvialia
3098 3476 3111 3524 ;
3136 3457 3440 3529 presbyteri
3467 3471 3603 3513 vero
3632 3457 3858 3511 similiter

2283 3562 2337 3611 et
2363 3551 2571 3610 diaconi
2603 3562 2909 3622 paramenta
2940 3549 3215 3620 praedicta,
3236 3557 3291 3603 et
3317 3550 3593 3620 recipiunt
3616 3549 3860 3617 planetas,

2285 3657 2338 3705 et
2367 3663 2471 3703 non
2492 3647 2762 3719 pluvialia.
2793 3645 2893 3700 Alii
2921 3644 3280 3719 vero_prazlati
3310 3643 3570 3698 similiter
3596 3642 3865 3712 pluvialis.

2285 3748 2341 3795 et
2383 3714 2511 3794 non-
2539 3739 2812 3807 planetas,
2842 3714 3306 3792 coloris'vlolacei
3354 3732 3870 3803 rccipiunt.‘Qnihus

2287 3826 2610 3897 paramentis
2638 3824 2905 3894 receptis,
2938 3833 3156 3893 paratur
3184 3837 3288 3877 una
3320 3822 3555 3886 tobalea,
3589 3835 3750 3891 quam
3780 3831 3870 3874 tra-

2288 3918 2418 3973 dere
2458 3916 2619 3973 debet
2647 3917 2869 3972 sacrista
2894 3954 2911 3982 ,
2938 3922 2993 3971 et
3017 3913 3323 3971 extenditur
3344 3929 3509 3984 super
3538 3929 3719 3983 genua
3744 3928 3869 3982 papa:

2296 4025 2395 4081 per
2422 4012 2560 4065 duos
2581 4008 2888 4080 capellanos
2905 4007 3019 4078 ejus
3036 4006 3293 4062 lateribus
3318 4007 3663 4072 assistentes,
3693 4016 3746 4060 et
3769 4006 3863 4058 dic-

2290 4112 2396 4158 tam
2431 4103 2692 4158 tobaleam
2719 4102 2873 4158 ﬂexis
2901 4101 3123 4172 genibus
3155 4109 3421 4167 tenentes,
3454 4115 3487 4154 a
3518 4099 3732 4155 dextris
3760 4114 3865 4159 uno,

2288 4207 2319 4247 a
2348 4191 2579 4247 sinistris
2607 4191 2735 4259 alio,
2765 4198 2819 4247 et
2854 4190 3061 4245 duobus
3088 4188 3486 4261 antiquioribus
3512 4188 3863 4245 cardinalibas

2292 4283 2536 4342 diaconis
2569 4299 2719 4356 papae
2751 4299 2903 4341 more
2931 4285 3093 4341 solito
3130 4273 3534 4340 assistentibus.
3563 4282 3720 4338 Tunc
3751 4282 3869 4348 prior

2294 4381 2693 4451 episcoporum,
2714 4379 2823 4446 vel,
2868 4378 2915 4434 si
2942 4392 3051 4433 non
3094 4377 3186 4445 sit,
3212 4376 3471 4446 subprior
3507 4376 3869 4447 episcoporum

2297 4459 2674 4526 cardinalium,
2716 4459 2956 4529 deposita
3002 4458 3159 4513 mitra
3199 4471 3295 4513 sua
3325 4466 3480 4512 stans
3522 4456 3714 4527 pedes,
3760 4462 3871 4523 papa

605 4558 651 4613 si
674 4557 951 4614 celebrare
970 4570 1078 4612 non
1100 4552 1320 4612 debeat.
1347 4554 1414 4611 Et
1439 4554 1686 4611 dominus
1710 4571 1841 4626 papa
1868 4556 2010 4612 bono
2029 4572 2185 4613 mane
2210 4553 2262 4614 D
2289 4551 2511 4609 sedente
2538 4553 2591 4607 in
2616 4551 2872 4607 cathedra
2891 4563 2989 4606 sua
3014 4557 3210 4606 etcum
3236 4549 3415 4614 mitra,
3439 4548 3715 4618 spatulam
3736 4548 3869 4600 aliam

603 4649 844 4707 celebrat
876 4648 1090 4706 Missam
1131 4662 1283 4705 suam
1325 4646 1378 4703 in
1421 4648 1624 4718 capella
1659 4662 1753 4704 sua
1795 4659 2027 4707 secreta.
2069 4650 2184 4718 Qua

607 4742 771 4809 dicta,
818 4741 1035 4799 indutus
1080 4740 1295 4811 pluviali
1336 4742 1506 4797 rubeo
1549 4740 1666 4797 sine
1708 4741 1895 4811 perlis,
1934 4751 1989 4797 et
2029 4744 2184 4798 mitra

604 4832 835 4902 simplici
861 4833 981 4889 alba
1009 4831 1078 4888 de
1121 4831 1361 4903 garnello
1407 4833 1524 4888 sine
1571 4832 1853 4888 anril’risiis
1894 4842 1948 4889 et
1996 4835 2181 4904 perlis,

609 4924 776 4979 intrat
814 4922 1078 4994 capellam
1109 4923 1195 4979 vel
1238 4923 1435 4989 locum,
1472 4922 1526 4977 in
1555 4937 1660 4993 quo
1689 4922 1886 4978 debent
1934 4924 2183 4982 distribui

604 5016 817 5086 palmae,
852 5015 944 5073 ubi
987 5014 1148 5072 debet
1199 5029 1319 5071 esse
1347 5014 1602 5069 cathedra
1639 5030 1760 5069 cum
1807 5016 2043 5072 scabello
2091 5032 2185 5086 pa.

608 5118 750 5174 rata,
782 5118 837 5165 et
857 5107 931 5164 ibi
954 5108 1127 5164 sedet.
1161 5107 1361 5164 Deinde
1385 5122 1572 5163 omnes
1598 5108 1896 5163 cardinales
1924 5119 1977 5163 et
2010 5112 2189 5167 ea-tcri

611 5202 819 5271 praelati
844 5202 1080 5257 nondum
1103 5201 1272 5272 parati
1294 5200 1519 5256 veniunt
1536 5199 1603 5255 ad
1629 5202 2010 5271 reverentiam,
2034 5215 2191 5273 prout

613 5304 700 5351 est
747 5294 879 5350 alias
909 5294 1023 5352 ﬁeri
1057 5304 1399 5361 consuetum,
1449 5292 1741 5347 osculando
1788 5309 2002 5349 manum
2051 5298 2191 5351 auri-

616 5385 770 5441 l’risio
799 5385 1047 5454 pluvialis
1076 5395 1408 5454 coepertam,
1432 5396 1541 5439 non
1570 5398 1731 5453 genu,
1756 5398 1855 5438 nec
1888 5384 2099 5452 pedem,
2138 5396 2197 5441 ut

609 5491 769 5547 supra
801 5479 852 5532 in
884 5475 1319 5545 Quadragesima.

685 5620 709 5646 ⁸
743 5609 939 5665 Confer
966 5620 1085 5673 cap.
1123 5607 1211 5660 151
1250 5606 1382 5660 infra
1414 5605 1480 5659 de
1509 5606 1756 5661 secundis
1791 5605 2039 5675 Vesperis
2068 5621 2191 5658 om-

614 5682 761 5733 nium
794 5681 1135 5737 Sanetorutn,
1169 5679 1220 5727 in
1249 5678 1441 5744 quibus
1473 5678 1778 5731 incensattr
1802 5678 2077 5741 cap/tinum
2105 5678 2188 5728 ubi

619 5760 716 5803 stat
745 5747 942 5802 Corpus
973 5744 1202 5809 Chr-isti;
1233 5757 1283 5800 et
1330 5748 1747 5802 CotiStitutioncs
1779 5747 2185 5809 Lazeranenscs.

2291 4646 2484 4716 palmae
2513 4643 2896 4716 pulchriorem,
2944 4643 3014 4698 nil
3045 4641 3290 4707 dicendo,
3321 4641 3415 4696 dat
3454 4656 3639 4710 papae,
3674 4654 3866 4693 manus!

2290 4738 2409 4809 ejus
2437 4736 2749 4793 osculando.
2800 4734 3155 4791 lncontinenti
3202 4746 3335 4802 papa
3360 4731 3526 4787 tradit
3565 4733 3662 4786 uni
3692 4731 3759 4786 de
3788 4730 3868 4784 do~

2292 4831 2515 4886 micellis
2540 4831 2651 4886 suis
2680 4826 3140 4893 conservandam;
3163 4832 3216 4880 et
3240 4824 3440 4879 ibidem
3493 4823 3618 4892 ipse
3641 4822 3786 4893 prior
3802 4822 3867 4875 vel

2292 4923 2542 4993 subprior
2567 4919 2876 4991 genuﬂexus
2897 4919 3082 4988 recipit
3113 4916 3373 4987 spatulam
3406 4914 3607 4982 palma:
3629 4914 3701 4970 de
3730 4929 3869 4968 mana

2298 5028 2467 5083 papm,
2499 5022 2554 5066 et
2580 5012 2853 5067 osculatur
2888 5025 3026 5081 genu
3056 5009 3303 5065 dextrum
3331 5022 3506 5077 papae.
3532 5006 3606 5061 Et
3631 5008 3710 5062 sic
3738 5005 3864 5059 dein-

2299 5120 2427 5175 ceps
2456 5120 2644 5161 omnes
2675 5105 2977 5160 cardinales
3002 5105 3154 5173 juxta
3188 5100 3432 5157 ordinem
3462 5114 3665 5163 suum;
3693 5098 3869 5154 deinde

2300 5209 2489 5250 omnes
2520 5194 2722 5264 praelati
2755 5192 2945 5260 induti,
2977 5192 3153 5248 mitris
3185 5189 3463 5261 depositis,
3502 5189 3777 5259 genuflexi
3804 5203 3872 5241 re-

2300 5286 2502 5353 cipiunt
2532 5285 2795 5355 spatulam
2840 5287 3028 5355 palmae
3055 5285 3123 5339 de
3148 5298 3305 5337 manu
3337 5297 3510 5351 papae,
3543 5291 3603 5336 et
3643 5298 3781 5351 genu
3808 5295 3870 5331 as-

2302 5381 2549 5435 cnlantur
2598 5380 2915 5449 pluvialibus
2951 5380 3201 5434 violaceis
3233 5377 3419 5432 indu-i.

2377 5472 2716 5527 Camerarius
2754 5486 2927 5542 papaz,
2972 5470 3230 5536 notarius,
3275 5469 3489 5523 auditor
3526 5464 3867 5521 contradidr

2343 5624 2464 5659 Ill’a.
2509 5624 2656 5659 num.
2691 5624 2778 5659 1οο

2343 5624 2355 5657 1
2643 5646 2656 5659 .
2762 5644 2778 5659 ο

2303 5605 2486 5801 11ιῖιῖἢῆ
2509 5607 2713 5733 23:13:
2724 5607 3100 5746 8prrccineudo,
3134 5674 3206 5729 nti
3231 5674 3491 5729 ludentis
3522 5670 3640 5725 ﬁeri
3672 5678 3865 5723 censue

2303 5762 2347 5801 v.
2384 5787 2399 5801 .

2301 5762 2399 5801 ιι.

3760 300 3886 356 mit:
3960 296 3963 361 ἐ
