3990 6292
160 215 288 269 1501
1367 188 1625 245 ΠΟΝἸᾹΝὲ
1669 184 1801 238 0RD

1909 186 1980 238 IS.
2025 214 2090 222 ——-
2131 182 2243 237 XV.
2499 190 2502 194 '
3285 166 3419 219 17:03

155 341 294 386 rum,
347 329 400 376 et
443 325 746 379 corrector,
796 308 1001 369 ettamsi
1054 306 1216 378 alittui
1264 305 1502 374 ipsorum
1551 305 1735 356 essent
1764 297 1814 354 Α
1842 296 1905 348 ad
1954 294 2255 355 collectam.
2295 303 2461 359 quam
2506 284 2631 340 ἀίείι
2681 288 2799 352 ῐιοει
2849 278 3176 348 lat-sitiens!“
3217 277 3420 343 93""3'

2459 385 2465 386 ,
2543 376 2554 386 .
2806 385 2813 386 ,
3280 365 3388 386 --λε

157 366 396 474 episcopi
435 399 517 453 vel
564 364 977 461 archiepiseOpi,
1019 364 1157 459 quia.
1191 364 1298 441 non
1343 387 1742 439 consueverunt
1850 399 1966 438 rum
1995 401 2008 446 ;
2042 391 2094 437 et
2124 394 2338 445 semper
2381 385 2504 431 ante
2543 376 2713 444 ipsum
2764 367 3045 426 cardinalis
3081 364 3230 435 juxta
3276 365 3420 417 ordi-

158 511 278 550 esse
305 491 474 547 induti
501 484 848 558 put-amentis,
875 483 966 537 sed
993 481 1160 535 soluat
1188 493 1307 533 cum
1337 475 1520 544 cappis
1541 472 1740 536 laneis;
1853 491 1971 530 nem
1997 490 2169 537 suum,
2191 481 2246 527 et
2270 469 2604 540 patriarcltar.
2635 465 2766 519 Cum
2797 472 2970 518 autem
2999 473 3125 527 papa
3145 456 3335 511 exierit
3365 455 3426 507 ιῑ.

159 594 214 637 et
244 581 550 653 quicunque
581 577 669 629 alii
702 575 908 643 prtc‘ati
947 589 1049 627 non
1084 571 1272 639 parati,
1301 580 1353 624 et
1381 571 1539 624 etiam
1571 565 1745 632 capel-
1853 567 2048 622 Delium
2077 565 2158 619 vel
2182 561 2461 630 capellam,
2492 569 2645 614 etest
2677 556 2729 610 in
2774 553 2979 623 porticu
3013 566 3106 618 per
3143 562 3298 616 quam
3328 545 3430 598 itur

161 674 292 737 lani,
324 679 432 724 tam
471 666 882 729 commensales,
925 679 1082 734 quam
1127 663 1216 716 alii
1259 659 1520 726 capellani
1574 672 1742 726 papae,

1909 662 1918 713 l
1951 657 2206 725 capellam
2241 669 2511 724 magnam,
2545 651 2685 704 vadit
2724 648 2791 702 ad
2834 646 3141 704 fenestram,
3170 653 3288 710 qua:
3316 652 3432 692 res-

165 764 256 835 qui
297 762 495 818 debent
528 773 648 814 esse
690 757 992 826 specialiter
1024 753 1441 814 commensales,
1475 753 1523 802 in
1558 750 1746 814 cottis;
1855 750 1980 821 picit
2009 749 2073 801 ad
2117 747 2342 815 plateam
2374 756 2616 810 magnam
2651 739 2830 808 palatii
2862 753 2875 804 ;
2905 747 2956 790 et
2985 735 3054 791 ibi
3103 730 3314 802 proiicit
3345 743 3436 796 po-

166 869 270 908 tiee
291 868 396 906 non
425 846 824 918 pmnitentiarii,
871 857 923 900 ct
959 846 1192 901 breviter
1234 857 1420 897 omnes
1468 841 1554 895 alii
1600 841 1747 894 lami-
1859 845 1985 913 pulo
2017 856 2192 896 ramos
2224 839 2516 908 palmarum
2555 844 2611 890 et
2641 832 2898 887 olivarum
2932 836 2986 883 et
3031 826 3251 880 aliarum
3278 822 3436 875 arbo-

171 949 357 1008 liares,
389 943 548 997 etiam
580 941 719 1003 laici,
751 949 803 995 et
831 924 1131 1007 quicunque
1171 938 1260 990 alii
1307 952 1411 990 nan
1447 934 1750 998 familiares,
1858 952 1976 993 rum
2009 949 2207 990 ramos.
2242 930 2374 985 Cum
2418 937 2593 982 autem
2623 922 2922 994 pervenerit
2961 929 3084 973 ante
3111 917 3305 970 ostium
3350 926 3440 966 ca.

173 1038 381 1095 etiamsi
414 1053 504 1090 rex
533 1042 694 1096 esset,
726 1033 874 1087 ﬂexis
898 1031 1122 1101 genibus
1155 1028 1412 1096 recipiunt
1443 1028 1672 1094 palmas,
1702 1035 1754 1080 et
1861 1028 2035 1096 pellae,
2067 1031 2310 1078 cantatur
2343 1017 2540 1080 Gloria,
2584 1015 2885 1101 laus,‘ete.,
2939 1025 3034 1079 per
3076 1015 3320 1060 cantores
3365 1001 3433 1055 ab

174 1133 310 1186 alios
359 1142 540 1184 ramos
572 1127 796 1180 aliarum
849 1123 1122 1184 arborum,
1166 1121 1230 1174 de
1279 1134 1436 1172 manu
1482 1133 1652 1187 papa},
1703 1126 1757 1170 et
1861 1124 2038 1179 extra,
2065 1113 2177 1164 aliis
2205 1110 2270 1163 ab
2301 1110 2435 1162 intra
2463 1091 2927 1174 respondentibus.
2979 1098 3105 1164 Quae
3137 1101 3286 1164 porta
3319 1098 3444 1145 tunc

175 1221 302 1290 ipsis
355 1216 586 1287 receptis
626 1215 815 1285 pedem
859 1227 1010 1284 papae
1051 1210 1296 1266 dextrum
1340 1207 1673 1274 osculantur,
1703 1215 1759 1261 et
1862 1207 2040 1262 clausa
2089 1203 2248 1257 debet
2275 1214 2415 1262 esse,
2462 1194 2798 1252 cantantibus
2839 1190 3084 1246 omnibus
3114 1187 3251 1252 illis,
3287 1191 3444 1254 prout

179 1329 285 1369 non
315 1327 474 1382 genu.

253 1403 582 1466 Notandum,
620 1399 756 1468 quod
783 1401 836 1452 in
868 1398 968 1453 hac
995 1397 1152 1451 Missa
1194 1394 1391 1449 dicitur
1425 1402 1626 1447 tantum
1659 1406 1761 1444 una

181 1498 367 1553 Oratio
396 1514 410 1559 ;
439 1505 492 1550 et
519 1494 645 1549 dum
674 1492 921 1547 dominus
952 1503 1086 1561 papa
1105 1489 1274 1559 ipsam
1303 1487 1556 1542 inchoare
1581 1485 1762 1550 deiit‘l,

177 1590 306 1644 dicit
359 1587 609 1640 Dominus
652 1584 926 1648 vobiscum,
969 1590 1022 1636 et
1071 1596 1176 1636 non
1215 1579 1327 1633 Pax
1375 1579 1554 1644 vobis;
1587 1589 1764 1648 postea

177 1679 308 1736 dicit
337 1678 660 1732 Orationem.

253 1767 555 1824 Notandum
597 1766 754 1820 etiam
803 1763 1020 1833 quodsi
1063 1761 1362 1817 celebraret
1409 1775 1573 1830 papa,
1621 1759 1768 1828 prior

183 1859 558 1929 episcottorurn
609 1854 958 1909 cardinalium
1007 1852 1174 1908 servit
1201 1865 1352 1921 papae
1399 1852 1450 1905 in
1480 1851 1580 1903 hac
1611 1851 1768 1903 Missa

189 1953 243 2006 in
271 1951 448 2006 ollitio
477 1947 736 2017 capellani
768 1945 834 2000 de
870 1945 1005 2000 libro
1031 1961 1046 2010 ;
1075 1944 1119 1998 si
1149 1957 1276 1997 vero
1309 1956 1444 2011 papa
1472 1956 1577 1995 non
1623 1940 1772 1993 cele-

188 2042 327 2108 bret,
373 2041 538 2096 servit
570 2041 621 2094 ei
658 2039 714 2091 in
745 2036 921 2092 officio
951 2032 1212 2105 capellani
1245 2034 1388 2102 prior
1418 2032 1762 2103 presbytero-

190 2149 312 2188 rum
335 2131 716 2188 cardiualium.

265 2227 396 2282 ltem
431 2235 555 2281 nota
607 2221 748 2294 quod
779 2223 824 2276 si
864 2219 1188 2291 patriarchae
1229 2217 1496 2283 intersint,
1532 2224 1654 2286 post
1677 2218 1780 2284 pri-

197 2331 342 2370 mum
370 2314 694 2370 cardinalem
727 2353 743 2379 ,
777 2313 820 2366 si
849 2312 957 2366 sint
987 2309 1154 2364 induti
1187 2306 1528 2377 pluvialibus,
1572 2322 1779 2361 ramum

199 2407 393 2474 palmae
419 2405 701 2474 recipiunt.
733 2401 884 2469 Quod
912 2401 956 2454 si
996 2415 1089 2454 rex
1115 2397 1184 2453 sit
1213 2402 1472 2468 pncscns,
1514 2405 1634 2465 post
1662 2411 1782 2450 car-

199 2497 434 2552 dinalem
478 2495 570 2563 qtti
601 2503 729 2562 stat,
771 2500 975 2562 etpost
1016 2505 1195 2561 regem
1226 2489 1455 2559 palmam
1499 2489 1784 2557 recipiunt,

206 2587 279 2642 ita
321 2587 462 2657 quod
500 2599 716 2656 semper
759 2597 896 2638 unus
939 2581 1225 2638 cardinalis
1266 2579 1532 2649 prmccdat
1559 2578 1783 2647 patriar-

205 2681 362 2733 cltam
390 2695 404 2743 ;
429 2679 506 2733 sic
535 2677 860 2732 successive.

277 2771 412 2825 Nota
441 2769 605 2838 quod,
633 2766 928 2823 distributis
958 2765 1144 2831 ramis,
1179 2778 1312 2832 papa
1343 2763 1562 2833 deponit
1590 2763 1794 2833 pluvia-

208 2864 258 2918 le
285 2873 338 2918 et
363 2864 595 2928 mitram,
630 2870 683 2916 et
713 2859 900 2928 recipit
947 2856 1089 2912 aliud
1120 2869 1240 2911 cum
1265 2855 1448 2925 perlis,
1489 2863 1544 2910 et
1581 2855 1792 2910 mitram

214 2951 570 3007 aurifrisatam
600 2966 722 3005 cum
753 2947 934 3018 periis.

1871 1298 1923 1351 in
1957 1292 2145 1348 Missali
2177 1291 2418 1344 Romano
2464 1288 2788 1342 continetur.
2843 1281 3096 1335 Dominus
3149 1290 3285 1346 papa
3331 1289 3434 1327 nou

1868 1399 2026 1456 percu
2054 1384 2093 1436 it
2136 1395 2256 1433 cum
2289 1393 2448 1432 cruce
2479 1383 2705 1443 portam,
2733 1373 2869 1426 sicut
2899 1368 3183 1422 saeculares
3213 1377 3446 1418 consue-

1869 1483 2105 1538 verunt;
2150 1471 2242 1525 scd
2289 1467 2544 1537 prtcdicto
2597 1463 2743 1516 dicto
2787 1458 2964 1514 oilicio
3007 1456 3240 1524 aperitur
3275 1462 3446 1519 porta.

1871 1569 2071 1624 Deinde
2099 1564 2346 1620 dominus
2373 1574 2506 1630 papa
2559 1571 2678 1610 cum
2709 1551 3068 1608 c.trdittalib'ts
3113 1556 3166 1600 et
3214 1544 3446 1613 prmlatis

1807 1670 1852 1729 Β
1881 1656 2350 1730 processionalitcr
2379 1655 2537 1707 intrat
2566 1646 2855 1716 capellam,
2883 1652 2936 1696 et
2979 1655 3125 1694 more
3154 1638 3312 1692 sulito
3338 1643 3457 1689 orat

1869 1728 2250 1820 aliquantulum
2294 1759 2471 1800 coram
2501 1741 2687 1800 altare,
2723 1736 2810 1790 ubi
2851 1733 3008 1789 debet
3037 1745 3156 1785 e-se
3200 1728 3451 1784 cathedra

1873 1859 1992 1899 eum
2045 1837 2280 1895 scabello
2333 1842 2515 1904 parata
2545 1848 2561 1896 ;
2591 1839 2641 1884 et
2694 1827 2829 1882 facta
2859 1826 3108 1880 Oratione
3154 1821 3350 1890 surgit,
3400 1828 3456 1872 et

1880 1933 2025 1986 vadit
2051 1943 2217 1999 usque
2245 1927 2310 1980 ad
2345 1926 2515 1993 regias
2543 1921 2762 1988 capella:
2793 1918 2844 1972 itt
2875 1927 3019 1986 parte
3046 1915 3231 1968 dextra
3257 1928 3272 1977 ;
3302 1918 3356 1964 et
3383 1908 3455 1964 ibi

1880 2026 2088 2095 proiicit
2112 2034 2286 2074 ramos
2318 2026 2372 2073 et
2402 2017 2522 2069 lnlia
2553 2016 2812 2070 olivarum
2843 2010 3036 2079 populo
3061 2022 3154 2075 per
3195 2003 3457 2060 foramina

1879 2118 2166 2188 regiarum,
2187 2123 2242 2168 et
2257 2119 2435 2181 postea
2467 2107 2609 2162 venit
2641 2105 2704 2159 ad
2732 2117 2974 2172 magnam
3005 2098 3312 2154 cathedram
3345 2095 3463 2149 lon-

1880 2225 1946 2280 ge
1973 2207 2040 2260 ab
2060 2205 2213 2260 altari
2240 2210 2497 2272 paratam,
2531 2212 2648 2266 qua:
2673 2195 2833 2250 debet
2860 2207 2980 2247 esse
3009 2195 3256 2258 cooperta
3289 2199 3462 2255 panno

1885 2277 2168 2361 violaceo;
2201 2303 2256 2350 et
2311 2299 2551 2346 extracta
2595 2287 2774 2351 mitra,
2803 2282 2993 2338 stando
3040 2293 3224 2335 versus
3269 2277 3458 2341 altare,

1887 2390 2140 2462 episcopo
2173 2383 2433 2440 cardinali
2487 2381 2678 2435 librum
2709 2385 2831 2431 ante
2859 2389 2982 2430 eum
3033 2378 3246 2426 tenente
3271 2408 3286 2434 ,
3337 2365 3467 2421 dicit

1889 2482 2198 2538 Orationem
2239 2491 2356 2544 quae
2388 2470 2644 2540 competit
2674 2469 2728 2522 in
2758 2464 2975 2521 Missali.

1891 2591 1974 2648 LV
1986 2589 2073 2644 ιιι.
2108 2587 2184 2640 De
2213 2601 2347 2656 papa
2376 2591 2524 2637 eunte
2550 2579 2618 2632 ad
2638 2578 2825 2643 altare,
2854 2584 2900 2629 et
2925 2569 3269 2626 cardinalt'bus
3296 2580 3480 2624 occur-

2552 2667 2802 2724 rentibus.

1973 2773 2179 2829 Deinde
2224 2765 2366 2824 vadit
2397 2764 2462 2818 ad
2489 2759 2799 2817 cathedram
2828 2757 2984 2824 longe
3031 2751 3100 2805 ab
3127 2747 3281 2803 altari
3328 2760 3482 2817 para-

1900 2874 2006 2921 tam
2049 2873 2100 2918 et
2146 2860 2339 2916 ibidem
2382 2868 2531 2909 more
2579 2849 2738 2921 477
2794 2846 2951 2901 solito
3012 2843 3245 2898 violacea
3301 2839 3489 2906 recipit

1901 2963 2235 3030 paramenta.
2281 2949 2348 3004 Et
2375 2948 2631 3000 diaconus
2675 2935 2959 2995 cardinalis
3004 2935 3244 2988 dicturus
3275 2928 3489 3000 Passio-

292 3043 426 3098 Nota
453 3042 590 3111 quod
623 3042 667 3095 si
699 3055 830 3111 papa
863 3038 1023 3094 hodie
1051 3037 1368 3102 celebraret,
1403 3045 1616 3106 portare
1636 3036 1770 3092 debe
1825 3050 1876 3116 ο
1903 3023 2028 3108 ἢθη)
2063 3051 2216 3118 parat
2250 3052 2436 3110 papam
2465 3053 2479 3102 ;
2510 3044 2560 3090 et
2589 3047 2707 3087 cum
2741 3038 2889 3100 parat
2920 3041 3064 3092 eum,
3096 3027 3210 3093 ipse
3235 3023 3487 3077 diacmtus

208 3146 292 3190 ret
330 3148 484 3189 sacra
510 3140 823 3204 paramenta
869 3131 1103 3207 violacea
1135 3128 1218 3183 vel
1259 3128 1390 3182 lndii
1433 3127 1632 3182 coloris
1671 3127 1788 3182 sine

219 3225 405 3294 perlis,
437 3236 489 3280 et
536 3223 775 3280 sandalia
805 3223 919 3278 sine
948 3221 1132 3292 perlis,
1173 3221 1384 3275 mitram
1415 3219 1714 3288 simplicem
1739 3229 1793 3274 et

213 3318 424 3385 planam
454 3317 520 3372 de
548 3315 806 3388 garnello,
829 3324 883 3370 et
911 3314 1072 3374 etiam
1101 3313 1441 3370 chirotbccas
1464 3311 1581 3366 sine
1606 3312 1788 3379 perlis.

218 3411 416 3466 Verum
448 3408 611 3480 476
637 3418 715 3462 est
745 3408 883 3477 quod
911 3407 1181 3462 modernis
1213 3402 1541 3474 temporibus
1569 3418 1801 3458 consue-

215 3490 415 3558 verunt
463 3508 676 3567 portare
722 3499 932 3551 mitram
981 3499 1274 3551 solemnem
1307 3505 1362 3550 et
1407 3497 1716 3565 pretiosam,
1749 3503 1802 3547 et

212 3589 568 3647 chirotbccas
600 3588 900 3658 pretiosas:
929 3587 1105 3641 omnia
1134 3586 1237 3640 alia
1268 3587 1552 3656 simplicia.

217 3702 358 3760 LVI.
407 3700 513 3756 llic
555 3709 790 3754 cantores
831 3698 1086 3822 ἱηεῦρὶυῧε
1134 3707 1344 3751 cantare
1393 3697 1640 3751 llosauna
1675 3697 1806 3752 Filio

951 3783 1032 3821 avr
1075 3804 1091 3820 .

951 3783 1091 3821 8W0.

301 3861 590 3944 Sciendum
622 3859 765 3930 quod
804 3867 1087 3929 postquam
1124 3856 1326 3927 primus
1372 3856 1659 3912 cardinalis
1703 3859 1812 3926 pal-

224 3972 370 4013 mam
393 3955 596 4024 recepit
617 3954 687 4009 de
716 3953 959 4008 manibus
985 3964 1158 4020 papas,
1185 3958 1435 4004 cantores
1465 3958 1681 4004 cantant
1699 3949 1815 4004 Ilo-

225 4064 393 4105 smma
415 4045 556 4100 Filio
577 4044 740 4098 Dauid
755 4058 877 4098 cum
903 4042 1150 4098 omnibus
1167 4040 1288 4095 aliis
1305 4039 1640 4109 Antiphoais,
1666 4050 1817 4106 prout

235 4149 367 4196 sunt
413 4141 466 4192 in
515 4137 715 4192 Missali
750 4173 765 4188 .
811 4135 1027 4190 Interim
1079 4133 1355 4189 ordinatur
1405 4131 1684 4187 ProceSsio
1727 4148 1821 4202 per

231 4237 473 4305 priorem
501 4233 784 4288 diaconum
816 4231 1167 4285 cardinalem.
1213 4230 1328 4295 Qua
1361 4229 1702 4298 processione
1737 4246 1823 4285 or-

233 4327 419 4383 dinata
445 4335 498 4379 ut
526 4339 686 4394 supra
713 4323 765 4377 in
802 4322 889 4377 die
913 4322 1022 4375 Can
1046 4321 1290 4385 telarum,
1321 4323 1408 4389 qui
1441 4335 1588 4388 papae
1621 4322 1828 4376 aSsistit

1896 3116 2182 3205 cardinalis
2204 3141 2380 3207 portat
2408 3136 2609 3185 tantum
2635 3123 2868 3196 parando
2901 3119 3302 3191 superplicium,
3329 3116 3489 3172 amic-

1897 3247 2035 3303 tum,
2083 3229 2317 3286 set-icum
2368 3222 2571 3286 album,
2600 3214 2891 3288 cingulum,
2940 3208 3286 3274 stnl;-.m;sed
3321 3221 3482 3276 papa,

1897 3298 2082 3396 parato
2131 3320 2245 3389 ipso
2305 3313 2567 3374 diacono,
2627 3307 2895 3376 planctam
2949 3302 3137 3370 recipit
3193 3298 3484 3353 violaceam

1899 3388 1964 3472 ad
1997 3388 2215 3470 modum
2246 3407 2470 3461 aliorum
2523 3401 2865 3455 diaconorum
2915 3392 3285 3449 cardinalium.
3335 3388 3480 3458 Papa

1903 3523 2031 3566 vero
2061 3511 2269 3576 parato,
2301 3506 2356 3554 et
2389 3496 2545 3550 mitra
2576 3489 2824 3561 praedicta
2850 3488 3099 3556 reposita,
3133 3500 3236 3538 non
3270 3480 3481 3543 ιιωιήιίς,

1908 3603 2001 3656 sed
2035 3572 2259 3666 simplex
2294 3590 2412 3644 alba
2443 3588 2510 3642 de
2539 3583 2801 3656 garncllo,
2828 3577 3222 3652 assistentibus
3269 3575 3318 3629 ei
3359 3572 3488 3627 duo-

1911 3694 2008 3747 bus
2038 3685 2345 3742 diaconibus
2374 3678 2733 3735 cardinalibus
2761 3672 2869 3726 anti
2893 3670 3168 3738 prioribus,
3211 3679 3360 3721 more
3406 3677 3492 3718 so-

1914 3784 2009 3838 lito
2065 3773 2534 3847 prueessionaliter
2565 3769 2711 3823 vadit
2757 3767 2822 3820 ad
2878 3764 3085 3826 altare;
3119 3767 3174 3813 et
3219 3759 3271 3812 in
3325 3755 3502 3812 media

1917 3869 2096 3925 eundo
2119 3869 2407 3920 occurrunt
2436 3869 2538 3913 tre.~
2555 3856 2793 3925 iuniores
2811 3853 3098 3923 presbyteri
3117 3848 3434 3906 cardinales,
3452 3852 3509 3897 et

1920 3963 2034 4029 ipse
2061 3971 2155 4011 eos
2184 3954 2374 4020 recipit
2397 3950 2546 4018 juxta
2576 3945 2816 3999 ordinem
2847 3958 3001 3996 suum
3032 3943 3097 3993 ad
3125 3942 3362 3994 osculum
3393 3939 3502 3990 uris

1921 4028 1978 4106 et
2029 4045 2279 4116 pectoris.
2332 4041 2535 4095 blitram
2587 4034 2872 4104 pretiosam
2930 4030 3192 4084 interdum
3245 4029 3298 4082 in
3347 4028 3508 4080 Missa

1925 4141 2090 4202 dicta,
2140 4137 2184 4190 si
2218 4135 2439 4202 ipseutct
2483 4126 2738 4185 celebret,
2784 4137 2918 4192 papa
2965 4120 3240 4176 consuevit
3271 4127 3504 4189 portare.

1930 4233 2118 4287 Postea
2152 4239 2281 4280 vero
2323 4235 2503 4275 coram
2549 4217 2703 4272 altari
2733 4213 2858 4268 facit
2899 4210 3287 4268 confessionem
3336 4223 3508 4274 suam,

1934 4329 2087 4396 prout
2112 4327 2196 4375 est
2220 4323 2528 4372 consuetum
2555 4327 2571 4376 ;
2616 4318 2669 4364 et
2697 4324 2816 4363 cum
2845 4306 2975 4362 dicit
3021 4303 3349 4367 .llisereatur,
3379 4299 3511 4354 sub-

234 4435 267 4472 a
301 4415 552 4483 sinistris,
582 4414 711 4469 dicit
739 4415 843 4468 alta
890 4426 1021 4467 voce
1053 4411 1398 4466 Procedumus
1426 4427 1543 4464 cum
1573 4429 1715 4479 pace,
1764 4426 1801 4466 et

1927 4394 2180 4472 diaconus
2227 4407 2390 4463 tradit
2435 4404 2536 4460 sibi
2583 4400 2905 4469 manipulum
2952 4394 3244 4451 osculando
3274 4406 3513 4454 manum,

235 4513 438 4568 chorus
462 4507 748 4578 respondet
776 4507 882 4561 alta
912 4521 1040 4560 voce
1065 4503 1135 4558 In
1172 4505 1376 4558 nomine
1405 4504 1591 4557 Christi
1619 4521 1790 4559 amen.

635 4600 790 4656 LVII.
825 4599 932 4654 Hic
962 4607 1188 4652 moretur
1217 4596 1508 4651 Processio.

317 4688 519 4746 Deinde
545 4700 790 4746 movetur
837 4688 1131 4759 processio,
1162 4697 1217 4743 et
1262 4687 1522 4756 graditur,
1575 4697 1630 4741 et
1660 4688 1832 4756 primo

241 4780 543 4835 servientes
591 4795 861 4835 armorum
891 4795 1012 4835 cum
1042 4780 1203 4848 virgis
1243 4779 1354 4832 suis
1398 4788 1523 4833 ante
1549 4779 1833 4835 subdiaco-

246 4885 377 4926 num
407 4870 730 4952 baiulantem
757 4886 989 4936 crucem,
1015 4872 1102 4939 qui
1127 4871 1281 4925 debet
1310 4885 1430 4925 esse
1453 4872 1668 4925 indutus
1700 4887 1822 4926 cutn

249 4963 504 5018 tunicella
535 4963 754 5018 violacei
792 4963 871 5018 vel
905 4963 1035 5016 ludii
1065 4963 1282 5047 coieris,
1314 4971 1367 5016 et
1411 4962 1550 5017 circa
1577 4977 1699 5017 eum
1729 4963 1837 5018 duo

246 5064 560 5119 cerolerarii
589 5080 713 5118 cum
743 5062 1029 5117 luminibus
1081 5071 1136 5118 et
1177 5075 1284 5114 uno
1309 5059 1676 5130 acolytltorutn
1707 5076 1831 5116 cum

250 5158 528 5214 thuribulo
556 5167 611 5213 et
649 5161 886 5212 incenso.

327 5251 460 5305 Nota
489 5251 625 5319 quod
655 5253 788 5305 sicut
822 5262 952 5318 papa
981 5246 1152 5317 surgit
1188 5245 1257 5299 de
1287 5244 1564 5309 cathedra,
1616 5253 1845 5312 quatuor

254 5341 548 5397 nobiliores
584 5343 671 5412 qui
718 5339 912 5394 ibidem
953 5347 1076 5392 sunt
1102 5337 1314 5406 erigunt
1358 5349 1590 5403 pannum
1623 5343 1646 5370 ⁸
1681 5347 1843 5401 super

255 5448 381 5488 eum
411 5433 610 5488 baculis
640 5443 692 5488 et
719 5431 928 5501 angulis
971 5431 1021 5484 in
1051 5427 1442 5485 summitatibus
1471 5443 1484 5491 ;
1513 5435 1567 5480 et
1595 5425 1671 5480 sic
1699 5440 1842 5480 srm-

260 5540 357 5598 per
387 5541 520 5596 papa
550 5535 655 5582 stat
692 5526 880 5580 subtus
911 5538 1163 5593 pannum,
1213 5533 1487 5589 quousque
1535 5518 1841 5587 pervenerit

336 5648 364 5678 "
397 5639 692 5696 Umbellam
724 5635 1052 5707 appellamus
1076 5647 1169 5687 seu
1202 5627 1590 5685 baldacltinum.

1935 4515 2219 4572 antequam
2271 4497 2412 4556 dicat
2462 4497 2602 4551 Deus
2629 4505 2684 4548 tu
2738 4501 3024 4553 conuersus,
3069 4496 3171 4544 etc.
3230 4485 3523 4557 Episcopus

1935 4595 2238 4658 cardinalis,
2289 4590 2379 4660 qui
2409 4586 2577 4644 servit
2619 4584 2743 4649 sibi,
2799 4591 3085 4653 praesentat
3117 4580 3166 4636 ei
3218 4579 3519 4640 incensum,

1950 4697 2109 4761 prout
2151 4694 2236 4739 cst
2282 4681 2396 4736 lieri
2424 4685 2736 4734 consuetum
2765 4683 2818 4730 et
2865 4674 3136 4729 osculatur
3178 4670 3348 4726 altare
3375 4677 3430 4722 et
3458 4667 3524 4722 li~

1941 4758 2098 4837 brum
2133 4775 2542 4844 Evangeliorum
2578 4788 2593 4838 ;
2626 4767 2962 4839 postmodum
3009 4762 3171 4818 vertit
3216 4776 3275 4816 se
3303 4758 3369 4812 ad
3417 4759 3530 4812 dia-

1943 4884 2118 4926 conos
2138 4864 2457 4928 cardinales,
2491 4872 2544 4916 et
2574 4862 2720 4928 ipsos
2751 4857 2938 4927 recipit
2970 4855 3036 4909 ad
3067 4852 3308 4908 osculum
3332 4849 3448 4920 aris
3477 4857 3532 4902 et

1948 4959 2183 5032 pectoris
2212 4955 2506 5012 secundum
2539 4969 2691 5007 suum
2739 4951 3003 5010 ordinem,
3035 4955 3090 5001 et
3134 4945 3354 5000 ultimus
3384 4950 3532 5011 parat

1949 5054 2051 5110 sibi
2082 5053 2259 5106 fanum
2291 5049 2481 5105 subtus
2513 5047 2726 5116 pallium
2759 5057 2936 5106 suum,
2965 5043 3103 5109 quod
3132 5037 3183 5090 itt
3215 5037 3334 5090 aliis
3356 5032 3528 5089 Missis

1951 5146 2264 5217 regulariter
2317 5141 2594 5199 consuevit
2639 5138 2771 5192 ﬁeri.
2811 5133 3009 5190 Deinde
3035 5132 3180 5186 vadit
3226 5129 3290 5184 ad
3343 5127 3525 5183 sedem

1953 5255 2105 5295 suam
2139 5255 2151 5292 :
2181 5237 2274 5293 ubi
2319 5233 2508 5290 stando
2539 5232 2667 5286 dicit
2696 5228 2969 5283 lntroitum
2999 5240 3120 5280 cum
3151 5219 3534 5280 cardinalibus,

1955 5335 2048 5391 illo
2098 5334 2218 5390 solo
2245 5332 2462 5401 dempto
2493 5327 2583 5396 qui
2624 5325 2784 5380 debet
2809 5322 2990 5376 dicere
3021 5316 3393 5385 Evangeliutn,
3443 5310 3537 5380 qui

1951 5435 2190 5485 remanet
2216 5439 2377 5493 super
2403 5424 2570 5476 altare
2597 5433 2717 5473 cum
2749 5416 2969 5470 sacrista
3000 5423 3054 5466 ct
3102 5408 3429 5466 subdiaeuno
3451 5420 3464 5466 ;
3484 5409 3540 5456 et

1950 5535 2136 5576 omnes
2164 5518 2347 5588 iegnnt
2380 5513 2654 5570 lntroitum
2687 5520 2740 5565 et
2789 5506 2969 5577 lt'yric,
2997 5503 3186 5558 eleison
3217 5512 3379 5570 super
3405 5495 3544 5549 alta-
