3990 6292
207 243 346 300 I305

1394 234 1650 291 ROMANI
1692 232 1999 290 ORDLVES.
2045 264 2106 276 -
2148 233 2262 288 XV.

3318 233 3454 285 I506

195 367 251 413 et
282 358 410 414 dum
448 352 822 427 pronuntiatur
849 348 1211 419 Indulgentia,
1245 348 1502 404 diaconus
1532 347 1779 402 cardina-
1808 349 1857 405 A
1953 346 2084 401 Item
2112 344 2387 401 sciendum
2410 342 2549 414 quod
2577 342 2645 400 de
2674 342 2756 399 bis
2778 343 2945 399 tribus
2977 343 3187 409 diebus,
3214 354 3269 400 et
3294 348 3451 400 etiam

198 450 265 502 lis
293 451 385 520 qui
410 448 547 504 dixit
577 446 907 509 Passionem,
945 442 1168 510 deponit
1199 441 1491 513 planetam,
1530 449 1585 494 et
1612 440 1663 492 in
1700 438 1782 491 al-

199 539 285 593 bis
306 539 444 595 sicut
471 538 727 592 diaconus
760 535 909 588 vadit
936 532 1005 587 ad
1038 547 1227 603 papam
1267 531 1335 586 ad
1366 528 1777 586 devestiendum

200 641 349 693 eum,
379 642 476 681 seu
504 624 834 680 removendo
873 622 975 677 sibi
1005 630 1335 691 paramenta,
1363 628 1418 674 et
1444 628 1623 689 postea
1668 626 1780 672 sto-

198 715 332 783 lam,
361 715 598 786 pluviale
624 722 681 771 et
709 716 919 769 mitram
953 713 1241 768 induendo.
1280 712 1478 766 Deinde
1509 711 1623 779 ipse
1663 708 1781 764 dia-

195 818 375 862 conus
407 804 630 873 deponit
659 811 991 873 paramenta,
1022 813 1073 859 et
1106 817 1295 858 omnes
1323 802 1482 856 etiam
1527 801 1613 855 alii
1645 815 1780 867 pra:-

199 896 299 952 Iati
325 908 418 949 sua
440 893 717 964 deponunt
745 902 1071 962 paramenta,
1098 901 1151 948 et
1176 904 1372 960 cappas
1400 890 1582 945 laneas
1623 903 1777 943 resu-

198 994 374 1040 munt.
406 985 547 1054 Papa
575 999 723 1051 vero,
757 984 1016 1053 depositis
1064 985 1232 1038 sacris
1259 982 1517 1045 vestibus,
1562 980 1779 1035 indutus

202 1086 387 1131 manto
413 1076 608 1142 rubeo,
641 1084 695 1130 et
725 1076 881 1130 mitra
912 1074 1162 1144 przedicta
1194 1074 1294 1128 sibi
1341 1073 1570 1140 reposita
1592 1111 1607 1136 ,
1632 1072 1778 1126 vadit

198 1166 268 1220 ad
297 1180 561 1220 cameram
596 1179 769 1229 suam,
799 1164 1173 1219 assistentibus
1205 1164 1253 1218 ei
1303 1162 1511 1216 duobus
1541 1162 1780 1216 diaconi-

199 1260 302 1312 hns
329 1255 691 1311 cardinalibus
718 1254 1128 1325 antiquioribus,
1160 1268 1266 1307 uno
1293 1267 1320 1306 a
1348 1251 1549 1306 dextris
1570 1292 1585 1319 ,
1617 1251 1721 1305 alio
1747 1265 1777 1305 a

196 1346 452 1401 sinistris.

271 1434 405 1489 Nota
448 1433 590 1503 quod
626 1449 764 1488 anno
792 1433 1000 1489 Domini
1033 1430 1168 1489 1588
1192 1432 1377 1487 Romae
1400 1431 1647 1487 dominus
1673 1431 1777 1488 Ur-

198 1524 371 1580 banus
400 1526 461 1579 VI
495 1526 591 1581 hac
611 1526 700 1581 die
729 1526 894 1580 ramis
920 1525 1219 1579 Palmarum
1245 1539 1349 1577 non
1375 1523 1497 1578 fecit
1517 1522 1775 1589 ofﬁcium,

196 1618 325 1687 quia
355 1616 588 1671 nondum
620 1626 736 1672 erat
767 1624 1094 1680 coronatus;
1122 1615 1214 1669 sed
1246 1614 1383 1668 bene
1405 1613 1552 1667 dedit
1576 1612 1779 1681 palmas

1884 435 2312 504 quandocunque
2365 450 2499 506 papa
2557 435 2704 490 venit
2729 435 2796 489 ad
2847 436 3105 504 capellam
3152 449 3274 491 cum
3305 437 3454 491 chla-

1882 523 2039 595 myde
2069 533 2123 579 et
2150 539 2401 594 capueeo,
2434 540 2537 580 non
2567 534 2807 594 portatur
2829 539 2957 580 crux
2984 541 3163 581 coram
3193 541 3280 581 eo.

1951 613 2083 669 Item
2130 614 2198 669 de
2238 627 2361 669 sero
2410 614 2475 669 ad
2507 615 2744 670 ofﬁcium
2776 616 3151 671 Matutinarum
3204 614 3455 671 dominus

1881 717 2015 773 papa
2044 704 2191 759 venit
2233 703 2300 758 ad
2329 704 2584 772 capellam
2615 719 2737 759 cum
2768 720 2934 774 cappa
2986 705 3165 761 clausa
3195 708 3263 760 de
3306 719 3459 759 scar-

1881 795 2011 851 Ietto
2056 796 2243 860 rnbeo,
2300 796 2537 851 fuderata
2587 796 2655 852 de
2686 797 3017 864 bermelinis,
3046 798 3223 853 clausa
3272 797 3453 851 medio

1881 888 2112 957 pectoris
2141 901 2352 942 sursum
2384 896 2439 943 et
2466 898 2650 957 aperta
2681 888 2929 944 deorsum
2957 906 2971 943 :
3003 889 3269 945 cocullum
3313 902 3454 942 sem-

1882 994 1976 1048 per
2023 987 2169 1034 tenet
2216 992 2379 1048 super
2426 988 2607 1049 caput,
2657 986 2712 1035 et
2760 982 2876 1036 sine
2908 984 3066 1037 mitra
3117 982 3169 1036 in
3203 980 3455 1037 cathedra

1881 1072 2017 1125 nuda
2044 1073 2227 1137 sedet;
2262 1087 2361 1127 nec
2392 1073 2604 1128 diaconi
2632 1076 2931 1130 cardinales
2963 1076 3149 1131 sedent
3203 1084 3325 1129 ante
3354 1091 3445 1143 pe-

1841 1155 1844 1159 ’
1878 1167 1976 1222 des
2006 1166 2118 1234 ejus
2159 1167 2211 1221 in
2250 1169 2332 1223 his
2377 1166 2543 1221 tribus
2594 1167 2889 1234 Matutinis,
2923 1183 3096 1238 neque
3128 1169 3179 1223 in
3228 1168 3331 1222 ﬁne
3362 1167 3453 1221 dat

1880 1256 2309 1311 Benedictionem
2338 1257 2389 1311 in
2421 1257 2550 1325 ipsis
2582 1256 2873 1313 Matutinis.

1882 1364 2063 1421 LXIII.
2112 1364 2177 1418 In
2221 1371 2304 1419 die
2349 1368 2492 1421 Jovis
2535 1375 2731 1487 sancta,
2765 1368 2844 1447 ⁸(ιε
2891 1366 3074 1434 Missa,
3106 1376 3154 1421 et
3199 1365 3262 1419 de
3290 1366 3453 1433 ofﬁcio

2508 1453 2533 1487 ε
2555 1448 2821 1487 msmatrs.

2508 1448 2821 1490 curtsmatrs.

1951 1528 2079 1586 Item
2112 1530 2163 1585 in
2192 1530 2277 1585 die
2302 1529 2447 1586 Jovis
2473 1539 2656 1584 sancta
2689 1528 2744 1582 in
2778 1527 2945 1583 Coena
2979 1526 3209 1592 Domini,
3241 1526 3340 1581 hac
3368 1526 3455 1582 die

1882 1619 2039 1675 Missa
2063 1619 2429 1675 tantummodo
2446 1617 2745 1684 mandatur,
2772 1631 2943 1687 neque
2964 1626 3047 1672 est
3068 1632 3245 1672 sermo
3269 1618 3449 1672 hodie.

194 1719 251 1764 et
282 1724 479 1777 ramos,
513 1719 565 1766 et
597 1709 840 1764 interfuit
889 1710 1059 1764 Missae
1090 1708 1308 1764 indutus
1348 1708 1568 1776 pluviali
1610 1705 1777 1760 rubeo
1808 1707 1855 1768 B
1883 1710 1958 1765 De
1981 1711 2098 1776 jure
2128 1709 2349 1765 Romani
2394 1710 2671 1779 pontiﬁces
2698 1720 3092 1766 consueverunt
3126 1711 3298 1779 primo
3320 1711 3450 1764 dare

196 1810 254 1854 et
282 1800 433 1854 mitra
463 1800 600 1853 alba.
630 1798 797 1866 Quam
824 1799 1033 1854 Missam
1065 1798 1199 1853 dixit
1219 1798 1506 1853 cardinalis
1549 1795 1776 1850 Floren-

198 1892 346 1945 tinus
378 1891 429 1943 in
459 1904 644 1958 magna
667 1891 889 1959 capella.
927 1890 993 1944 Et
1018 1891 1096 1944 sic
1120 1904 1215 1958 per
1244 1889 1491 1943 dominos
1521 1885 1769 1942 cardina-

200 1983 285 2037 les
315 1982 418 2036 illaa
442 1982 601 2037 etiam
635 1991 740 2036 tres
770 1982 943 2037 Missae
970 1983 1037 2037 de
1073 1981 1404 2037 bebdomada
1452 1988 1632 2036 sancta
1663 1979 1777 2033 fue-

196 2082 329 2129 runt
353 2073 633 2128 celebrata:
662 2074 777 2143 ipso
805 2084 1065 2142 praesente
1094 2082 1151 2127 ut
1181 2088 1369 2141 supra.

238 2163 373 2218 LXI.
405 2164 481 2218 De
508 2163 682 2217 diebus
710 2162 871 2218 Lunae
895 2173 940 2217 et
972 2163 1155 2217 Martis
1178 2162 1508 2216 hebdomade:
1533 2168 1739 2215 sancite.

270 2251 399 2309 Item
431 2253 518 2309 die
546 2252 713 2308 Lunae
739 2268 845 2308 non
877 2262 960 2308 est
986 2252 1146 2307 Missa
1187 2252 1414 2321 papalis.

272 2342 403 2400 Item
448 2346 501 2400 in
530 2344 618 2400 die
645 2345 827 2400 Martis
874 2343 1122 2400 dominus
1148 2353 1336 2399 noster
1376 2341 1527 2397 audit
1564 2339 1777 2395 Missam

196 2450 446 2507 magnam
476 2435 529 2491 in
551 2451 647 2493 sua
683 2436 888 2506 capella
936 2450 1126 2505 parva,
1157 2450 1318 2505 quam
1368 2432 1605 2489 celebrat
1642 2445 1779 2511 unus

196 2527 270 2585 de
296 2526 620 2593 cantoribus,
650 2536 703 2582 et
731 2526 857 2597 legit
886 2525 1222 2581 Passionem.

644 2640 801 2696 LXII.
843 2640 921 2714 De
944 2641 1027 2694 die
1053 2638 1320 2694 Mercurii.

272 2732 403 2789 Item
432 2731 487 2786 in
523 2731 612 2787 die
638 2731 884 2786 Mercurii
908 2738 1091 2786 sancta
1120 2730 1248 2785 illud
1275 2729 1413 2785 idem
1441 2727 1775 2784 observatur.

273 2821 381 2877 Sed
411 2821 725 2886 notandum,
772 2821 817 2875 si
846 2819 956 2875 sint
987 2818 1275 2890 peregrini,
1324 2819 1392 2874 de
1434 2817 1604 2888 gratia
1646 2830 1770 2886 spe-

197 2911 327 2967 ciali
355 2926 484 2981 papa
516 2919 635 2980 post
662 2912 876 2965 Missam
907 2910 1190 2966 consuevit
1219 2911 1347 2966 dare
1391 2909 1774 2980 indulgentiam

198 3002 419 3072 populo,
438 3003 489 3057 in
518 3018 620 3072 qua
643 3012 727 3057 est
745 3001 957 3057 indutus
981 3001 1193 3072 pluviali
1212 3002 1374 3057 rubeo
1386 3001 1551 3072 480
1572 3000 1773 3069 absque

1878 1804 2073 1874 pOpqu
2120 1802 2526 1873 lndulgentiam,
2557 1802 2650 1858 sed
2684 1801 2751 1856 de
2782 1803 2953 1873 gratia
2993 1800 3049 1857 in
3079 1801 3166 1857 die
3207 1801 3453 1855 Mercurii

1878 1904 1997 1965 post
2022 1894 2255 1948 Missam.

1947 1987 2235 2042 Sciendum
2264 1985 2404 2055 quod
2450 1984 2673 2039 Romani
2724 1986 2980 2054 prazsules
3033 1986 3084 2040 in
3117 1986 3287 2053 primo
3311 1999 3457 2040 anno

1830 2090 1833 2093 '
1875 2077 2234 2133 coronationis
2250 2084 2644 2131 consueverunt
2669 2076 2936 2131 conﬁcere
2960 2090 3171 2131 sacrum
3197 2076 3456 2143 chrisma,

1876 2168 2122 2224 etfacere
2137 2167 2527 2235 Mandatum,et
2555 2168 2855 2223 conﬁcerea
2886 2181 3053 2239 agnus
3078 2167 3193 2231 Dei,
3222 2176 3347 2220 nota
3384 2167 3452 2221 de

1878 2256 2102 2327 singulis
2129 2257 2259 2312 locis
2287 2258 2419 2321 suis,
2451 2263 2507 2312 et
2535 2272 2805 2326 nunquam
2830 2257 2949 2325 plus
2972 2255 3069 2310 nisi
3088 2256 3154 2312 de
3179 2266 3381 2325 septem
3402 2256 3454 2310 in

1875 2356 2080 2418 septem
2110 2348 2264 2401 annis
2282 2389 2297 2415 ,
2323 2346 2572 2418 quoniam
2600 2355 2726 2402 tunc
2748 2347 2915 2401 multa
2943 2346 3274 2402 observanda
3308 2355 3455 2400 sunt.

1949 2438 2104 2492 Anno
2135 2450 2268 2506 ergo
2297 2437 2394 2492 illo
2416 2436 2469 2492 in
2495 2451 2601 2508 quo
2622 2452 2748 2494 vere
2766 2436 3044 2493 conﬁcitur
3061 2448 3296 2492 sanctum
3312 2436 3456 2491 chri-

1876 2542 2014 2596 sma,
2043 2544 2253 2584 summo
2282 2544 2438 2585 mane
2466 2530 2615 2598 quasi
2649 2528 2701 2583 in
2733 2539 2851 2584 ortu
2881 2529 3011 2585 solis
3033 2569 3050 2596 ,
3083 2529 3329 2584 dominus
3360 2544 3455 2583 no-

1887 2628 2001 2673 ster
2038 2634 2171 2690 papa
2201 2620 2345 2673 venit
2374 2620 2437 2673 ad
2462 2620 2637 2690 regias
2668 2619 2891 2688 ferreas,
2920 2619 2985 2674 ad
3016 2619 3248 2674 dandum
3280 2620 3455 2674 indul-

1877 2712 2110 2780 gentiam
2166 2711 2387 2781 populo,
2432 2712 2651 2767 indutus
2682 2711 2894 2781 pluviali
2946 2711 3132 2777 rubeo,
3165 2726 3285 2765 cum
3312 2710 3455 2765 auri-

1879 2801 2040 2855 frisiis
2062 2815 2181 2855 cum
2217 2801 2400 2870 perlis,
2419 2801 2579 2872 48],
2600 2802 2775 2867 mitra,
2794 2802 2926 2857 stola
2958 2817 3079 2857 cum
3111 2802 3272 2872 perlis
3294 2802 3452 2857 modo

1878 2891 2255 2948 consistoriali.
2285 2893 2398 2961 Qua
2428 2894 2575 2963 data,
2621 2894 2876 2964 depositis
2909 2895 3250 2962 paramentis,
3298 2894 3447 2948 audit

1876 2996 2081 3042 secrete
2109 2986 2355 3052 Missam;
2385 3001 2486 3056 qua
2512 2986 2679 3052 ﬁnita,
2711 2988 2997 3042 conﬁtetur
3020 2997 3238 3056 peccata
3262 3001 3378 3041 sua.

198 3093 364 3163 periis
385 3133 400 3159 ,
432 3104 625 3149 etcum
650 3092 804 3147 mitra
833 3092 1063 3162 simplici
1095 3091 1249 3158 alba;
1286 3100 1336 3146 et
1356 3099 1571 3160 paratur
1590 3090 1660 3143 ibi
1686 3089 1772 3144 ubi
1800 3075 1847 3141 C
1947 3080 2101 3133 Missa
2128 3094 2255 3149 9'30
2285 3093 2442 3148 Parva
2470 3078 2636 3146 “ulla.
2669 3080 2949 3135 τθαεευῐηίῑ
2973 3088 3277 3148 Pammenia
3312 3092 3453 3147 Μεθ’

194 3181 357 3237 datur
381 3182 709 3249 Benedictio,
740 3183 824 3238 vel
871 3184 925 3238 in
954 3185 1299 3239 anticamera.
1345 3182 1414 3238 Et
1444 3182 1611 3253 primo
1635 3181 1778 3236 venit

192 3287 321 3328 cum
364 3274 647 3345 chlamyde
676 3275 744 3329 de
788 3274 1041 3333 scarletto
1069 3289 1190 3329 cum
1238 3288 1472 3343 capueeo
1499 3274 1552 3328 in
1601 3274 1776 3342 capite

191 3365 402 3435 absque
445 3369 636 3433 mitra;
669 3376 723 3420 et
752 3367 830 3421 sic
884 3367 1028 3422 venit
1060 3367 1126 3422 ad
1170 3366 1485 3423 Matutinum
1510 3406 1526 3434 ,
1573 3374 1628 3421 et
1669 3373 1778 3420 stet

188 3468 323 3508 cum
350 3453 494 3508 dicto
524 3469 759 3531 capueeo
788 3471 893 3510 non
924 3467 1144 3512 extenso
1174 3472 1334 3528 super
1377 3458 1631 3523 frontem,
1681 3454 1775 3510 sed

188 3545 479 3617 replicato.
520 3545 583 3598 Et
616 3544 757 3598 istud
808 3544 908 3599 fuit
936 3546 1217 3600 Florentiae
1262 3558 1504 3614 tempore
1550 3545 1774 3616 Eugenii

186 3636 398 3706 quarti.
431 3636 496 3691 Et
529 3637 586 3689 ﬁt
613 3635 700 3690 die
724 3634 871 3690 Jovis
902 3636 1043 3690 idem
1072 3636 1139 3689 ad
1187 3636 1645 3691 Benedictionem.
1742 3634 1748 3641 ’

270 3723 402 3778 Item
427 3723 713 3778 notandum
742 3724 882 3793 quod
916 3725 983 3778 de
1004 3737 1129 3778 sero
1158 3724 1285 3778 hora
1315 3724 1655 3793 competendi
1686 3738 1776 3778 ve-

190 3812 277 3867 nit
306 3813 371 3867 ad
399 3813 716 3867 audiendum
740 3812 975 3867 ofﬁcium
1008 3814 1060 3866 in
1087 3812 1291 3881 capella
1319 3811 1633 3881 simpliciter
1654 3826 1775 3865 cum

190 3904 479 3975 chlamyde
509 3905 670 3961 rubea
696 3915 749 3960 et
778 3920 1014 3974 capueeo
1044 3919 1204 3975 super
1233 3914 1412 3973 caput,
1460 3917 1566 3957 non
1601 3914 1775 3956 tamen

191 3996 488 4064 duplicato,
540 4006 696 4064 prout
733 3990 1073 4051 aliis'diebus
1119 3996 1420 4061 consuevit,
1472 3993 1569 4048 sed
1598 3994 1774 4048 solum

192 4093 427 4141 extenso
456 4101 617 4155 super
647 4086 857 4141 oculos.

272 4179 398 4233 Item
419 4188 537 4232 nota
556 4178 696 4248 quod
720 4177 803 4232 his
820 4178 1010 4232 diebus
1033 4177 1203 4232 tribus
1223 4186 1339 4248 post
1370 4175 1603 4231 oIﬁcium
1632 4190 1764 4245 papa

191 4290 304 4329 non
334 4272 489 4328 debet
519 4273 645 4328 dare
659 4271 1115 4336 Benedictionem,
1134 4279 1188 4326 et
1219 4284 1323 4324 non
1346 4276 1589 4339 portatur
1612 4283 1773 4323 crux.

270 4365 399 4419 Item
452 4372 579 4417 nota
630 4362 771 4432 quod
830 4361 1130 4416 cardinales
1185 4360 1321 4415 bene
1380 4366 1774 4414 consueverunt

1879 3168 2043 3234 dicta,
2075 3177 2129 3223 et
2153 3166 2506 3224 cardinalibus
2527 3168 2772 3223 omnibus
2802 3166 3002 3223 indutis
3022 3168 3188 3224 sacris
3218 3166 3455 3223 vestibus

1878 3260 2013 3314 albis
2041 3258 2332 3315 secundum
2362 3258 2603 3313 ordinem
2640 3273 2814 3323 suum,
2845 3258 3046 3314 scilicet
3066 3257 3303 3327 episcopi
3337 3258 3455 3326 plu-

1879 3350 2053 3417 vialia,
2100 3349 2394 3421 presbyteri
2443 3350 2667 3416 casulas,
2708 3349 2915 3404 diaconi
2951 3350 3226 3403 tunicellas
3256 3357 3309 3402 et
3340 3349 3456 3402 dal-

1877 3443 2121 3511 maticas,
2147 3452 2198 3496 et
2216 3441 2305 3496 alii
2330 3440 2529 3509 prmlati
2553 3439 2799 3508 pluvialia
2825 3440 3083 3509 recipiunt
3103 3454 3219 3492 cum
3248 3447 3451 3505 septem

1874 3533 2136 3598 candelis,
2167 3528 2211 3586 si
2241 3533 2347 3586 sint
2367 3531 2738 3585 Processiones
2752 3529 3048 3599 generales,
3070 3531 3454 3582 utconﬁciatur

1874 3633 2117 3679 sanctum
2160 3623 2429 3689 chrisma;
2462 3621 2593 3677 alias
2629 3637 2753 3678 vero
2788 3631 3026 3676 sanctum
3073 3621 3304 3676 chrisma
3336 3636 3455 3675 cum

1875 3713 2083 3767 duobus
2103 3714 2273 3767 cereis
2294 3722 2344 3767 et
2360 3727 2517 3767 cruce
2535 3712 2996 3779 processionaliter
3017 3710 3236 3766 vaditad
3259 3711 3457 3776 locum,

1879 3804 1965 3857 ubi
1996 3803 2168 3857 solent
2201 3803 2455 3870 publicari
2490 3817 2803 3871 processus;
2839 3815 2891 3858 et
2918 3804 2988 3858 ibi
3016 3804 3170 3859 sedet
3199 3805 3251 3857 in
3276 3803 3455 3857 cathe-

1878 3893 1970 3946 dra
2002 3900 2180 3959 parata
2215 3905 2390 3960 panno
2419 3892 2540 3945 albo
2569 3893 2761 3957 nobili;
2789 3901 2843 3945 et
2866 3907 3050 3947 omnes
3079 3894 3376 3948 cardinales
3401 3904 3455 3946 et

1876 3984 2078 4055 przelati
2114 3984 2302 4038 sedent
2333 3983 2385 4035 in
2416 3982 2543 4037 locis
2579 3984 2688 4037 suis
2713 3996 2835 4036 cum
2867 3981 3058 4048 tnitris,
3090 3983 3182 4038 sed
3214 3991 3368 4037 antea
3399 3982 3458 4034 ﬁt

1876 4077 2171 4135 reverentia
2200 4090 2291 4145 per
2318 4075 2635 4129 cardinales.

1946 4168 2080 4223 Item
2108 4176 2230 4221 nota
2262 4163 2405 4237 quod
2433 4162 2658 4233 quilibet
2680 4161 2965 4217 cardinalis
3004 4171 3056 4217 et
3089 4162 3337 4231 praelatus
3372 4161 3453 4215 in-

1874 4262 2034 4317 dutus
2084 4269 2224 4315 tenet
2274 4272 2432 4313 unam
2477 4256 2703 4311 faculam
2734 4270 3013 4311 accensam
3053 4255 3120 4312 de
3155 4270 3275 4311 cera
3313 4271 3460 4311 com-

1874 4356 2041 4420 muni,
2070 4370 2227 4425 quam
2262 4353 2419 4409 tradit
2459 4351 2709 4421 magister
2748 4350 3211 4418 ca’remoniarum,
3245 4358 3298 4403 et
3327 4364 3458 4418 papa

192 4457 386 4511 venire
432 4456 499 4510 de
543 4427 664 4511 sero
691 4453 758 4509 ad
809 4454 1135 4508 audiendum
1183 4453 1421 4507 ofﬁcium
1472 4452 1527 4506 in
1570 4451 1771 4520 capella
1802 4427 1948 4505 Dde
1973 4448 2176 4502 duabus
2217 4443 2365 4500 libris
2386 4443 2451 4499 de
2489 4456 2613 4498 cera
2642 4441 2793 4511 quasi
2834 4440 2973 4508 alba,
3004 4454 3134 4511 quas
3163 4438 3457 4510 projiciunt

189 4562 352 4617 papae
381 4545 496 4601 istis
538 4545 706 4600 tribus
729 4544 939 4609 diebus,
992 4559 1096 4598 non
1147 4552 1324 4598 tamen
1358 4541 1592 4596 mandati
1621 4581 1637 4608 ,
1674 4540 1771 4598 sed

190 4644 366 4701 libere
392 4656 446 4700 et
475 4652 685 4713 sponte,
716 4641 1015 4697 devotionis
1038 4654 1221 4695 causa.

266 4735 394 4789 Item
419 4719 707 4803 nota'quod
753 4731 975 4786 Romani
1009 4730 1289 4799 pontiﬁces
1333 4728 1415 4782 bis
1447 4726 1622 4783 tribus
1651 4724 1766 4780 die-

190 4829 298 4883 bus
328 4842 430 4881 non
461 4832 850 4881 consueverunt
875 4823 1055 4876 dicere
1084 4820 1320 4875 ofﬁcium
1342 4832 1460 4873 cum
1504 4815 1766 4887 episcopis

188 4928 250 4973 et
278 4915 628 4972 conventibus
649 4912 780 4980 suis,
805 4912 929 4966 dum
958 4912 1203 4965 dicuntur
1229 4908 1529 4972 Matutinaz;
1553 4904 1646 4961 sed
1676 4904 1771 4958 de-

188 5018 320 5062 vote
346 5007 539 5059 debent
560 5004 740 5057 dicere
765 5001 1018 5066 ofﬁcium,
1051 5007 1107 5054 et
1133 5007 1316 5069 postea
1344 4996 1395 5051 in
1436 5008 1771 5051 camera-sua

186 5114 314 5154 cum
345 5094 686 5152 cubiculariis
714 5092 823 5147 suis
854 5091 1053 5145 dicere.

263 5188 394 5244 Item
425 5189 477 5241 in
521 5186 609 5241 die
636 5184 879 5239 Mercurii
908 5182 975 5236 de
1005 5196 1127 5236 sero
1156 5180 1283 5233 hora
1309 5173 1650 5246 competendi
1678 5173 1774 5228 do-

189 5280 371 5335 minus
402 5291 533 5347 papa
562 5276 708 5330 venit
731 5274 797 5328 ad
827 5262 1056 5327 ofﬁcium
1083 5271 1452 5327 Matutinarum
1483 5281 1604 5322 cum
1623 5265 1773 5319 chla-

190 5366 358 5437 myde
381 5367 449 5421 de
470 5366 721 5420 scarletto
740 5378 857 5417 cum
881 5375 1116 5431 capueeo
1142 5369 1365 5415 extenso
1391 5372 1550 5426 super
1571 5356 1769 5421 fronte,

186 5475 301 5516 non
332 5458 615 5528 replicate,
646 5466 701 5512 et
729 5456 848 5510 sine
877 5455 1054 5508 mitra.

270 5585 295 5613 ⁸
320 5576 408 5633 Sic
438 5574 606 5640 infra,
656 5572 707 5627 in
736 5586 859 5638 cap.
890 5570 981 5634 8%,
1015 5570 1101 5623 ubi
1145 5568 1211 5624 de
1268 5567 1501 5621 Sabbato
1525 5567 1577 5620 in
1611 5565 1779 5631 Albis,

191 5648 403 5715 quando
450 5646 638 5701 dantur
681 5659 839 5713 agnus
887 5640 1013 5707 Dei;
1051 5649 1102 5694 ct
1151 5641 1200 5693 in
1254 5654 1372 5708 cap.
1424 5652 1563 5707 seq.,
1610 5652 1772 5704 agnus

1874 4535 2319 4593 anathematibus.

2229 4625 2414 4682 LXIV.
2452 4624 2529 4679 De
2559 4624 2772 4678 lectione
2804 4621 3101 4677 Processus.

1943 4724 2071 4780 Item
2087 4729 2208 4776 nota
2224 4718 2361 4790 quod
2375 4716 2726 4773 subdiaconus
2738 4714 2864 4783 legit
2880 4713 3166 4768 Processus
3184 4711 3234 4766 in
3251 4710 3462 4785 Latino,

1872 4813 2086 4870 indutus
2106 4811 2286 4865 habitu
2308 4808 2536 4873 diaconi,
2555 4814 2609 4861 et
2616 4805 2792 4875 jnnior
2804 4803 3056 4859 diaconus
3068 4801 3353 4858 cardinalis
3375 4815 3464 4855 ea-

1876 4906 1996 4960 dem
2022 4904 2179 4958 verba
2203 4900 2452 4956 nobiliter
2477 4906 2531 4953 et
2558 4895 2952 4966 intelligibiliter
2977 4895 3101 4948 dicit
3122 4894 3173 4948 in
3205 4892 3461 4947 idiomate

1878 4996 1973 5051 illo.
1992 4995 2044 5050 in
2071 5007 2174 5062 quo
2193 5001 2317 5045 stat.
2336 4988 2534 5056 Quibus
2558 4986 2725 5053 lectis,
2746 5000 2875 5055 papa
2894 4987 3081 5054 signat,
3103 4990 3157 5037 et
3172 4983 3298 5037 dicit
3318 4982 3461 5034 Ληα-
3494 5050 3499 5053 κ

1877 5086 2281 5147 thematizamus,
2323 5080 2403 5135 vel
2439 5082 2509 5139 ita
2536 5078 2804 5147 faciamus.
2840 5077 2905 5131 Et
2944 5074 3151 5145 projicit
3180 5073 3459 5129 candelam

1884 5174 2126 5239 inferius,
2157 5181 2212 5227 et
2238 5184 2424 5225 omnes
2461 5167 2550 5222 alii
2579 5167 2826 5222 candelas
2864 5181 2987 5221 suas
3015 5166 3319 5235 projicinnt,
3365 5165 3454 5217 sed

1884 5279 1988 5322 non
2004 5260 2329 5327 ceroferarii,
2358 5260 2469 5313 sive
2481 5257 2713 5328 acolythi
2735 5257 2850 5311 illas
2868 5256 2935 5311 de
2957 5256 3311 5318 candelabris,
3334 5245 3459 5323 quia

1884 5353 2347 5425 processionaliter
2386 5356 2729 5405 revertuntur
2752 5347 2889 5402 sicut
2928 5348 3157 5401 iverunt.
3190 5348 3333 5406 Quas
3362 5345 3458 5397 de-

1884 5460 2028 5500 mum
2056 5443 2278 5500 sacrista
2318 5455 2467 5511 papa:
2495 5437 2702 5506 recipit.
2733 5437 3083 5493 Incontinenti
3112 5436 3305 5492 ibidem
3337 5434 3458 5489 dia-

1894 5564 2158 5689 Diioguo,
2208 5571 2256 5619 et
2291 5557 2450 5634 paulo
2499 5564 2651 5630 post,
2701 5563 2797 5610 (res
2836 5568 2997 5627 agnus
3039 5550 3150 5607 Dei.
3178 5548 3328 5606 Adde
3370 5563 3458 5605 ca-

1894 5651 1949 5689 λιι
2082 5672 2094 5685 .

1883 5651 1974 5705 put
2004 5651 2094 5689 υυ.
