3990 6302
557 263 692 322 1⁸507

1231 253 1576 312 APPENDIX
1619 252 1706 306 AD
1749 251 1805 308 S.
1849 249 2177 305 GllEGOllll
2212 249 2432 305 MAGNI
2475 250 2842 309 LITURGICA
2885 253 3132 310 ΟΡΕῐὶᾹ.

3706 259 3849 314 1508

558 391 726 434 conus
764 370 1073 436 cartlinalis,
1105 369 1193 438 qui
1237 383 1452 438 νίψω-ει
1495 365 1722 420 sinistris
1757 362 1979 424 assistit.
2012 361 2137 420 dicit
2166 363 2212 424 Δ
2243 365 2579 420 cetilcssione
2605 375 2657 421 et
2683 370 3003 434 reverentia,
3035 379 3194 436 prout
3216 379 3298 424 εει
3327 379 3675 436 consuetum,
3710 387 3852 441 papa

561 469 820 539 Conﬁteor
845 466 968 528 Deo,
1003 472 1107 518 etc.
1143 462 1208 515 Et
1237 476 1366 530 papa
1399 459 1490 514 dat
1527 473 1676 512 more
1703 456 1862 511 solito
1915 455 2142 510 Benedi-

559 561 813 615 ctionem.
832 557 942 621 Qua
968 555 1108 618 data,
1128 551 1312 620 junior
1327 551 1580 605 diaconus
1598 547 1882 603 cardinalis
1905 547 1969 601 de
1987 561 2142 600 manu

561 664 710 718 papre
739 645 1018 700 denuntiat
1048 642 1432 710 indulgent'am
1474 640 1540 693 de
1568 647 1770 708 septem
1803 642 1958 690 annis
1992 644 2046 689 et
2073 650 2145 687 vn

560 734 914 806 quadragenis
938 749 952 798 ;
981 741 1033 788 et
1063 732 1140 785 sic
1167 746 1352 785 omnes
1367 729 1834 800 pret-cssimialitcr
1863 725 2145 781 vaduntad

563 841 809 894 magnam
839 825 1118 894 capellam,
1133 823 1217 878 vel
1241 825 1326 876 ubi
1348 823 1457 892 ipsa
1474 823 1559 877 die
1575 821 1735 876 debet
1753 819 1862 873 ﬁeri
1889 818 2143 885 ofﬁcium;

561 927 616 971 et
642 918 775 971 facta
805 914 1059 970 Oratione
1091 923 1217 969 ante
1250 914 1438 977 altare,
1471 912 1618 966 vadit
1644 911 1709 965 ad
1749 908 2146 975 revestiarium,

561 1018 616 1062 et
644 1006 880 1062 induitur
909 1008 1077 1060 sacris
1107 1006 1346 1059 vestibus
1377 1003 1533 1067 albis,
1569 1012 1622 1058 et
1657 1002 1816 1055 mitra
1838 1015 1957 1054 cum
1992 999 2148 1066 periis

562 1102 724 1156 etiam
755 1100 1088 1164 solemniJEt
1110 1099 1187 1154 sic
1217 1098 1454 1166 procedit
1483 1096 1548 1151 ad
1564 1097 1778 1150 Missam
1803 1107 1949 1148 more
1970 1092 2147 1147 solito.

640 1193 794 1248 Feria
817 1207 943 1261 ergo
965 1192 1145 1261 quinta
1170 1190 1221 1244 in
1245 1189 1412 1244 Cinna
1443 1187 1653 1244 Domini
1671 1185 1989 1242 sacriﬁcium
2013 1183 2150 1238 sacri

567 1286 807 1356 corporis
827 1297 879 1342 et
909 1285 1180 1355 sanguinis
1213 1283 1337 1338 Jesu
1361 1281 1558 1336 Christi
1595 1277 1802 1333 Domini
1829 1277 2017 1332 nostri.

1086 1385 1172 1438 LX
1186 1381 1220 1435 γ
1233 1421 1246 1436 .
1285 1383 1356 1436 De
1385 1381 1650 1451 ampullis.

640 1483 792 1538 Mane
838 1484 991 1552 hujus
1033 1483 1138 1549 diei
1179 1483 1348 1550 primo
1399 1478 1764 1542 mansit-uarii,
1816 1477 2056 1538 sacrista,
2103 1481 2158 1526 et

571 1573 749 1627 clerici
799 1573 1018 1640 capellae
1064 1572 1130 1626 ad
1182 1572 1283 1624 hoc
1328 1569 1597 1635 destinati,
1631 1577 1934 1638 prmparent
1975 1566 2155 1619 omnia

573 1678 692 1728 quin
738 1663 1040 1716 necessaria
1082 1671 1203 1715 sunt
1231 1662 1295 1714 ad
1332 1660 1783 1714 consecrationem
1824 1657 2148 1719 chrismatis,

2248 459 2489 514 ascendit
2533 459 2840 514 cathedram
2873 474 3043 515 suam.
3081 461 3358 516 Incensato
3382 462 3574 526 altare,
3607 466 3852 533 ampulla

2249 559 2551 619 reportatur
2580 552 2643 604 ad
2693 552 2864 605 locum
2917 552 3054 606 inter
3101 553 3230 607 duas
3271 553 3322 606 al
3347 567 3429 607 as.
3463 554 3690 608 Interim
3722 569 3854 608 can-

2251 653 2390 697 tatur
2419 657 2546 698 vero
2578 658 2608 695 a
2647 642 2956 698 cantmibus
2993 642 3246 700 introitus
3287 637 3474 699 Missa?
3500 648 3624 700 sine
3664 643 3851 698 Gloria

2254 733 2434 800 Patri;
2492 743 2546 790 et
2586 734 2738 790 linito
2782 749 2958 801 versu,
3001 744 3274 804 repetatur
3320 737 3597 790 lniroitus.
3656 734 3849 790 Postea

2251 837 2495 882 cantatur
2527 827 2708 899 Kyrie,
2743 828 2951 883 elcison.
2978 828 3182 896 Quibus
3212 828 3393 895 finitis,
3423 813 3684 882 dominus
3716 840 3848 894 papa

2253 920 2438 988 incipit
2467 920 2645 974 Gloria
2674 920 2726 971 in
2768 918 2978 973 excelsis
3021 918 3145 973 Deo.
3171 919 3226 973 ln
3265 919 3507 974 oratione
3554 933 3691 985 papa
3724 916 3853 969 dicit

2257 1011 2372 1064 Pan:
2400 1012 2552 1066 rel/is.
2589 1011 2758 1065 Etiam
2791 1011 2844 1064 in
2869 1011 2967 1065 bac
3007 1010 3163 1063 Missa
3195 1008 3389 1062 dicitur
3411 1007 3580 1061 Credo
3611 1023 3665 1058 in
3694 1021 3849 1057 unum

2257 1101 2443 1165 Deum,
2470 1112 2599 1168 etc.,
2627 1112 2681 1156 ct
2707 1103 2781 1156 sic
2805 1101 2958 1156 Missa
2984 1109 3341 1170 prosequatur
3367 1099 3560 1152 ordine
3582 1112 3706 1150 suo.

2326 1195 2457 1248 Nota
2489 1194 2627 1264 quod
2658 1195 2708 1247 in
2745 1194 2842 1248 hac
2869 1193 3023 1247 Missa
3053 1208 3158 1245 non
3187 1191 3464 1245 consuevit
3492 1203 3618 1244 esse
3644 1201 3845 1250 sermo,

2258 1288 2360 1341 nisi
2391 1302 2522 1356 papa
2566 1287 2695 1342 velit
2734 1286 2907 1341 facere
2954 1285 3245 1340 Processus
3284 1295 3472 1337 contra
3515 1282 3756 1350 aliquem
3800 1282 3846 1334 in

2258 1380 2509 1449 speciali;
2555 1389 2608 1434 et
2654 1381 2812 1434 etiam
2862 1381 3136 1448 generales
3178 1378 3558 1431 Processiones
3607 1383 3756 1437 tunc,
3804 1373 3847 1426 si

2260 1488 2392 1542 papa
2421 1473 2564 1526 illum
2597 1487 2897 1536 sermonem
2923 1471 3095 1526 facere
3123 1486 3223 1522 non
3252 1468 3430 1529 vellet,
3455 1481 3532 1519 sar.
3551 1467 3687 1520 rista
3709 1479 3849 1517 enm-

2261 1565 2427 1619 mittit
2457 1567 2520 1619 de
2544 1564 2659 1633 ejus
2689 1564 2938 1618 mandato
2967 1562 3210 1616 alii-uide
3229 1559 3461 1612 dominis
3488 1556 3850 1611 cardinalibus

2262 1656 2524 1726 episc0pis
2541 1655 2621 1709 vel
2639 1653 2982 1724 presbyteris,
3009 1652 3258 1721 quoniam
3277 1647 3485 1704 diaconi
3510 1661 3698 1702 coram
3725 1660 3845 1713 papa

573 1752 819 1806 videlicet
842 1761 948 1806 ll‘t'S
964 1752 1222 1819 ampullas
1241 1751 1306 1804 de
1333 1757 1694 1818 argento,non
1721 1745 2148 1815 tameuejusdem
2190 1725 2236 1786 Β
2265 1725 2532 1816 nunquam
2563 1746 2874 1816 pradicant,
2903 1752 2992 1798 aut
3015 1743 3185 1796 altero
3211 1739 3456 1809 pra-lato,
3483 1738 3569 1792 vel
3601 1736 3848 1806 magistro

575 1844 906 1913 quantitatis,
937 1844 1181 1910 quoniam
1199 1841 1367 1909 major
1385 1840 1540 1895 debet
1556 1855 1676 1895 esse
1705 1839 1770 1893 de
1784 1849 1970 1892 sancto
1989 1836 2158 1891 chris-

579 1943 742 1998 mate,
772 1934 1121 1987 mundissimo
1146 1933 1266 1987 oleo
1291 1931 1491 1999 plenas.
1523 1930 1747 1983 Maxima
1779 1944 1904 1981 vero
1927 1928 2158 1998 ampulla

578 2041 696 2093 qua:
718 2026 782 2080 ad
813 2026 1040 2081 chrisma
1071 2025 1229 2078 debet
1260 2023 1394 2089 ﬁeri,
1425 2023 1491 2078 de
1524 2035 1696 2091 panno
1726 2021 1896 2076 serico
1924 2020 2042 2074 albo
2075 2031 2156 2075 te-

580 2117 836 2170 nuissimo
865 2115 1196 2184 cooperitur;
1223 2115 1338 2169 alite
1369 2122 1545 2169 autem
1575 2113 1642 2168 de
1664 2114 1770 2167 alio
1793 2127 1970 2182 panno
1992 2113 2163 2166 serico

581 2206 830 2262 dissimili
850 2215 1114 2275 cooperta:
1143 2206 1462 2269 habeantur;
1491 2206 1583 2260 sed
1608 2215 1783 2260 tamen
1810 2219 2013 2272 pannus
2029 2205 2164 2260 adeo

581 2298 810 2364 subtilis,
830 2299 966 2368 quod
983 2298 1227 2367 ampulla:
1242 2297 1443 2367 possint
1459 2296 1616 2352 videri
1633 2311 1726 2366 per
1739 2309 1924 2365 papam
1941 2305 1992 2349 et
2008 2295 2161 2350 alios.

654 2399 794 2454 Hora
819 2413 944 2454 vero
960 2400 1112 2453 tertia
1127 2397 1371 2452 dominus
1390 2413 1520 2467 papa
1539 2398 1755 2452 indutus
1778 2406 1959 2452 manto
1975 2397 2161 2460 rubeo,

581 2501 634 2544 et
673 2505 792 2544 cum
831 2491 983 2544 niitra
1027 2488 1372 2557 aurifrisiata,
1403 2490 1562 2543 etiam
1605 2503 1726 2543 cum
1763 2489 1927 2557 perlis
1961 2486 2070 2540 exit
2099 2487 2166 2543 de

580 2596 791 2636 camera
844 2596 961 2651 sua,
1007 2591 1061 2637 et
1107 2581 1252 2635 vadit
1292 2581 1356 2635 ad
1380 2581 1679 2650 capellam;
1729 2589 1784 2634 et
1832 2578 1994 2651 482
2041 2588 2164 2633 ante

576 2673 747 2744 altare
775 2673 933 2729 debet
960 2689 1078 2729 esse
1112 2672 1364 2729 cathedra
1394 2688 1512 2727 cum
1559 2673 1794 2728 scabello
1833 2681 2038 2741 parata,
2073 2672 2163 2726 ubi

582 2763 1115 2835 orataliqumdulum,
1147 2774 1299 2819 utvst
1321 2764 1505 2819 moris.
1533 2763 1889 2818 Deindevadit
1916 2764 1981 2816 ad
2003 2762 2163 2818 aliam

582 2854 892 2911 cathedram
919 2856 1072 2926 longe
1096 2857 1161 2909 ab
1187 2856 1342 2910 altari
1372 2863 1607 2925 paratam
1631 2865 1720 2924 ;_et
1743 2855 1811 2908 ibi
1837 2853 1954 2909 alba
1978 2854 2168 2922 recipit

588 2956 919 3014 paramenta,
972 2957 1024 3000 et
1068 2961 1251 3000 oumes
1297 2943 1597 2999 cardinales
1641 2953 1695 2996 et
1745 2943 1967 3012 prazlati,
2012 2951 2168 3010 prout

589 3040 750 3093 moris
775 3048 877 3102 est,
911 3038 1159 3092 videlicet
1185 3037 1419 3106 episcopi
1444 3036 1712 3105 pluvialia,
1738 3035 2032 3105 presbyteii
2057 3035 2170 3104 pla-

2267 1841 2316 1895 in
2356 1841 2639 1910 theologia.

2335 1932 2467 1987 Nota
2486 1931 2706 1986 abbatcs
2731 1945 2835 1984 non
2854 1936 3249 1984 consueverunt
3269 1923 3588 1992 praedicare,
3616 1935 3714 1976 nec
3732 1920 3853 1972 doc-

2269 2031 2411 2078 tores
2441 2022 2802 2090 decretorum,
2849 2034 2945 2074 nec
2975 2020 3170 2090 legum,
3216 2017 3318 2071 nisi
3357 2015 3622 2070 duntaxat
3654 2011 3851 2081 praelati

2267 2123 2320 2171 et
2344 2114 2581 2185 magistri
2609 2114 2659 2167 in
2686 2111 2974 2181 theologia,
2998 2110 3090 2166 sed
3115 2108 3273 2163 modo
3297 2109 3518 2162 abbates
3543 2105 3850 2175 pnedicant.

2342 2205 2628 2274 Postquam
2661 2200 2907 2257 dominus
2945 2215 3080 2270 papa
3123 2201 3290 2254 intrat
3325 2197 3392 2252 ad
3419 2196 3847 2254 sacriﬁcandum.

2269 2299 2484 2354 coniicit
2526 2291 2661 2353 duas
2693 2295 2923 2361 llostias,
2953 2309 3112 2348 unam
3145 2307 3242 2363 pro
3269 2306 3347 2356 se,
3372 2301 3423 2346 et
3454 2290 3616 2343 aliam
3655 2303 3750 2356 pro
3773 2287 3852 2340 die

2272 2391 2518 2446 Veneris.
2555 2390 2713 2444 Facta
2757 2404 2884 2458 ergo
2915 2385 3212 2442 elevatione
3253 2380 3495 2451 corporis
3524 2379 3745 2441 Christi,
3774 2379 3848 2432 vel

2272 2493 2390 2552 post
2422 2483 2667 2545 Sanctus,
2714 2482 2758 2536 si
2802 2475 3072 2546 expediat,
3115 2489 3252 2530 unus
3290 2472 3668 2540 acolytborum
3717 2467 3851 2521 ducit

2266 2574 2532 2645 iuniorem
2559 2567 3200 2634 diaconumcxtrdinalem,
3227 2575 3421 2620 etcum
3439 2579 3504 2618 eo
3535 2562 3715 2631 plures
3735 2560 3849 2613 sub-

2271 2667 2557 2721 diaconus:
2577 2679 2710 2717 unus
2739 2678 2801 2716 ex
2831 2661 2908 2716 eis
2928 2658 3346 2714 subdiaconibus
3369 2654 3535 2725 5.83
3558 2662 3731 2720 portat
3750 2666 3848 2704 cru-

2273 2773 2410 2818 ccm,
2438 2756 2682 2827 acolytho
2695 2753 3041 2809 antecedente
3071 2765 3190 2806 cum
3209 2747 3481 2804 tliuribulo
3502 2757 3556 2800 et
3573 2748 3728 2799 thure
3744 2746 3850 2798 sine

2274 2848 2628 2903 luminaribus
2654 2863 2666 2912 ;
2701 2857 2755 2900 et
2783 2845 2861 2901 sic
2882 2842 3351 2914 processionaliter
3374 2839 3576 2892 vadunt
3606 2837 3671 2890 ad
3688 2839 3848 2904 capel-

2274 2940 2376 2995 lam
2403 2940 2571 2994 saneti
2597 2938 2838 3003 Themin,
2870 2937 2953 2991 vel
2981 2934 3148 2989 sancti
3181 2933 3447 3003 Gregorii,
3493 2933 3580 2987 vel
3625 2933 3710 2985 ubi
3741 2945 3844 2981 am-

2276 3029 2434 3098 pullae
2464 3043 2582 3084 cum
2616 3029 2906 3082 chri>mate
2931 3035 2985 3081 et
3011 3041 3132 3080 cum
3163 3026 3284 3079 oleo
3316 3036 3638 3086 servantur;
3667 3030 3718 3074 et
3744 3037 3844 3077 car-

586 3137 758 3196 nctas,
793 3129 1142 3184 diaconivero
1165 3099 1518 3182 tunicell-as'et
1547 3099 1859 3181 dalmat‘icas
1889 3099 1981 3194 pro
2011 3099 2166 3182 reve-
2197 3099 2246 3162 θ
2275 3119 2473 3176 dinalis
2508 3121 2763 3176 diaconus
2802 3121 3087 3190 praedictus
3128 3118 3325 3186 accipit
3366 3117 3514 3171 illam
3548 3117 3839 3184 ampullam,

583 3220 754 3274 rentia
779 3218 1104 3274 chrismatis.
1150 3218 1288 3287 Papa
1321 3232 1446 3272 vero
1488 3217 1702 3271 indutus
1725 3215 1834 3286 jam
1873 3209 2164 3271 'dalmatica

581 3310 762 3366 sedeat
811 3311 860 3365 in
907 3310 1036 3366 sede
1082 3302 1214 3375 Sua;
1261 3309 1343 3364 cui
1378 3317 1728 3379 praesentctur
1776 3309 2007 3378 ampulla
2048 3325 2166 3378 que

583 3399 754 3468 major
782 3409 885 3466 est,
931 3415 1050 3454 eum
1093 3401 1156 3453 ol.
1179 3415 1210 3452 ο
1244 3400 1311 3454 ab
1338 3399 1620 3469 acolyibis,
1665 3409 1716 3452 et
1745 3399 2040 3453 balsamum
2071 3414 2166 3468 per

584 3491 960 3555 camerarium,
1011 3500 1101 3544 aut
1135 3505 1226 3558 per
1258 3491 1576 3557 sacristam;
1622 3500 1674 3543 et
1722 3489 2014 3543 balsamum
2045 3505 2166 3544 cum

579 3577 702 3632 oleo
742 3592 874 3646 papa
909 3579 1148 3642 misceat,
1198 3578 1328 3632 nihil
1375 3578 1594 3644 dicens;
1648 3587 1702 3631 et
1754 3577 1889 3632 bene
1945 3579 2164 3632 commio

579 3676 790 3721 sceatur
805 3669 881 3721 vel
903 3669 1170 3723 conﬁciat.
1198 3667 1394 3723 Omnes
1415 3683 1542 3724 vero
1563 3668 1830 3738 ampulla},
1860 3668 1910 3723 id
1942 3679 2025 3724 est
2047 3670 2166 3726 aliae

580 3758 720 3824 dum,
749 3757 941 3812 ibidem
981 3773 1142 3826 super
1165 3775 1399 3814 mensam
1438 3768 1748 3815 remaneant
1784 3770 2072 3829 conpertus,
2113 3771 2167 3816 et

581 3847 864 3917 diligenter
885 3849 1267 3916 custodiantur,
1291 3864 1565 3921 quousque
1577 3849 1642 3902 ad
1665 3849 1831 3904 altare
1863 3858 2164 3919 portentur,

582 3947 636 3990 r-t
668 3953 797 4007 papa
833 3939 966 3993 facta
1009 3939 1235 3994 lectione
1264 3940 1451 4009 recipit
1483 3939 1768 4006 planelam,
1799 3939 2163 4007 chirotheeas,

584 4040 638 4084 et
667 4031 842 4086 omnia
866 4032 967 4086 alia
985 4041 1315 4102 paramenta,
1340 4039 1398 4086 ut
1435 4038 1515 4086 est
1537 4031 1722 4098 moris,
1748 4040 1800 4086 et
1831 4032 2026 4086 debent
2047 4046 2164 4087 esse

582 4137 652 4174 an
685 4121 992 4178 subdiaconi
1025 4125 1189 4178 induti
1213 4122 1327 4178 siue
1357 4124 1534 4193 priore
1558 4123 2025 4179 subdiaconorum.

657 4224 999 4279 l‘ostmodum
1032 4240 1187 4293 papa,
1221 4225 1345 4280 lotis
1391 4225 1662 4290 manibus,
1700 4225 1916 4282 indutus
1956 4227 2165 4296 planeta

583 4322 638 4366 et
677 4314 834 4368 mitra
863 4315 1085 4370 solemni
1132 4317 1183 4369 in
1215 4315 1408 4384 capite,
1439 4317 1683 4386 procedit
1711 4332 1830 4371 cum
1877 4319 2162 4389 episcopis,

585 4416 638 4460 et
663 4410 1012 4480 presbyteris,
1044 4409 1374 4476 diaconihus,
1405 4410 1688 4480 acolythis,
1714 4420 1769 4466 et
1795 4413 2043 4468 omnibus
2075 4431 2165 4468 or-

491 4497 493 4500 ‘
582 4495 812 4553 dinibus.
865 4500 994 4554 Esse
1038 4499 1233 4554 debent
1264 4499 1315 4553 in
1348 4499 1696 4556 Processi-ne
1740 4503 2166 4571 vnjcandelab'a

581 4602 707 4642 cum
751 4605 929 4655 cruce,
986 4593 1295 4654 Evomelio,
1345 4603 1392 4646 et
1439 4593 1669 4662 ampulla
1711 4609 1828 4664 qua:
1874 4605 1956 4652 est
1999 4597 2168 4652 chris-

586 4680 768 4746 matis,
798 4683 915 4736 aliis
943 4681 1138 4736 ibidem
1170 4684 1587 4739 remanentibus.

656 4779 788 4834 Nota
812 4781 949 4848 quod
981 4781 1023 4833 si
1055 4796 1156 4834 non
1189 4781 1542 4837 conﬁceretur
1575 4781 1733 4838 hodie
1756 4763 1996 4838 sanctum
2020 4781 2167 4836 chri-

585 4885 724 4936 sma,
757 4886 861 4925 non
885 4879 1065 4926 essent
1106 4871 1205 4926 nisi
1233 4873 1338 4926 duo
1363 4873 1678 4928 candelabra
1713 4874 1764 4927 iu
1798 4873 2166 4928 Processione.

585 4960 888 5016 Notandum
934 4961 1093 5016 etiam
1140 4963 1281 5032 quod
1312 4963 1456 5018 omni
1499 4975 1642 5016 anno
1691 4961 1886 5017 debent
1925 4971 2166 5016 sanctum

583 5050 820 5105 chrisma
866 5066 1182 5108 consecrare
1224 5069 1343 5108 cum
1386 5051 1671 5121 purissimo
1719 5061 1774 5107 et
1822 5051 2170 5108 mundissimo

582 5140 705 5196 oleo
725 5142 1009 5211 olivarum,
1035 5152 1089 5197 et
1115 5143 1356 5198 addimus
1381 5158 1501 5196 cum
1532 5143 1700 5197 tribus
1726 5144 1889 5213 guttis
1920 5143 1986 5199 de
2019 5142 2170 5198 linis-

583 5233 724 5286 simo
751 5232 1016 5299 balsamo,
1039 5248 1170 5302 quas
1191 5235 1478 5302 episcopus
1501 5248 1606 5288 non
1635 5235 1989 5289 commiscere
2015 5234 2174 5289 debet

582 5339 702 5376 cum
727 5324 845 5380 oleo
868 5343 883 5391 ;
914 5326 1008 5381 sed
1027 5327 1097 5380 ita
1122 5340 1214 5395 per
1232 5327 1388 5391 alios,
1417 5335 1468 5381 et
1495 5341 1600 5381 non
1625 5342 1718 5395 per
1745 5342 1952 5396 papam,
1979 5326 2080 5379 nisi
2105 5326 2172 5380 de

587 5426 656 5464 vu
686 5413 741 5466 in
783 5428 854 5468 vn
883 5429 1076 5482 annos,
1108 5431 1206 5472 nec
1232 5403 1397 5472 alium
1421 5415 1475 5472 in
1514 5415 1632 5488 ejus
1677 5416 1984 5487 praesentia,
2018 5421 2174 5486 prout

588 5518 747 5572 supra
782 5514 1021 5562 notatum
1046 5517 1149 5563 est.

669 5603 918 5658 Purtatur
957 5605 1283 5661 thuribulum
1329 5624 1539 5677 semper
1577 5626 1700 5666 cum
1743 5611 1981 5675 incenso,
2014 5616 2067 5664 et
2096 5607 2175 5663 sic

591 5709 614 5760 ι’
627 5696 1050 5752 τυςεεδῐοηυιίιρτ
1065 5709 1284 5767 pergant
1301 5703 1363 5757 ad
1379 5704 1543 5760 altare
1567 5721 1682 5759 cum
1697 5707 1947 5774 ampulla;
1961 5710 2015 5759 et
2040 5702 2173 5758 facta

2273 3229 2392 3284 quae
2419 3222 2501 3269 est
2519 3212 2859 3280 chrismatis;
2890 3221 2946 3267 et
2972 3212 3079 3265 duo
3097 3208 3409 3266 subdiaconi
3438 3210 3711 3276 accipiunt
3733 3210 3845 3260 alia;

2271 3305 2406 3359 duas
2450 3305 2552 3358 olei
2583 3302 2888 3368 exoreizati,
2918 3311 2971 3356 et
2998 3301 3101 3356 olei
3128 3300 3488 3368 infirmorum,
3538 3313 3705 3366 super
3739 3299 3847 3351 bra-

2271 3395 2450 3448 chium
2481 3394 2748 3448 sinistrum
2769 3407 2860 3448 eas
2882 3400 3187 3462 portantes;
3211 3399 3263 3446 et
3288 3404 3355 3445 eo
3373 3389 3536 3444 modo
3560 3405 3672 3458 quo
3703 3401 3845 3440 rene-

2272 3497 2397 3561 runt
2429 3496 2606 3557 postea
2637 3495 2992 3543 revertantur.
3017 3484 3271 3541 Dominus
3302 3497 3434 3538 vero
3465 3496 3626 3552 papa,
3659 3481 3737 3535 vel
3771 3480 3847 3534 ille

2269 3582 2359 3650 qui
2388 3580 2602 3636 conlitit
2645 3588 2883 3632 sanctum
2919 3577 3174 3643 chrisma,
3221 3586 3311 3629 aut
3349 3574 3592 3627 celebrat
3627 3574 3722 3627 ista
3753 3571 3847 3634 die,

2273 3683 2554 3741 antequam
2583 3671 2723 3725 dicat
2759 3668 2862 3723 Per
2882 3683 3028 3738 quem
3050 3667 3158 3721 haec
3175 3667 3370 3733 omnia,
3386 3663 3756 3719 descendetad
3772 3677 3846 3716 se-

2269 3769 2410 3836 dem,
2432 3765 2544 3821 sive
2571 3764 2875 3819 cathedram
2899 3777 3050 3817 suam
3073 3769 3196 3815 ante
3224 3760 3391 3813 altare
3416 3767 3684 3829 paratam,
3717 3771 3846 3811 versa

2271 3859 2404 3914 facie
2427 3869 2550 3913 ante
2576 3856 2741 3911 altare
2761 3871 2775 3922 ;
2799 3864 2853 3910 et
2869 3853 3225 3909 subdiaconus
3242 3853 3332 3921 qui
3359 3849 3845 3919 bajulatampu’lam

2271 3953 2599 4008 infirmorum
2623 3950 2723 4004 olei
2764 3957 3110 4017 repraascntat
3153 3961 3270 4001 eam
3299 3959 3514 3997 summo
3537 3943 3769 4013 pontiﬁci
3795 3943 3848 3994 ad

2269 4043 2709 4100 benedicendum.
2737 4041 2804 4095 Et
2837 4054 2969 4110 papa
2993 4039 3132 4093 dieat
3159 4038 3309 4107 plana
3342 4051 3476 4090 voce
3524 4035 3844 4097 Eaercizote,

2270 4137 2693 4200 immundissime,
2724 4142 2829 4188 etc.
2867 4133 3072 4200 Quibus
3099 4128 3571 4186 Benedictionibus
3603 4131 3845 4198 peractis,

2270 4243 2406 4298 papa
2457 4227 2738 4283 revertitur
2781 4224 2846 4279 ad
2893 4223 3080 4293 altare,
3116 4232 3170 4279 et
3220 4220 3355 4277 dicit
3395 4221 3509 4275 Per
3551 4238 3708 4292 quem
3758 4224 3847 4274 hac

2270 4320 2461 4375 omnia.

2343 4412 2477 4466 Nota
2521 4410 2661 4481 quod
2692 4407 2937 4465 confecto
2978 4408 3080 4462 isto
3120 4405 3386 4462 sacriﬁcio
3430 4405 3588 4461 solus
3635 4405 3846 4474 pontifex

2277 4505 2634 4560 communicat
2661 4517 2823 4572 super
2851 4502 3018 4555 altare
3046 4501 3162 4553 sine
3194 4498 3455 4552 ministris
3475 4539 3492 4562 ,
3525 4510 3582 4553 et
3612 4514 3719 4553 non
3745 4514 3846 4553 cum

2278 4595 2513 4660 calamo;
2544 4594 2638 4648 sed
2669 4607 2788 4646 cum
2831 4591 2996 4646 calice
3025 4597 3224 4644 tantum
3261 4603 3318 4642 se
3349 4589 3642 4642 conﬁrmat
3670 4592 3753 4642 illa
3778 4589 3848 4642 die

2277 4696 2330 4741 et
2355 4687 2488 4740 feria
2530 4685 2563 4737 6
2608 4685 2660 4738 in
2711 4684 3063 4746 Parasceven,
3109 4691 3160 4735 et
3210 4681 3363 4750 ponit
3411 4680 3563 4734 illam
3630 4691 3846 4749 quartam

2277 4790 2480 4849 partem
2514 4779 2564 4831 in
2595 4777 2782 4832 calice.
2815 4775 3098 4844 Postquam
3145 4783 3320 4828 autem
3364 4773 3848 4835 communicarent,

2278 4873 2426 4936 ponit
2458 4868 2677 4921 calicem
2727 4881 2886 4934 super
2915 4865 3104 4928 altare,
3154 4872 3208 4917 et
3240 4871 3491 4932 patenam
3538 4866 3701 4932 juxta
3750 4877 3848 4916 eum

2261 4975 2397 5036 eum
2429 4975 2656 5030 corpore
2682 4959 2889 5013 Domini
2919 4959 3087 5012 nostri
3109 4956 3234 5011 Jesu
3259 4957 3480 5022 Christi,
3514 4964 3571 5010 et
3597 4962 3849 5010 reservato

2277 5068 2447 5124 usque
2493 5055 2544 5107 in
2579 5053 2761 5107 teriam
2803 5049 2857 5116 6,
2899 5050 2969 5106 de
3018 5051 3135 5120 ipse
3187 5047 3450 5102 sacriﬁcio
3507 5053 3768 5109 resumit,
3808 5054 3851 5098 et

2277 5146 2612 5218 coopei-ietur
2639 5157 2921 5217 utrumque
2947 5144 3142 5198 munda
3173 5143 3420 5198 sindone.

2353 5242 2610 5311 Percepto
2649 5255 2875 5308 corpore
2914 5247 2970 5294 et
2998 5236 3256 5307 sanguine
3289 5235 3504 5290 Domini
3527 5237 3701 5289 nostri
3745 5233 3851 5288 Iesu

2277 5329 2474 5385 Christi
2520 5344 2642 5383 cum
2681 5329 2846 5384 calice
2867 5339 2918 5383 et
2943 5328 3061 5382 sine
3089 5328 3313 5390 calamo,
3352 5335 3651 5395 antequam
3693 5324 3852 5378 abluat

2277 5435 2487 5486 manus,
2534 5421 2707 5490 ipsum
2755 5419 2974 5474 calicem
3017 5432 3138 5471 cum
3175 5431 3403 5486 corpore
3435 5416 3655 5470 Domini
3704 5413 3850 5468 nostri

2278 5522 2572 5578 reservato,
2621 5525 2727 5566 non
2757 5511 2904 5564 illum
2941 5510 3159 5565 calicem
3200 5509 3251 5563 in
3280 5525 3384 5579 quo
3423 5509 3741 5572 celebravit,
3768 5505 3846 5560 sed

2277 5602 2450 5657 solum
2469 5617 2714 5672 magnum
2730 5601 2795 5654 de
2811 5615 2942 5654 auro
2970 5599 3070 5652 sibi
3097 5613 3275 5668 purse
3303 5608 3721 5665 tet-coepertum
3741 5609 3846 5648 cum

2282 5710 2471 5766 magna
2500 5697 2796 5750 reverentia
2824 5695 3049 5749 sacrista
3090 5691 3236 5761 papa!
3247 5693 3285 5744 is
3315 5707 3436 5745 cum
3464 5690 3712 5753 sindone,
3740 5702 3846 5739 cum
