3990 6346
264 314 405 372 ποτ)

1464 319 1728 376 ROMANI
1771 320 2087 379 ORDINES.
2133 352 2202 363 —-
2245 323 2356 379 XV.

3408 342 3543 397 15ἱο

257 430 447 486 lustris
468 429 681 495 aureis;
707 444 739 484 e
766 430 980 484 sinistro
1010 429 1226 484 brachio
1256 431 1453 501 pendet
1474 448 1636 487 unum
1666 442 1846 504 caput,
1877 439 1930 497 Α
1955 435 2181 502 dinales,
2215 447 2269 491 et
2296 437 2582 507 episcopos
2609 452 2713 493 non
2741 440 3073 508 cardinales;
3108 454 3159 500 et
3180 445 3302 501 dum
3333 450 3542 508 halatur

256 533 310 577 et
341 522 392 576 in
426 524 611 578 dextra
640 537 797 577 manu
831 532 1006 590 portat
1034 525 1253 579 calicem
1284 536 1592 594 coopertum
1620 528 1725 581 alio
1756 544 1846 583 ca-

255 618 389 686 pite,
437 624 491 671 et
536 624 846 697 reverenter
886 618 1031 685 ponit
1080 619 1387 685 praedictum
1419 619 1638 674 calicem
1684 636 1847 689 prope

258 724 451 778 papam
483 707 625 763 circa
655 709 887 764 medium
931 710 1115 765 altaris
1140 727 1258 764 cum
1300 712 1400 767 alia
1432 712 1636 767 tohalea
1669 714 1736 767 de
1757 729 1848 766 se-

255 803 396 864 rico,
438 815 561 856 cum
609 814 713 869 qua
757 803 1063 870 cooperitur
1100 802 1266 866 calix,
1300 805 1350 858 in
1396 797 1502 873 qtio
1543 816 1622 860 est
1650 820 1846 873 corptts

254 893 479 949 Christi.
511 892 578 946 Et
604 900 728 947 nota
758 894 901 960 quod
932 902 1213 963 antequam
1239 895 1420 949 abluat
1452 894 1645 965 digitos
1673 894 1846 948 domi-

256 1001 362 1040 nus
393 1000 546 1055 papa,
579 1000 773 1055 corpus
794 986 990 1040 Christi
1016 1002 1134 1041 eum
1167 989 1466 1043 reverentia
1498 1005 1686 1059 magna
1712 990 1845 1043 infra

255 1076 573 1144 praedictum
607 1076 823 1130 calicem
852 1077 1018 1146 ponit,
1048 1087 1099 1130 et
1120 1094 1281 1146 super
1308 1079 1524 1133 calicem
1548 1080 1843 1149 corporalia

256 1170 382 1237 illa;
420 1183 544 1238 pars
568 1170 743 1225 minor
771 1171 1152 1239 corporalium,
1183 1180 1233 1224 ct
1254 1186 1414 1236 super
1440 1174 1719 1240 corporale
1755 1188 1846 1237 pa-

255 1269 461 1327 tenam,
493 1270 542 1316 et
568 1277 727 1332 super
756 1271 998 1331 patenam
1030 1271 1190 1331 caput
1215 1262 1355 1316 illius
1386 1264 1607 1317 tobalc.e
1634 1264 1702 1319 de
1729 1265 1844 1319 sin-

254 1350 437 1412 done;
466 1354 670 1417 statim,
700 1368 805 1419 quo
844 1354 1000 1417 facto,
1043 1355 1208 1407 ahluit
1237 1354 1429 1422 digitos
1459 1355 1592 1408 infra
1624 1356 1841 1409 calicem

257 1457 382 1499 cum
413 1459 518 1513 quo
537 1445 1059 1510 celebravit,etbibit
1091 1447 1248 1511 illud;
1273 1456 1326 1499 et
1356 1458 1639 1514 antequam
1662 1446 1844 1499 abluat

256 1550 453 1592 manus
485 1538 536 1591 in
568 1540 772 1605 magnis
800 1538 1061 1593 bacilibus
1087 1554 1261 1609 papat,
1303 1540 1416 1607 ipse
1446 1554 1576 1609 papa
1617 1540 1697 1593 vel
1727 1538 1842 1608 cpi-

255 1642 459 1695 scopus
480 1628 767 1683 cardiualis
793 1629 881 1696 qui
910 1630 1072 1684 sertit
1101 1629 1199 1684 s'bi
1233 1630 1286 1683 in
1318 1629 1500 1695 Missa,
1531 1630 1840 1696 prtedictum

258 1721 482 1775 calicem
516 1735 635 1774 cum
665 1734 891 1789 corpore
917 1719 1118 1777 Christi
1146 1718 1223 1775 sic
1248 1730 1579 1789 coopertum,
1605 1729 1658 1775 et
1683 1736 1843 1787 super

1951 531 2003 584 in
2036 532 2283 600 ampullis
2323 533 2391 587 ab
2425 534 2565 601 aliis,
2612 535 2844 603 pontifex
2886 538 3070 603 sedet;
3102 540 3192 594 sed
3221 543 3431 609 quando
3457 560 3543 596 sa-

1951 622 2104 686 lutat,
2129 632 2274 678 stant
2293 638 2477 679 omnes
2500 626 2583 679 alii
2606 626 2786 680 etiam.
2814 626 3014 682 Deinde
3035 645 3257 700 surgens
3284 632 3413 686 dicit
3430 634 3544 688 sine

1950 724 2106 769 cantu
2155 715 2402 770 Dominus
2444 716 2718 785 vobiscum,
2766 727 2870 773 etc.
2923 718 3175 776 Erorcizo
3216 732 3281 787 te,
3313 724 3544 777 creature

1951 807 2073 867 olci,
2101 816 2205 860 etc.

2023 897 2145 951 Post
2178 898 2608 954 llenedictionem
2644 915 2772 955 vero
2810 900 2964 957 istam
2996 918 3186 959 omnes
3227 904 3458 974 episc0pi
3490 915 3545 960 et

1951 992 2244 1064 presbyteri
2268 994 2563 1051 cardinales
2592 995 2825 1049 salutent
2854 1010 2949 1064 per
2970 998 3207 1051 ordinem
3238 1013 3391 1052 suum
3419 1013 3540 1052 san-

1948 1093 2089 1139 ctum
2116 1086 2371 1150 chrisma,
2401 1096 2453 1141 et
2477 1088 2527 1141 in
2549 1088 2830 1142 salutando
2857 1088 3111 1142 inclinent
3142 1091 3336 1158 capita,
3360 1091 3543 1144 dicen-

1949 1184 2028 1231 tes
2059 1176 2181 1244 Are,
2210 1188 2442 1232 sanctum
2472 1180 2714 1247 chrisma,
2745 1189 2791 1233 ct
2827 1181 3202 1236 deosculantur
3228 1184 3535 1253 ampullam.

1953 1265 2115 1319 Facta
2146 1267 2469 1322 salutatione
2499 1267 2799 1323 chrfsmatis
2830 1271 2896 1323 ab
2924 1272 3169 1325 omnibus
3198 1273 3459 1338 episcopis
3486 1283 3541 1325 ct

1935 1355 2300 1426 presbytetis,
2338 1362 2516 1412 statim
2563 1360 2721 1425 debet
2767 1360 2879 1413 fieri
2910 1362 3015 1415 olei
3048 1362 3299 1415 salutatio
3329 1363 3395 1415 ab
3432 1365 3541 1417 eis-

1947 1446 2067 1499 dem
2113 1446 2211 1500 hoc
2270 1448 2449 1501 modo.
2500 1448 2705 1503 Salutet
2758 1462 2890 1517 papa
2937 1452 3203 1516 chrisma,
3259 1461 3311 1505 et
3361 1455 3537 1508 statim

1948 1546 2129 1607 postea
2150 1537 2349 1599 oleum,
2370 1538 2940 1603 dicensAre,sanctum
2973 1541 3158 1593 oletnn.
3180 1540 3251 1593 Ita
3285 1551 3335 1596 et
3358 1544 3539 1597 caeleri

1946 1631 2141 1697 singuli
2169 1630 2345 1684 dicere
2376 1629 2593 1685 debent.
2963 1674 2966 1676 .

2023 1722 2210 1779 Postea
2234 1729 2574 1790 reportentur
2603 1720 2847 1792 ampulla:
2889 1720 3374 1790 processionaliter,
3404 1722 3543 1775 sicut

259 1811 540 1867 humerum
571 1814 842 1868 sinistrum
865 1813 1059 1882 pendet
1089 1813 1229 1867 aliud
1251 1813 1564 1881 caputillius
1597 1814 1841 1877 toha'cm,
1877 1798 1920 1855 Β
1952 1816 2163 1867 fuerunt
2201 1812 2467 1877 adductar,
2515 1812 2580 1865 ad
2611 1812 2923 1877 sacrarium,
2964 1812 3045 1866 vel
3078 1809 3141 1865 ad
3176 1813 3347 1865 locum
3379 1828 3537 1880 quem

254 1913 311 1958 et
344 1912 531 1958 tenens
554 1919 670 1958 cum
702 1904 958 1959 ambabus
975 1903 1220 1959 manibus
1244 1903 1463 1959 cal’ct'm
1491 1921 1584 1973 per
1615 1905 1841 1959 medium

254 2004 439 2066 portat
464 1997 528 2051 ad
575 1996 943 2061 armariolum,
993 1998 1044 2050 in
1073 2012 1179 2066 quo
1214 2007 1559 2052 conservatur
1599 2011 1764 2066 usque
1792 1998 1842 2051 in

253 2088 575 2155 crastinum,
622 2088 1061 2144 antecedentibus
1096 2089 1465 2153 luminaribus,
1493 2103 1650 2144 cruce
1689 2087 1845 2142 etin-

252 2195 421 2237 censo
448 2182 911 2247 processionalitcr
948 2197 1066 2237 cum
1099 2182 1409 2236 devotione.
1443 2181 1558 2246 Quo
1583 2180 1839 2250 reposito,

252 2271 570 2342 genuflexus
593 2272 857 2328 tburilicat
884 2286 1079 2342 corpus
1101 2272 1319 2328 Christi.
1343 2270 1460 2339 Quo
1489 2270 1649 2335 facto,
1675 2285 1845 2326 rever-

253 2364 388 2419 titur
412 2364 480 2420 ad
508 2364 705 2430 altare;
738 2373 791 2419 et
819 2365 895 2419 sie
923 2364 1066 2418 lavat
1089 2377 1278 2418 manus
1308 2373 1366 2417 ut
1398 2362 1563 2418 moris
1593 2370 1693 2418 est.

631 2455 817 2510 LXVI.
850 2454 927 2510 De
956 2454 1128 2525 ofﬁcio
1158 2453 1469 2521 chrismatis.

332 2545 521 2601 Postea
550 2561 707 2615 papa,
736 2546 780 2601 si
810 2546 934 2601 facit
961 2556 1200 2602 sanctum
1226 2545 1479 2609 chrisma,
1508 2543 1750 2601 ascendit
1776 2543 1841 2598 ad

254 2640 565 2694 cathedram
610 2654 788 2694 coram
834 2638 989 2693 altari
1026 2648 1283 2708 paratam,
1312 2651 1462 2692 versa
1511 2636 1645 2691 facie
1675 2636 1739 2690 ad
1768 2634 1846 2690 al-

254 2737 403 2795 tare;
442 2736 496 2783 et
539 2730 791 2783 continuo
820 2729 927 2782 duo
966 2728 1199 2799 acolytbi
1243 2726 1489 2782 deferunt
1532 2726 1697 2797 485
1724 2741 1843 2779 am-

254 2818 433 2887 pullas
478 2817 740 2871 involutas
792 2832 911 2870 cum
948 2816 1154 2871 tobalea
1191 2815 1373 2871 subtili
1403 2814 1526 2871 albo
1565 2815 1737 2868 serico
1792 2814 1842 2868 in

255 2909 478 2965 sinistro
518 2908 762 2975 brachio,
796 2908 864 2961 ita
896 2915 956 2961 ut
991 2906 1157 2962 videri
1201 2907 1409 2974 possint
1438 2905 1636 2969 medio,
1679 2906 1730 2959 id
1762 2912 1846 2960 est

253 3014 355 3070 per
377 2998 604 3053 medium
638 2999 885 3062 sericum,
915 3006 970 3051 et
1002 3013 1030 3051 a
1054 2995 1229 3051 medio
1249 3011 1482 3059 sursum,
1512 3002 1566 3049 et
1587 2994 1843 3048 diaconus

254 3089 545 3145 cardinalis
567 3090 745 3158 iunior
771 3090 859 3159 qui
889 3088 1092 3143 assistit
1123 3103 1295 3158 papce,
1326 3087 1518 3156 accipit
1547 3087 1838 3155 ampullam

1950 1905 2171 1960 Sacr-ista
2203 1904 2487 1971 ordinavit,
2512 1905 2602 1959 ubi
2632 1913 2775 1959 stare
2811 1905 3025 1959 debent.
3063 1904 3263 1959 Dcénde
3288 1905 3422 1958 idem
3456 1919 3541 1957 sa-

1950 2000 2108 2053 crista
2140 1997 2409 2052 distribuit
2435 1997 2716 2066 unicuique
2735 1999 2873 2052 sicut
2899 1997 3153 2061 debetur,
3183 2005 3238 2049 et
3267 1996 3423 2049 fuerit
3447 2010 3542 2063 op-

1950 2100 2256 2158 portunum.
2290 2088 2429 2157 Papa
2460 2105 2589 2143 wro
2610 2088 2969 2143 communicat
2999 2090 3048 2141 in
3084 2089 3208 2142 sede
3231 2104 3325 2142 sua
3350 2103 3539 2159 magna

1949 2182 2068 2239 illos
2123 2175 2229 2249 qui'
2260 2182 2656 2237 communicare
2700 2181 2902 2236 volunt.
2954 2180 3316 2235 Ilcscrventur
3363 2191 3540 2234 tamen

1947 2274 2140 2330 oblatze
2162 2274 2380 2343 integrae
2402 2272 2599 2328 Hostia:
2623 2287 2717 2341 per
2737 2272 3020 2328 diaconum
3044 2272 3389 2335 eardinalem,
3418 2286 3542 2339 pro-

1948 2375 2106 2420 utest
2127 2364 2319 2429 moris,
2351 2364 2590 2420 acetiam
2623 2379 2813 2433 corpus
2840 2364 3046 2418 Domini
3078 2365 3337 2430 integrum
3366 2375 3539 2415 rescr-

1947 2458 2173 2514 vaturin
2204 2456 2345 2512 diem
2378 2458 2690 2512 Parasceve.
2735 2456 2962 2524 Sanguis
2996 2469 3123 2510 vero
3152 2455 3358 2509 Domini
3387 2468 3538 2506 assu-

1949 2558 2155 2615 matur;
2194 2564 2350 2619 quem
2400 2548 2549 2603 solus
2594 2562 2727 2616 papa
2756 2546 2887 2601 bibit
2931 2562 3049 2601 cum
3098 2545 3283 2611 ca'ice,
3330 2552 3384 2599 et
3422 2544 3542 2600 sine

1948 2640 2181 2705 calamo;
2216 2639 2288 2693 illi
2313 2638 2398 2708 qui
2423 2636 2818 2692 communicant
2849 2652 2953 2690 non
2986 2636 3193 2690 bilutnt.

2018 2731 2173 2797 Nota,
2206 2730 2461 2784 diaconus
2490 2743 2587 2783 nec
2609 2727 2963 2781 subdircouus
2990 2726 3144 2780 hodie
3175 2741 3278 2778 non
3302 2738 3534 2777 commu-

1949 2819 2150 2885 nicant,
2184 2820 2283 2875 nisi
2318 2818 2455 2876 forte
2480 2820 2680 2874 vellent
2704 2819 3098 2872 communi-care
3122 2831 3279 2871 causa
3302 2814 3541 2868 devotio-

1950 2914 2053 2976 nis,
2086 2924 2137 2967 et
2167 2915 2624 2966 communicarent
2659 2919 2780 2963 ante
2828 2909 2979 2973 alios,
3010 2923 3109 2962 nec
3140 2905 3381 2960 biberent
3410 2920 3539 2959 san-

1947 3005 2187 3075 guinem.
2216 3003 2410 3057 Verum
2427 3012 2599 3055 tamen
2620 3014 2722 3053 non
2750 2998 2918 3054 estde
2940 3012 3108 3051 more.
3130 2996 3280 3049 Pacis
3297 2993 3539 3049 osculum

1950 3110 2058 3149 non
2085 3095 2264 3159 datur,
2296 3094 2469 3164 Agnus
2501 3091 2596 3145 Dei
2626 3099 2904 3154 cantatur,
2939 3098 2992 3143 et
3018 3087 3330 3140 Communio
3362 3085 3542 3138 Domi-

254 3194 417 3234 unam
435 3180 644 3235 mistam
672 3195 790 3236 cum
817 3179 1075 3244 balsamo,
1101 3189 1152 3234 et
1175 3186 1523 3248 repraesentat
1543 3192 1658 3232 eam
1692 3192 1842 3245 papte
1872 3166 1917 3230 C
1950 3201 2047 3238 nus
2075 3183 2228 3239 Jews
2250 3183 2500 3238 Christus.
2534 3181 2695 3252 585
2722 3180 2869 3233 Tunc
2899 3192 3029 3246 papa
3063 3176 3343 3231 revertitur
3369 3170 3433 3228 ad
3461 3175 3542 3228 al-

255 3278 446 3326 tenens
470 3286 588 3327 eam
636 3272 686 3325 in
718 3271 936 3326 sinistro
967 3269 1185 3325 brachio
1218 3269 1510 3324 involutam
1545 3283 1723 3338 panno
1754 3282 1840 3323 se-

251 3363 391 3420 rico.
420 3364 554 3418 Tum
598 3379 729 3433 papa
760 3362 904 3418 balet
942 3372 1021 3417 ter
1052 3363 1103 3416 in
1136 3362 1325 3431 ipsam,
1360 3369 1413 3414 ct
1449 3370 1630 3430 postea
1659 3359 1843 3415 halent

252 3454 417 3511 etiam
445 3455 497 3508 in
542 3455 708 3523 ipsam
740 3469 928 3508 omnes
969 3454 1204 3523 episcopi
1243 3453 1331 3523 qui
1372 3454 1629 3507 assistunt
1662 3452 1730 3507 ibi
1763 3452 1843 3506 in-

252 3549 371 3603 duti
411 3547 578 3602 sacris
620 3547 878 3610 vestibus,
930 3557 983 3601 et
1027 3548 1186 3601 etiam
1236 3547 1535 3617 presbyteri
1576 3547 1689 3601 sive
1735 3545 1841 3601 sint

250 3638 580 3705 cardinales,
611 3638 728 3693 sive
753 3654 878 3692 non.
910 3638 1024 3705 Quo
1048 3638 1207 3704 facto,
1237 3654 1372 3707 papa
1402 3640 1527 3693 dicit
1549 3640 1663 3693 sine
1679 3648 1839 3694 cantu

249 3730 507 3785 Dominus
534 3730 808 3795 vobiscum,
846 3728 1091 3783 Exoreizo
1122 3738 1191 3794 te,
1214 3738 1447 3784 creatura
1478 3728 1593 3795 Dei,
1626 3739 1731 3784 etc.

325 3822 451 3876 Post
479 3820 907 3879 Banedictionem
941 3833 1069 3875 vero
1103 3818 1258 3873 istam
1290 3834 1479 3875 omnes
1517 3818 1758 3889 episcopi
1789 3826 1842 3873 et

250 3912 553 3983 presbyteri
592 3912 900 3967 cardinales
935 3911 1167 3966 salutent
1203 3918 1327 3980 post
1358 3924 1546 3980 papam
1595 3918 1839 3963 sanctum

251 4004 487 4059 chrisma
541 4018 638 4072 per
676 4001 917 4057 ordinem
957 4015 1135 4058 suum.
1186 4002 1285 4067 Qui
1328 4000 1540 4071 quidem
1585 3999 1717 4055 ordo
1761 4000 1841 4055 sic

249 4094 412 4150 debet
439 4092 735 4160 observari,
766 4093 941 4162 primo
965 4108 993 4147 a
1019 4091 1186 4148 latere
1206 4092 1399 4147 dextro
1425 4105 1575 4161 papa:
1603 4091 1839 4162 episcopi

249 4186 570 4253 cardinales,
606 4195 661 4240 et
692 4193 811 4255 post
835 4199 930 4239 eos
968 4184 1268 4256 presbyteri
1307 4183 1638 4250 cardinales;
1670 4184 1838 4254 patri-

249 4278 433 4333 archa:
467 4294 596 4334 vero
633 4281 773 4333 inter
805 4277 1089 4348 episcopos
1118 4277 1452 4344 cardinales;
1481 4277 1690 4332 diaconi
1720 4290 1841 4332 car-

249 4371 461 4427 dinales
510 4385 540 4423 a
574 4369 830 4425 lateribus
873 4385 1027 4439 papa:
1064 4368 1187 4424 binc
1237 4368 1361 4424 inde
1402 4370 1551 4439 juxta
1596 4368 1836 4423 ordinem

248 4479 408 4518 suum
436 4478 463 4516 a
492 4463 657 4518 latere
685 4464 934 4528 sinistro;
967 4462 1375 4533 archiepiSCOpi,
1398 4461 1654 4532 episcopi,
1686 4474 1843 4529 pres-

1948 3286 2081 3342 tare,
2111 3286 2165 3331 et
2207 3274 2333 3329 dicit
2361 3274 2496 3328 hanc
2533 3271 2864 3335 Orationem,
2901 3267 3114 3337 Πείραιε.
3154 3266 3268 3333 Qua
3304 3263 3535 3333 expleta,

1945 3370 2200 3424 diaconus
2225 3368 2353 3421 dicit
2385 3364 2485 3430 Ite,
2518 3365 2675 3418 missa
2704 3372 2797 3417 est.

2124 3458 2332 3515 LXVII.
2398 3457 2459 3513 Si
2487 3472 2621 3526 papa
2651 3453 2779 3508 nolit
2827 3453 2995 3523 facere
3028 3450 3354 3504 Mandatum.

2017 3553 2176 3619 Nota,
2203 3551 2245 3605 si
2278 3565 2415 3620 papa
2448 3548 2583 3604 nolit
2614 3547 2791 3602 facere
2844 3544 3173 3609 Mandatum,
3209 3550 3368 3611 prout
3394 3538 3536 3594 infe-

1946 3650 2056 3702 rius
2090 3647 2360 3715 sequitur,
2404 3646 2484 3699 vel
2525 3645 2572 3700 si
2612 3642 2915 3698 cardinales
2955 3656 3062 3694 non
3103 3636 3391 3693 comedant
3435 3636 3537 3691 ista

1944 3730 2032 3794 die
2059 3755 2182 3793 eum
2214 3755 2301 3803 eo,
2350 3739 2528 3795 statim
2568 3738 2619 3791 in
2656 3736 2763 3792 line
2809 3736 2981 3791 Missa:
3012 3733 3135 3788 data
3159 3729 3540 3787 Benedictione

1946 3847 2040 3900 per
2085 3846 2296 3901 papam,
2350 3840 2404 3885 et
2434 3830 2759 3901 indulgentia
2790 3828 3127 3900 pronuntiata
3179 3840 3273 3896 per
3327 3824 3540 3889 episco-

1946 3936 2069 3990 pum
2114 3920 2439 3975 cardiualem
2488 3920 2577 3989 qui
2605 3919 2654 3972 ei
2685 3919 2909 3973 servivit
2959 3919 3012 3971 iu
3061 3917 3241 3981 Missa,
3316 3927 3450 3982 papa
3488 3920 3543 3965 et

1944 4025 2131 4064 omnes
2180 4008 2481 4064 cardinales
2512 4009 2709 4068 ibidem
2758 4008 2810 4060 in
2845 4008 3046 4075 capella
3077 4007 3351 4073 deponunt
3385 4017 3541 4071 para-

1947 4110 2146 4156 menta.
2174 4100 2390 4155 Interim
2421 4114 2546 4154 vero
2574 4107 2852 4153 cantantur
2882 4097 3129 4165 Vespera:
3154 4110 3248 4162 per
3268 4103 3539 4157 cantores,

1944 4199 1998 4246 et
2028 4192 2079 4245 in
2105 4191 2210 4245 fine
2243 4189 2597 4257 Veslterarum
2617 4231 2630 4254 ,
2653 4187 2779 4243 dum
2809 4186 3003 4241 dicitur
3035 4188 3271 4254 psalmus
3300 4182 3541 4236 Miserere

1942 4281 2063 4349 mei,
2090 4281 2247 4347 Deus,
2271 4280 2420 4334 vadit
2445 4295 2578 4350 papa
2604 4279 2669 4333 ad
2697 4278 3007 4333 cathedram
3029 4290 3209 4331 coram
3231 4272 3386 4327 altari
3417 4285 3537 4326 cum

1942 4372 2176 4426 scabello
2224 4380 2493 4441 paratam;
2534 4369 2622 4425 ubi
2648 4385 2784 4441 genu
2816 4367 3035 4422 ﬂectens
3081 4365 3211 4420 dicit
3252 4378 3373 4419 cum
3417 4361 3540 4415 aliis

1942 4466 2256 4537 pra‘dictum
2334 4464 2599 4534 psalmum
2656 4462 2913 4532 legendo,
2962 4467 3016 4513 et
3067 4458 3371 4513 Orationem
3427 4453 3540 4507 Re-

250 4555 425 4626 byteri
457 4555 754 4610 cardinales
792 4554 965 4609 induti
985 4555 1279 4610 secundum
1303 4555 1542 4609 ordinem
1572 4568 1750 4620 suum,
1784 4561 1840 4608 et
1872 4540 1921 4600 D
1946 4558 2103 4627 apice,
2136 4565 2242 4612 etc.
2268 4554 2517 4627 Legendo
2539 4555 2655 4610 sine
2673 4554 2761 4623 qui
2780 4562 2967 4620 tecum,
2989 4559 3093 4607 etc.
3119 4546 3322 4604 Deinde
3343 4543 3537 4614 surgit,

250 4646 308 4700 in
338 4646 570 4702 halando
607 4646 888 4703 salutando
920 4656 1038 4717 post
1065 4648 1345 4718 episcopos
1383 4647 1705 4703 cardinales.
1740 4650 1834 4701 Ar-

248 4735 598 4808 cbiepiscopi,
640 4738 873 4809 episcopi
918 4739 1116 4794 debent
1157 4739 1460 4810 praecedere
1498 4740 1840 4809 presbyteros

249 4831 571 4898 cardinales,
604 4832 854 4903 quoniam
895 4830 961 4887 ad
1007 4832 1150 4887 solos
1178 4834 1456 4903 episcOpos
1486 4834 1714 4901 pertinet
1741 4845 1839 4886 seu

249 4932 458 4995 spectat
481 4937 721 4980 sanetum
744 4923 976 4979 chrisma
1002 4924 1294 4991 coniicere;
1326 4934 1380 4980 et
1395 4926 1674 4996 episcopos
1696 4924 1842 4978 salu-

249 5022 371 5069 tent
412 5014 708 5086 presbyteri
754 5014 1074 5079 cardinales,
1117 5025 1171 5071 et
1209 5016 1262 5070 in
1294 5016 1578 5071 salutando
1617 5015 1841 5086 quilibet

251 5103 475 5158 inclinet
516 5112 694 5174 caput,
740 5106 921 5160 dicens
952 5106 1076 5173 Ave,
1105 5117 1337 5162 sanctum
1372 5108 1614 5173 chrisma,
1646 5116 1754 5173 ter;
1785 5116 1837 5163 et

250 5206 375 5265 post
397 5196 768 5252 salutationem
814 5199 1038 5268 quilibet
1078 5200 1417 5254 deosculatnr
1442 5199 1608 5255 seuzel
1651 5200 1838 5256 imme-

247 5288 415 5342 diate.
445 5288 605 5344 Facta
645 5290 969 5345 Salutatione
1008 5299 1064 5346 et
1091 5291 1492 5346 deosculatione
1532 5291 1838 5347 chrismatis

252 5377 323 5432 ab
346 5377 611 5449 episcopis
638 5390 689 5434 et
720 5382 1064 5451 presbyteris,
1100 5396 1232 5450 papa
1253 5382 1525 5437 benedicat
1543 5382 1833 5449 ampullam

250 5466 357 5525 olei
399 5470 628 5526 delatam
674 5475 725 5526 in
755 5474 939 5527 Ordine
970 5487 1074 5542 quo
1105 5488 1295 5543 supra;
1326 5483 1379 5527 et
1408 5473 1654 5528 similiter
1694 5473 1838 5527 halet

253 5560 494 5631 pontifex
535 5569 615 5617 ter
655 5563 705 5617 iu
736 5564 927 5633 ipsam,
963 5564 1054 5619 sed
1089 5565 1280 5630 tacite;
1308 5573 1362 5619 et
1389 5578 1575 5620 omnes
1602 5563 1841 5634 episc0pi

251 5661 310 5708 et
332 5653 626 5724 presbyteri
655 5656 974 5724 eardinales,
1016 5665 1067 5710 ct
1090 5656 1246 5711 etiam
1276 5656 1364 5709 alii
1395 5657 1627 5726 episcopi
1662 5656 1843 5710 halent

259 5755 341 5801 ter
380 5746 431 5802 in
459 5747 648 5818 ipsam.
676 5747 770 5803 llic
800 5758 1032 5839 tuutat.ur
1052 5748 1184 5805 ordo
1206 5748 1343 5802 inter
1363 5748 1701 5818 presbyteros
1720 5762 1840 5802 ρειτ-

1946 4660 2000 4705 et
2025 4648 2167 4705 vadit
2195 4650 2261 4705 ad
2285 4664 2552 4705 cameram
2581 4661 2751 4702 suam.

2089 4762 2325 4819 LXVIII.
2381 4760 2461 4816 De
2502 4760 2742 4816 electione
2772 4772 3072 4829 pauperum,
3103 4753 3309 4823 quando
3335 4751 3395 4821 ﬁt

2577 4830 2907 4885 Mandatum.

2019 4924 2151 4981 Item
2179 4924 2367 4981 eodem
2395 4923 2482 4980 die
2509 4932 2632 4994 post
2654 4922 2932 4991 prandium
2965 4935 3097 4991 papa
3128 4933 3232 4973 non
3260 4913 3431 4985 potuit
3460 4912 3537 4965 la-

1947 5033 2071 5075 vare
2096 5017 2256 5087 pedes
2276 5031 2591 5087 pauperum,
2639 5014 2731 5070 sed
2760 5013 3057 5083 patriarcha
3093 5006 3387 5066 Gradensis
3408 5019 3537 5060 cott-

1945 5110 2116 5166 fessor
2166 5110 2234 5165 de
2274 5108 2527 5163 mandato
2582 5121 2732 5177 papa:
2775 5106 2903 5160 lavit
2932 5105 3091 5175 pedes
3142 5114 3430 5172 pauperum
3478 5096 3529 5150 in

1944 5217 2105 5273 parva
2137 5202 2361 5271 capella,
2386 5199 2601 5254 indutus
2644 5197 2906 5262 rochetto,
2932 5196 3150 5259 amictu,
3182 5189 3529 5260 superplicio,

1942 5299 1996 5347 et
2023 5291 2373 5362 pluvialicutn
2410 5288 2566 5343 mitra
2594 5288 2711 5343 alba
2749 5305 2761 5341 :
2792 5283 3380 5353 audivitEvangelinm,
3405 5294 3533 5334 can-

1946 5385 2108 5438 tando
2133 5398 2254 5448 cum
2289 5381 2660 5446 luminaribus,
2685 5394 2843 5435 cruce
2881 5388 2934 5433 et
2971 5378 3215 5440 incenso,
3262 5388 3413 5429 more
3437 5388 3529 5426 so-

1950 5474 2063 5529 lito.
2096 5474 2212 5542 Quo
2260 5480 2493 5538 cantato,
2526 5480 2773 5525 cantores
2818 5470 3145 5537 inceeperunt
3180 5473 3428 5528 cantare;
3476 5470 3531 5517 et

1948 5565 2061 5635 ipse
2085 5562 2332 5635 deposito
2362 5560 2606 5633 pluviali,
2631 5561 2836 5617 cinctus
2862 5563 3041 5623 linteo,
3077 5565 3131 5612 et
3166 5557 3322 5609 mitra
3353 5558 3405 5608 in
3435 5567 3528 5607 ca-

1947 5659 2081 5727 pite,
2110 5656 2330 5726 inccepit
2352 5655 2532 5708 lavare
2578 5653 2759 5722 pedes.
2789 5651 2990 5719 Quibus
3022 5649 3202 5713 ﬁnitis,
3234 5648 3365 5702 dixit
3392 5646 3528 5700 Ora-

1952 5752 2170 5815 tionem,
2199 5757 2253 5804 et
2293 5744 2577 5801 cardiualis
2607 5744 2925 5799 carnerarius
2948 5741 3095 5797 dedit
3128 5740 3357 5793 {lorenos
3403 5749 3527 5790 cum
