3990 6344
467 282 595 338 1511

1136 282 1479 336 ΛΡΡΕΝΟΙΧ
1520 282 1609 335 AD
1650 283 1705 337 S.
1752 278 2079 334 GREGORII
2119 277 2329 331 MAGNI
2376 276 2737 332 LITCRGiCA
2783 280 3033 333 (I‘IiliA.

3600 280 3749 334 1312

468 393 698 457 carlino,
727 397 781 446 et
810 391 977 445 noluit
1006 390 1134 446 dare
1167 391 1285 444 illas
1310 392 1477 459 petias
1507 391 1573 443 de
1595 390 1694 443 tela
1726 389 1792 442 ad
1840 398 2051 456 lergeu-
2081 386 2124 446 Α
2158 384 2352 453 pellani
2385 400 2533 454 papa:
2566 386 2788 456 legendo
2815 388 2997 441 dicunt
3029 391 3170 457 ipsas
3201 389 3463 458 Vesperas
3499 403 3623 445 ante
3650 407 3751 458 pa-

468 484 593 536 dum
658 483 819 553 pedes
865 496 1185 551 pauperum,
1240 482 1338 535 nisi
1394 484 1528 535 duas
1577 498 1669 550 per
1720 490 1909 546 totum,
1953 480 2047 534 sed

469 575 648 627 omnia
676 572 963 640 reportavit
985 585 1165 625 secum
1190 588 1203 636 ;
1232 581 1283 624 et
1306 572 1463 637 male,
1493 573 1619 626 dicit
1650 573 1845 642 glossa.

542 662 672 715 Nota
723 661 787 713 de
821 661 902 712 bis
939 676 1055 727 qum
1074 660 1214 714 fiunt
1243 661 1453 730 quando
1494 663 1774 717 conticitur
1808 671 2047 716 sanctum

470 753 722 817 chrisma,
746 761 800 806 et
830 754 889 806 fit
920 752 1222 807 Mandatum
1255 755 1321 808 de
1352 754 1646 823 largitione.
1679 755 1939 809 Omnibus
1964 768 2053 808 su-

468 844 719 912 pradictis
747 844 977 911 peractis
1000 845 1291 899 secundum
1329 846 1569 902 ordinem
1615 861 1791 912 suum,
1824 856 1877 900 et
1908 846 2051 900 finita

467 934 645 998 Mssa,
664 944 720 989 ut
744 936 989 1004 superius
1016 936 1215 991 dietutn
1240 948 1341 1003 est,
1362 953 1516 1005 papa,
1548 938 1760 992 indutus
1782 952 2055 1006 paramen-

472 1026 536 1076 tis
576 1039 695 1077 cum
748 1025 941 1093 quibus
970 1026 1294 1091 celebravit,
1325 1028 1470 1080 vadit
1509 1027 1574 1091 ad
1611 1028 1843 1095 aliquem
1878 1027 2051 1081 locum

471 1114 835 1169 adhaerentem
869 1116 1091 1185 capellae
1115 1132 1208 1171 seu
1241 1119 1501 1183 ecclesia},
1528 1119 1708 1187 inqua
1741 1119 2051 1186 celebravit,

470 1204 848 1258 comitantibus
897 1222 1018 1261 eum
1069 1208 1316 1261 omnibus
1361 1210 1719 1264 cardinalibus
1763 1210 2054 1265 secundum

469 1297 713 1350 ordinem
759 1311 931 1362 suum,
976 1307 1030 1351 et
1057 1299 1173 1353 aliis
1205 1300 1495 1368 capellanis
1538 1309 1591 1355 et
1620 1301 2056 1367 subdiaconibus,

470 1389 560 1457 qui
604 1389 653 1442 in
686 1388 843 1443 Missa
871 1390 1225 1445 interfuerunt
1268 1396 1456 1461 parati,
1489 1404 1541 1448 et
1569 1396 1622 1447 in
1651 1394 1767 1449 loco
1800 1396 2057 1464 prmdicto

474 1492 607 1546 papa
656 1480 802 1532 exuit
830 1479 1046 1548 pallium
1088 1490 1142 1535 et
1172 1482 1460 1551 planetam,
1487 1495 1669 1551 postea
1699 1485 1846 1539 sedet
1871 1486 1940 1538 ibi
1970 1501 2059 1539 sn-

477 1585 573 1637 per
603 1568 978 1636 l‘aldistorium,
1011 1573 1240 1645 tenendo
1284 1573 1399 1641 pedi
1421 1590 1446 1627 s
1473 1589 1634 1643 super
1663 1576 1976 1640 scabellum,
2007 1586 2060 1629 et

474 1661 699 1715 assumit
731 1661 829 1716 sibi
882 1678 1096 1717 manum
1130 1664 1182 1718 in
1215 1663 1468 1731 scapulis,
1502 1665 1746 1732 imposita
1781 1680 1942 1735 super
1969 1682 2057 1721 ca-

2156 490 2298 542 pam,
2334 475 2636 544 incipiendo
2666 478 3045 544 Antipltonam.
3077 479 3298 534 (Ialirem
3325 483 3574 535 salutaris
3596 484 3751 536 arci-

2154 568 2290 633 piam
2313 607 2325 630 ,
2359 579 2463 622 etc.
2498 568 2661 622 Dictis
2702 577 2876 623 autem
2911 572 3160 637 psalmis,
3189 574 3490 640 Capitnlnm
3526 591 3631 627 non
3663 576 3756 628 di-

2152 659 2306 721 citur,
2363 658 2455 711 sed
2504 660 2806 727 Antipliona
2851 661 2917 713 ad
2972 660 3275 729 Magniﬁca!
3326 663 3613 732 incipiatur
3650 681 3757 734 pet

2156 763 2346 816 papam
2369 750 2653 812 cantanda,
2681 749 2946 814 videlicet,
2974 750 3295 806 Cwnantibus
3315 764 3509 819 autem,
3538 757 3588 810 si
3618 768 3757 809 tunc

2154 840 2545 907 compleverint
2575 841 2912 909 Mandatum;
2942 844 3075 898 alias
3100 859 3227 913 non,
3260 846 3351 900 sed
3382 858 3632 903 cantores
3667 858 3755 903 to-

2157 940 2266 984 tum
2298 932 2518 985 faciunt.

2227 1021 2361 1074 Noza
2392 1024 2551 1078 etiam
2575 1024 2716 1094 quod
2770 1026 3041 1080 modernis
3066 1027 3397 1096 temporibus
3425 1044 3530 1083 non
3555 1030 3751 1083 obser-

2156 1124 2310 1167 vatur
2338 1116 2479 1184 quod
2504 1132 2638 1187 papa
2690 1120 2831 1173 illam
2867 1124 3219 1190 Antiplmnam
3263 1126 3479 1193 incipiat
3518 1126 3586 1179 ad
3622 1125 3753 1180 Ma-

2157 1207 2391 1274 gniﬁcat,
2424 1223 2522 1262 nec
2548 1210 2599 1262 in
2628 1210 2771 1277 aliis,
2804 1212 2903 1266 nisi
2952 1214 3001 1267 in
3033 1214 3285 1283 Vesperis
3308 1217 3596 1271 mandatis.
3620 1221 3752 1271 Unt-

2164 1299 2319 1350 nibus
2351 1313 2480 1369 ergo
2507 1301 2808 1369 completis,
2842 1318 2970 1371 papa
3000 1306 3123 1359 dicit
3149 1307 3393 1375 legendo,
3421 1324 3559 1378 genu
3584 1309 3753 1373 flexo,

2164 1389 2409 1457 Respice,
2467 1407 2793 1459 qua’sumus,
2847 1393 3087 1461 Domine,
3137 1405 3265 1462 etc.,
3327 1407 3487 1466 prout
3544 1400 3757 1466 plenius

2161 1480 2215 1533 in
2264 1482 2443 1537 officio
2492 1482 2648 1553 hujus
2698 1485 2803 1540 diei
2852 1487 2903 1539 in
2959 1488 3231 1543 Breviario
3279 1490 3594 1544 continetur
3641 1490 3752 1543 Ro-

2163 1587 2345 1626 mann.

2236 1665 2439 1730 Quibus
2481 1667 2732 1733 peractis,
2784 1682 2914 1736 papa
2967 1667 3182 1723 indutus
3214 1684 3311 1737 per
3364 1670 3585 1722 modum
3615 1685 3747 1738 pra:-

477 1761 572 1818 put
595 1753 805 1816 lanone,
853 1755 1011 1822 capiti
1048 1754 1163 1824 ejus
1193 1755 1436 1823 imposita
1480 1758 1632 1811 mitra
1659 1758 1801 1824 alba,
1840 1760 2057 1813 sacrista
2095 1758 2139 1816 Β
2167 1757 2367 1812 dictmn
2394 1798 2409 1821 ,
2444 1760 2908 1825 processionalitcr
2954 1761 3097 1815 vadit
3145 1762 3209 1814 ad
3258 1776 3532 1817 cameram
3580 1779 3753 1826 suam,

477 1845 719 1898 extendit
748 1845 1007 1901 tobaleam
1037 1861 1196 1915 super
1215 1864 1386 1917 genua
1417 1864 1536 1917 sua,
1569 1864 1723 1917 quam
1763 1860 1944 1906 tenere
1964 1852 2060 1906 de-

481 1935 607 1988 bent
630 1936 735 1990 duo
762 1938 1015 2008 acolytbi,
1045 1954 1178 1993 unus
1208 1955 1237 1992 a
1270 1940 1492 2005 dextris,
1523 1940 1658 1995 alius
1684 1955 1711 1993 a
1738 1940 1990 1994 sinistris.

552 2028 667 2094 Quo
694 2029 850 2095 facto,
882 2032 1173 2085 secundum
1206 2032 1481 2086 dominum
1513 2033 1771 2088 Jacobum
1796 2034 2059 2100 Gaietaui,

482 2117 764 2170 cardinalis
785 2122 1113 2174 camerarius
1138 2135 1283 2188 papae
1307 2122 1478 2175 eidem
1498 2122 1655 2176 debet
1678 2122 1887 2176 tradere
1914 2139 2061 2190 papa

481 2206 532 2257 in
560 2206 787 2274 quodam
835 2224 1026 2275 magno
1049 2210 1251 2279 scypho
1279 2221 1553 2281 argenteo,
1592 2211 1674 2266 vel
1718 2212 1768 2264 in
1801 2212 2063 2266 bacilibus

481 2308 697 2362 grossos
719 2306 771 2349 et
820 2309 1085 2351 monetam
1130 2299 1429 2353 ordinatam
1477 2317 1571 2367 pro
1626 2303 1980 2372 presbyterio,
2011 2312 2064 2357 et

480 2383 652 2437 dictus
687 2388 1009 2440 camerarius
1046 2387 1205 2443 debet
1246 2399 1371 2445 ante
1417 2405 1477 2445 se
1532 2391 1729 2446 habere
1763 2407 1917 2446 unam
1951 2408 2065 2446 ma-

479 2488 637 2543 gnam
657 2489 895 2530 mensam
918 2490 1223 2546 coltpertam
1250 2479 1479 2548 tobalea,
1505 2482 1594 2534 ubi
1619 2491 1743 2536 sunt
1761 2482 2065 2551 hujusmodi

480 2576 743 2634 rnonetze,
794 2578 849 2623 et
895 2570 1091 2625 debuit
1129 2572 1176 2625 ei
1216 2573 1471 2628 assistere
1500 2574 1677 2629 clerici
1720 2590 1968 2641 camerae,
2009 2584 2064 2631 et

481 2659 589 2714 duo
650 2672 994 2717 mercatores.
1045 2664 1145 2730 Ipsi
1202 2680 1331 2720 vero
1387 2667 1710 2723 camerarius
1771 2678 1825 2723 et
1880 2668 2063 2724 clerici

482 2766 711 2806 camera:
739 2753 934 2808 debent
964 2770 1084 2811 esse
1126 2757 1175 2810 iu
1206 2758 1543 2828 superpliciis
1585 2768 1639 2813 et
1667 2759 1846 2816 cottis.
1872 2759 2063 2814 Postea

480 2843 701 2897 veniunt
723 2846 1040 2911 cardinales,
1059 2848 1279 2916 quilibet
1303 2849 1592 2904 secundum
1619 2850 1863 2905 ordinem
1884 2865 2063 2918 suum.

482 2934 582 2987 soli
615 2948 733 2988 cum
760 2936 929 2991 mitris
976 2939 1027 2991 in
1056 2939 1300 2993 manibus
1341 2938 1727 3007 deferentibus,
1754 2950 1963 3010 apertas
1988 2951 2067 2995 ta-

484 3039 645 3090 men;
677 3034 731 3080 et
762 3026 977 3081 ﬂectunt
1020 3045 1190 3098 genua
1215 3046 1392 3085 coram
1426 3046 1578 3100 papa,
1610 3042 1660 3086 et
1685 3033 1796 3100 ipse
1825 3046 2066 3087 summus

2166 1846 2559 1901 associautibus
2588 1864 2709 1901 eum
2733 1850 2976 1904 omnibus
3019 1849 3381 1903 cardinalibus
3414 1855 3633 1918 paratis,
3659 1855 3754 1919 qui

2168 1935 2219 1988 in
2270 1952 2359 2004 pra
2382 1938 2524 1990 dicto
2569 1938 2814 1991 Mandata
2844 1939 2920 1992 sic
2950 1939 3116 1992 induti
3138 1980 3153 2003 ,
3184 1950 3337 2007 prout
3371 1940 3421 1992 in
3450 1939 3606 1992 Missa
3636 1941 3750 1993 lue-

2170 2034 2316 2089 runt,
2346 2025 2611 2080 iutercsse
2641 2026 2855 2089 debent,
2887 2026 3123 2081 sedendo
3152 2030 3202 2081 in
3235 2029 3346 2082 suis
3370 2030 3589 2083 sedibus
3610 2029 3754 2095 juxta

2165 2117 2409 2171 ordinem
2434 2133 2610 2185 suum,
2632 2118 2756 2171 dum
2782 2132 2913 2187 papa
2934 2116 3059 2173 facit
3078 2120 3389 2187 praedictum
3416 2121 3753 2185 Mandatum;

2164 2224 2228 2263 ac
2255 2210 2413 2264 etiam
2470 2211 2735 2279 praedictis
2764 2211 3053 2279 capellanis
3099 2227 3248 2279 papa:
3276 2226 3469 2267 cereos
3499 2226 3751 2266 accensos

2169 2301 2499 2368 portantibus
2523 2316 2640 2354 cum
2654 2314 2811 2355 cruce
2833 2310 2954 2354 ante
2978 2314 3166 2369 papam
3196 2309 3252 2356 et
3276 2312 3402 2357 ante
3431 2301 3751 2356 cardinales.

2272 2390 2436 2446 LXX.
2471 2391 2545 2445 De
2566 2394 2865 2446 comestione
2890 2393 2942 2446 in
2968 2409 3108 2446 caena
3138 2392 3351 2446 Domini
3404 2394 3634 2445 rubrica.

2237 2480 2332 2535 Die
2363 2476 2634 2550 praedicta,
2686 2465 2935 2538 dominus
2962 2498 3115 2553 papa,
3144 2484 3222 2538 sic
3247 2493 3467 2552 paratus
3513 2495 3572 2539 ut
3597 2498 3747 2553 supra

2171 2583 2409 2626 notatum
2457 2583 2573 2640 est,
2621 2589 2649 2626 a
2689 2575 2895 2628 duobus
2924 2574 3160 2629 diaconis
3206 2575 3573 2628 cardinalibus
3623 2576 3749 2627 anti-

2168 2663 2449 2732 quioribus
2493 2663 2705 2717 ducitur
2732 2665 2801 2717 ad
2835 2678 3071 2718 mensam
3123 2664 3443 2718 solemniter
3495 2675 3748 2731 paratam,

2168 2762 2222 2806 et
2251 2753 2319 2806 ibi
2351 2753 2520 2818 sedet,
2547 2755 2795 2824 episcopo
2825 2755 3077 2809 cardinali
3134 2757 3233 2810 sibi
3265 2757 3429 2809 dante
3467 2772 3682 2821 aquam,
3707 2766 3754 2807 et

2173 2844 2382 2899 duobus
2411 2845 2767 2901 cardinalibus
2792 2846 3082 2916 prtedictis,
3108 2861 3212 2898 uno
3234 2861 3264 2899 τι
3294 2844 3557 2909 sinistris,
3584 2854 3635 2897 et
3661 2844 3753 2896 alio

2170 2948 2200 2987 a
2213 2934 2433 3000 dextris,
2453 2934 2713 2990 tobalcam
2729 2931 3053 3000 tenentibus,
3069 2935 3227 3006 487
3246 2936 3472 3002 ipsoque
3490 2934 3622 3002 quia
3637 2934 3751 2986 dex-

2171 3026 2266 3080 tris
2290 3036 2390 3090 est,
2416 3027 2574 3080 etiam
2606 3026 2857 3082 annulum
2896 3042 3042 3095 papae
3074 3036 3284 3081 tenente
3304 3026 3433 3080 dum
3462 3026 3684 3079 lavatur.

481 3117 717 3183 pontifex
741 3119 832 3172 dat
862 3128 915 3173 et
952 3123 1099 3188 ponit
1126 3137 1222 3189 pro
1252 3124 1584 3193 presbyterio
1612 3123 1777 3194 [.86
1828 3125 1880 3178 in
1912 3126 2070 3179 milra
2103 3130 2147 3191 ρ
2248 3116 2548 3171 Notandum
2579 3118 2762 3183 etiam,
2809 3118 2947 3188 quod
2975 3116 3207 3187 przedicti
3246 3126 3357 3170 tres
3380 3116 3683 3170 cardinales
3709 3117 3751 3169 in

479 3206 765 3276 cujuslibet
794 3210 1031 3278 ipsorum
1059 3229 1149 3266 xm
1203 3229 1416 3284 grossos
1464 3216 1804 3270 Turonenses
1833 3218 2033 3286 argenti
2053 3260 2068 3283 ,

482 3307 537 3352 ct
557 3299 862 3357 immediate
883 3303 1104 3372 quilibet
1136 3306 1370 3374 ipsorum
1396 3307 1746 3362 cardinalium
1784 3318 1999 3379 recepto
2018 3312 2071 3366 in

483 3387 640 3442 mitra
668 3404 761 3445 sua
784 3406 815 3446 a
841 3407 970 3460 papa
996 3396 1347 3465 presbyterio,
1370 3397 1642 3452 osculatur
1664 3412 1801 3467 genu
1822 3398 2070 3455 dextrum

490 3494 661 3549 papae,
694 3490 745 3537 et
775 3484 851 3538 sic
874 3485 1094 3554 quilibet
1122 3488 1415 3542 secundum
1444 3488 1687 3543 ordinem
1710 3503 1915 3565 suum“

586 3571 776 3627 LXIX.
808 3574 881 3631 De
913 3576 1163 3631 Mandata
1192 3578 1357 3645 ﬂendo
1384 3595 1472 3647 per
1502 3596 1688 3649 papam
1721 3580 1832 3650 ipso
1859 3582 1965 3635 die.

555 3662 690 3717 Dato
718 3680 843 3720 vero
875 3682 969 3735 per
1000 3683 1185 3736 papam
1228 3669 1595 3739 presbyterio,
1637 3680 1691 3724 ut
1733 3671 1935 3725 dictum
1966 3681 2071 3738 est,

486 3759 600 3825 ipse
633 3775 766 3828 papa
796 3762 922 3816 facit
970 3763 1293 3830 Mandatum,
1320 3780 1396 3818 xu
1428 3765 1840 3820 subdiacunibus
1864 3764 2074 3820 rocbet-

494 3859 603 3903 tum
633 3866 753 3904 cum
788 3854 1109 3922 superplicio
1140 3857 1507 3924 portantibus;
1535 3867 1587 3911 et
1616 3858 1927 3912 cubicularii
1951 3874 2070 3926 por-

467 3948 600 3994 :taut
626 3951 677 3995 et
730 3952 852 3999 ante
880 3960 999 3998 eum
1038 3955 1236 4014 ponunt
1282 3947 1538 4001 concham
1576 3962 1669 4001 seu
1699 3948 1918 4017 pelvim.
1955 3949 2071 4017 ipse

484 4019 612 4082 vero
644 4045 774 4095 papa
800 4034 1114 4101 praecinetus
1148 4036 1336 4099 linteo,
1374 4050 1479 4105 quo
1518 4050 1654 4091 unus
1694 4038 1950 4092 diaconus
1980 4040 2069 4107 qui

490 4122 538 4173 ei
561 4121 748 4186 servit,
776 4126 1067 4179 secundum
1086 4126 1360 4181 dominum
1389 4128 1641 4182 Jacobum
1666 4128 1927 4193 Gaietani,
1958 4130 2068 4197 ipse

488 4227 624 4281 papa
659 4213 986 4271 brachiolam
1015 4219 1081 4272 ad
1104 4218 1203 4273 hoc
1227 4230 1463 4288 paratam
1489 4220 1690 4275 habens
1717 4221 1769 4274 in
1798 4222 2066 4287 manibus,

486 4316 542 4358 et
568 4304 786 4359 linteum
824 4310 1077 4364 mundum
1127 4322 1252 4366 ante
1276 4326 1334 4367 se
1376 4323 1585 4377 tenens,
1614 4328 1732 4382 quae
1761 4316 1933 4368 omnia
1975 4315 2067 4369 de-

484 4395 614 4447 bent
643 4398 813 4463 parari
839 4414 934 4466 per
958 4399 1347 4454 tbesaurarium
1372 4401 1455 4455 vel
1480 4401 1668 4456 fratres
1699 4401 1766 4457 de
1791 4400 2063 4473 Pignotta;

2177 3207 2346 3275 prima
2376 3215 2430 3261 et
2457 3208 2512 3261 in
2532 3210 2758 3262 secanda
2783 3223 3031 3262 manuum
3055 3209 3255 3262 lotione
3283 3216 3337 3261 ιιι
3364 3221 3573 3261 mensa:
3602 3206 3752 3259 Bene-

2177 3295 2407 3351 dictione
2447 3297 2643 3353 debent
2683 3311 2805 3352 esse
2849 3299 2969 3352 sine
3014 3298 3281 3353 mantellis
3324 3308 3382 3351 et
3413 3299 3594 3361 mitra,
3638 3298 3753 3350 dum

2177 3403 2325 3456 papa:
2363 3388 2689 3455 miniStraut,
2719 3392 2812 3445 sed
2846 3391 2897 3444 in
2928 3388 3213 3460 gratiarum
3244 3389 3462 3443 actiOne
3488 3398 3753 3443 resumunt

2176 3479 2461 3533 mantellos
2507 3495 2633 3535 suos
2663 3492 2717 3535 et
2750 3481 2934 3535 mitras
2984 3482 3099 3535 loco
3122 3495 3251 3546 suo;
3282 3489 3336 3534 et
3364 3478 3505 3533 facta
3537 3494 3633 3549 per
3669 3494 3754 3549 pa-

2176 3590 2295 3644 pam
2328 3576 2497 3642 prima
2532 3590 2782 3629 manuum
2833 3574 3029 3628 lotione
3049 3582 3104 3629 et
3132 3587 3332 3627 mensae
3359 3572 3757 3639 Beuedictione,

2175 3665 2242 3718 de
2264 3680 2367 3733 qua
2399 3664 2530 3717 intra
2555 3664 2810 3718 seriosius
2839 3662 3066 3726 dicetur,
3099 3662 3152 3715 in
3176 3661 3412 3715 secunda
3448 3661 3651 3715 latione
3678 3677 3758 3713 va-

2175 3756 2308 3810 dunt
2334 3770 2522 3810 omnes
2543 3754 2609 3809 ad
2634 3752 2950 3810 sedendum.
2974 3756 3037 3808 Et
3061 3764 3185 3807 tunc
3208 3767 3401 3807 omnes
3431 3751 3756 3813 cardinales,

2172 3859 2294 3900 cum
2325 3845 2583 3909 sederint,
2615 3857 2805 3898 manus
2834 3858 2958 3898 suas
2990 3857 3150 3911 supra
3180 3856 3421 3896 mensam
3452 3843 3506 3894 in
3535 3842 3760 3910 platellis

2173 3936 2284 3989 suis
2309 3936 2509 4002 lavant;
2546 3945 2599 3990 et
2642 3935 2742 3990 sibi
2779 3942 2966 3993 mutuo
3002 3934 3263 3999 serviunt,
3302 3940 3359 3986 ut
3392 3932 3531 3986 infra
3576 3934 3627 3985 in
3660 3933 3760 3984 alia

2173 4025 2377 4080 lotione
2405 4028 2631 4080 dicetur.

2249 4119 2313 4171 Et
2341 4118 2558 4173 attende
2581 4117 2721 4187 quod
2752 4133 2904 4187 papa,
2930 4118 3058 4171 dum
3086 4116 3341 4183 comedit,
3372 4116 3448 4169 sit
3473 4124 3689 4185 paratus
3710 4124 3761 4168 ut

2173 4210 2370 4265 dictum
2396 4219 2479 4265 est
2500 4226 2681 4281 supra,
2711 4225 2876 4281 usque
2904 4210 2969 4265 ad
2993 4211 3327 4265 dalmaticam
3356 4209 3640 4273 inclusive,
3675 4208 3760 4261 ba-

2172 4304 2302 4358 bens
2326 4312 2559 4357 mantum
2588 4303 2806 4357 rubeum
2828 4301 2893 4357 ad
2916 4302 3177 4370 soapulas,
3204 4300 3450 4356 fanonem
3482 4300 3598 4352 sive
3617 4298 3760 4351 orale

2172 4396 2222 4448 in
2254 4396 2455 4462 capite;
2487 4405 2540 4449 et
2575 4396 2782 4448 mitram
2813 4393 3187 4448 aurifrisiatam
3222 4407 3382 4461 super
3415 4391 3667 4445 lunonem
3706 4399 3760 4445 et

484 4494 535 4536 et
558 4483 683 4541 dicti
728 4502 800 4540 xu
827 4487 1131 4543 subdiaconi
1160 4499 1375 4544 manent
1415 4490 1467 4544 in
1498 4491 1676 4561 aliquo
1715 4491 1832 4546 loco
1861 4505 2066 4548 remoto
2098 4501 2144 4560 υ
2171 4489 2427 4541 annulum
2460 4494 2747 4556 pretiosum
2777 4503 2878 4541 non
2900 4486 3249 4556 pontiﬁcalem
3279 4487 3329 4539 in
3350 4486 3537 4555 digito,
3560 4496 3615 4538 et
3640 4500 3759 4535 san-

485 4574 824 4632 discalccati.
873 4579 986 4632 Duo
1017 4594 1144 4633 vero
1166 4580 1368 4634 ostiarii
1415 4595 1592 4651 papae,
1618 4583 1730 4638 sive
1771 4584 2068 4640 servientes

488 4681 785 4734 armorum,
811 4678 1025 4737 poztant
1052 4671 1345 4739 quemlibet
1394 4671 1656 4727 dictorum
1716 4674 2071 4730 subdiacono-

485 4775 605 4813 rum
638 4770 762 4815 ante
785 4777 993 4831 papam,
1024 4778 1247 4832 quorum
1278 4763 1439 4833 pedes
1468 4764 1564 4834 ipsi
1588 4766 1789 4820 ostiarii
1820 4765 1933 4821 sive
1956 4781 2070 4822 ser—

397 4900 403 4906 .
484 4852 695 4908 vii-mes
719 4862 900 4910 tenere
931 4864 1325 4910 consueverunt
1379 4872 1539 4921 super
1574 4872 1761 4912 manus
1794 4873 1917 4912 suas
1942 4859 2067 4913 dttm

484 4954 787 5012 portantur.
836 4945 979 5015 Papa
1010 4960 1185 5000 autem
1215 4946 1449 5001 sedendo
1472 4962 1591 5001 cum
1633 4962 1765 5015 aqua
1790 4948 1959 5002 calida
1993 4949 2067 5003 la-

486 5044 573 5088 vat
605 5035 768 5102 pedes
797 5035 1082 5106 cujuslibet
1112 5036 1349 5101 illorum,
1373 5052 1529 5104 quam
1568 5035 1845 5091 infundere
1873 5037 2069 5092 debent

483 5128 828 5195 cubicularii;
878 5141 933 5184 et
977 5132 1157 5184 statim
1201 5130 1360 5197 tergit
1406 5128 1588 5195 linteo,
1636 5141 1689 5183 et
1727 5129 2066 5185 deosc..latur

486 5222 677 5291 pedem
729 5225 975 5279 dextrum
1030 5224 1311 5296 cujuslibet
1353 5224 1625 5294 ipsorum;
1678 5233 1731 5277 et
1770 5226 2062 5279 secundum

486 5314 691 5370 dictum
723 5316 924 5371 domini
956 5317 1138 5371 Jacobi
1158 5317 1505 5372 Gaietanidat
1530 5315 1749 5370 cuiiibet
1774 5316 1906 5369 duos
1933 5317 2065 5370 εοξί-

487 5407 620 5475 dos;
660 5419 715 5464 et
764 5411 891 5466 lotis
943 5413 1163 5481 pedibus
1208 5410 1419 5466 illorum
1478 5426 1572 5478 per
1614 5425 1825 5480 papam,
1875 5409 2063 5464 eodem

490 5504 650 5557 modo
706 5504 967 5570 reportari
1015 5505 1209 5560 debent
1257 5520 1349 5573 per
1386 5504 1632 5558 ostiarius
1687 5506 1901 5557 eosdem
1955 5505 2070 5559 sive

486 5595 779 5650 servientes
805 5594 856 5647 in
894 5596 1021 5650 locis
1049 5610 1256 5661 eorum,
1284 5596 1485 5653 scilicet
1504 5596 1590 5649 ubi
1608 5609 1699 5649 eos
1732 5604 2069 5669 acceperunt.

561 5693 693 5746 Item
728 5676 974 5744 Cantores
1009 5706 1110 5743 non
1140 5699 1351 5743 cantant
1382 5690 1640 5758 \‘esprras
1681 5696 1794 5755 post
1819 5703 1831 5752 ;
1861 5686 1950 5740 sed
1986 5702 2070 5741 ea.

2177 4582 2314 4635 dalia
2350 4582 2401 4634 in
2451 4581 2691 4649 pedibus,
2725 4588 2881 4649 prout
2922 4581 2972 4633 in
3002 4581 3191 4645 Missa,
3221 4580 3453 4647 demptis
3483 4578 3757 4632 cliirotlie-

2175 4671 2274 4734 cis,
2325 4670 2485 4738 pallio
2528 4678 2583 4725 et
2636 4670 2836 4724 casula.
2870 4670 3177 4725 Cardinales
3220 4684 3348 4723 vero
3399 4682 3616 4731 omnes,
3655 4678 3757 4718 tam

2174 4765 2480 4829 saeculares,
2511 4778 2667 4833 quam
2716 4762 2970 4832 religiosi,
3003 4761 3276 4817 habebunt
3302 4768 3479 4815 cottas
3507 4759 3627 4817 sine
3671 4771 3759 4810 su-

2177 4854 2445 4923 perpliciis
2475 4870 2595 4909 cum
2628 4854 2795 4909 subtis
2826 4869 2916 4908 seu
2964 4853 3217 4908 rocbettis
3245 4860 3471 4913 tantum,
3496 4860 3554 4904 et
3578 4850 3761 4902 mitras

2175 4946 2443 5015 simplices
2472 4945 2537 4999 de
2568 4962 2599 5016 g
2620 4946 2803 4999 xrnello
2832 4946 2882 4998 in
2909 4946 3103 5012 capite,
3142 4955 3194 4998 et
3226 4942 3511 4997 mantellos
3537 4943 3608 4994 de
3631 4940 3760 4992 bru-

2175 5045 2323 5091 netto
2352 5037 2417 5089 ad
2453 5037 2733 5103 scapulas;
2776 5036 2867 5089 sed
2900 5036 3183 5090 saeculares
3212 5033 3486 5087 habebunt
3527 5030 3760 5084 mantel-

2174 5128 2254 5183 los
2297 5127 2365 5181 dc
2430 5127 2679 5181 brunetto
2732 5142 2983 5191 rosaceo;
3044 5126 3273 5195 religiosi
3304 5140 3435 5178 vero
3486 5122 3759 5176 habebunt

2176 5221 2456 5275 mantellos
2485 5219 2677 5274 coloris
2720 5236 2829 5275 sua:
2860 5221 3167 5290 religionis;
3197 5230 3249 5273 et
3278 5218 3344 5271 ita
3379 5215 3548 5286 parati
3577 5228 3755 5269 come-

2172 5316 2325 5384 dunt,
2369 5325 2424 5372 et
2460 5326 2647 5368 omnes
2688 5313 2777 5367 a|.i
2824 5312 3023 5381 prtclati
3072 5309 3385 5378 simpliciter
3429 5308 3511 5360 sic
3556 5304 3752 5364 induti,

2174 5409 2308 5463 facta
2352 5417 2527 5463 tamen
2576 5408 2713 5461 inter
2734 5419 2828 5459 eos
2873 5402 3195 5457 discretione
3223 5401 3289 5454 de
3314 5396 3667 5453 saacnlaribus
3702 5404 3758 5449 et

2176 5499 2437 5571 religiosis
2461 5496 2634 5567 quoad
2660 5494 2947 5557 mantellos
2976 5494 3026 5548 in
3051 5493 3250 5558 colore,
3274 5492 3411 5546 sicut
3435 5488 3643 5543 dictum
3673 5495 3759 5540 est

2174 5592 2241 5647 de
2266 5589 2642 5646 cardinalibus.

2247 5682 2350 5739 Sed
2396 5692 2518 5738 nota
2566 5680 2778 5736 modum
2808 5676 3174 5732 manle‘elorum
3220 5672 3480 5737 omnium,
3517 5679 3627 5723 tam
3656 5680 3749 5721 sar
