3990 6290
207 332 349 389 1513

1418 330 1678 388 ROMANI
1719 327 2028 385 0RDINES.
2078 359 2141 369 —
2186 330 2297 384 XV.

3339 342 3474 397 15η

202 451 491 509 eularium,
527 463 684 517 quam
717 446 1108 516 religiosorum.
1149 446 1314 502 Retro
1343 448 1481 503 inter
1505 446 1637 501 duas
1680 459 1791 500 sca-
1827 444 1873 502 Α
1903 452 2202 511 portantem
2235 445 2514 511 ferculum,
2559 456 2611 501 ct
2654 448 2753 517 ἰν.νί
2803 449 2853 503 in
2879 450 3075 506 ferculo
3106 466 3253 522 papa:
3282 462 3337 508 et
3360 469 3478 510 car-

203 543 358 611 pulas
387 540 780 611 conjunguntur
806 540 926 593 dure
972 552 1149 607 parzes
1177 538 1472 608 chlamydis
1493 579 1510 605 ,
1550 547 1606 592 et
1653 537 1791 593 bene

201 632 437 686 sumitur
458 644 554 698 per
576 629 803 697 spatium
830 628 1011 697 palmi,
1039 636 1093 683 ct
1121 636 1226 683 stat
1248 628 1544 693 dissutum;
1578 636 1632 682 ct
1659 627 1789 683 illud

201 723 346 794 quod
377 732 458 777 est
478 730 677 784 sutum,
710 720 850 789 quod
880 721 1153 791 conjungit
1182 722 1313 787 duas
1354 733 1529 790 partes
1554 721 1790 792 chlamy-

204 822 310 887 dis,
336 829 441 875 stat
470 833 633 888 super
663 818 893 882 collum;
927 826 979 873 et
1006 817 1243 885 chlamys
1272 813 1469 883 pendet
1507 820 1630 866 ante
1669 826 1789 879 pec-

208 922 294 965 tus
322 910 388 965 ab
419 918 640 978 utraque
669 918 814 975 parte
841 923 1006 976 usque
1035 906 1099 959 ad
1124 914 1341 971 terram,
1374 912 1428 958 et
1456 902 1615 958 etiam
1648 910 1791 955 retro

204 1018 374 1071 usque
404 1000 469 1104 ίῳ
500 1009 692 1055 terram
723 998 1047 1051 duntaxatct
1068 997 1182 1052 sine
1201 995 1389 1061 cauda,
1431 994 1522 1049 sed
1547 994 1599 1047 in
1621 993 1790 1047 forma

204 1085 456 1150 circulari
495 1103 543 1148 et
572 1086 851 1160 sphaerica,
879 1103 976 1143 nec
1019 1096 1194 1158 partes
1224 1086 1617 1157 conjunguntur
1646 1085 1791 1140 chla-

206 1190 382 1259 mydis
408 1194 531 1241 ante
565 1193 769 1253 pectus.
1531 1262 1536 1269 .

494 1294 675 1350 LXXI.
710 1292 789 1346 De
816 1292 992 1347 ordine
1013 1288 1223 1345 sedendi
1242 1289 1293 1342 in
1318 1303 1510 1342 mensa.

279 1410 442 1466 Sedet
465 1417 642 1462 autem
687 1407 801 1475 ipse
826 1419 957 1474 papa
986 1404 1039 1458 in
1072 1418 1172 1456 una
1203 1414 1389 1455 mensa
1420 1396 1676 1453 eminenti
1707 1410 1788 1450 so-

206 1506 311 1568 lus,
338 1501 562 1558 diversis
585 1509 636 1554 et
661 1498 869 1570 magnis
883 1497 1061 1551 aureis
1092 1494 1235 1550 vasis
1261 1504 1314 1548 et
1342 1491 1608 1562 argenteis
1634 1505 1794 1559 super

208 1614 450 1655 mensam
493 1594 701 1666 positis,
739 1592 820 1647 vel
853 1593 903 1646 in
938 1589 1269 1655 trissadorio,
1301 1602 1393 1641 seu
1437 1585 1643 1640 teloneo
1678 1585 1794 1640 sitis

209 1700 429 1759 propter
461 1699 701 1741 mensam
727 1698 754 1737 a
791 1683 955 1736 latere
980 1680 1199 1736 sinistro
1230 1693 1402 1748 papm.

283 1804 337 1858 In
381 1802 480 1856 alia
526 1816 652 1854 vero
684 1812 892 1865 mensa,
923 1812 1041 1866 qua:
1068 1804 1147 1851 est
1176 1793 1241 1847 ad
1290 1794 1569 1848 dexteram
1614 1804 1789 1860 papas,
1829 1816 1871 1875 Β

207 1898 262 1951 in
289 1896 502 1964 longum
526 1892 658 1945 aula:
683 1905 776 1943 seu
799 1887 989 1952 tinelli,
1006 1884 1436 1956 sedentcpiscopi
1458 1882 1786 1945 cardinales;

206 1990 348 2043 inter
374 2001 506 2056 quos
532 1983 717 2039 sedent
749 1979 1088 2052 patriarchas,
1144 1978 1188 2033 si
1219 1977 1346 2043 sint,
1381 1988 1607 2047 quatuor
1639 1974 1788 2044 prin-

203 2078 457 2148 cipalium
481 2075 829 2131 ecclesiarum
858 2068 1292 2141 patriarchalium
1325 2067 1615 2123 secundum
1645 2067 1789 2123 ordi-

209 2185 330 2225 nem
364 2168 630 2238 prioratus
661 2174 714 2219 et
743 2161 1128 2233 posterioratus
1158 2158 1501 2215 ecclesiarum
1531 2172 1745 2212 suarum
1770 2172 1787 2221 ;

207 2262 281 2315 ita
313 2270 489 2314 tamen
518 2257 659 2327 quod
691 2257 891 2325 primus
914 2253 1095 2309 sedeat
1148 2253 1284 2306 inter
1312 2252 1539 2321 primum
1576 2252 1791 2320 episco-

210 2366 336 2421 pum
357 2348 679 2404 cardinalem
700 2354 754 2402 et
781 2344 1068 2401 secundum
1084 2343 1411 2413 episcorium,
1443 2341 1545 2397 nisi
1560 2351 1703 2397 esset
1718 2341 1791 2396 ibi

208 2458 326 2507 res,
359 2441 478 2511 quia
504 2439 591 2494 ille
617 2438 828 2493 sederet
857 2440 996 2490 inter
1017 2435 1151 2490 duos
1173 2432 1470 2504 episcopos,
1493 2442 1546 2489 et
1570 2432 1796 2503 patriar-

210 2532 314 2585 cha
347 2532 483 2584 inter
512 2527 805 2583 secundum
829 2525 1161 2597 episcopum,
1193 2525 1376 2579 tertius
1408 2533 1525 2593 po.t
1554 2523 1792 2591 te.t';um,

211 2632 267 2677 et
297 2621 371 2675 sic
415 2620 698 2687 deinceps;
741 2617 813 2671 ita
840 2626 1015 2671 tamen
1059 2615 1200 2685 quod
1248 2630 1461 2684 semper
1489 2616 1627 2670 inter
1664 2614 1799 2670 duos

210 2712 493 2782 episcopos
516 2710 814 2766 cardinales
835 2709 1059 2779 quilibet
1092 2724 1276 2763 eorum
1306 2708 1491 2764 sedeat
1517 2725 1532 2775 ;
1565 2716 1618 2762 et
1648 2706 1718 2762 ita
1741 2705 1796 2761 in

213 2804 394 2859 Missa.

289 2914 345 2968 In
391 2912 623 2968 secunda
670 2925 854 2967 mensa
885 2910 1126 2980 ejusdem
1178 2910 1377 2976 lateris,
1413 2912 1495 2967 rel
1528 2913 1576 2966 in
1612 2912 1796 2968 eadem

210 3007 293 3064 sic
314 3005 443 3060 satis
460 3005 630 3073 longa,
666 3004 857 3058 sedent
892 3002 1186 3073 presbyteri
1216 3002 1513 3058 cardinales
1538 3015 1659 3074 post
1686 3003 1797 3074 epi-

212 3110 405 3166 scopos
449 3095 752 3150 cardinales
779 3103 831 3149 et
854 3093 1214 3164 patriarchas;
1270 3094 1321 3148 in
1364 3105 1511 3163 parte
1542 3111 1667 3151 vero
1722 3095 1795 3151 si-

1898 532 2173 599 dinaliuni,
2206 544 2362 604 prout
2393 538 2489 590 fuit
2518 540 2840 595 ordinatum.

2152 648 2361 702 LXXII.
2394 648 2467 702 De
2498 652 2721 705 secunda
2751 653 2938 707 latione
2966 672 3227 709 manuum.

1966 758 2308 815 Comestione
2335 771 2568 831 sumpta,
2601 779 2741 832 papa
2765 764 2903 819 Iurat
2929 783 3143 832 manus,
3168 770 3479 827 miui~tran-

1897 850 2153 905 lIIllISSlbI
2171 854 2487 922 cpiscopoet
2513 855 2720 907 duobus
2743 855 2979 910 diaeonis
3008 860 3393 927 cardinalibns,
3420 876 3474 917 ut

1896 943 2072 1010 prius;
2123 941 2212 1011 qui
2270 952 2375 995 tres
2413 927 2731 1004 cardinales.
2785 948 3068 1017 resumptis
3112 951 3379 1005 mantellis
3422 959 3477 1004 et

1898 1030 2155 1086 ministris
2187 1032 2321 1099 suis,
2354 1034 2575 1087 redeunt
2602 1035 2790 1089 sedere
2827 1052 2946 1091 cum
2977 1039 3091 1093 aliis
3122 1041 3481 1099 cardinalibus

1898 1123 1949 1175 in
1984 1121 2112 1176 locis
2144 1123 2255 1176 suis
2287 1125 2337 1176 in
2370 1139 2573 1178 mensa.
2624 1125 2772 1180 Tunc
2820 1137 2924 1181 tam
2963 1131 3153 1200 singuli
3202 1134 3484 1202 episc0po-

1896 1229 2037 1281 rum,
2065 1223 2116 1267 et
2141 1215 2367 1281 quilibet
2410 1217 2781 1283 cardinalium,
2810 1229 2859 1273 et
2896 1223 3259 1293 unusquisque
3293 1228 3483 1282 simili-

1902 1315 1988 1359 ter
2014 1304 2251 1359 sedendo
2291 1306 2467 1360 lavent
2512 1323 2636 1362 suas
2667 1326 2876 1375 manus,
2923 1315 3194 1369 serviente
3246 1317 3486 1373 reinfuu-

1898 1397 2059 1449 dente
2110 1409 2299 1464 aquam
2360 1397 2616 1450 cardinali
2671 1398 2909 1467 lavanti;
2958 1403 3255 1460 cardinales
3302 1419 3481 1464 autem

1898 1489 1988 1559 qui
2017 1484 2279 1543 assistunt
2310 1497 2527 1544 teneant
2575 1492 2837 1545 tobaleam
2881 1510 3037 1548 unam
3085 1513 3151 1550 ex
3201 1510 3350 1567 parte
3381 1517 3483 1556 una

1900 1578 2152 1645 Iavantis,
2206 1579 2339 1635 alter
2375 1595 2437 1634 ex
2471 1581 2595 1646 alia;
2631 1592 2681 1635 et
2708 1582 2785 1636 sic
2814 1583 2914 1637 sibi
2958 1596 3142 1640 mutuo
3171 1590 3234 1642 ad
3261 1589 3481 1646 iurieem

1898 1670 2000 1726 sibi
2030 1672 2286 1727 servient.

1971 1762 2174 1827 Quibus
2196 1762 2441 1817 omnibus
2475 1762 2597 1818 lotis
2635 1763 2829 1819 dantur
2855 1766 3081 1834 species.
3115 1767 3167 1822 lu
3198 1770 3302 1825 fine
3330 1788 3479 1840 vero,

1900 1853 2120 1909 remotis
2162 1854 2386 1919 mensis,
2415 1856 2587 1923 surgit
2612 1855 2860 1910 dominus
2892 1873 3047 1926 papa,
3073 1869 3125 1913 et
3155 1875 3341 1916 omnes
3372 1864 3486 1931 ipso

1893 1954 2068 2000 stante
2099 1960 2262 2015 super
2294 1946 2580 2001 scabellum
2630 1963 2782 2001 suum
2839 1950 3021 2018 pedes,
3060 1952 3483 2008 ministrantibus

1893 2038 1995 2092 sibi
2024 2038 2232 2092 duobus
2256 2038 2570 2093 diaconibus
2600 2048 2653 2093 et
2676 2040 2955 2108 episcopo,
2986 2041 3280 2095 redduntur
3299 2043 3484 2112 gratia:

1897 2139 1953 2185 ut
1980 2130 2113 2185 infra
2146 2131 2406 2199 sequitur.
2432 2130 2541 2185 Illis
2567 2143 2742 2185 autem
2772 2132 3012 2193 redditis,
3044 2147 3176 2202 papa
3211 2134 3481 2189 reducitur

1895 2237 1926 2277 a
1956 2221 2164 2277 duobus
2192 2221 2499 2276 diaconibus
2523 2222 2784 2289 praedictis
2807 2222 2872 2275 ad
2896 2237 3184 2288 cameram,
3216 2226 3294 2279 rel
3325 2236 3480 2280 ante-

1897 2329 2166 2370 cameram
2196 2328 2369 2379 suam,
2404 2313 2582 2383 ibique
2609 2315 2758 2370 sedet
2798 2316 2847 2368 in
2880 2314 3172 2368 faldistorio
3201 2331 3321 2370 cum
3365 2332 3485 2371 car-

1900 2405 2166 2460 dinalibus
2199 2414 2399 2460 tantum
2439 2406 2689 2459 fratribus
2713 2407 2860 2470 suis;
2890 2405 3002 2473 ipse
3030 2416 3081 2459 et
3113 2406 3185 2459 illi
3214 2408 3383 2476 parati
3428 2418 3487 2462 ut

1897 2505 2053 2553 erant
2076 2497 2129 2551 in
2160 2510 2340 2550 mensa
2367 2506 2778 2566 consequenter,
2803 2496 2976 2549 exutis
3008 2496 3259 2562 vestibus,
3285 2496 3480 2551 discal-

1899 2600 2083 2645 ceatus
2132 2589 2387 2646 sandaliis
2411 2589 2714 2658 requiescit.
2748 2586 3057 2643 Cardinales
3108 2603 3253 2653 vero,
3283 2598 3337 2642 ct
3388 2589 3484 2643 alii

1902 2680 2107 2750 prmlati
2134 2681 2361 2734 redeunt
2390 2679 2456 2733 ad
2476 2694 2660 2733 eorum
2691 2679 2920 2749 lioSpitia
2952 2694 3070 2733 cum
3102 2680 3274 2734 mitris
3294 2695 3482 2750 eques,

1905 2785 2082 2828 tamen
2114 2774 2267 2843 equis
2314 2788 2418 2827 non
2453 2776 2670 2842 paratis,
2706 2788 2805 2828 nec
2845 2773 2980 2827 alias
3007 2776 3295 2842 conpertis,
3347 2768 3487 2830 sicut

1903 2862 1957 2918 in
1988 2865 2321 2918 comestione
2350 2872 2636 2928 steterunt,
2669 2863 2738 2916 ita
2772 2862 3046 2917 recedunt.

1976 2980 2380 3035 Mcmorandum
2430 2979 2571 3049 quod
2594 2994 2781 3033 omnes
2802 2978 3064 3047 capellani
3090 2979 3291 3033 domini
3321 2980 3488 3033 nostri

1907 3086 2059 3142 papae
2112 3071 2529 3140 commensales,
2563 3071 2713 3140 quasi
2744 3084 2849 3124 non
2878 3070 3263 3124 commensales
3291 3070 3489 3125 debent

211 3160 401 3253 nistra,
443 3203 561 3258 quae
592 3187 749 3242 etiam
781 3160 942 3240 estin
970 3186 1183 3256 longum
1216 3186 1348 3240 aulae
1364 3160 1469 3241 seu
1499 3186 1682 3256 tinelli,
1716 3201 1801 3242 se.
1833 3187 1878 3248 ρ
1914 3179 1979 3219 eo
2006 3162 2091 3218 die
2111 3162 2391 3217 comedere
2424 3176 2541 3215 cum
2566 3161 2783 3215 domino
2813 3162 3107 3213 camerariu
3134 3160 3435 3230 splendide.

214 3283 344 3338 dent
366 3283 574 3338 diaconi
599 3282 763 3352 488
785 3280 1086 3335 cardinales
1115 3288 1300 3335 omnes
1330 3282 1619 3334 secundum
1645 3281 1793 3335 ordi-

210 3390 336 3430 nem
356 3390 510 3429 suum
533 3382 586 3428 et
605 3374 929 3441 prioritatem
949 3372 1300 3442 singulorum,
1325 3373 1375 3427 in
1401 3388 1505 3442 quo
1532 3383 1671 3428 statu
1694 3376 1804 3431 sint

210 3467 596 3529 cardinalatus,
628 3480 748 3518 nam
800 3467 1003 3534 priores
1035 3469 1206 3534 pr’mo
1243 3468 1293 3521 in
1346 3482 1528 3521 mensa
1578 3468 1799 3535 sedent;

210 3578 263 3621 ei
313 3571 433 3632 post
476 3572 714 3614 mensam
753 3558 1100 3612 cardinalium
1134 3571 1289 3613 erunt
1337 3576 1535 3615 mensa:
1565 3563 1801 3616 omnium

211 3648 446 3712 aliorum
473 3652 811 3721 prtelatorum
841 3658 896 3703 et
923 3648 1202 3704 nobilium.

290 3767 480 3822 Coram
534 3776 669 3832 papa
719 3760 956 3815 servient
1000 3758 1120 3814 laici
1150 3758 1378 3829 majores
1410 3769 1535 3815 natu
1562 3771 1615 3816 et
1655 3764 1806 3818 nobi-

216 3860 405 3922 liores,
429 3856 517 3926 qui
542 3862 831 3924 praesentes
855 3860 1041 3917 erunt,
1071 3854 1362 3907 secundum
1388 3853 1563 3908 officia
1590 3853 1666 3908 illi
1699 3855 1809 3909 dis-

218 3951 413 4006 tributa
445 3962 539 4016 per
566 3945 879 4014 magistrum
913 3943 1148 4014 hospitii.

291 4040 590 4096 Notandum
642 4048 817 4092 tamen
851 4036 989 4105 quod
1018 4036 1069 4089 in
1118 4050 1298 4090 mensa
1358 4036 1530 4105 primo
1573 4035 1803 4105 primum

220 4134 479 4190 ferculum
523 4129 673 4198 ponit
703 4143 884 4182 coram
917 4141 1050 4197 papa
1097 4127 1289 4195 aliquis
1315 4128 1382 4182 de
1419 4126 1806 4196 principaliori-

218 4227 320 4280 bus
345 4234 397 4279 et
423 4222 713 4286 nobilibus,
738 4219 946 4274 etiamsi
971 4227 1114 4275 esset
1141 4233 1254 4274 rex.
1288 4219 1404 4286 Quo
1426 4218 1619 4287 posito,
1644 4218 1688 4272 si
1714 4232 1804 4271 rex

221 4318 380 4379 foret,
412 4314 558 4368 vadit
585 4314 650 4367 ad
692 4310 985 4367 sedendum
1018 4311 1154 4365 inter
1183 4310 1318 4364 duos
1366 4311 1564 4379 primos
1593 4308 1804 4378 episco-

220 4423 319 4480 pos
358 4407 695 4469 cardiuales,
749 4404 849 4459 nisi
900 4402 1261 4457 Romanorum
1301 4402 1621 4470 imperator,
1677 4402 1800 4471 quia

222 4513 351 4555 tunc
376 4496 554 4553 irctad
574 4509 810 4550 mensam
842 4508 991 4548 suam
1014 4508 1042 4547 a
1073 4493 1237 4547 latere
1273 4492 1459 4545 dextro
1490 4507 1637 4561 papae
1657 4506 1810 4560 para-

1911 3285 2071 3356 489
2109 3283 2338 3339 LXXIII.
2380 3283 2459 3338 De
2488 3282 2849 3365 Benedictione
2887 3299 3090 3354 mensae,
3123 3294 3168 3338 et
3206 3286 3489 3356 gratiarum

2588 3365 2807 3409 actione.

1984 3471 2042 3526 ln
2071 3472 2235 3526 (Saeua
2265 3469 2472 3526 Domini
2494 3469 2558 3525 ad
2578 3469 2999 3526 benedicendum
3029 3483 3267 3526 mensam
3298 3472 3492 3529 dicitur
3574 3526 3580 3531 .

1909 3562 2152 3617 absolute
2198 3563 2315 3618 sine
2349 3561 2529 3616 Gloria
2571 3559 2722 3615 Patri
2768 3561 3072 3616 Versiculus
3123 3562 3354 3617 Christus
3396 3580 3491 3633 pro

1909 3656 2051 3708 nolis
2083 3656 2247 3721 [artus
2270 3664 2341 3708 est
2379 3654 2619 3708 obediens
2672 3670 2830 3723 usque
2867 3655 2935 3707 ad
2986 3664 3194 3707 mortem
3220 3695 3237 3722 ,
3277 3666 3331 3709 et
3385 3670 3491 3711 non

1909 3746 2166 3812 amplius;
2227 3756 2281 3798 et
2331 3744 2525 3799 deinde
2584 3744 2779 3800 dicitur
2832 3743 2991 3799 Pater
3050 3756 3221 3799 noster
3260 3757 3489 3802 secrete.

1908 3835 2024 3901 Quo
2065 3835 2351 3903 completo,
2403 3838 2517 3889 sine
2563 3835 2995 3903 pronuntiatione
3025 3837 3199 3906 aliqua
3242 3837 3492 3893 dominus

1912 3942 2045 3999 papa
2079 3929 2255 3998 signat
2287 3937 2392 3981 tam
2440 3942 2677 3982 mensam
2730 3943 2909 3996 suam,
2942 3944 3098 3998 quam
3139 3930 3289 3984 abas.
3327 3932 3493 3987 llodie

1911 4035 2014 4074 non
2043 4018 2237 4073 dicitur
2264 4018 2416 4084 Jube,
2442 4018 2645 4081 domne,
2679 4020 2989 4086 benedicere,
3033 4034 3132 4073 nec
3164 4020 3239 4072 Tu
3279 4030 3493 4086 autem;

1909 4112 2002 4166 sed
2033 4110 2236 4165 mensis
2265 4109 2509 4178 signatis,
2543 4118 2598 4162 ut
2626 4108 2827 4163 dictum
2855 4116 2955 4172 est,
2982 4108 3180 4163 vadunt
3206 4110 3271 4163 ad
3294 4109 3492 4165 seden-

1911 4205 2034 4259 dum
2054 4244 2069 4269 ,
2103 4213 2263 4273 prout
2291 4211 2372 4257 est
2401 4201 2647 4270 superius
2677 4200 2997 4256 ordinatum.

1984 4319 2038 4372 In
2076 4317 2179 4372 fine
2212 4315 2415 4387 prandii
2448 4314 2500 4370 in
2558 4315 2905 4385 regratiarum
2961 4316 3200 4372 actiones
3231 4316 3491 4388 repetitur

1912 4410 2216 4465 Versiculus
2260 4407 2494 4462 (.‘liristus
2540 4412 2704 4478 {actus
2755 4418 2831 4461 est
2888 4406 3148 4473 obediens,
3191 4418 3247 4463 ut
3290 4423 3489 4479 supra;

1909 4502 2104 4556 dicitur
2129 4499 2435 4555 immediate
2484 4500 2642 4554 Pater
2669 4512 2855 4555 noster.
2888 4500 3003 4569 Quo
3034 4500 3202 4568 finito,
3238 4517 3372 4573 papa
3404 4502 3490 4557 di-

220 4605 329 4649 tam
352 4606 474 4646 cum
514 4590 767 4653 thalamo,
797 4586 961 4658 gradu
1010 4586 1201 4640 minori
1247 4596 1299 4640 et
1328 4584 1552 4639 bttSSIOI’I
1608 4585 1700 4639 ἱὶιο
1737 4585 1803 4639 de
1838 4567 1875 4619 υ
1912 4599 1985 4648 cit
2012 4594 2256 4647 absolule
2288 4594 2593 4649 Orationem
2651 4594 2884 4662 Respice,
2913 4567 3255 4664 -φιιῃειιηιηςζ
3309 4567 3492 4649 hami-

220 4700 393 4755 papa;
413 4694 465 4737 et
489 4681 780 4737 secundum
813 4680 1072 4733 ferculum
1102 4686 1335 4746 portaret
1364 4691 1484 4731 rex.
1509 4676 1626 4743 Quo
1647 4677 1805 4730 etiam

220 4780 424 4849 posito,
458 4775 605 4829 vadit
645 4773 709 4827 ad
757 4772 1053 4827 sedendum
1085 4771 1135 4824 in
1178 4786 1359 4825 mensa
1392 4785 1422 4821 a
1468 4770 1697 4824 sinistris
1727 4770 1809 4823 in-

222 4881 305 4925 ter
334 4868 539 4938 primos
570 4866 706 4920 duos
737 4865 987 4919 diaconos
1014 4863 1331 4917 cardinales.
1375 4864 1437 4915 Iit
1463 4863 1540 4916 sic
1569 4862 1794 4916 faciebat

217 4958 471 5014 dominus
500 4955 724 5011 Carolus
776 4955 979 5024 primus
1021 4968 1117 5008 rex
1151 4953 1367 5018 Sicilia},
1400 4968 1445 5007 e:
1475 4967 1661 5008 omnes
1682 4951 1806 5007 des-

216 5052 511 5109 cendentes
542 5048 610 5102 ab
650 5063 713 5102 eo
738 5061 909 5118 reges.

304 5145 371 5197 Et
401 5156 525 5195 uota
549 5140 797 5208 quoniam
849 5146 972 5190 tunc
1001 5136 1289 5203 imperator
1326 5132 1808 5202 Constantinopoli-

218 5246 381 5291 tanus
402 5246 516 5289 erat
545 5232 783 5295 incuria,
809 5228 863 5285 et
891 5228 1115 5283 sedebat
1143 5228 1279 5281 inter
1304 5225 1437 5279 duos
1464 5224 1660 5293 primos
1688 5225 1807 5294 epi-

218 5343 418 5398 scopos
459 5325 781 5389 cardinales,
830 5321 919 5391 qui
975 5319 1147 5390 primo
1178 5328 1231 5373 et
1290 5318 1517 5386 primum
1550 5316 1805 5372 ferculum

218 5434 405 5475 eorum
458 5433 590 5487 papa
650 5422 928 5485 posuerat;
983 5411 1269 5468 secundum
1323 5426 1417 5465 rex
1459 5410 1678 5476 Siciliae,
1720 5411 1807 5479 qui

223 5522 353 5566 tunc
372 5519 491 5566 erat
525 5523 792 5578 pncsens;
837 5504 926 5559 alii
972 5514 1150 5558 autem
1181 5502 1385 5557 nobiles
1425 5501 1677 5570 majores.
1707 5499 1808 5567 Qui

221 5601 273 5656 si
307 5609 491 5655 essent
536 5600 630 5654 lilii
663 5596 1001 5668 imperatoris
1029 5595 1112 5650 vel
1154 5609 1357 5664 regum,
1385 5594 1625 5647 serviunt
1661 5609 1807 5662 papa:

223 5696 280 5749 in
315 5708 518 5757 mensa,
553 5693 800 5747 videlicet
825 5707 959 5745 unus
984 5690 1048 5746 de
1073 5703 1226 5756 cupa,
1259 5688 1395 5742 alius
1424 5689 1490 5741 de
1514 5687 1719 5740 tucellis
1742 5686 1806 5739 ad

224 5785 621 5856 incipiendum;
674 5785 761 5839 alii
811 5794 985 5839 astant
1033 5781 1358 5847 comedenti,
1387 5779 1473 5833 alii
1516 5788 1809 5848 sequuntur

1911 4704 2004 4751 ne,
2038 4699 2179 4752 etc.;
2232 4702 2330 4740 nec
2362 4688 2674 4755 pronunciat
2708 4686 2809 4752 Qui
2839 4696 3001 4741 tecum
3024 4730 3038 4753 ,
3087 4701 3183 4742 nec
3229 4685 3488 4741 Fidetium

1910 4781 2116 4844 αηὶηιαι,
2134 4781 2225 4834 sed
2250 4780 2422 4834 solum
2439 4781 2558 4835 sine
2587 4779 2760 4849 aliqua
2788 4781 3217 4849 pronuntiatione
3241 4781 3489 4834 dominus

1914 4886 2044 4941 papa
2076 4873 2245 4941 signat
2278 4887 2361 4937 se,
2387 4881 2439 4926 et
2468 4886 2660 4927 omnes
2688 4871 2825 4926 alios
2854 4870 3207 4935 deVote,nihil
3239 4870 3489 4927 dicendo.

1912 4967 2060 5020 Tunc
2102 4964 2340 5033 reposito
2394 4963 2613 5019 fanone-
2642 4973 2699 5018 et
2748 4963 2904 5017 mitra
2951 4977 3110 5033 super
3156 4971 3315 5031 caput
3342 4963 3488 5033 ejus,

1915 5073 2036 5113 cum
2072 5064 2251 5110 manto
2279 5056 2345 5110 ad
2385 5056 2661 5123 scapulas,
2694 5054 2983 5120 reducitur,
3038 5063 3097 5107 ut
3139 5054 3341 5109 dictum
3384 5066 3488 5120 est,

1913 5168 1941 5206 a
1972 5153 2185 5206 duobus
2235 5150 2547 5206 diacouibus
2592 5149 2950 5204 cardinalibus
2988 5149 3053 5203 ad
3106 5165 3371 5206 cameram
3401 5151 3487 5207 vel

1913 5248 1980 5300 ad
2011 5248 2416 5310 anticameram,
2446 5258 2564 5313 qua:
2594 5253 2811 5297 vocatur
2837 5257 3046 5297 camera
3078 5246 3397 5312 parameuti.

1984 5338 2284 5394 Notandqu
2333 5337 2473 5404 quod
2506 5337 2548 5388 si
2594 5348 2726 5403 papa
2782 5349 2885 5388 nou
2944 5333 3194 5389 conﬁciat
3244 5344 3486 5390 sanctum

1912 5435 2166 5496 chrisma,
2197 5445 2300 5483 non
2333 5428 2529 5482 habent
2560 5426 2731 5481 locum
2749 5426 3027 5494 praedicta:
3051 5425 3393 5481 ceremonim.

1992 5523 2119 5575 Item
2157 5520 2454 5575 notandum
2489 5517 2629 5587 quod
2660 5517 2703 5570 si
2750 5516 3049 5571 cardinales
3077 5530 3181 5570 non
3210 5515 3492 5570 comedaut

1913 5633 2032 5671 cum
2093 5630 2250 5686 papa,
2294 5627 2399 5669 non
2452 5612 2651 5668 habent
2697 5609 2870 5667 locum
2929 5607 3195 5678 praedic-tas
3233 5606 3481 5662 solemni-

1915 5723 2067 5765 tates.
