3990 6298
517 355 650 410 1515

844 534 863 543 ’
896 538 1198 582 comesttone
1233 527 1417 580 summi
1458 526 1737 595 pontiﬁcis.

590 625 715 692 Item
771 617 1059 673 notandum
1094 616 1235 684 quod
1273 616 1443 684 aliqua
1478 615 1669 669 mulier
1704 629 1971 683 nunquam
2002 627 2096 667 eo-

522 715 684 768 medit
714 712 764 764 in
798 707 1077 778 praesentia
1110 707 1334 760 Romani
1371 706 1660 775 pontiﬁcis,
1694 708 1853 760 etiam
1887 705 1930 759 si
1958 713 2100 759 esset

520 800 827 872 imperatrix
863 798 943 852 vel
992 799 1195 866 regina.
1233 798 1304 849 Ita
1343 796 1545 850 exstitit
1576 797 1915 849 obserVatum
1966 803 2096 847 tem-

521 909 645 963 pore
685 890 886 944 domini
936 888 1228 943 Clementis
1263 887 1323 953 ν,
1350 896 1405 942 et
1453 886 1654 940 domini
1683 885 1904 940 Joannis
1934 883 2099 949 XXII,

519 980 719 1035 domini
769 978 1041 1033 Benedicti
1073 977 1196 1044 XII,
1233 978 1520 1032 Clementis
1558 977 1641 1042 VI,
1671 992 1772 1031 nec
1820 975 1916 1031 fuit
1944 975 2102 1030 audi-

524 1085 632 1126 tum
675 1071 814 1140 quod
844 1072 1022 1139 aliquo
1069 1080 1308 1141 tempore
1339 1068 1496 1123 fuerit
1528 1068 1745 1122 factum.

587 1163 928 1217 Contrarium
960 1170 1136 1214 tamen
1170 1169 1410 1228 tempore
1436 1159 1643 1214 domini
1672 1159 1872 1215 Urbani
1908 1158 1971 1226 V,
2004 1158 2103 1214 do-

520 1256 648 1309 mini
696 1253 941 1324 Gregorii
972 1251 1067 1319 XI,
1099 1263 1190 1305 aut
1243 1250 1442 1305 Urbani
1481 1251 1565 1306 γι.
1613 1251 1951 1306 Contrarium
2006 1265 2105 1303 au-

521 1356 626 1401 tem
673 1345 788 1414 ejus
849 1344 1009 1398 etiam
1069 1341 1167 1395 fuit
1218 1342 1561 1397 observatum
1633 1354 1877 1412 tempore
1938 1342 2101 1396 Boni-

523 1438 643 1490 facii
690 1436 755 1489 |.\'
787 1442 841 1489 et
868 1433 1091 1489 Joannis
1146 1432 1344 1498 XXIII,
1384 1448 1714 1488 summorum
1762 1433 2104 1503 pontiﬁcum;

523 1540 576 1581 et
606 1537 627 1564 θ
663 1529 823 1581 male.

595 1641 803 1696 LXXV.
839 1641 911 1693 De
948 1641 1108 1709 o/ftcio
1154 1640 1205 1691 in
1245 1639 1372 1708 feria
1410 1648 1552 1692 sexta
1600 1639 1650 1691 in
1697 1637 2038 1694 Parascevcn.

598 1755 747 1809 Feria
780 1753 1211 1822 sexta,videlicet
1235 1751 1321 1806 die
1350 1752 1570 1806 Veneris
1592 1761 1772 1805 sancta
1795 1791 1810 1817 ,
1843 1760 1901 1805 ιιι
1930 1754 2110 1806 omtra

1186 347 1529 401 API‘ENDIX
1576 346 1664 399 AD
1703 346 1758 398 S.
1802 340 2127 399 CliEGOl‘tll
2171 344 2378 400 MAGNI
2424 344 2790 401 LlTUIlGlCA
2829 345 3074 402 01‘ER.\.

518 464 751 522 LXXIV.
785 461 906 535 Non
936 459 1049 511 licet
1080 459 1216 526 quod
1246 458 1417 535 aliqua
1463 456 1645 535 mulier
1680 454 1993 535 interveniat
2041 455 2095 507 in
2124 461 2173 518 Α

3650 346 3793 403 1316

2273 456 2391 523 Ipse
2415 472 2539 511 vero
2573 456 2820 512 dominus
2868 472 3001 527 papa
3061 466 3294 528 paratus,
3338 458 3478 514 idem
3536 460 3795 515 dominus

2201 547 2488 602 cardinalis
2532 550 2727 617 accipit
2784 549 3047 617 planetam
3081 550 3212 620 nigri
3258 551 3479 607 coloris.
3530 552 3797 607 Similiter

2202 652 2389 692 omnes
2440 638 2741 694 cardinales
2806 638 3067 707 recipiunt
3138 651 3483 710 paramenta,
3537 642 3797 699 videlicet

2205 728 2439 797 episcopi
2462 738 2654 794 cottas,
2684 730 2937 783 amictum
2962 730 3216 798 latum,et
3244 731 3525 800 pluvialis;
3565 734 3796 803 preshy-

2206 820 2302 873 teri
2353 835 2478 875 vero
2522 828 2578 874 et
2618 820 2826 875 diaconi
2863 821 3129 889 similiter,
3162 837 3267 877 non
3299 830 3480 879 tamen
3511 824 3793 895 pluvialis,

2205 910 2297 965 sed
2331 910 2573 979 planetas
2603 911 2739 983 nigri
2787 912 3022 977 coloris,
3065 914 3201 969 sicut
3251 930 3407 984 papa.
3457 916 3664 984 Quibus
3705 932 3797 986 pa-

2208 1006 2462 1060 ramentis
2526 1006 2794 1074 receptis,
2868 1020 3001 1077 papa
3084 1009 3420 1077 progreditur
3491 1008 3605 1101 ad.
3625 1024 3796 1064 cornu

2208 1095 2448 1149 dextrum
2479 1096 2658 1152 altaris
2682 1111 2711 1151 a
2752 1108 2907 1166 parte
2924 1108 3063 1162 ante,
3090 1099 3177 1153 ubi
3201 1108 3284 1153 est
3320 1095 3588 1155 cathedra
3608 1100 3787 1166 bassa,

2209 1186 2373 1253 nuda,
2403 1197 2456 1240 et
2485 1186 2599 1240 sine
2627 1186 2893 1253 scabello;
2927 1199 2979 1243 et
3035 1188 3105 1243 ibi
3150 1191 3303 1245 sedet
3341 1192 3685 1260 respiciendo
3730 1193 3794 1246 ad

2209 1286 2368 1344 caput
2396 1277 2673 1331 sinistrum
2697 1277 2908 1344 altaris;
2937 1288 2990 1333 et
3010 1278 3171 1335 etiam
3194 1295 3381 1337 omnes
3402 1282 3491 1351 alii
3520 1283 3716 1339 sedent
3742 1286 3793 1340 in

2214 1366 2345 1423 locis
2368 1368 2499 1434 suis,
2534 1378 2689 1438 prout
2708 1378 2789 1424 est
2809 1380 3141 1427 consuetum.

2284 1461 2582 1517 Notandum
2611 1473 2785 1519 tamen
2818 1465 2958 1533 quod
2988 1465 3032 1521 si
3078 1465 3271 1537 aliquis
3302 1482 3393 1524 rex
3428 1468 3518 1524 illa
3541 1470 3630 1525 die
3658 1481 3795 1528 esset

2214 1568 2450 1623 praesens
2474 1555 2526 1609 in
2560 1556 2706 1610 dicto
2735 1556 2934 1621 ofﬁcio,
2967 1558 3081 1626 ipse
3104 1574 3207 1613 nan
3226 1561 3442 1615 sederet
3470 1563 3522 1615 in
3547 1562 3790 1617 cathedra

2216 1657 2365 1698 more
2396 1647 2578 1712 solito,
2608 1646 2659 1707 id
2696 1655 2781 1700 est
2807 1648 3021 1715 quando
3059 1663 3190 1717 papa
3241 1649 3369 1704 facit
3410 1651 3669 1718 ofﬁcium,
3703 1653 3787 1706 sed

2217 1736 2370 1790 sedet
2414 1737 2466 1790 in
2521 1736 2709 1792 ordine
2738 1738 3108 1808 episc0porum
3139 1740 3509 1807 cardinalium,
3554 1742 3792 1797 videliCet

526 1848 770 1902 dicantur
816 1862 909 1914 per
940 1846 1206 1909 ordinem,
1255 1845 1421 1913 prima
1468 1844 1602 1897 hora
1647 1843 1807 1912 hujus
1858 1843 1996 1911 diei,
2028 1858 2113 1898 se-

2223 1827 2359 1880 inter
2398 1828 2533 1881 duos
2565 1829 2763 1896 primos
2805 1830 3085 1899 episcopos
3125 1832 3463 1898 cardinales;
3516 1843 3572 1888 et
3615 1845 3790 1889 staum

527 1940 757 1993 eundum
804 1938 1061 1991 Jacobum
1091 1936 1365 2002 Uaietani,
1400 1949 1590 1990 omnes
1619 1934 1883 2003 capellani
1912 1949 2114 1989 vocan-

529 2039 613 2083 tur
634 2032 698 2083 ad
729 2028 1011 2082 dicendum
1056 2026 1397 2091 Psalterium,
1447 2027 1668 2080 domino
1701 2039 1836 2094 papa
1886 2024 2112 2079 sedente

531 2131 653 2173 ante
687 2124 876 2173 lectum
911 2134 1066 2173 suum
1100 2135 1113 2169 :
1148 2119 1411 2187 capellani
1440 2116 1597 2170 etiam
1629 2118 1777 2185 juxta
1805 2116 1968 2185 pedes
1998 2116 2116 2184 ejus

531 2210 759 2264 viciSsim
796 2219 965 2263 totum
998 2209 1314 2263 Psalterium
1345 2209 1638 2277 complent.
1672 2206 1836 2277 490
1858 2207 1975 2274 Quo
1998 2206 2116 2260 lini-

534 2316 619 2369 to,
666 2304 918 2359 sacerdos
965 2318 1086 2358 cum
1132 2302 1249 2356 aliis
1283 2300 1409 2356 dicit
1440 2302 1799 2370 Antiphonam
1852 2299 1936 2353 Ne
1964 2300 2117 2353 remi-

533 2398 766 2450 ttiscaris.
832 2396 1022 2449 Postea
1076 2394 1327 2447 dicuntur
1384 2392 1581 2446 litanias
1635 2402 1690 2446 et
1742 2390 1900 2444 Pater
1948 2401 2117 2443 noster

534 2492 758 2556 private,
789 2495 843 2541 et
894 2486 1136 2540 l’salmus
1184 2484 1425 2538 Miserere
1477 2484 1592 2547 mei,
1638 2481 1795 2547 Deus,
1847 2482 1962 2537 sine
1995 2481 2117 2537 Glo-

534 2586 611 2638 ria
636 2626 647 2650 ,
680 2594 783 2639 etc.
807 2600 820 2649 ;
846 2582 1040 2635 deinde
1066 2581 1307 2648 Capitula
1327 2619 1341 2643 ,
1366 2587 1417 2633 et
1439 2577 1553 2633 sine
1585 2575 1836 2631 Dominus
1867 2577 2119 2631 vobiscum

535 2677 777 2730 absolute
807 2675 1059 2729 dicuntur
1105 2670 1387 2727 Orationes
1420 2670 1580 2736 Deus,
1624 2670 1708 2723 cui
1754 2670 2019 2739 praprium
2047 2678 2118 2723 est

537 2770 800 2835 misereri,
837 2780 889 2823 et
936 2776 1147 2822 caetera:
1193 2781 1413 2833 omnes,
1458 2781 1577 2835 quae
1629 2772 2024 2820 consueverunt
2067 2765 2142 2841 in~

536 2861 990 2929 Quadragesima;
1013 2866 1068 2913 et
1095 2860 1146 2912 in
1176 2857 1279 2911 ﬁne
1306 2857 1502 2912 dicitur
1528 2853 1712 2910 Oratio
1743 2855 1854 2923 illa,
1885 2855 2117 2927 Respice,

535 2968 852 3021 quwsumus.

609 3044 895 3097 Sciendum
926 3041 1066 3111 qttod
1100 3042 1198 3095 ista
1231 3040 1317 3094 die
1348 3040 1597 3094 dominus
1648 3055 1803 3110 papa,
1835 3050 2118 3111 antequam

536 3134 697 3187 vadat
723 3132 786 3186 ad
810 3133 1094 3187 ecclesiam
1119 3147 1211 3185 seu
1241 3131 1496 3199 capellam
1521 3145 1616 3200 pro
1644 3131 1822 3186 ofﬁcio
1850 3134 2114 3199 faciendo,

2219 1920 2466 1974 omnibus
2508 1919 2835 1985 sedentibus,
2871 1938 3009 1977 unus
3047 1922 3352 1992 capellanus
3409 1924 3649 1981 absolute
3680 1927 3793 1982 sine

2222 2013 2371 2067 titulo
2394 2014 2447 2067 in
2475 2014 2691 2067 modum
2715 2014 2955 2069 lectionis
2980 2015 3311 2085 prophetiam
3344 2016 3476 2071 dicit
3523 2016 3653 2072 Hcce
3677 2019 3794 2071 dicit

2220 2102 2471 2158 Dominus
2497 2120 2514 2158 :
2546 2103 2614 2158 In
2644 2106 2991 2162 tribulatione.
3021 2108 3131 2176 Qua
3166 2109 3308 2162 ﬁnita
3330 2148 3347 2175 ,
3380 2118 3629 2163 cantatur
3664 2109 3792 2164 Tra-

2218 2204 2337 2250 ctus
2381 2194 2625 2261 Domine,
2657 2196 2851 2251 audivi.
2898 2197 3077 2252 Finito
3104 2213 3231 2254 vero
3261 2199 3478 2265 Tracta,
3511 2215 3642 2269 papa
3686 2216 3793 2255 sur-

2218 2288 2312 2358 git,
2348 2296 2405 2343 et
2446 2288 2642 2343 ibidem
2690 2289 3027 2359 respiciendo
3070 2291 3136 2345 ad
3186 2291 3354 2346 altare
3400 2293 3534 2347 dicit
3564 2292 3790 2359 Oremus,

2220 2392 2273 2435 et
2306 2380 2452 2449 prior
2498 2382 2752 2437 diaconus
2801 2383 3086 2438 cardinalis
3128 2393 3274 2438 stans
3320 2399 3349 2438 a
3400 2384 3607 2441 dextris
3654 2403 3793 2455 papa

2220 2473 2349 2526 dicit
2378 2472 2674 2528 Flectamus
2702 2490 2900 2544 genua,
2936 2484 2985 2529 et
3037 2474 3346 2530 immediate
3392 2476 3652 2532 diacOnus
3686 2492 3794 2532 car-

2220 2565 2413 2620 dinalis
2440 2568 2528 2636 qui
2560 2577 2643 2621 est
2672 2581 2699 2620 a
2730 2566 2959 2621 sinistris
2985 2582 3130 2637 papte
3154 2568 3283 2622 dicit
3325 2566 3548 2632 Lerate;
3582 2578 3635 2623 et
3680 2580 3793 2623 tunc

2223 2672 2353 2726 papa
2394 2657 2524 2712 dicit
2566 2656 2875 2713 Orationem
2910 2658 3067 2725 Deus,
3102 2675 3132 2711 a
3159 2676 3280 2731 quo,
3312 2670 3419 2714 etc.
3448 2700 3465 2725 ,
3514 2670 3569 2715 et
3620 2662 3668 2715 in
3696 2660 3793 2717 line

2225 2750 2588 2816 reSptindetur
2618 2751 2802 2804 Amen.

2290 2839 2450 2912 491
2498 2840 2612 2907 Qua
2654 2841 2822 2904 (inita,
2856 2840 3236 2907 subdiaconus,
3270 2840 3521 2910 deposita
3567 2843 3789 2911 planet),

2226 2933 2350 3002 legit
2406 2935 2523 2988 sine
2575 2934 2727 2989 titulo
2771 2935 3100 3005 prophetiam
3158 2933 3237 2989 In'
3274 2937 3453 2990 diebus
3509 2937 3620 2991 illis
3674 2938 3791 2991 dixit

2226 3025 2475 3079 Dominus
2506 3026 2574 3079 ml
2618 3024 2853 3095 Moysen.
2904 3027 3016 3091 Qua
3054 3026 3234 3096 (inita,
3280 3037 3529 3083 cantatur
3583 3027 3792 3085 Tractus

2230 3116 2385 3189 Eripe
2425 3134 2533 3183 me,
2578 3131 2682 3172 etc.
2726 3117 2991 3174 Diaconos
3050 3135 3174 3174 vero
3222 3121 3515 3176 carditzalis
3568 3122 3794 3176 dicturus

537 3226 619 3279 bis
650 3225 796 3280 venit
824 3223 891 3278 ad
936 3224 1225 3278 fenestram
1276 3238 1372 3291 pro
1420 3222 1747 3293 indulgentia
1779 3239 1928 3280 more
1958 3226 2115 3280 solito

2226 3212 2562 3281 Passionem,
2594 3222 2879 3284 antequam
2914 3222 3027 3268 ter.
3054 3214 3227 3268 inetur
3268 3224 3472 3271 tractus
3501 3216 3792 3284 praedictus,

535 3320 734 3384 danda,
768 3319 1011 3374 videlicet
1052 3318 1119 3373 de
1167 3333 1322 3373 mane
1370 3319 1559 3386 semel,
1591 3326 1646 3374 et
1688 3333 1832 3385 sero,
1877 3336 1995 3375 eum
2048 3322 2116 3376 ad

537 3413 797 3480 capellam
828 3412 939 3465 vult
970 3411 1045 3464 ire
1079 3427 1171 3477 pro
1224 3410 1399 3465 ollicio
1451 3410 1729 3478 faciendo;
1781 3420 1837 3467 et
1881 3413 2118 3481 qualibet

538 3502 655 3555 vice
681 3509 857 3569 portat
888 3500 1117 3570 pluviale
1147 3500 1368 3554 rubeum
1420 3510 1473 3555 et
1527 3502 1740 3556 mitram
1789 3503 2002 3570 planam
2049 3504 2117 3559 de

539 3592 777 3661 garnello
807 3592 923 3645 sine
971 3588 1263 3644 auril‘risiis
1304 3599 1357 3644 et
1404 3591 1584 3660 perlis.
1620 3592 1732 3657 Qua
1789 3592 2117 3662 indulgentia

538 3698 660 3737 sero
688 3685 832 3746 data,
866 3683 1009 3734 vadit
1034 3681 1099 3735 ad
1127 3694 1417 3746 cameram,
1440 3693 1491 3736 et
1523 3683 1589 3736 ibi
1620 3683 1838 3752 deponit
1869 3685 2113 3753 pluviale,

540 3786 589 3830 ct
643 3776 835 3842 accipit
891 3788 1110 3842 cappam
1161 3774 1229 3828 de
1284 3776 1537 3828 searletto
1585 3777 1768 3840 rubco,
1804 3788 2041 3844 apertam
2087 3793 2117 3832 a

539 3866 716 3921 medio
750 3864 977 3933 pectoris
1008 3880 1173 3933 usque
1197 3864 1262 3919 ad
1298 3868 1495 3933 pedes;
1550 3876 1604 3919 et
1631 3867 1875 3921 eamdem
1908 3871 2118 3923 mitram

539 3959 714 4009 albam
749 3966 803 4010 et
853 3958 1066 4024 planam
1113 3955 1179 4009 de
1210 3955 1448 4024 garnello
1495 3956 1697 4023 absque
1748 3956 2032 4013 aurilrisiis
2065 3969 2121 4014 et

537 4051 699 4117 periis
746 4050 797 4101 itt
827 4048 1001 4115 capite
1048 4057 1265 4115 portans
1296 4061 1413 4100 cum
1448 4048 1806 4103 cartlinalibus
1838 4050 1999 4104 intrat
2025 4065 2116 4104 ca-

540 4142 727 4207 pellam
766 4156 858 4209 pro
883 4138 1059 4193 ofﬁcio
1086 4136 1355 4192 faciendo.
1391 4138 1520 4193 Cum
1566 4148 1743 4193 autem
1790 4154 1922 4210 papa
1957 4150 2037 4196 est
2065 4143 2115 4196 in

540 4232 767 4300 capella,
804 4230 946 4284 illico
981 4228 1126 4282 vadit
1156 4229 1219 4281 ad
1250 4229 1439 4295 altare,
1464 4228 1553 4282 ubi
1585 4238 1665 4282 est
1694 4230 1944 4285 cathedra
1978 4226 2117 4286 nuda

538 4339 660 4376 eum
692 4320 926 4376 scabello
960 4330 1177 4389 parata;
1209 4331 1260 4374 et
1304 4319 1375 4375 ibi
1422 4320 1754 4390 genuﬁexus,
1798 4334 1848 4376 et
1899 4324 1996 4376 sibi
2026 4323 2118 4378 de-

538 4417 712 4486 posita
765 4415 918 4467 mitra
974 4429 1066 4481 per
1118 4413 1405 4468 diaconum
1462 4414 1785 4467 eardinalem
1838 4417 1924 4479 qui
1979 4425 2119 4469 esta

538 4506 773 4570 dextris,
806 4513 923 4557 erat
963 4502 1383 4571 aliquantulum;
1419 4512 1471 4556 et
1498 4515 1677 4570 postea
1712 4506 1901 4573 surgit,
1945 4516 1996 4559 et
2034 4522 2117 4561 re-

2221 3304 2377 3358 dehct
2401 3320 2595 3359 exuere
2626 3304 2919 3374 planetam,
2961 3314 3014 3360 et
3051 3320 3167 3359 eam
3200 3306 3448 3374 plicatam
3483 3307 3548 3360 ad
3591 3305 3793 3359 modum

2220 3396 2372 3450 stolae
2395 3396 2546 3466 quasi
2560 3396 2798 3466 recipere
2826 3399 2981 3454 debet
3007 3412 3171 3467 super
3194 3399 3477 3453 humerum
3510 3397 3795 3461 sinistrum,

2222 3487 2292 3543 ita
2324 3490 2462 3558 quod
2494 3490 2665 3558 capita
2718 3489 2885 3557 ipsius
2933 3490 3212 3545 ﬁrmentur
3256 3489 3321 3543 ad
3374 3490 3519 3544 latus
3562 3490 3796 3544 dextram

2222 3582 2375 3651 quasi
2409 3591 2587 3646 retro;
2614 3591 2669 3637 et
2698 3581 2849 3636 ﬁnito
2894 3582 3089 3637 Traetu
3123 3585 3235 3652 ipse
3265 3582 3525 3637 diaconus
3564 3584 3799 3638 cardina-

2223 3674 2309 3739 Iis,
2347 3674 2479 3728 facta
2520 3676 2837 3738 reverentia,
2888 3672 3195 3743 gennﬁexus
3234 3690 3416 3729 coram
3474 3674 3662 3737 altari,
3691 3675 3800 3729 sine

2224 3764 2599 3821 Benedictione
2646 3776 2700 3821 et
2750 3766 2903 3834 pedis
2954 3766 3158 3829 osculo,
3194 3768 3433 3834 procelit
3488 3780 3615 3819 cum
3673 3766 3801 3820 libro

2224 3856 2634 3925 Evangeliorum
2682 3856 2799 3911 sine
2840 3856 3012 3911 cereis
3053 3864 3107 3909 et
3162 3857 3381 3911 incenso
3431 3858 3501 3911 ad
3543 3857 3800 3928 pulpitum

2222 3950 2418 4002 nudum
2447 3963 2461 4012 ;
2493 3956 2547 4003 et
2574 3948 2818 4003 absolu'e
2861 3949 2978 4002 sine
3024 3947 3275 4001 Dominus
3315 3948 3578 4001 vobiscum
3631 3947 3806 4015 incipit

2223 4039 2406 4093 Passio
2440 4039 2647 4094 Domini
2669 4041 2829 4093 nostri
2854 4039 2977 4094 Jesu
3007 4037 3196 4095 Christi
3218 4040 3444 4093 secunda
3464 4058 3496 4091 η
3529 4041 3801 4105 Joannem,

2223 4142 2279 4189 et
2305 4135 2507 4204 absque
2534 4133 2749 4203 aliquuli
2780 4135 3128 4204 respoitsione
3151 4136 3281 4188 dicit
3311 4133 3376 4187 In
3416 4133 3513 4188 illo
3546 4144 3802 4205 tempore.

2223 4239 2457 4295 egtessus
2482 4222 2777 4291 Jesus,etc.
2810 4224 2865 4279 In
2888 4225 3158 4295 principio
3190 4225 3466 4279 Passionis
3496 4241 3631 4295 papa
3650 4228 3809 4295 surgit

2222 4316 2289 4369 de
2318 4315 2591 4379 cathedra,
2624 4327 2677 4373 et
2700 4318 2939 4383 deposita
2972 4318 3073 4373 sibi
3106 4320 3259 4371 mitra
3293 4327 3403 4370 stat
3436 4318 3606 4386 pedes
3630 4327 3805 4371 contra

2224 4409 2391 4463 altare
2416 4410 2555 4463 circa
2588 4410 2818 4463 medium
2843 4454 2856 4476 ,
2895 4411 3043 4477 quasi
3074 4420 3383 4464 sustentans
3413 4424 3473 4463 se
3494 4424 3661 4477 super
3690 4410 3808 4463 illud

2224 4509 2371 4555 retro
2403 4500 2454 4554 in
2486 4501 2732 4569 scapulis,
2766 4501 3056 4567 respiciens
3085 4500 3150 4552 ad
3184 4501 3331 4553 illum
3380 4501 3471 4569 qui
3524 4500 3655 4570 legit
3685 4499 3806 4554 Pas-

539 4601 751 4668 ponitur
780 4597 935 4650 mitra
965 4596 1084 4649 sibi.
1116 4594 1319 4650 Deinde
1342 4594 1483 4650 vadit
1504 4596 1569 4650 ad
1614 4597 1771 4650 aliam
1805 4599 2115 4655 cathedram
2150 4564 2201 4622 D
2226 4596 2431 4648 sionem
2461 4594 2660 4662 junmis
2689 4602 2812 4646 ante
2859 4601 3046 4661 pectus
3079 4592 3359 4653 manibus;
3407 4601 3463 4645 ει
3494 4593 3576 4645 δίε
3607 4606 3810 4661 senili!!!

539 4692 752 4751 nudam,
782 4691 936 4758 longe
964 4688 1029 4741 ab
1075 4686 1227 4740 altari
1260 4703 1381 4742 cum
1411 4688 1642 4742 scabello
1671 4700 1932 4757 paratam.

611 4782 913 4839 Notandum
975 4789 1154 4835 tamen
1206 4780 1346 4849 quod
1403 4782 1501 4835 ista
1547 4781 1633 4836 die
1671 4783 1973 4839 cardinales
2005 4766 2115 4840 non

540 4881 761 4933 veniunt
814 4874 881 4929 ad
940 4886 1089 4942 papa:
1138 4874 1523 4928 reverentiam:
1569 4875 1662 4931 sed
1712 4876 2016 4933 immediate
2062 4878 2116 4934 in

536 4976 649 5041 ipsa
679 4969 932 5025 cathedra
963 4968 1032 5023 de
1055 4968 1309 5022 scarletto
1335 4968 1683 5036 prmdicto,t-t
1707 4970 1818 5038 ipsa
1850 4970 2113 5039 deposita,

533 5065 793 5118 diaconus
839 5060 1134 5116 cardinalis
1196 5059 1437 5113 dicturus
1489 5060 1840 5126 Passionem,
1901 5062 2116 5121 indutus

533 5153 880 5222 superplicio,
914 5152 1056 5217 alba,
1089 5150 1307 5216 amictu,
1340 5150 1473 5205 stola
1528 5151 1655 5217 lata,
1686 5151 1885 5220 absmie
1938 5154 2117 5222 plane.
2160 5159 2164 5164 ’

534 5256 620 5308 ta,
671 5246 749 5298 sic
778 5244 993 5297 indutus
1035 5242 1205 5297 induit
1259 5258 1445 5311 papam
1493 5244 1660 5298 sacris
1692 5246 1926 5299 vestibus
1978 5247 2117 5317 nigri

534 5336 735 5390 coloris
766 5335 846 5389 vel
875 5333 1119 5401 violacei,
1152 5344 1311 5403 prout
1334 5335 1430 5388 sibi
1468 5335 1657 5404 placet.

611 5424 894 5479 Sciendum
926 5436 1101 5479 tamen
1132 5424 1271 5493 quod
1304 5426 1399 5478 ista
1443 5426 1529 5480 die
1562 5440 1692 5495 papa
1725 5442 1827 5481 non
1850 5427 2117 5482 ealeea'ur

536 5516 793 5582 sandalis,
823 5516 916 5572 sed
956 5516 1279 5586 quotidianis
1302 5517 1701 5574 calceamentis.

607 5658 631 5685 ι
686 5645 901 5698 Addidit
931 5646 981 5698 in
1005 5644 1203 5699 Codice
1235 5664 1337 5701 non
1394 5664 1550 5700 nemo
1581 5649 1864 5703 recentiori
1900 5664 2057 5702 manu
2091 5667 2105 5705 :

535 5716 652 5771 Imo
681 5715 867 5780 optim:
910 5728 1130 5768 servare.
1166 5716 1301 5768 Num
1348 5728 1394 5769 ct
1452 5718 1683 5773 Christus
1735 5720 1951 5773 Comedit
1997 5735 2110 5772 cum

537 5781 852 5835 mulieribus.
891 5780 1070 5849 Itaque
1092 5793 1224 5835 recte
1253 5789 1478 5853 fecerunt
1505 5787 1854 5857 Innocentius,
1885 5788 2111 5842 Alexan-

2224 4696 2345 4751 stat,
2381 4700 2653 4755 quousque
2684 4685 3021 4755 perveniatur
3045 4684 3110 4735 ad
3148 4683 3321 4736 locum
3353 4681 3666 4747 Passionis,
3698 4697 3810 4736 curn

2221 4780 2415 4833 dititur
2445 4777 2511 4831 Et
2539 4779 2783 4831 inclinato
2822 4777 2990 4841 capite
3014 4818 3027 4840 ,
3083 4783 3210 4839 etc.,
3243 4782 3301 4829 et
3326 4784 3455 4830 tunc
3488 4791 3626 4845 papa
3656 4790 3813 4844 genu-

2226 4872 2394 4926 ﬁet-tit
2417 4870 2482 4923 ad
2510 4871 2697 4934 altare,
2728 4878 2782 4922 et
2811 4876 2914 4921 stat
2944 4866 3252 4936 genuﬂexus
3294 4881 3391 4935 per
3437 4876 3653 4920 tantum
3694 4880 3814 4935 Spa-

2206 4967 2352 5019 .tium
2380 5005 2396 5029 ,
2462 4963 2599 5033 quod
2630 4961 2793 5016 semel
2848 4968 3025 5027 posset
3052 4958 3158 5013 dici
3193 4957 3347 5012 Pater
3395 4969 3588 5011 noster.
3630 4957 3812 5013 Postea

2225 5060 2415 5129 surgit,
2457 5067 2510 5111 et
2557 5064 2662 5111 stat
2712 5054 2853 5109 sicut
2902 5054 3080 5122 prius;
3110 5050 3358 5106 similiter
3386 5063 3442 5106 et
3486 5067 3685 5105 omnes
3731 5051 3815 5105 alii

2222 5153 2439 5209 faciunt.

2296 5244 2581 5297 Sciendum
2630 5242 2767 5310 quod
2800 5248 3048 5310 papamet
3099 5239 3409 5294 Passionem
3461 5237 3631 5307 legit,
3691 5235 3813 5289 dum

2224 5347 2470 5391 cantatur
2524 5352 2617 5401 per
2670 5335 2948 5387 diaconum
3019 5332 3376 5397 c.-.rdinalem;
3448 5344 3578 5384 tunc
3638 5340 3813 5382 autem

2221 5429 2437 5498 quando
2468 5443 2559 5494 per
2583 5426 2742 5480 altum
2771 5440 2925 5493 quam
2979 5438 3072 5491 per
3119 5439 3306 5491 papam
3353 5421 3568 5491 legitur,
3608 5420 3816 5481 salices

2222 5538 2315 5591 per
2356 5522 2635 5576 diaconum
2672 5560 2686 5585 ,
2731 5528 2784 5572 et
2830 5517 3135 5587 pervenitur
3164 5517 3233 5571 ad
3286 5518 3460 5571 locum
3524 5516 3682 5569 illum
3729 5513 3816 5582 qui

2219 5654 2330 5713 der,
2364 5661 2409 5705 et
2447 5650 2651 5718 reliqui.
2698 5648 2892 5718 Verum
2949 5646 2997 5699 id
3054 5660 3377 5714 magnopere
3435 5644 3711 5718 improbat
3764 5644 3813 5696 in

2222 5722 2523 5777 Alexandro
2554 5716 2802 5785 lacubus,
2836 5717 2994 5774 Diatii
3042 5718 3208 5786 ipsius
3252 5716 3552 5771 Alexandri
3596 5727 3809 5768 auctor.
