  <div class='ocr_page' id='page_1' title='image "/cluster/home/n/w/nwhite01/storage/ocr_20150623/78/uva.x000827090/666.png"; bbox 0 0 3990 6342; ppageno 0'>
   <div class='ocr_carea' id='block_1_1' title="bbox 201 381 338 438">
    <p class='ocr_par' dir='ltr' id='par_1_1' title="bbox 201 381 338 438">
     <span class='ocr_line' id='line_1_1' title="bbox 201 381 338 438; baseline -0.022 -2"><span class='ocrx_word' id='word_1_1' title='bbox 201 381 338 438; x_wconf 77' lang='grc'><strong>1517</strong></span> 
     </span>
    </p>
   </div>
   <div class='ocr_carea' id='block_1_2' title="bbox 1413 371 2284 428">
    <p class='ocr_par' dir='ltr' id='par_1_2' title="bbox 1413 371 2284 428">
     <span class='ocr_line' id='line_1_2' title="bbox 1413 371 2284 428; baseline 0.001 -4"><span class='ocrx_word' id='word_1_2' title='bbox 1413 371 1675 425; x_wconf 56' lang='lat' dir='ltr'><strong>ROMANI</strong></span> <span class='ocrx_word' id='word_1_3' title='bbox 1717 371 2033 428; x_wconf 73' lang='lat' dir='ltr'><strong>ORDINES.</strong></span> <span class='ocrx_word' id='word_1_4' title='bbox 2067 403 2132 411; x_wconf 93' lang='lat'><strong>-—</strong></span> <span class='ocrx_word' id='word_1_5' title='bbox 2171 371 2284 426; x_wconf 75' lang='lat' dir='ltr'><strong>XV.</strong></span> 
     </span>
    </p>
   </div>
   <div class='ocr_carea' id='block_1_3' title="bbox 3337 379 3473 434">
    <p class='ocr_par' dir='ltr' id='par_1_3' title="bbox 3337 379 3473 434">
     <span class='ocr_line' id='line_1_3' title="bbox 3337 379 3473 434; baseline 0.022 -3"><span class='ocrx_word' id='word_1_6' title='bbox 3337 379 3473 434; x_wconf 64' lang='grc' dir='ltr'><strong>ηις</strong></span> 
     </span>
    </p>
   </div>
   <div class='ocr_carea' id='block_1_4' title="bbox 201 483 3474 558">
    <p class='ocr_par' dir='ltr' id='par_1_4' title="bbox 201 483 3474 558">
     <span class='ocr_line' id='line_1_4' title="bbox 201 483 3474 558; baseline -0.003 -8"><span class='ocrx_word' id='word_1_7' title='bbox 201 497 362 550; x_wconf 88' lang='lat' dir='ltr'><strong>debet</strong></span> <span class='ocrx_word' id='word_1_8' title='bbox 385 494 492 548; x_wconf 78' lang='lat' dir='ltr'><strong>tlici</strong></span> <span class='ocrx_word' id='word_1_9' title='bbox 518 492 566 544; x_wconf 94' lang='lat' dir='ltr'><strong>in</strong></span> <span class='ocrx_word' id='word_1_10' title='bbox 604 498 728 543; x_wconf 90' lang='lat' dir='ltr'><strong>tono</strong></span> <span class='ocrx_word' id='word_1_11' title='bbox 755 485 1312 558; x_wconf 81' lang='lat' dir='ltr'><strong>Evangelii,vide&#39;.icet</strong></span> <span class='ocrx_word' id='word_1_12' title='bbox 1341 483 1465 537; x_wconf 84' lang='lat' dir='ltr'><strong>Post</strong></span> <span class='ocrx_word' id='word_1_13' title='bbox 1495 484 1602 536; x_wconf 81' lang='lat' dir='ltr'><strong>ha‘c</strong></span> <span class='ocrx_word' id='word_1_14' title='bbox 1619 493 1790 538; x_wconf 80' lang='lat' dir='ltr'><strong>autem</strong></span> <span class='ocrx_word' id='word_1_15' title='bbox 1823 491 1862 544; x_wconf 75' lang='grc' dir='ltr'>Α</span> <span class='ocrx_word' id='word_1_16' title='bbox 1896 485 2256 553; x_wconf 70' lang='lat' dir='ltr'><strong>Attlipltuttatn</strong></span> <span class='ocrx_word' id='word_1_17' title='bbox 2311 484 2444 539; x_wconf 74' lang='lat' dir='ltr'><strong>Ecce</strong></span> <span class='ocrx_word' id='word_1_18' title='bbox 2483 483 2681 556; x_wconf 77' lang='lat' dir='ltr'><strong>lignum</strong></span> <span class='ocrx_word' id='word_1_19' title='bbox 2737 487 2936 550; x_wconf 81' lang='lat' dir='ltr'><strong>crucis;</strong></span> <span class='ocrx_word' id='word_1_20' title='bbox 2975 498 3029 541; x_wconf 88' lang='lat' dir='ltr'><strong>et</strong></span> <span class='ocrx_word' id='word_1_21' title='bbox 3085 488 3296 556; x_wconf 79' lang='lat' dir='ltr'><strong>quando</strong></span> <span class='ocrx_word' id='word_1_22' title='bbox 3353 500 3474 545; x_wconf 81' lang='lat' dir='ltr'><strong>tunc</strong></span> 
     </span>
    </p>
   </div>
   <div class='ocr_carea' id='block_1_5' title="bbox 201 573 1789 656">
    <p class='ocr_par' dir='ltr' id='par_1_5' title="bbox 201 573 1789 656">
     <span class='ocr_line' id='line_1_5' title="bbox 201 573 1789 656; baseline -0.007 -18"><span class='ocrx_word' id='word_1_23' title='bbox 201 586 401 656; x_wconf 81' lang='lat' dir='ltr'><strong>rogarit</strong></span> <span class='ocrx_word' id='word_1_24' title='bbox 463 581 710 644; x_wconf 75' lang='lat' dir='ltr'><strong>Pilatum,</strong></span> <span class='ocrx_word' id='word_1_25' title='bbox 756 577 1011 632; x_wconf 79' lang='lat' dir='ltr'><strong>diaconus</strong></span> <span class='ocrx_word' id='word_1_26' title='bbox 1057 575 1344 631; x_wconf 81' lang='lat' dir='ltr'><strong>cardinalis</strong></span> <span class='ocrx_word' id='word_1_27' title='bbox 1375 573 1679 628; x_wconf 90' lang='lat' dir='ltr'><strong>inclinando</strong></span> <span class='ocrx_word' id='word_1_28' title='bbox 1709 589 1789 641; x_wconf 85' lang='lat' dir='ltr'><strong>se,</strong></span> 
     </span>
    </p>
   </div>
   <div class='ocr_carea' id='block_1_6' title="bbox 201 663 1788 739">
    <p class='ocr_par' dir='ltr' id='par_1_6' title="bbox 201 663 1788 739">
     <span class='ocr_line' id='line_1_6' title="bbox 201 663 1788 739; baseline -0.01 -7"><span class='ocrx_word' id='word_1_29' title='bbox 201 677 470 732; x_wconf 86' lang='lat' dir='ltr'><strong>submissa</strong></span> <span class='ocrx_word' id='word_1_30' title='bbox 501 685 651 734; x_wconf 89' lang='lat' dir='ltr'><strong>voce,</strong></span> <span class='ocrx_word' id='word_1_31' title='bbox 687 671 814 739; x_wconf 89' lang='lat' dir='ltr'><strong>petit</strong></span> <span class='ocrx_word' id='word_1_32' title='bbox 857 667 1289 723; x_wconf 83' lang='lat' dir='ltr'><strong>Benedictionom</strong></span> <span class='ocrx_word' id='word_1_33' title='bbox 1319 681 1348 719; x_wconf 92' lang='lat' dir='ltr'><strong>a</strong></span> <span class='ocrx_word' id='word_1_34' title='bbox 1395 678 1526 734; x_wconf 87' lang='lat' dir='ltr'><strong>papa</strong></span> <span class='ocrx_word' id='word_1_35' title='bbox 1573 663 1788 732; x_wconf 81' lang='lat' dir='ltr'><strong>ibidem,</strong></span> 
     </span>
    </p>
   </div>
   <div class='ocr_carea' id='block_1_7' title="bbox 203 755 1790 833">
    <p class='ocr_par' dir='ltr' id='par_1_7' title="bbox 203 755 1790 833">
     <span class='ocr_line' id='line_1_7' title="bbox 203 755 1790 833; baseline -0.009 -11"><span class='ocrx_word' id='word_1_36' title='bbox 203 779 255 822; x_wconf 88' lang='lat' dir='ltr'><strong>et</strong></span> <span class='ocrx_word' id='word_1_37' title='bbox 312 762 546 833; x_wconf 83' lang='lat' dir='ltr'><strong>acolytlti</strong></span> <span class='ocrx_word' id='word_1_38' title='bbox 597 767 986 829; x_wconf 56' lang='lat' dir='ltr'><strong>repraesentant</strong></span> <span class='ocrx_word' id='word_1_39' title='bbox 1033 772 1183 813; x_wconf 84' lang='lat' dir='ltr'><strong>more</strong></span> <span class='ocrx_word' id='word_1_40' title='bbox 1246 757 1406 812; x_wconf 88' lang='lat' dir='ltr'><strong>solito</strong></span> <span class='ocrx_word' id='word_1_41' title='bbox 1467 755 1790 809; x_wconf 72' lang='lat' dir='ltr'><strong>tliuribulnm</strong></span> 
     </span>
    </p>
   </div>
   <div class='ocr_carea' id='block_1_8' title="bbox 203 849 1787 923">
    <p class='ocr_par' dir='ltr' id='par_1_8' title="bbox 203 849 1787 923">
     <span class='ocr_line' id='line_1_8' title="bbox 203 849 1787 923; baseline -0.008 -11"><span class='ocrx_word' id='word_1_42' title='bbox 203 872 325 912; x_wconf 91' lang='lat' dir='ltr'><strong>cum</strong></span> <span class='ocrx_word' id='word_1_43' title='bbox 357 857 612 917; x_wconf 54' lang='lat' dir='ltr'><strong>incensa),</strong></span> <span class='ocrx_word' id='word_1_44' title='bbox 647 862 700 907; x_wconf 88' lang='lat' dir='ltr'><strong>et</strong></span> <span class='ocrx_word' id='word_1_45' title='bbox 731 868 862 923; x_wconf 88' lang='lat' dir='ltr'><strong>papa</strong></span> <span class='ocrx_word' id='word_1_46' title='bbox 913 853 1063 922; x_wconf 86' lang='lat' dir='ltr'><strong>ponit</strong></span> <span class='ocrx_word' id='word_1_47' title='bbox 1118 851 1392 905; x_wconf 89' lang='lat' dir='ltr'><strong>incensum</strong></span> <span class='ocrx_word' id='word_1_48' title='bbox 1427 849 1787 912; x_wconf 71' lang='lat' dir='ltr'><strong>benedictum,</strong></span> 
     </span>
    </p>
   </div>
   <div class='ocr_carea' id='block_1_9' title="bbox 203 940 1790 1018">
    <p class='ocr_par' dir='ltr' id='par_1_9' title="bbox 203 940 1790 1018">
     <span class='ocr_line' id='line_1_9' title="bbox 203 940 1790 1018; baseline -0.006 -16"><span class='ocrx_word' id='word_1_49' title='bbox 203 947 347 1018; x_wconf 87' lang='lat' dir='ltr'><strong>quod</strong></span> <span class='ocrx_word' id='word_1_50' title='bbox 377 946 660 1016; x_wconf 76' lang='lat' dir='ltr'><strong>acolythus</strong></span> <span class='ocrx_word' id='word_1_51' title='bbox 694 943 924 1012; x_wconf 83' lang='lat' dir='ltr'><strong>portabit</strong></span> <span class='ocrx_word' id='word_1_52' title='bbox 946 944 1012 996; x_wconf 90' lang='lat' dir='ltr'><strong>ad</strong></span> <span class='ocrx_word' id='word_1_53' title='bbox 1044 944 1327 996; x_wconf 84' lang='lat' dir='ltr'><strong>diaconum</strong></span> <span class='ocrx_word' id='word_1_54' title='bbox 1377 955 1470 1007; x_wconf 87' lang='lat' dir='ltr'><strong>pro</strong></span> <span class='ocrx_word' id='word_1_55' title='bbox 1500 940 1790 1009; x_wconf 81' lang='lat' dir='ltr'><strong>Evangelio</strong></span> 
     </span>
    </p>
   </div>
   <div class='ocr_carea' id='block_1_10' title="bbox 206 1033 1794 1106">
    <p class='ocr_par' dir='ltr' id='par_1_10' title="bbox 206 1033 1794 1106">
     <span class='ocr_line' id='line_1_10' title="bbox 206 1033 1794 1106; baseline -0.008 -10"><span class='ocrx_word' id='word_1_56' title='bbox 206 1038 561 1106; x_wconf 88' lang='lat' dir='ltr'><strong>incensando,</strong></span> <span class='ocrx_word' id='word_1_57' title='bbox 586 1045 640 1091; x_wconf 89' lang='lat' dir='ltr'><strong>et</strong></span> <span class='ocrx_word' id='word_1_58' title='bbox 664 1036 756 1090; x_wconf 83' lang='lat' dir='ltr'><strong>alii</strong></span> <span class='ocrx_word' id='word_1_59' title='bbox 797 1034 905 1088; x_wconf 90' lang='lat' dir='ltr'><strong>duo</strong></span> <span class='ocrx_word' id='word_1_60' title='bbox 932 1033 1161 1103; x_wconf 80' lang='lat' dir='ltr'><strong>acolytlti</strong></span> <span class='ocrx_word' id='word_1_61' title='bbox 1189 1033 1269 1088; x_wconf 89' lang='lat' dir='ltr'><strong>vel</strong></span> <span class='ocrx_word' id='word_1_62' title='bbox 1297 1033 1549 1101; x_wconf 88' lang='lat' dir='ltr'><strong>capellani</strong></span> <span class='ocrx_word' id='word_1_63' title='bbox 1587 1039 1794 1099; x_wconf 67' lang='lat' dir='ltr'><strong>jortant</strong></span> 
     </span>
    </p>
   </div>
   <div class='ocr_carea' id='block_1_11' title="bbox 205 1139 705 1185">
    <p class='ocr_par' dir='ltr' id='par_1_11' title="bbox 205 1139 705 1185">
     <span class='ocr_line' id='line_1_11' title="bbox 205 1139 705 1185; baseline -0.012 0"><span class='ocrx_word' id='word_1_64' title='bbox 205 1143 396 1185; x_wconf 88' lang='lat' dir='ltr'><strong>cereos</strong></span> <span class='ocrx_word' id='word_1_65' title='bbox 423 1139 705 1181; x_wconf 88' lang='lat' dir='ltr'><strong>accensos.</strong></span> 
     </span>
    </p>
   </div>
   <div class='ocr_carea' id='block_1_12' title="bbox 278 1209 1798 1279">
    <p class='ocr_par' dir='ltr' id='par_1_12' title="bbox 278 1209 1798 1279">
     <span class='ocr_line' id='line_1_12' title="bbox 278 1209 1798 1279; baseline -0.01 -5"><span class='ocrx_word' id='word_1_66' title='bbox 278 1219 453 1273; x_wconf 87' lang='lat' dir='ltr'><strong>Finita</strong></span> <span class='ocrx_word' id='word_1_67' title='bbox 489 1231 615 1272; x_wconf 85' lang='lat' dir='ltr'><strong>vero</strong></span> <span class='ocrx_word' id='word_1_68' title='bbox 644 1213 920 1279; x_wconf 81' lang='lat' dir='ltr'><strong>Passione,</strong></span> <span class='ocrx_word' id='word_1_69' title='bbox 945 1226 1044 1266; x_wconf 90' lang='lat' dir='ltr'><strong>una</strong></span> <span class='ocrx_word' id='word_1_70' title='bbox 1081 1227 1200 1265; x_wconf 91' lang='lat' dir='ltr'><strong>cum</strong></span> <span class='ocrx_word' id='word_1_71' title='bbox 1248 1209 1529 1278; x_wconf 84' lang='lat' dir='ltr'><strong>Evangelia</strong></span> <span class='ocrx_word' id='word_1_72' title='bbox 1561 1216 1798 1276; x_wconf 85' lang='lat' dir='ltr'><strong>reporta-</strong></span> 
     </span>
    </p>
   </div>
   <div class='ocr_carea' id='block_1_13' title="bbox 209 1300 1798 1380">
    <p class='ocr_par' dir='ltr' id='par_1_13' title="bbox 209 1300 1798 1380">
     <span class='ocr_line' id='line_1_13' title="bbox 209 1300 1798 1380; baseline -0.01 -14"><span class='ocrx_word' id='word_1_73' title='bbox 209 1322 292 1366; x_wconf 85' lang='lat' dir='ltr'><strong>tur</strong></span> <span class='ocrx_word' id='word_1_74' title='bbox 323 1310 441 1380; x_wconf 91' lang='lat' dir='ltr'><strong>ipse</strong></span> <span class='ocrx_word' id='word_1_75' title='bbox 473 1308 609 1363; x_wconf 82' lang='lat' dir='ltr'><strong>liber</strong></span> <span class='ocrx_word' id='word_1_76' title='bbox 643 1321 791 1376; x_wconf 77' lang='lat' dir='ltr'><strong>papae</strong></span> <span class='ocrx_word' id='word_1_77' title='bbox 821 1321 967 1359; x_wconf 84' lang='lat' dir='ltr'><strong>more</strong></span> <span class='ocrx_word' id='word_1_78' title='bbox 988 1303 1144 1358; x_wconf 90' lang='lat' dir='ltr'><strong>solito</strong></span> <span class='ocrx_word' id='word_1_79' title='bbox 1174 1304 1519 1366; x_wconf 77' lang='lat' dir='ltr'><strong>oscuiandus,</strong></span> <span class='ocrx_word' id='word_1_80' title='bbox 1551 1300 1798 1353; x_wconf 77' lang='lat' dir='ltr'><strong>videlicet</strong></span> 
     </span>
    </p>
   </div>
   <div class='ocr_carea' id='block_1_14' title="bbox 209 1389 1794 1470">
    <p class='ocr_par' dir='ltr' id='par_1_14' title="bbox 209 1389 1794 1470">
     <span class='ocr_line' id='line_1_14' title="bbox 209 1389 1794 1470; baseline -0.011 -14"><span class='ocrx_word' id='word_1_81' title='bbox 209 1403 262 1456; x_wconf 92' lang='lat' dir='ltr'><strong>in</strong></span> <span class='ocrx_word' id='word_1_82' title='bbox 306 1402 424 1455; x_wconf 92' lang='lat' dir='ltr'><strong>loco</strong></span> <span class='ocrx_word' id='word_1_83' title='bbox 474 1397 751 1470; x_wconf 62' lang='lat' dir='ltr'><strong>praedicto,</strong></span> <span class='ocrx_word' id='word_1_84' title='bbox 784 1395 908 1450; x_wconf 77' lang='lat' dir='ltr'><strong>I’ost</strong></span> <span class='ocrx_word' id='word_1_85' title='bbox 936 1400 1064 1460; x_wconf 77' lang='lat' dir='ltr'><strong>lucc,</strong></span> <span class='ocrx_word' id='word_1_86' title='bbox 1110 1402 1212 1448; x_wconf 87' lang='lat' dir='ltr'><strong>etc.</strong></span> <span class='ocrx_word' id='word_1_87' title='bbox 1260 1391 1466 1448; x_wconf 80' lang='lat' dir='ltr'><strong>Exinde</strong></span> <span class='ocrx_word' id='word_1_88' title='bbox 1500 1389 1794 1444; x_wconf 86' lang='lat' dir='ltr'><strong>secundum</strong></span> 
     </span>
    </p>
   </div>
   <div class='ocr_carea' id='block_1_15' title="bbox 208 1482 1795 1552">
    <p class='ocr_par' dir='ltr' id='par_1_15' title="bbox 208 1482 1795 1552">
     <span class='ocr_line' id='line_1_15' title="bbox 208 1482 1795 1552; baseline -0.011 -4"><span class='ocrx_word' id='word_1_89' title='bbox 208 1493 498 1548; x_wconf 88' lang='lat' dir='ltr'><strong>modernos</strong></span> <span class='ocrx_word' id='word_1_90' title='bbox 543 1489 824 1544; x_wconf 80' lang='lat' dir='ltr'><strong>consuevit</strong></span> <span class='ocrx_word' id='word_1_91' title='bbox 873 1486 986 1540; x_wconf 80' lang='lat' dir='ltr'><strong>fieri</strong></span> <span class='ocrx_word' id='word_1_92' title='bbox 1037 1499 1214 1540; x_wconf 83' lang='lat' dir='ltr'><strong>sermo</strong></span> <span class='ocrx_word' id='word_1_93' title='bbox 1261 1498 1356 1552; x_wconf 89' lang='lat' dir='ltr'><strong>per</strong></span> <span class='ocrx_word' id='word_1_94' title='bbox 1402 1482 1630 1549; x_wconf 84' lang='lat' dir='ltr'><strong>aliquem</strong></span> <span class='ocrx_word' id='word_1_95' title='bbox 1683 1491 1795 1532; x_wconf 54' lang='lat' dir='ltr'><strong>nia.</strong></span> 
     </span>
    </p>
   </div>
   <div class='ocr_carea' id='block_1_16' title="bbox 208 1569 1793 1656">
    <p class='ocr_par' dir='ltr' id='par_1_16' title="bbox 208 1569 1793 1656">
     <span class='ocr_line' id='line_1_16' title="bbox 208 1569 1793 1656; baseline -0.011 -15"><span class='ocrx_word' id='word_1_96' title='bbox 208 1589 428 1656; x_wconf 77' lang='lat' dir='ltr'><strong>gistrum</strong></span> <span class='ocrx_word' id='word_1_97' title='bbox 459 1583 513 1637; x_wconf 89' lang='lat' dir='ltr'><strong>in</strong></span> <span class='ocrx_word' id='word_1_98' title='bbox 545 1581 808 1650; x_wconf 73' lang='lat' dir='ltr'><strong>theologia</strong></span> <span class='ocrx_word' id='word_1_99' title='bbox 837 1580 921 1635; x_wconf 89' lang='lat' dir='ltr'><strong>vel</strong></span> <span class='ocrx_word' id='word_1_100' title='bbox 965 1579 1272 1648; x_wconf 64' lang='lat' dir='ltr'><strong>praelatum;</strong></span> <span class='ocrx_word' id='word_1_101' title='bbox 1319 1583 1372 1629; x_wconf 88' lang='lat' dir='ltr'><strong>et</strong></span> <span class='ocrx_word' id='word_1_102' title='bbox 1413 1574 1503 1629; x_wconf 87' lang='lat' dir='ltr'><strong>ille</strong></span> <span class='ocrx_word' id='word_1_103' title='bbox 1533 1574 1622 1642; x_wconf 84' lang='lat' dir='ltr'><strong>qui</strong></span> <span class='ocrx_word' id='word_1_104' title='bbox 1670 1569 1793 1625; x_wconf 89' lang='lat' dir='ltr'><strong>facit</strong></span> 
     </span>
    </p>
   </div>
   <div class='ocr_carea' id='block_1_17' title="bbox 207 1663 1794 1743">
    <p class='ocr_par' dir='ltr' id='par_1_17' title="bbox 207 1663 1794 1743">
     <span class='ocr_line' id='line_1_17' title="bbox 207 1663 1794 1743; baseline -0.011 -10"><span class='ocrx_word' id='word_1_105' title='bbox 207 1690 519 1733; x_wconf 91' lang='lat' dir='ltr'><strong>sermonem</strong></span> <span class='ocrx_word' id='word_1_106' title='bbox 543 1717 558 1743; x_wconf 96' lang='lat'><strong>,</strong></span> <span class='ocrx_word' id='word_1_107' title='bbox 592 1673 818 1743; x_wconf 84' lang='lat' dir='ltr'><strong>genibus</strong></span> <span class='ocrx_word' id='word_1_108' title='bbox 847 1671 997 1726; x_wconf 85' lang='lat' dir='ltr'><strong>ﬂexis</strong></span> <span class='ocrx_word' id='word_1_109' title='bbox 1027 1676 1151 1723; x_wconf 87' lang='lat' dir='ltr'><strong>ante</strong></span> <span class='ocrx_word' id='word_1_110' title='bbox 1205 1682 1416 1738; x_wconf 78' lang='lat' dir='ltr'><strong>papam,</strong></span> <span class='ocrx_word' id='word_1_111' title='bbox 1450 1665 1580 1736; x_wconf 86' lang='lat' dir='ltr'><strong>petit</strong></span> <span class='ocrx_word' id='word_1_112' title='bbox 1627 1663 1794 1717; x_wconf 78' lang='lat' dir='ltr'><strong>Bene-</strong></span> 
     </span>
    </p>
   </div>
   <div class='ocr_carea' id='block_1_18' title="bbox 209 1753 1796 1829">
    <p class='ocr_par' dir='ltr' id='par_1_18' title="bbox 209 1753 1796 1829">
     <span class='ocr_line' id='line_1_18' title="bbox 209 1753 1796 1829; baseline -0.009 -7"><span class='ocrx_word' id='word_1_113' title='bbox 209 1767 524 1829; x_wconf 86' lang='lat' dir='ltr'><strong>dietionem,</strong></span> <span class='ocrx_word' id='word_1_114' title='bbox 550 1765 644 1820; x_wconf 90' lang='lat' dir='ltr'><strong>sed</strong></span> <span class='ocrx_word' id='word_1_115' title='bbox 670 1779 776 1819; x_wconf 91' lang='lat' dir='ltr'><strong>non</strong></span> <span class='ocrx_word' id='word_1_116' title='bbox 802 1763 1070 1818; x_wconf 89' lang='lat' dir='ltr'><strong>osculatur</strong></span> <span class='ocrx_word' id='word_1_117' title='bbox 1098 1759 1321 1829; x_wconf 83' lang='lat' dir='ltr'><strong>pedem;</strong></span> <span class='ocrx_word' id='word_1_118' title='bbox 1363 1756 1456 1812; x_wconf 88' lang='lat' dir='ltr'><strong>sed</strong></span> <span class='ocrx_word' id='word_1_119' title='bbox 1479 1755 1659 1808; x_wconf 88' lang='lat' dir='ltr'><strong>habita</strong></span> <span class='ocrx_word' id='word_1_120' title='bbox 1685 1753 1796 1808; x_wconf 87' lang='lat' dir='ltr'><strong>Be-</strong></span> 
     </span>
    </p>
   </div>
   <div class='ocr_carea' id='block_1_19' title="bbox 1897 574 3472 649">
    <p class='ocr_par' dir='ltr' id='par_1_19' title="bbox 1897 574 3472 649">
     <span class='ocr_line' id='line_1_19' title="bbox 1897 574 3472 649; baseline 0.004 -21"><span class='ocrx_word' id='word_1_121' title='bbox 1897 574 2103 643; x_wconf 78' lang='lat' dir='ltr'><strong>incipit,</strong></span> <span class='ocrx_word' id='word_1_122' title='bbox 2135 591 2257 631; x_wconf 90' lang='lat' dir='ltr'><strong>eum</strong></span> <span class='ocrx_word' id='word_1_123' title='bbox 2313 576 2570 646; x_wconf 81' lang='lat' dir='ltr'><strong>adjuvant</strong></span> <span class='ocrx_word' id='word_1_124' title='bbox 2603 578 2653 630; x_wconf 91' lang='lat' dir='ltr'><strong>in</strong></span> <span class='ocrx_word' id='word_1_125' title='bbox 2686 587 2842 631; x_wconf 89' lang='lat' dir='ltr'><strong>cantu</strong></span> <span class='ocrx_word' id='word_1_126' title='bbox 2890 586 3144 645; x_wconf 81' lang='lat' dir='ltr'><strong>astantes,</strong></span> <span class='ocrx_word' id='word_1_127' title='bbox 3197 595 3472 649; x_wconf 72' lang='lat' dir='ltr'><strong>qIIOlISqu</strong></span> 
     </span>
    </p>
   </div>
   <div class='ocr_carea' id='block_1_20' title="bbox 1897 667 3473 736">
    <p class='ocr_par' dir='ltr' id='par_1_20' title="bbox 1897 667 3473 736">
     <span class='ocr_line' id='line_1_20' title="bbox 1897 667 3473 736; baseline 0.003 -18"><span class='ocrx_word' id='word_1_128' title='bbox 1897 667 2042 719; x_wconf 80' lang='lat' dir='ltr'><strong>[inita</strong></span> <span class='ocrx_word' id='word_1_129' title='bbox 2069 669 2136 720; x_wconf 89' lang='lat' dir='ltr'><strong>sit</strong></span> <span class='ocrx_word' id='word_1_130' title='bbox 2161 668 2467 736; x_wconf 80' lang='lat' dir='ltr'><strong>Antiphone</strong></span> <span class='ocrx_word' id='word_1_131' title='bbox 2503 669 2649 734; x_wconf 85' lang='lat' dir='ltr'><strong>ipsa;</strong></span> <span class='ocrx_word' id='word_1_132' title='bbox 2684 677 2738 722; x_wconf 88' lang='lat' dir='ltr'><strong>et</strong></span> <span class='ocrx_word' id='word_1_133' title='bbox 2775 679 3024 724; x_wconf 87' lang='lat' dir='ltr'><strong>cantores</strong></span> <span class='ocrx_word' id='word_1_134' title='bbox 3054 680 3273 724; x_wconf 86' lang='lat' dir='ltr'><strong>cantant</strong></span> <span class='ocrx_word' id='word_1_135' title='bbox 3317 670 3473 723; x_wconf 77' lang='lat' dir='ltr'><strong>Veni-</strong></span> 
     </span>
    </p>
   </div>
   <div class='ocr_carea' id='block_1_21' title="bbox 1896 757 3472 830">
    <p class='ocr_par' dir='ltr' id='par_1_21' title="bbox 1896 757 3472 830">
     <span class='ocr_line' id='line_1_21' title="bbox 1896 757 3472 830; baseline 0.004 -20"><span class='ocrx_word' id='word_1_136' title='bbox 1896 769 1970 823; x_wconf 88' lang='lat' dir='ltr'><strong>te,</strong></span> <span class='ocrx_word' id='word_1_137' title='bbox 2004 757 2295 812; x_wconf 83' lang='lat' dir='ltr'><strong>adoremus.</strong></span> <span class='ocrx_word' id='word_1_138' title='bbox 2331 760 2442 826; x_wconf 85' lang='lat' dir='ltr'><strong>Qua</strong></span> <span class='ocrx_word' id='word_1_139' title='bbox 2495 759 2668 824; x_wconf 81' lang='lat' dir='ltr'><strong>finita,</strong></span> <span class='ocrx_word' id='word_1_140' title='bbox 2715 776 2848 830; x_wconf 89' lang='lat' dir='ltr'><strong>papa</strong></span> <span class='ocrx_word' id='word_1_141' title='bbox 2899 763 3232 830; x_wconf 82' lang='lat' dir='ltr'><strong>progreditur</strong></span> <span class='ocrx_word' id='word_1_142' title='bbox 3292 779 3472 830; x_wconf 77' lang='lat' dir='ltr'><strong>parum</strong></span> 
     </span>
    </p>
   </div>
   <div class='ocr_carea' id='block_1_22' title="bbox 1899 849 3472 922">
    <p class='ocr_par' dir='ltr' id='par_1_22' title="bbox 1899 849 3472 922">
     <span class='ocr_line' id='line_1_22' title="bbox 1899 849 3472 922; baseline 0.003 -22"><span class='ocrx_word' id='word_1_143' title='bbox 1899 850 2036 910; x_wconf 84' lang='lat' dir='ltr'><strong>u&#39;tra</strong></span> <span class='ocrx_word' id='word_1_144' title='bbox 2085 851 2235 918; x_wconf 57' lang='lat' dir='ltr'><strong>quasi</strong></span> <span class='ocrx_word' id='word_1_145' title='bbox 2295 849 2346 902; x_wconf 91' lang='lat' dir='ltr'><strong>in</strong></span> <span class='ocrx_word' id='word_1_146' title='bbox 2401 865 2566 903; x_wconf 83' lang='lat' dir='ltr'><strong>cornu</strong></span> <span class='ocrx_word' id='word_1_147' title='bbox 2618 851 2836 918; x_wconf 80' lang='lat' dir='ltr'><strong>altaris,</strong></span> <span class='ocrx_word' id='word_1_148' title='bbox 2873 857 2926 904; x_wconf 88' lang='lat' dir='ltr'><strong>et</strong></span> <span class='ocrx_word' id='word_1_149' title='bbox 2962 851 3288 922; x_wconf 74' lang='lat' dir='ltr'><strong>discoopem</strong></span> <span class='ocrx_word' id='word_1_150' title='bbox 3317 853 3472 906; x_wconf 80' lang='lat' dir='ltr'><strong>aliam</strong></span> 
     </span>
    </p>
   </div>
   <div class='ocr_carea' id='block_1_23' title="bbox 1898 940 3477 1010">
    <p class='ocr_par' dir='ltr' id='par_1_23' title="bbox 1898 940 3477 1010">
     <span class='ocr_line' id='line_1_23' title="bbox 1898 940 3477 1010; baseline 0.003 -20"><span class='ocrx_word' id='word_1_151' title='bbox 1898 951 2102 1008; x_wconf 87' lang='lat' dir='ltr'><strong>partem</strong></span> <span class='ocrx_word' id='word_1_152' title='bbox 2143 942 2344 1008; x_wconf 86' lang='lat' dir='ltr'><strong>crucis,</strong></span> <span class='ocrx_word' id='word_1_153' title='bbox 2378 940 2628 995; x_wconf 54' lang='lat' dir='ltr'><strong>videlicet</strong></span> <span class='ocrx_word' id='word_1_154' title='bbox 2667 943 2941 1007; x_wconf 80' lang='lat' dir='ltr'><strong>dextram;</strong></span> <span class='ocrx_word' id='word_1_155' title='bbox 3002 952 3056 996; x_wconf 85' lang='lat' dir='ltr'><strong>et</strong></span> <span class='ocrx_word' id='word_1_156' title='bbox 3101 944 3209 1010; x_wconf 81' lang='lat' dir='ltr'><strong>ipsa</strong></span> <span class='ocrx_word' id='word_1_157' title='bbox 3268 946 3477 998; x_wconf 85' lang='lat' dir='ltr'><strong>discoo-</strong></span> 
     </span>
    </p>
   </div>
   <div class='ocr_carea' id='block_1_24' title="bbox 1899 1017 3476 1100">
    <p class='ocr_par' dir='ltr' id='par_1_24' title="bbox 1899 1017 3476 1100">
     <span class='ocr_line' id='line_1_24' title="bbox 1899 1017 3476 1100; baseline 0.006 -16"><span class='ocrx_word' id='word_1_158' title='bbox 1899 1042 2084 1098; x_wconf 84' lang='lat' dir='ltr'><strong>perta,</strong></span> <span class='ocrx_word' id='word_1_159' title='bbox 2131 1047 2260 1100; x_wconf 80' lang='lat' dir='ltr'><strong>papa</strong></span> <span class='ocrx_word' id='word_1_160' title='bbox 2314 1035 2502 1086; x_wconf 86' lang='lat' dir='ltr'><strong>iterum</strong></span> <span class='ocrx_word' id='word_1_161' title='bbox 2560 1049 2748 1088; x_wconf 87' lang='lat' dir='ltr'><strong>vocem</strong></span> <span class='ocrx_word' id='word_1_162' title='bbox 2805 1017 2968 1088; x_wconf 82' lang='lat' dir='ltr'><strong>altius</strong></span> <span class='ocrx_word' id='word_1_163' title='bbox 3019 1037 3275 1091; x_wconf 74' lang='lat' dir='ltr'><strong>elevando</strong></span> <span class='ocrx_word' id='word_1_164' title='bbox 3328 1039 3476 1093; x_wconf 90' lang='lat' dir='ltr'><strong>solus</strong></span> 
     </span>
    </p>
   </div>
   <div class='ocr_carea' id='block_1_25' title="bbox 1901 1122 3478 1197">
    <p class='ocr_par' dir='ltr' id='par_1_25' title="bbox 1901 1122 3478 1197">
     <span class='ocr_line' id='line_1_25' title="bbox 1901 1122 3478 1197; baseline 0.006 -22"><span class='ocrx_word' id='word_1_165' title='bbox 1901 1123 2088 1190; x_wconf 84' lang='lat' dir='ltr'><strong>incipit</strong></span> <span class='ocrx_word' id='word_1_166' title='bbox 2121 1123 2475 1192; x_wconf 78' lang='lat' dir='ltr'><strong>Antipltonam</strong></span> <span class='ocrx_word' id='word_1_167' title='bbox 2511 1122 2817 1193; x_wconf 59' lang='lat' dir='ltr'><strong>praedictam</strong></span> <span class='ocrx_word' id='word_1_168' title='bbox 2867 1125 2996 1178; x_wconf 77' lang='lat' dir='ltr'><strong>Ecce</strong></span> <span class='ocrx_word' id='word_1_169' title='bbox 3025 1128 3254 1197; x_wconf 79' lang='lat' dir='ltr'><strong>lignum,</strong></span> <span class='ocrx_word' id='word_1_170' title='bbox 3301 1138 3356 1182; x_wconf 90' lang='lat' dir='ltr'><strong>ut</strong></span> <span class='ocrx_word' id='word_1_171' title='bbox 3386 1146 3478 1184; x_wconf 87' lang='lat' dir='ltr'><strong>su-</strong></span> 
     </span>
    </p>
   </div>
   <div class='ocr_carea' id='block_1_26' title="bbox 1900 1212 3479 1291">
    <p class='ocr_par' dir='ltr' id='par_1_26' title="bbox 1900 1212 3479 1291">
     <span class='ocr_line' id='line_1_26' title="bbox 1900 1212 3479 1291; baseline 0.009 -30"><span class='ocrx_word' id='word_1_172' title='bbox 1900 1227 1994 1280; x_wconf 83' lang='lat' dir='ltr'><strong>pra</strong></span> <span class='ocrx_word' id='word_1_173' title='bbox 2047 1212 2358 1281; x_wconf 79' lang='lat' dir='ltr'><strong>adjuvantes</strong></span> <span class='ocrx_word' id='word_1_174' title='bbox 2414 1229 2557 1267; x_wconf 88' lang='lat' dir='ltr'><strong>eum.</strong></span> <span class='ocrx_word' id='word_1_175' title='bbox 2615 1214 2724 1281; x_wconf 82' lang='lat' dir='ltr'><strong>Qua</strong></span> <span class='ocrx_word' id='word_1_176' title='bbox 2769 1216 2910 1268; x_wconf 68' lang='lat' dir='ltr'><strong>linito</strong></span> <span class='ocrx_word' id='word_1_177' title='bbox 2962 1219 3288 1287; x_wconf 73' lang='lat' dir='ltr'><strong>Antiphonta,</strong></span> <span class='ocrx_word' id='word_1_178' title='bbox 3349 1237 3479 1291; x_wconf 85' lang='lat' dir='ltr'><strong>papa</strong></span> 
     </span>
    </p>
   </div>
   <div class='ocr_carea' id='block_1_27' title="bbox 1901 1306 3476 1392">
    <p class='ocr_par' dir='ltr' id='par_1_27' title="bbox 1901 1306 3476 1392">
     <span class='ocr_line' id='line_1_27' title="bbox 1901 1306 3476 1392; baseline 0.008 -37"><span class='ocrx_word' id='word_1_179' title='bbox 1901 1306 2271 1392; x_wconf 71' lang='lat' dir='ltr'><strong>progredietur</strong></span> <span class='ocrx_word' id='word_1_180' title='bbox 2304 1307 2439 1358; x_wconf 71' lang='lat' dir='ltr'><strong>ultra</strong></span> <span class='ocrx_word' id='word_1_181' title='bbox 2471 1308 2616 1372; x_wconf 64' lang='lat' dir='ltr'><strong>lluasi</strong></span> <span class='ocrx_word' id='word_1_182' title='bbox 2661 1307 2710 1358; x_wconf 91' lang='lat' dir='ltr'><strong>in</strong></span> <span class='ocrx_word' id='word_1_183' title='bbox 2751 1309 2928 1361; x_wconf 87' lang='lat' dir='ltr'><strong>medio</strong></span> <span class='ocrx_word' id='word_1_184' title='bbox 2957 1310 3165 1377; x_wconf 52' lang='lat' dir='ltr'><strong>altaris;</strong></span> <span class='ocrx_word' id='word_1_185' title='bbox 3192 1311 3476 1380; x_wconf 85' lang='lat' dir='ltr'><strong>discoope-</strong></span> 
     </span>
    </p>
   </div>
   <div class='ocr_carea' id='block_1_28' title="bbox 1901 1393 3481 1456">
    <p class='ocr_par' dir='ltr' id='par_1_28' title="bbox 1901 1393 3481 1456">
     <span class='ocr_line' id='line_1_28' title="bbox 1901 1393 3481 1456; baseline 0.007 -11"><span class='ocrx_word' id='word_1_186' title='bbox 1901 1393 2089 1445; x_wconf 81' lang='lat' dir='ltr'><strong>riendo</strong></span> <span class='ocrx_word' id='word_1_187' title='bbox 2147 1401 2312 1445; x_wconf 87' lang='lat' dir='ltr'><strong>totam</strong></span> <span class='ocrx_word' id='word_1_188' title='bbox 2385 1408 2599 1446; x_wconf 74' lang='lat' dir='ltr'><strong>cruom</strong></span> <span class='ocrx_word' id='word_1_189' title='bbox 2651 1404 2704 1447; x_wconf 91' lang='lat' dir='ltr'><strong>et</strong></span> <span class='ocrx_word' id='word_1_190' title='bbox 2774 1397 3034 1449; x_wconf 75' lang='lat' dir='ltr'><strong>cli-vendo</strong></span> <span class='ocrx_word' id='word_1_191' title='bbox 3086 1413 3270 1452; x_wconf 88' lang='lat' dir='ltr'><strong>vocem</strong></span> <span class='ocrx_word' id='word_1_192' title='bbox 3325 1401 3481 1456; x_wconf 83' lang='lat' dir='ltr'><strong>altius</strong></span> 
     </span>
    </p>
   </div>
   <div class='ocr_carea' id='block_1_29' title="bbox 1899 1482 3480 1556">
    <p class='ocr_par' dir='ltr' id='par_1_29' title="bbox 1899 1482 3480 1556">
     <span class='ocr_line' id='line_1_29' title="bbox 1899 1482 3480 1556; baseline 0.006 -22"><span class='ocrx_word' id='word_1_193' title='bbox 1899 1482 2220 1550; x_wconf 73' lang='lat' dir='ltr'><strong>incip’endo,</strong></span> <span class='ocrx_word' id='word_1_194' title='bbox 2251 1497 2368 1549; x_wconf 90' lang='lat' dir='ltr'><strong>qu:e</strong></span> <span class='ocrx_word' id='word_1_195' title='bbox 2423 1493 2504 1535; x_wconf 82' lang='lat' dir='ltr'><strong>est</strong></span> <span class='ocrx_word' id='word_1_196' title='bbox 2559 1483 2732 1548; x_wconf 85' lang='lat' dir='ltr'><strong>tertia,</strong></span> <span class='ocrx_word' id='word_1_197' title='bbox 2775 1486 3129 1554; x_wconf 69' lang='lat' dir='ltr'><strong>Antipltonam</strong></span> <span class='ocrx_word' id='word_1_198' title='bbox 3175 1488 3480 1556; x_wconf 70' lang='lat' dir='ltr'><strong>praedictam</strong></span> 
     </span>
    </p>
   </div>
   <div class='ocr_carea' id='block_1_30' title="bbox 1901 1573 3488 1643">
    <p class='ocr_par' dir='ltr' id='par_1_30' title="bbox 1901 1573 3488 1643">
     <span class='ocr_line' id='line_1_30' title="bbox 1901 1573 3488 1643; baseline 0.005 -16"><span class='ocrx_word' id='word_1_199' title='bbox 1901 1573 2035 1643; x_wconf 79' lang='lat' dir='ltr'><strong>Ecce</strong></span> <span class='ocrx_word' id='word_1_200' title='bbox 2082 1575 2276 1642; x_wconf 84' lang='lat' dir='ltr'><strong>lignum</strong></span> <span class='ocrx_word' id='word_1_201' title='bbox 2329 1575 2526 1634; x_wconf 81' lang='lat' dir='ltr'><strong>crucis,</strong></span> <span class='ocrx_word' id='word_1_202' title='bbox 2570 1574 2884 1642; x_wconf 64' lang='lat' dir='ltr'><strong>adjuvantes</strong></span> <span class='ocrx_word' id='word_1_203' title='bbox 2938 1594 3058 1631; x_wconf 83' lang='lat' dir='ltr'><strong>eum</strong></span> <span class='ocrx_word' id='word_1_204' title='bbox 3114 1579 3167 1633; x_wconf 90' lang='lat' dir='ltr'><strong>in</strong></span> <span class='ocrx_word' id='word_1_205' title='bbox 3217 1589 3374 1635; x_wconf 89' lang='lat' dir='ltr'><strong>cantu</strong></span> <span class='ocrx_word' id='word_1_206' title='bbox 3430 1591 3488 1635; x_wconf 84' lang='lat' dir='ltr'><strong>ut</strong></span> 
     </span>
    </p>
   </div>
   <div class='ocr_carea' id='block_1_31' title="bbox 1885 1664 3482 1740">
    <p class='ocr_par' dir='ltr' id='par_1_31' title="bbox 1885 1664 3482 1740">
     <span class='ocr_line' id='line_1_31' title="bbox 1885 1664 3482 1740; baseline 0.005 -21"><span class='ocrx_word' id='word_1_207' title='bbox 1885 1681 2081 1734; x_wconf 83' lang='lat' dir='ltr'><strong>&#39;supra.</strong></span> <span class='ocrx_word' id='word_1_208' title='bbox 2125 1666 2346 1719; x_wconf 89' lang='lat' dir='ltr'><strong>lnterim</strong></span> <span class='ocrx_word' id='word_1_209' title='bbox 2408 1681 2536 1719; x_wconf 79' lang='lat' dir='ltr'><strong>vero</strong></span> <span class='ocrx_word' id='word_1_210' title='bbox 2577 1664 2830 1722; x_wconf 87' lang='lat' dir='ltr'><strong>fulcarius</strong></span> <span class='ocrx_word' id='word_1_211' title='bbox 2882 1669 3029 1736; x_wconf 89' lang='lat' dir='ltr'><strong>ponit</strong></span> <span class='ocrx_word' id='word_1_212' title='bbox 3082 1679 3314 1740; x_wconf 83' lang='lat' dir='ltr'><strong>tapetum</strong></span> <span class='ocrx_word' id='word_1_213' title='bbox 3362 1687 3482 1727; x_wconf 89' lang='lat' dir='ltr'><strong>cum</strong></span> 
     </span>
    </p>
   </div>
   <div class='ocr_carea' id='block_1_32' title="bbox 1901 1755 3480 1830">
    <p class='ocr_par' dir='ltr' id='par_1_32' title="bbox 1901 1755 3480 1830">
     <span class='ocr_line' id='line_1_32' title="bbox 1901 1755 3480 1830; baseline 0.005 -21"><span class='ocrx_word' id='word_1_214' title='bbox 1901 1755 2159 1824; x_wconf 72' lang='lat' dir='ltr'><strong>pulvinari</strong></span> <span class='ocrx_word' id='word_1_215' title='bbox 2203 1765 2257 1809; x_wconf 91' lang='lat' dir='ltr'><strong>et</strong></span> <span class='ocrx_word' id='word_1_216' title='bbox 2301 1757 2496 1810; x_wconf 89' lang='lat' dir='ltr'><strong>munda</strong></span> <span class='ocrx_word' id='word_1_217' title='bbox 2538 1758 2742 1812; x_wconf 88' lang='lat' dir='ltr'><strong>tobalca</strong></span> <span class='ocrx_word' id='word_1_218' title='bbox 2799 1769 2923 1813; x_wconf 91' lang='lat' dir='ltr'><strong>ante</strong></span> <span class='ocrx_word' id='word_1_219' title='bbox 2946 1759 3133 1816; x_wconf 87' lang='lat' dir='ltr'><strong>altare.</strong></span> <span class='ocrx_word' id='word_1_220' title='bbox 3165 1763 3276 1830; x_wconf 88' lang='lat' dir='ltr'><strong>Qua</strong></span> <span class='ocrx_word' id='word_1_221' title='bbox 3311 1764 3480 1830; x_wconf 83' lang='lat' dir='ltr'><strong>finita,</strong></span> 
     </span>
    </p>
   </div>
   <div class='ocr_carea' id='block_1_33' title="bbox 209 1845 3482 1923">
    <p class='ocr_par' dir='ltr' id='par_1_33' title="bbox 209 1845 3482 1923">
     <span class='ocr_line' id='line_1_33' title="bbox 209 1845 3482 1923; baseline -0.001 -10"><span class='ocrx_word' id='word_1_222' title='bbox 209 1857 517 1914; x_wconf 86' lang='lat' dir='ltr'><strong>nedictione</strong></span> <span class='ocrx_word' id='word_1_223' title='bbox 549 1865 603 1911; x_wconf 89' lang='lat' dir='ltr'><strong>et</strong></span> <span class='ocrx_word' id='word_1_224' title='bbox 641 1863 857 1923; x_wconf 88' lang='lat' dir='ltr'><strong>recepta</strong></span> <span class='ocrx_word' id='word_1_225' title='bbox 900 1849 1224 1922; x_wconf 83' lang='lat' dir='ltr'><strong>indulgentia</strong></span> <span class='ocrx_word' id='word_1_226' title='bbox 1255 1845 1646 1919; x_wconf 90' lang='lat' dir='ltr'><strong>pronuntianda</strong></span> <span class='ocrx_word' id='word_1_227' title='bbox 1681 1851 1798 1913; x_wconf 89' lang='lat' dir='ltr'><strong>post</strong></span> <span class='ocrx_word' id='word_1_228' title='bbox 1827 1852 1875 1914; x_wconf 80' lang='grc' dir='ltr'><strong>Β</strong></span> <span class='ocrx_word' id='word_1_229' title='bbox 1902 1850 2225 1904; x_wconf 86' lang='lat' dir='ltr'><strong>ehirotheeis</strong></span> <span class='ocrx_word' id='word_1_230' title='bbox 2256 1865 2360 1904; x_wconf 90' lang='lat' dir='ltr'><strong>non</strong></span> <span class='ocrx_word' id='word_1_231' title='bbox 2390 1853 2668 1916; x_wconf 72' lang='lat' dir='ltr'><strong>extractis,</strong></span> <span class='ocrx_word' id='word_1_232' title='bbox 2696 1851 3028 1906; x_wconf 83' lang='lat' dir='ltr'><strong>descendens</strong></span> <span class='ocrx_word' id='word_1_233' title='bbox 3051 1857 3247 1923; x_wconf 85' lang='lat' dir='ltr'><strong>gradus</strong></span> <span class='ocrx_word' id='word_1_234' title='bbox 3275 1858 3482 1923; x_wconf 89' lang='lat' dir='ltr'><strong>altaris,</strong></span> 
     </span>
    </p>
   </div>
   <div class='ocr_carea' id='block_1_34' title="bbox 207 1939 1796 2015">
    <p class='ocr_par' dir='ltr' id='par_1_34' title="bbox 207 1939 1796 2015">
     <span class='ocr_line' id='line_1_34' title="bbox 207 1939 1796 2015; baseline -0.01 -9"><span class='ocrx_word' id='word_1_235' title='bbox 207 1963 540 2015; x_wconf 83' lang='lat' dir='ltr'><strong>sermonem,</strong></span> <span class='ocrx_word' id='word_1_236' title='bbox 570 1947 716 2002; x_wconf 84' lang='lat' dir='ltr'><strong>vadit</strong></span> <span class='ocrx_word' id='word_1_237' title='bbox 753 1947 818 2001; x_wconf 93' lang='lat' dir='ltr'><strong>ad</strong></span> <span class='ocrx_word' id='word_1_238' title='bbox 848 1946 1022 2000; x_wconf 90' lang='lat' dir='ltr'><strong>locum</strong></span> <span class='ocrx_word' id='word_1_239' title='bbox 1069 1945 1281 2000; x_wconf 90' lang='lat' dir='ltr'><strong>solitum</strong></span> <span class='ocrx_word' id='word_1_240' title='bbox 1310 1957 1406 2012; x_wconf 90' lang='lat' dir='ltr'><strong>pro</strong></span> <span class='ocrx_word' id='word_1_241' title='bbox 1443 1954 1688 1996; x_wconf 84' lang='lat' dir='ltr'><strong>sermone</strong></span> <span class='ocrx_word' id='word_1_242' title='bbox 1720 1939 1796 1990; x_wconf 89' lang='lat' dir='ltr'><strong>fa-</strong></span> 
     </span>
    </p>
   </div>
   <div class='ocr_carea' id='block_1_35' title="bbox 206 2032 1793 2106">
    <p class='ocr_par' dir='ltr' id='par_1_35' title="bbox 206 2032 1793 2106">
     <span class='ocr_line' id='line_1_35' title="bbox 206 2032 1793 2106; baseline -0.009 -8"><span class='ocrx_word' id='word_1_243' title='bbox 206 2041 418 2098; x_wconf 79' lang='lat' dir='ltr'><strong>ciendo.</strong></span> <span class='ocrx_word' id='word_1_244' title='bbox 452 2042 590 2096; x_wconf 88' lang='lat' dir='ltr'><strong>Cum</strong></span> <span class='ocrx_word' id='word_1_245' title='bbox 616 2048 793 2095; x_wconf 87' lang='lat' dir='ltr'><strong>autem</strong></span> <span class='ocrx_word' id='word_1_246' title='bbox 843 2038 900 2091; x_wconf 87' lang='lat' dir='ltr'><strong>lit</strong></span> <span class='ocrx_word' id='word_1_247' title='bbox 946 2052 1146 2102; x_wconf 86' lang='lat' dir='ltr'><strong>sermo,</strong></span> <span class='ocrx_word' id='word_1_248' title='bbox 1178 2048 1315 2106; x_wconf 86' lang='lat' dir='ltr'><strong>papa</strong></span> <span class='ocrx_word' id='word_1_249' title='bbox 1348 2044 1533 2089; x_wconf 87' lang='lat' dir='ltr'><strong>tenens</strong></span> <span class='ocrx_word' id='word_1_250' title='bbox 1582 2032 1793 2086; x_wconf 88' lang='lat' dir='ltr'><strong>mitram</strong></span> 
     </span>
    </p>
   </div>
   <div class='ocr_carea' id='block_1_36' title="bbox 208 2123 1797 2202">
    <p class='ocr_par' dir='ltr' id='par_1_36' title="bbox 208 2123 1797 2202">
     <span class='ocr_line' id='line_1_36' title="bbox 208 2123 1797 2202; baseline -0.007 -16"><span class='ocrx_word' id='word_1_251' title='bbox 208 2133 259 2187; x_wconf 91' lang='lat' dir='ltr'><strong>in</strong></span> <span class='ocrx_word' id='word_1_252' title='bbox 281 2131 455 2202; x_wconf 86' lang='lat' dir='ltr'><strong>capite</strong></span> <span class='ocrx_word' id='word_1_253' title='bbox 479 2132 637 2187; x_wconf 88' lang='lat' dir='ltr'><strong>sedet</strong></span> <span class='ocrx_word' id='word_1_254' title='bbox 667 2131 719 2185; x_wconf 90' lang='lat' dir='ltr'><strong>itt</strong></span> <span class='ocrx_word' id='word_1_255' title='bbox 748 2129 1001 2185; x_wconf 84' lang='lat' dir='ltr'><strong>cathedra</strong></span> <span class='ocrx_word' id='word_1_256' title='bbox 1033 2127 1172 2183; x_wconf 90' lang='lat' dir='ltr'><strong>nuda</strong></span> <span class='ocrx_word' id='word_1_257' title='bbox 1205 2137 1347 2191; x_wconf 89' lang='lat' dir='ltr'><strong>ante,</strong></span> <span class='ocrx_word' id='word_1_258' title='bbox 1379 2133 1434 2179; x_wconf 91' lang='lat' dir='ltr'><strong>ut</strong></span> <span class='ocrx_word' id='word_1_259' title='bbox 1473 2138 1652 2192; x_wconf 83' lang='lat' dir='ltr'><strong>supra.</strong></span> <span class='ocrx_word' id='word_1_260' title='bbox 1681 2123 1797 2189; x_wconf 85' lang='lat' dir='ltr'><strong>Quo</strong></span> 
     </span>
    </p>
   </div>
   <div class='ocr_carea' id='block_1_37' title="bbox 208 2213 1798 2292">
    <p class='ocr_par' dir='ltr' id='par_1_37' title="bbox 208 2213 1798 2292">
     <span class='ocr_line' id='line_1_37' title="bbox 208 2213 1798 2292; baseline -0.008 -11"><span class='ocrx_word' id='word_1_261' title='bbox 208 2228 378 2292; x_wconf 85' lang='lat' dir='ltr'><strong>linito,</strong></span> <span class='ocrx_word' id='word_1_262' title='bbox 414 2241 525 2280; x_wconf 91' lang='lat' dir='ltr'><strong>non</strong></span> <span class='ocrx_word' id='word_1_263' title='bbox 555 2225 750 2280; x_wconf 88' lang='lat' dir='ltr'><strong>dicitur</strong></span> <span class='ocrx_word' id='word_1_264' title='bbox 776 2223 1055 2292; x_wconf 79' lang='lat' dir='ltr'><strong>Conﬁteor,</strong></span> <span class='ocrx_word' id='word_1_265' title='bbox 1089 2222 1182 2277; x_wconf 85' lang='lat' dir='ltr'><strong>sed</strong></span> <span class='ocrx_word' id='word_1_266' title='bbox 1213 2219 1392 2273; x_wconf 88' lang='lat' dir='ltr'><strong>statim</strong></span> <span class='ocrx_word' id='word_1_267' title='bbox 1423 2216 1512 2271; x_wconf 91' lang='lat' dir='ltr'><strong>ille</strong></span> <span class='ocrx_word' id='word_1_268' title='bbox 1539 2216 1625 2285; x_wconf 92' lang='lat' dir='ltr'><strong>qui</strong></span> <span class='ocrx_word' id='word_1_269' title='bbox 1674 2213 1798 2269; x_wconf 88' lang='lat' dir='ltr'><strong>fecit</strong></span> 
     </span>
    </p>
   </div>
   <div class='ocr_carea' id='block_1_38' title="bbox 206 2307 1798 2390">
    <p class='ocr_par' dir='ltr' id='par_1_38' title="bbox 206 2307 1798 2390">
     <span class='ocr_line' id='line_1_38' title="bbox 206 2307 1798 2390; baseline -0.01 -16"><span class='ocrx_word' id='word_1_270' title='bbox 206 2334 518 2375; x_wconf 89' lang='lat' dir='ltr'><strong>sermonem</strong></span> <span class='ocrx_word' id='word_1_271' title='bbox 572 2318 881 2390; x_wconf 89' lang='lat' dir='ltr'><strong>pronuntiat</strong></span> <span class='ocrx_word' id='word_1_272' title='bbox 925 2313 1310 2382; x_wconf 81' lang='lat' dir='ltr'><strong>indulgentiam</strong></span> <span class='ocrx_word' id='word_1_273' title='bbox 1360 2309 1426 2363; x_wconf 89' lang='lat' dir='ltr'><strong>de</strong></span> <span class='ocrx_word' id='word_1_274' title='bbox 1454 2307 1705 2362; x_wconf 89' lang='lat' dir='ltr'><strong>mandato</strong></span> <span class='ocrx_word' id='word_1_275' title='bbox 1746 2313 1798 2359; x_wconf 90' lang='lat' dir='ltr'><strong>et</strong></span> 
     </span>
    </p>
   </div>
   <div class='ocr_carea' id='block_1_39' title="bbox 206 2397 1799 2476">
    <p class='ocr_par' dir='ltr' id='par_1_39' title="bbox 206 2397 1799 2476">
     <span class='ocr_line' id='line_1_39' title="bbox 206 2397 1799 2476; baseline -0.009 -10"><span class='ocrx_word' id='word_1_276' title='bbox 206 2411 533 2466; x_wconf 83' lang='lat' dir='ltr'><strong>auctoritate</strong></span> <span class='ocrx_word' id='word_1_277' title='bbox 555 2407 756 2464; x_wconf 87' lang='lat' dir='ltr'><strong>domini</strong></span> <span class='ocrx_word' id='word_1_278' title='bbox 789 2405 956 2461; x_wconf 87' lang='lat' dir='ltr'><strong>nostri</strong></span> <span class='ocrx_word' id='word_1_279' title='bbox 984 2419 1155 2476; x_wconf 69' lang='lat' dir='ltr'><strong>papae,</strong></span> <span class='ocrx_word' id='word_1_280' title='bbox 1185 2400 1430 2456; x_wconf 85' lang='lat' dir='ltr'><strong>videlicet</strong></span> <span class='ocrx_word' id='word_1_281' title='bbox 1458 2398 1525 2453; x_wconf 91' lang='lat' dir='ltr'><strong>de</strong></span> <span class='ocrx_word' id='word_1_282' title='bbox 1554 2414 1623 2452; x_wconf 86' lang='lat' dir='ltr'><strong>vn</strong></span> <span class='ocrx_word' id='word_1_283' title='bbox 1645 2397 1799 2452; x_wconf 85' lang='lat' dir='ltr'><strong>annis</strong></span> 
     </span>
    </p>
   </div>
   <div class='ocr_carea' id='block_1_40' title="bbox 205 2499 765 2572">
    <p class='ocr_par' dir='ltr' id='par_1_40' title="bbox 205 2499 765 2572">
     <span class='ocr_line' id='line_1_40' title="bbox 205 2499 765 2572; baseline -0.013 -14"><span class='ocrx_word' id='word_1_284' title='bbox 205 2513 257 2558; x_wconf 86' lang='lat' dir='ltr'><strong>et</strong></span> <span class='ocrx_word' id='word_1_285' title='bbox 279 2518 347 2556; x_wconf 86' lang='lat' dir='ltr'><strong>vn</strong></span> <span class='ocrx_word' id='word_1_286' title='bbox 386 2499 765 2572; x_wconf 82' lang='lat' dir='ltr'><strong>quadragenis.</strong></span> 
     </span>
    </p>
   </div>
   <div class='ocr_carea' id='block_1_41' title="bbox 276 2579 1794 2658">
    <p class='ocr_par' dir='ltr' id='par_1_41' title="bbox 276 2579 1794 2658">
     <span class='ocr_line' id='line_1_41' title="bbox 276 2579 1794 2658; baseline -0.009 -15"><span class='ocrx_word' id='word_1_287' title='bbox 276 2589 484 2656; x_wconf 82' lang='lat' dir='ltr'><strong>Quibus</strong></span> <span class='ocrx_word' id='word_1_288' title='bbox 513 2588 764 2658; x_wconf 86' lang='lat' dir='ltr'><strong>peractis,</strong></span> <span class='ocrx_word' id='word_1_289' title='bbox 797 2601 928 2653; x_wconf 81' lang='lat' dir='ltr'><strong>papa</strong></span> <span class='ocrx_word' id='word_1_290' title='bbox 959 2582 1148 2652; x_wconf 83' lang='lat' dir='ltr'><strong>surgit,</strong></span> <span class='ocrx_word' id='word_1_291' title='bbox 1179 2589 1232 2635; x_wconf 88' lang='lat' dir='ltr'><strong>et</strong></span> <span class='ocrx_word' id='word_1_292' title='bbox 1261 2579 1454 2635; x_wconf 89' lang='lat' dir='ltr'><strong>ibidem</strong></span> <span class='ocrx_word' id='word_1_293' title='bbox 1485 2585 1660 2632; x_wconf 85' lang='lat' dir='ltr'><strong>amota</strong></span> <span class='ocrx_word' id='word_1_294' title='bbox 1704 2591 1794 2630; x_wconf 89' lang='lat' dir='ltr'><strong>ca-</strong></span> 
     </span>
    </p>
   </div>
   <div class='ocr_carea' id='block_1_42' title="bbox 212 2669 1793 2748">
    <p class='ocr_par' dir='ltr' id='par_1_42' title="bbox 212 2669 1793 2748">
     <span class='ocr_line' id='line_1_42' title="bbox 212 2669 1793 2748; baseline -0.009 -14"><span class='ocrx_word' id='word_1_295' title='bbox 212 2681 397 2736; x_wconf 89' lang='lat' dir='ltr'><strong>thedra</strong></span> <span class='ocrx_word' id='word_1_296' title='bbox 425 2691 483 2735; x_wconf 89' lang='lat' dir='ltr'><strong>et</strong></span> <span class='ocrx_word' id='word_1_297' title='bbox 507 2677 751 2748; x_wconf 86' lang='lat' dir='ltr'><strong>deposita</strong></span> <span class='ocrx_word' id='word_1_298' title='bbox 769 2677 943 2741; x_wconf 86' lang='lat' dir='ltr'><strong>mitra,</strong></span> <span class='ocrx_word' id='word_1_299' title='bbox 958 2674 1086 2729; x_wconf 91' lang='lat' dir='ltr'><strong>dicit</strong></span> <span class='ocrx_word' id='word_1_300' title='bbox 1109 2672 1204 2726; x_wconf 86' lang='lat' dir='ltr'><strong>has</strong></span> <span class='ocrx_word' id='word_1_301' title='bbox 1219 2671 1497 2726; x_wconf 70' lang='lat' dir='ltr'><strong>Orationes</strong></span> <span class='ocrx_word' id='word_1_302' title='bbox 1511 2669 1793 2732; x_wconf 85' lang='lat' dir='ltr'><strong>solemnes,</strong></span> 
     </span>
    </p>
   </div>
   <div class='ocr_carea' id='block_1_43' title="bbox 213 2762 1800 2842">
    <p class='ocr_par' dir='ltr' id='par_1_43' title="bbox 213 2762 1800 2842">
     <span class='ocr_line' id='line_1_43' title="bbox 213 2762 1800 2842; baseline -0.013 -12"><span class='ocrx_word' id='word_1_303' title='bbox 213 2776 486 2842; x_wconf 74' lang='lat' dir='ltr'><strong>videlicut,</strong></span> <span class='ocrx_word' id='word_1_304' title='bbox 529 2773 767 2837; x_wconf 83' lang='lat' dir='ltr'><strong>Oremus,</strong></span> <span class='ocrx_word' id='word_1_305' title='bbox 801 2767 1156 2832; x_wconf 66' lang='lat' dir='ltr'><strong>dileoissimi,</strong></span> <span class='ocrx_word' id='word_1_306' title='bbox 1180 2775 1232 2819; x_wconf 84' lang='lat' dir='ltr'><strong>et</strong></span> <span class='ocrx_word' id='word_1_307' title='bbox 1257 2777 1444 2818; x_wconf 86' lang='lat' dir='ltr'><strong>Omnes</strong></span> <span class='ocrx_word' id='word_1_308' title='bbox 1467 2762 1616 2824; x_wconf 83' lang='lat' dir='ltr'><strong>alias,</strong></span> <span class='ocrx_word' id='word_1_309' title='bbox 1642 2766 1800 2828; x_wconf 85' lang='lat' dir='ltr'><strong>prout</strong></span> 
     </span>
    </p>
   </div>
   <div class='ocr_carea' id='block_1_44' title="bbox 210 2853 1794 2922">
    <p class='ocr_par' dir='ltr' id='par_1_44' title="bbox 210 2853 1794 2922">
     <span class='ocr_line' id='line_1_44' title="bbox 210 2853 1794 2922; baseline -0.011 0"><span class='ocrx_word' id='word_1_310' title='bbox 210 2877 332 2922; x_wconf 89' lang='lat' dir='ltr'><strong>sunt</strong></span> <span class='ocrx_word' id='word_1_311' title='bbox 383 2867 437 2922; x_wconf 89' lang='lat' dir='ltr'><strong>in</strong></span> <span class='ocrx_word' id='word_1_312' title='bbox 491 2863 778 2920; x_wconf 88' lang='lat' dir='ltr'><strong>Ordinario</strong></span> <span class='ocrx_word' id='word_1_313' title='bbox 806 2877 899 2917; x_wconf 89' lang='lat' dir='ltr'><strong>seu</strong></span> <span class='ocrx_word' id='word_1_314' title='bbox 949 2862 1000 2914; x_wconf 91' lang='lat' dir='ltr'><strong>in</strong></span> <span class='ocrx_word' id='word_1_315' title='bbox 1054 2858 1250 2914; x_wconf 85' lang='lat' dir='ltr'><strong>Missali</strong></span> <span class='ocrx_word' id='word_1_316' title='bbox 1309 2856 1547 2910; x_wconf 77' lang='lat' dir='ltr'><strong>Romano</strong></span> <span class='ocrx_word' id='word_1_317' title='bbox 1577 2853 1794 2922; x_wconf 71' lang='lat' dir='ltr'><strong>posizc;</strong></span> 
     </span>
    </p>
   </div>
   <div class='ocr_carea' id='block_1_45' title="bbox 210 2942 1796 3020">
    <p class='ocr_par' dir='ltr' id='par_1_45' title="bbox 210 2942 1796 3020">
     <span class='ocr_line' id='line_1_45' title="bbox 210 2942 1796 3020; baseline -0.013 -6"><span class='ocrx_word' id='word_1_318' title='bbox 210 2960 303 3014; x_wconf 88' lang='lat' dir='ltr'><strong>sed</strong></span> <span class='ocrx_word' id='word_1_319' title='bbox 327 2959 382 3014; x_wconf 91' lang='lat' dir='ltr'><strong>in</strong></span> <span class='ocrx_word' id='word_1_320' title='bbox 412 2959 522 3020; x_wconf 84' lang='lat' dir='ltr'><strong>fine</strong></span> <span class='ocrx_word' id='word_1_321' title='bbox 572 2957 761 3012; x_wconf 86' lang='lat' dir='ltr'><strong>harum</strong></span> <span class='ocrx_word' id='word_1_322' title='bbox 811 2953 1148 3016; x_wconf 88' lang='lat' dir='ltr'><strong>Orationum,</strong></span> <span class='ocrx_word' id='word_1_323' title='bbox 1177 2964 1295 3003; x_wconf 90' lang='lat' dir='ltr'><strong>cum</strong></span> <span class='ocrx_word' id='word_1_324' title='bbox 1341 2961 1475 3017; x_wconf 87' lang='lat' dir='ltr'><strong>papa</strong></span> <span class='ocrx_word' id='word_1_325' title='bbox 1507 2942 1633 2999; x_wconf 90' lang='lat' dir='ltr'><strong>dicit</strong></span> <span class='ocrx_word' id='word_1_326' title='bbox 1668 2943 1796 2996; x_wconf 82' lang='lat' dir='ltr'><strong>Ure-</strong></span> 
     </span>
    </p>
   </div>
   <div class='ocr_carea' id='block_1_46' title="bbox 211 3034 1800 3121">
    <p class='ocr_par' dir='ltr' id='par_1_46' title="bbox 211 3034 1800 3121">
     <span class='ocr_line' id='line_1_46' title="bbox 211 3034 1800 3121; baseline -0.011 -17"><span class='ocrx_word' id='word_1_327' title='bbox 211 3069 347 3121; x_wconf 81' lang='lat' dir='ltr'><strong>nms,</strong></span> <span class='ocrx_word' id='word_1_328' title='bbox 380 3051 670 3120; x_wconf 61' lang='lat' dir='ltr'><strong>praedictus</strong></span> <span class='ocrx_word' id='word_1_329' title='bbox 695 3047 953 3103; x_wconf 76' lang='lat' dir='ltr'><strong>diaconus</strong></span> <span class='ocrx_word' id='word_1_330' title='bbox 995 3041 1283 3099; x_wconf 77' lang='lat' dir='ltr'><strong>eardinalis</strong></span> <span class='ocrx_word' id='word_1_331' title='bbox 1303 3038 1394 3110; x_wconf 86' lang='lat' dir='ltr'><strong>qui</strong></span> <span class='ocrx_word' id='word_1_332' title='bbox 1415 3047 1518 3091; x_wconf 85' lang='lat' dir='ltr'><strong>stat</strong></span> <span class='ocrx_word' id='word_1_333' title='bbox 1539 3052 1569 3090; x_wconf 90' lang='lat' dir='ltr'><strong>a</strong></span> <span class='ocrx_word' id='word_1_334' title='bbox 1599 3035 1738 3089; x_wconf 70' lang='lat' dir='ltr'><strong>deXll</strong></span> <span class='ocrx_word' id='word_1_335' title='bbox 1757 3034 1800 3087; x_wconf 90' lang='lat' dir='ltr'><strong>is</strong></span> 
     </span>
    </p>
   </div>
   <div class='ocr_carea' id='block_1_47' title="bbox 210 3127 1798 3213">
    <p class='ocr_par' dir='ltr' id='par_1_47' title="bbox 210 3127 1798 3213">
     <span class='ocr_line' id='line_1_47' title="bbox 210 3127 1798 3213; baseline -0.014 -13"><span class='ocrx_word' id='word_1_336' title='bbox 210 3153 263 3199; x_wconf 90' lang='lat' dir='ltr'><strong>ct</strong></span> <span class='ocrx_word' id='word_1_337' title='bbox 292 3144 529 3199; x_wconf 74' lang='lat' dir='ltr'><strong>sinistris</strong></span> <span class='ocrx_word' id='word_1_338' title='bbox 554 3155 725 3213; x_wconf 60' lang='lat' dir='ltr'><strong>papae,</strong></span> <span class='ocrx_word' id='word_1_339' title='bbox 756 3138 846 3209; x_wconf 91' lang='lat' dir='ltr'><strong>qui</strong></span> <span class='ocrx_word' id='word_1_340' title='bbox 877 3139 929 3191; x_wconf 91' lang='lat' dir='ltr'><strong>in</strong></span> <span class='ocrx_word' id='word_1_341' title='bbox 959 3136 1127 3206; x_wconf 87' lang='lat' dir='ltr'><strong>prima</strong></span> <span class='ocrx_word' id='word_1_342' title='bbox 1160 3133 1387 3187; x_wconf 87' lang='lat' dir='ltr'><strong>ﬂexione</strong></span> <span class='ocrx_word' id='word_1_343' title='bbox 1428 3144 1562 3201; x_wconf 84' lang='lat' dir='ltr'><strong>genu</strong></span> <span class='ocrx_word' id='word_1_344' title='bbox 1594 3127 1798 3181; x_wconf 82' lang='lat' dir='ltr'><strong>dixerat</strong></span> 
     </span>
    </p>
   </div>
   <div class='ocr_carea' id='block_1_48' title="bbox 1898 1946 3482 2017">
    <p class='ocr_par' dir='ltr' id='par_1_48' title="bbox 1898 1946 3482 2017">
     <span class='ocr_line' id='line_1_48' title="bbox 1898 1946 3482 2017; baseline 0.001 -15"><span class='ocrx_word' id='word_1_345' title='bbox 1898 1957 1952 2002; x_wconf 88' lang='lat' dir='ltr'><strong>et</strong></span> <span class='ocrx_word' id='word_1_346' title='bbox 1978 1948 2204 2017; x_wconf 90' lang='lat' dir='ltr'><strong>genibus</strong></span> <span class='ocrx_word' id='word_1_347' title='bbox 2263 1946 2436 2012; x_wconf 79' lang='lat' dir='ltr'><strong>ﬂexis,</strong></span> <span class='ocrx_word' id='word_1_348' title='bbox 2493 1948 2638 2014; x_wconf 85' lang='lat' dir='ltr'><strong>ponit</strong></span> <span class='ocrx_word' id='word_1_349' title='bbox 2685 1961 2897 2000; x_wconf 88' lang='lat' dir='ltr'><strong>crucem</strong></span> <span class='ocrx_word' id='word_1_350' title='bbox 2959 1963 3120 2014; x_wconf 80' lang='lat' dir='ltr'><strong>super</strong></span> <span class='ocrx_word' id='word_1_351' title='bbox 3179 1949 3482 2016; x_wconf 62' lang='lat' dir='ltr'><strong>praedictam</strong></span> 
     </span>
    </p>
   </div>
   <div class='ocr_carea' id='block_1_49' title="bbox 1905 2040 3486 2106">
    <p class='ocr_par' dir='ltr' id='par_1_49' title="bbox 1905 2040 3486 2106">
     <span class='ocr_line' id='line_1_49' title="bbox 1905 2040 3486 2106; baseline 0.004 -13"><span class='ocrx_word' id='word_1_352' title='bbox 1905 2040 2310 2093; x_wconf 85' lang='lat' dir='ltr'><strong>mundissimam</strong></span> <span class='ocrx_word' id='word_1_353' title='bbox 2341 2040 2629 2102; x_wconf 75' lang='lat' dir='ltr'><strong>tubalcatn,</strong></span> <span class='ocrx_word' id='word_1_354' title='bbox 2663 2049 2716 2092; x_wconf 92' lang='lat' dir='ltr'><strong>et</strong></span> <span class='ocrx_word' id='word_1_355' title='bbox 2767 2053 2928 2106; x_wconf 53' lang='lat' dir='ltr'><strong>Super</strong></span> <span class='ocrx_word' id='word_1_356' title='bbox 2963 2042 3104 2092; x_wconf 84' lang='lat' dir='ltr'><strong>illam</strong></span> <span class='ocrx_word' id='word_1_357' title='bbox 3136 2053 3378 2095; x_wconf 89' lang='lat' dir='ltr'><strong>ornatam</strong></span> <span class='ocrx_word' id='word_1_358' title='bbox 3419 2045 3486 2098; x_wconf 89' lang='lat' dir='ltr'><strong>de</strong></span> 
     </span>
    </p>
   </div>
   <div class='ocr_carea' id='block_1_50' title="bbox 1899 2133 3488 2204">
    <p class='ocr_par' dir='ltr' id='par_1_50' title="bbox 1899 2133 3488 2204">
     <span class='ocr_line' id='line_1_50' title="bbox 1899 2133 3488 2204; baseline 0.003 -19"><span class='ocrx_word' id='word_1_359' title='bbox 1899 2135 2098 2198; x_wconf 86' lang='lat' dir='ltr'><strong>serico,</strong></span> <span class='ocrx_word' id='word_1_360' title='bbox 2133 2147 2293 2202; x_wconf 90' lang='lat' dir='ltr'><strong>quam</strong></span> <span class='ocrx_word' id='word_1_361' title='bbox 2323 2134 2471 2199; x_wconf 85' lang='lat' dir='ltr'><strong>ponit</strong></span> <span class='ocrx_word' id='word_1_362' title='bbox 2492 2134 2716 2186; x_wconf 87' lang='lat' dir='ltr'><strong>saerista</strong></span> <span class='ocrx_word' id='word_1_363' title='bbox 2745 2140 2870 2185; x_wconf 73' lang='lat' dir='ltr'><strong>ante</strong></span> <span class='ocrx_word' id='word_1_364' title='bbox 2891 2133 3056 2186; x_wconf 55' lang='lat' dir='ltr'><strong>altare</strong></span> <span class='ocrx_word' id='word_1_365' title='bbox 3089 2133 3139 2187; x_wconf 92' lang='lat' dir='ltr'><strong>in</strong></span> <span class='ocrx_word' id='word_1_366' title='bbox 3163 2141 3302 2188; x_wconf 89' lang='lat' dir='ltr'><strong>terra</strong></span> <span class='ocrx_word' id='word_1_367' title='bbox 3328 2152 3488 2204; x_wconf 82' lang='lat' dir='ltr'><strong>super</strong></span> 
     </span>
    </p>
   </div>
   <div class='ocr_carea' id='block_1_51' title="bbox 1900 2225 3485 2295">
    <p class='ocr_par' dir='ltr' id='par_1_51' title="bbox 1900 2225 3485 2295">
     <span class='ocr_line' id='line_1_51' title="bbox 1900 2225 3485 2295; baseline 0.001 -15"><span class='ocrx_word' id='word_1_368' title='bbox 1900 2226 2173 2294; x_wconf 86' lang='lat' dir='ltr'><strong>pulvinare</strong></span> <span class='ocrx_word' id='word_1_369' title='bbox 2192 2234 2477 2280; x_wconf 84' lang='lat' dir='ltr'><strong>extensam</strong></span> <span class='ocrx_word' id='word_1_370' title='bbox 2507 2239 2628 2280; x_wconf 89' lang='lat' dir='ltr'><strong>cum</strong></span> <span class='ocrx_word' id='word_1_371' title='bbox 2659 2225 2740 2278; x_wconf 92' lang='lat' dir='ltr'><strong>illa</strong></span> <span class='ocrx_word' id='word_1_372' title='bbox 2772 2225 2932 2278; x_wconf 77' lang='lat' dir='ltr'><strong>etiam</strong></span> <span class='ocrx_word' id='word_1_373' title='bbox 2965 2240 3083 2278; x_wconf 90' lang='lat' dir='ltr'><strong>cum</strong></span> <span class='ocrx_word' id='word_1_374' title='bbox 3111 2240 3211 2295; x_wconf 89' lang='lat' dir='ltr'><strong>qua</strong></span> <span class='ocrx_word' id='word_1_375' title='bbox 3237 2238 3485 2295; x_wconf 84' lang='lat' dir='ltr'><strong>coeperta</strong></span> 
     </span>
    </p>
   </div>
   <div class='ocr_carea' id='block_1_52' title="bbox 1897 2315 3482 2387">
    <p class='ocr_par' dir='ltr' id='par_1_52' title="bbox 1897 2315 3482 2387">
     <span class='ocr_line' id='line_1_52' title="bbox 1897 2315 3482 2387; baseline -0.001 -17"><span class='ocrx_word' id='word_1_376' title='bbox 1897 2315 2071 2373; x_wconf 85' lang='lat' dir='ltr'><strong>fuerat</strong></span> <span class='ocrx_word' id='word_1_377' title='bbox 2097 2332 2261 2382; x_wconf 87' lang='lat' dir='ltr'><strong>crux;</strong></span> <span class='ocrx_word' id='word_1_378' title='bbox 2295 2327 2348 2372; x_wconf 89' lang='lat' dir='ltr'><strong>et</strong></span> <span class='ocrx_word' id='word_1_379' title='bbox 2372 2319 2426 2386; x_wconf 89' lang='lat' dir='ltr'><strong>ip</strong></span> <span class='ocrx_word' id='word_1_380' title='bbox 2447 2333 2487 2371; x_wconf 11' lang='lat' dir='ltr'><strong>ea</strong></span> <span class='ocrx_word' id='word_1_381' title='bbox 2516 2331 2679 2372; x_wconf 88' lang='lat' dir='ltr'><strong>cruce</strong></span> <span class='ocrx_word' id='word_1_382' title='bbox 2723 2317 2801 2371; x_wconf 92' lang='lat' dir='ltr'><strong>sic</strong></span> <span class='ocrx_word' id='word_1_383' title='bbox 2830 2316 3000 2386; x_wconf 77' lang='lat' dir='ltr'><strong>posita</strong></span> <span class='ocrx_word' id='word_1_384' title='bbox 3033 2315 3102 2370; x_wconf 89' lang='lat' dir='ltr'><strong>ibi</strong></span> <span class='ocrx_word' id='word_1_385' title='bbox 3146 2331 3238 2384; x_wconf 90' lang='lat' dir='ltr'><strong>per</strong></span> <span class='ocrx_word' id='word_1_386' title='bbox 3269 2333 3482 2387; x_wconf 77' lang='lat' dir='ltr'><strong>papam,</strong></span> 
     </span>
    </p>
   </div>
   <div class='ocr_carea' id='block_1_53' title="bbox 1901 2406 3484 2475">
    <p class='ocr_par' dir='ltr' id='par_1_53' title="bbox 1901 2406 3484 2475">
     <span class='ocr_line' id='line_1_53' title="bbox 1901 2406 3484 2475; baseline -0.002 -13"><span class='ocrx_word' id='word_1_387' title='bbox 1901 2409 2078 2463; x_wconf 88' lang='lat' dir='ltr'><strong>statim</strong></span> <span class='ocrx_word' id='word_1_388' title='bbox 2127 2407 2486 2462; x_wconf 89' lang='lat' dir='ltr'><strong>subdiaconus</strong></span> <span class='ocrx_word' id='word_1_389' title='bbox 2545 2407 2697 2461; x_wconf 88' lang='lat' dir='ltr'><strong>ﬂexis</strong></span> <span class='ocrx_word' id='word_1_390' title='bbox 2745 2407 2968 2475; x_wconf 86' lang='lat' dir='ltr'><strong>genibus</strong></span> <span class='ocrx_word' id='word_1_391' title='bbox 3017 2421 3045 2458; x_wconf 94' lang='lat' dir='ltr'><strong>a</strong></span> <span class='ocrx_word' id='word_1_392' title='bbox 3102 2414 3248 2474; x_wconf 82' lang='lat' dir='ltr'><strong>parte</strong></span> <span class='ocrx_word' id='word_1_393' title='bbox 3295 2406 3484 2460; x_wconf 81' lang='lat' dir='ltr'><strong>dextra</strong></span> 
     </span>
    </p>
   </div>
   <div class='ocr_carea' id='block_1_54' title="bbox 1899 2497 3484 2565">
    <p class='ocr_par' dir='ltr' id='par_1_54' title="bbox 1899 2497 3484 2565">
     <span class='ocr_line' id='line_1_54' title="bbox 1899 2497 3484 2565; baseline -0.002 -11"><span class='ocrx_word' id='word_1_394' title='bbox 1899 2500 2100 2565; x_wconf 90' lang='lat' dir='ltr'><strong>crucis,</strong></span> <span class='ocrx_word' id='word_1_395' title='bbox 2124 2515 2246 2554; x_wconf 88' lang='lat' dir='ltr'><strong>cum</strong></span> <span class='ocrx_word' id='word_1_396' title='bbox 2271 2514 2432 2553; x_wconf 89' lang='lat' dir='ltr'><strong>manu</strong></span> <span class='ocrx_word' id='word_1_397' title='bbox 2461 2513 2564 2552; x_wconf 85' lang='lat' dir='ltr'><strong>una</strong></span> <span class='ocrx_word' id='word_1_398' title='bbox 2615 2506 2760 2552; x_wconf 85' lang='lat' dir='ltr'><strong>tenet</strong></span> <span class='ocrx_word' id='word_1_399' title='bbox 2799 2497 2984 2565; x_wconf 86' lang='lat' dir='ltr'><strong>pedem</strong></span> <span class='ocrx_word' id='word_1_400' title='bbox 3017 2499 3191 2551; x_wconf 88' lang='lat' dir='ltr'><strong>crucis</strong></span> <span class='ocrx_word' id='word_1_401' title='bbox 3212 2537 3226 2561; x_wconf 92' lang='lat'><strong>,</strong></span> <span class='ocrx_word' id='word_1_402' title='bbox 3257 2506 3311 2551; x_wconf 85' lang='lat' dir='ltr'><strong>el.</strong></span> <span class='ocrx_word' id='word_1_403' title='bbox 3365 2513 3484 2551; x_wconf 86' lang='lat' dir='ltr'><strong>cum</strong></span> 
     </span>
    </p>
   </div>
   <div class='ocr_carea' id='block_1_55' title="bbox 1900 2588 3485 2659">
    <p class='ocr_par' dir='ltr' id='par_1_55' title="bbox 1900 2588 3485 2659">
     <span class='ocr_line' id='line_1_55' title="bbox 1900 2588 3485 2659; baseline -0.001 -17"><span class='ocrx_word' id='word_1_404' title='bbox 1900 2591 2005 2644; x_wconf 74' lang='lat' dir='ltr'><strong>alia</strong></span> <span class='ocrx_word' id='word_1_405' title='bbox 2043 2588 2158 2659; x_wconf 85' lang='lat' dir='ltr'><strong>ejus</strong></span> <span class='ocrx_word' id='word_1_406' title='bbox 2203 2590 2564 2643; x_wconf 80' lang='lat' dir='ltr'><strong>summitatem</strong></span> <span class='ocrx_word' id='word_1_407' title='bbox 2621 2604 2742 2642; x_wconf 90' lang='lat' dir='ltr'><strong>cum</strong></span> <span class='ocrx_word' id='word_1_408' title='bbox 2797 2589 2886 2642; x_wconf 89' lang='lat' dir='ltr'><strong>illa</strong></span> <span class='ocrx_word' id='word_1_409' title='bbox 2938 2588 3144 2642; x_wconf 86' lang='lat' dir='ltr'><strong>tobalea</strong></span> <span class='ocrx_word' id='word_1_410' title='bbox 3194 2590 3259 2642; x_wconf 87' lang='lat' dir='ltr'><strong>de</strong></span> <span class='ocrx_word' id='word_1_411' title='bbox 3289 2589 3485 2643; x_wconf 79' lang='lat' dir='ltr'><strong>serico.</strong></span> 
     </span>
    </p>
   </div>
   <div class='ocr_carea' id='block_1_56' title="bbox 1899 2679 3488 2751">
    <p class='ocr_par' dir='ltr' id='par_1_56' title="bbox 1899 2679 3488 2751">
     <span class='ocr_line' id='line_1_56' title="bbox 1899 2679 3488 2751; baseline 0.001 -17"><span class='ocrx_word' id='word_1_412' title='bbox 1899 2679 2070 2736; x_wconf 89' lang='lat' dir='ltr'><strong>Cruce</strong></span> <span class='ocrx_word' id='word_1_413' title='bbox 2093 2696 2220 2735; x_wconf 92' lang='lat' dir='ltr'><strong>vero</strong></span> <span class='ocrx_word' id='word_1_414' title='bbox 2254 2681 2423 2749; x_wconf 86' lang='lat' dir='ltr'><strong>posita</strong></span> <span class='ocrx_word' id='word_1_415' title='bbox 2456 2696 2549 2750; x_wconf 91' lang='lat' dir='ltr'><strong>per</strong></span> <span class='ocrx_word' id='word_1_416' title='bbox 2575 2696 2788 2751; x_wconf 86' lang='lat' dir='ltr'><strong>papam,</strong></span> <span class='ocrx_word' id='word_1_417' title='bbox 2823 2695 2956 2750; x_wconf 84' lang='lat' dir='ltr'><strong>papa</strong></span> <span class='ocrx_word' id='word_1_418' title='bbox 3001 2679 3144 2734; x_wconf 78' lang='lat' dir='ltr'><strong>vadt</strong></span> <span class='ocrx_word' id='word_1_419' title='bbox 3196 2681 3261 2734; x_wconf 88' lang='lat' dir='ltr'><strong>ad</strong></span> <span class='ocrx_word' id='word_1_420' title='bbox 3309 2681 3488 2735; x_wconf 80' lang='lat' dir='ltr'><strong>cathe-</strong></span> 
     </span>
    </p>
   </div>
   <div class='ocr_carea' id='block_1_57' title="bbox 1901 2773 3486 2842">
    <p class='ocr_par' dir='ltr' id='par_1_57' title="bbox 1901 2773 3486 2842">
     <span class='ocr_line' id='line_1_57' title="bbox 1901 2773 3486 2842; baseline -0.001 -15"><span class='ocrx_word' id='word_1_421' title='bbox 1901 2775 2049 2827; x_wconf 78' lang='lat' dir='ltr'><strong>dram</strong></span> <span class='ocrx_word' id='word_1_422' title='bbox 2115 2773 2309 2828; x_wconf 86' lang='lat' dir='ltr'><strong>nudam</strong></span> <span class='ocrx_word' id='word_1_423' title='bbox 2365 2784 2420 2829; x_wconf 90' lang='lat' dir='ltr'><strong>et</strong></span> <span class='ocrx_word' id='word_1_424' title='bbox 2475 2775 2685 2828; x_wconf 77' lang='lat' dir='ltr'><strong>bassam</strong></span> <span class='ocrx_word' id='word_1_425' title='bbox 2755 2775 2870 2827; x_wconf 90' lang='lat' dir='ltr'><strong>sine</strong></span> <span class='ocrx_word' id='word_1_426' title='bbox 2926 2775 3161 2827; x_wconf 81' lang='lat' dir='ltr'><strong>scabello</strong></span> <span class='ocrx_word' id='word_1_427' title='bbox 3218 2786 3486 2842; x_wconf 86' lang='lat' dir='ltr'><strong>paratam;</strong></span> 
     </span>
    </p>
   </div>
   <div class='ocr_carea' id='block_1_58' title="bbox 1901 2863 3490 2933">
    <p class='ocr_par' dir='ltr' id='par_1_58' title="bbox 1901 2863 3490 2933">
     <span class='ocr_line' id='line_1_58' title="bbox 1901 2863 3490 2933; baseline -0.001 -14"><span class='ocrx_word' id='word_1_428' title='bbox 1901 2872 1954 2919; x_wconf 82' lang='lat' dir='ltr'><strong>ct</strong></span> <span class='ocrx_word' id='word_1_429' title='bbox 2011 2865 2080 2918; x_wconf 85' lang='lat' dir='ltr'><strong>ibi</strong></span> <span class='ocrx_word' id='word_1_430' title='bbox 2135 2863 2370 2918; x_wconf 77' lang='lat' dir='ltr'><strong>sedendo</strong></span> <span class='ocrx_word' id='word_1_431' title='bbox 2410 2865 2767 2919; x_wconf 81' lang='lat' dir='ltr'><strong>Calceamenta</strong></span> <span class='ocrx_word' id='word_1_432' title='bbox 2811 2864 3050 2932; x_wconf 70' lang='lat' dir='ltr'><strong>drpunit,</strong></span> <span class='ocrx_word' id='word_1_433' title='bbox 3099 2879 3217 2933; x_wconf 69' lang='lat' dir='ltr'><strong>qua:</strong></span> <span class='ocrx_word' id='word_1_434' title='bbox 3265 2864 3343 2919; x_wconf 85' lang='lat' dir='ltr'><strong>sui</strong></span> <span class='ocrx_word' id='word_1_435' title='bbox 3396 2878 3490 2918; x_wconf 89' lang='lat' dir='ltr'><strong>cu-</strong></span> 
     </span>
    </p>
   </div>
   <div class='ocr_carea' id='block_1_59' title="bbox 1903 2955 3484 3024">
    <p class='ocr_par' dir='ltr' id='par_1_59' title="bbox 1903 2955 3484 3024">
     <span class='ocr_line' id='line_1_59' title="bbox 1903 2955 3484 3024; baseline 0 -14"><span class='ocrx_word' id='word_1_436' title='bbox 1903 2955 2141 3010; x_wconf 74' lang='lat' dir='ltr'><strong>bicularii</strong></span> <span class='ocrx_word' id='word_1_437' title='bbox 2172 2956 2438 3024; x_wconf 81' lang='lat' dir='ltr'><strong>deponere</strong></span> <span class='ocrx_word' id='word_1_438' title='bbox 2496 2963 2908 3017; x_wconf 57' lang='lat' dir='ltr'><strong>t-onstteverut‘tt,</strong></span> <span class='ocrx_word' id='word_1_439' title='bbox 2963 2970 3068 3007; x_wconf 92' lang='lat' dir='ltr'><strong>uno</strong></span> <span class='ocrx_word' id='word_1_440' title='bbox 3116 2956 3484 3023; x_wconf 88' lang='lat' dir='ltr'><strong>episcoporum</strong></span> 
     </span>
    </p>
   </div>
   <div class='ocr_carea' id='block_1_60' title="bbox 1902 3044 3489 3115">
    <p class='ocr_par' dir='ltr' id='par_1_60' title="bbox 1902 3044 3489 3115">
     <span class='ocr_line' id='line_1_60' title="bbox 1902 3044 3489 3115; baseline -0.001 -15"><span class='ocrx_word' id='word_1_441' title='bbox 1902 3061 2020 3100; x_wconf 84' lang='lat' dir='ltr'><strong>eum</strong></span> <span class='ocrx_word' id='word_1_442' title='bbox 2053 3047 2268 3114; x_wconf 89' lang='lat' dir='ltr'><strong>p&#39;uviali</strong></span> <span class='ocrx_word' id='word_1_443' title='bbox 2300 3061 2400 3099; x_wconf 90' lang='lat' dir='ltr'><strong>suo</strong></span> <span class='ocrx_word' id='word_1_444' title='bbox 2449 3046 2791 3114; x_wconf 79' lang='lat' dir='ltr'><strong>(‘onpcricnte</strong></span> <span class='ocrx_word' id='word_1_445' title='bbox 2830 3062 2931 3110; x_wconf 82' lang='lat' dir='ltr'><strong>ea;</strong></span> <span class='ocrx_word' id='word_1_446' title='bbox 2975 3053 3027 3098; x_wconf 90' lang='lat' dir='ltr'><strong>et</strong></span> <span class='ocrx_word' id='word_1_447' title='bbox 3069 3046 3221 3099; x_wconf 88' lang='lat' dir='ltr'><strong>nudis</strong></span> <span class='ocrx_word' id='word_1_448' title='bbox 3246 3044 3489 3115; x_wconf 84' lang='lat' dir='ltr'><strong>pedibus,</strong></span> 
     </span>
    </p>
   </div>
   <div class='ocr_carea' id='block_1_61' title="bbox 1904 3143 3487 3211">
    <p class='ocr_par' dir='ltr' id='par_1_61' title="bbox 1904 3143 3487 3211">
     <span class='ocr_line' id='line_1_61' title="bbox 1904 3143 3487 3211; baseline 0.002 -15"><span class='ocrx_word' id='word_1_449' title='bbox 1904 3153 1986 3207; x_wconf 89' lang='lat' dir='ltr'><strong>et,</strong></span> <span class='ocrx_word' id='word_1_450' title='bbox 2022 3144 2180 3196; x_wconf 88' lang='lat' dir='ltr'><strong>mitra</strong></span> <span class='ocrx_word' id='word_1_451' title='bbox 2213 3143 2310 3196; x_wconf 88' lang='lat' dir='ltr'><strong>sibi</strong></span> <span class='ocrx_word' id='word_1_452' title='bbox 2357 3143 2594 3211; x_wconf 86' lang='lat' dir='ltr'><strong>deposita</strong></span> <span class='ocrx_word' id='word_1_453' title='bbox 2621 3160 2739 3195; x_wconf 87' lang='lat' dir='ltr'><strong>cum</strong></span> <span class='ocrx_word' id='word_1_454' title='bbox 2779 3143 3103 3198; x_wconf 75' lang='lat' dir='ltr'><strong>chirothecis</strong></span> <span class='ocrx_word' id='word_1_455' title='bbox 3134 3145 3186 3198; x_wconf 87' lang='lat' dir='ltr'><strong>itt</strong></span> <span class='ocrx_word' id='word_1_456' title='bbox 3221 3146 3487 3209; x_wconf 87' lang='lat' dir='ltr'><strong>manibus,</strong></span> 
     </span>
    </p>
   </div>
   <div class='ocr_carea' id='block_1_62' title="bbox 212 3213 1799 3304">
    <p class='ocr_par' dir='ltr' id='par_1_62' title="bbox 212 3220 1796 3304">
     <span class='ocr_line' id='line_1_62' title="bbox 212 3220 1796 3304; baseline -0.013 -14"><span class='ocrx_word' id='word_1_457' title='bbox 212 3235 421 3304; x_wconf 81' lang='lat' dir='ltr'><strong>Leonte,</strong></span> <span class='ocrx_word' id='word_1_458' title='bbox 453 3235 582 3290; x_wconf 88' lang='lat' dir='ltr'><strong>dicit</strong></span> <span class='ocrx_word' id='word_1_459' title='bbox 633 3247 775 3288; x_wconf 88' lang='lat' dir='ltr'><strong>nunc</strong></span> <span class='ocrx_word' id='word_1_460' title='bbox 825 3229 1125 3284; x_wconf 82' lang='lat' dir='ltr'><strong>Flectamus</strong></span> <span class='ocrx_word' id='word_1_461' title='bbox 1175 3242 1364 3296; x_wconf 86' lang='lat' dir='ltr'><strong>genua,</strong></span> <span class='ocrx_word' id='word_1_462' title='bbox 1395 3232 1445 3277; x_wconf 88' lang='lat' dir='ltr'><strong>et</strong></span> <span class='ocrx_word' id='word_1_463' title='bbox 1478 3220 1796 3291; x_wconf 87' lang='lat' dir='ltr'><strong>penultimus</strong></span> 
     </span>
    </p>
   </div>
   <div class='ocr_carea' id='block_1_63' title="bbox 1907 3213 3484 3304">
    <p class='ocr_par' dir='ltr' id='par_1_63' title="bbox 1907 3233 3484 3304">
     <span class='ocr_line' id='line_1_63' title="bbox 1907 3233 3484 3304; baseline 0.003 -19"><span class='ocrx_word' id='word_1_464' title='bbox 1907 3233 2049 3288; x_wconf 86' lang='lat' dir='ltr'><strong>vadit</strong></span> <span class='ocrx_word' id='word_1_465' title='bbox 2074 3234 2223 3303; x_wconf 90' lang='lat' dir='ltr'><strong>quasi</strong></span> <span class='ocrx_word' id='word_1_466' title='bbox 2252 3234 2317 3286; x_wconf 90' lang='lat' dir='ltr'><strong>ad</strong></span> <span class='ocrx_word' id='word_1_467' title='bbox 2359 3249 2566 3303; x_wconf 89' lang='lat' dir='ltr'><strong>portam</strong></span> <span class='ocrx_word' id='word_1_468' title='bbox 2616 3237 2880 3303; x_wconf 83' lang='lat' dir='ltr'><strong>regiarum</strong></span> <span class='ocrx_word' id='word_1_469' title='bbox 2933 3235 3177 3304; x_wconf 84' lang='lat' dir='ltr'><strong>capellae,</strong></span> <span class='ocrx_word' id='word_1_470' title='bbox 3217 3235 3484 3291; x_wconf 84' lang='lat' dir='ltr'><strong>comitan-</strong></span> 
     </span>
    </p>
   </div>
   <div class='ocr_carea' id='block_1_64' title="bbox 213 3311 1790 3388">
    <p class='ocr_par' dir='ltr' id='par_1_64' title="bbox 213 3311 1790 3388">
     <span class='ocr_line' id='line_1_64' title="bbox 213 3311 1790 3388; baseline -0.011 -7"><span class='ocrx_word' id='word_1_471' title='bbox 213 3329 479 3382; x_wconf 89' lang='lat' dir='ltr'><strong>diaconus</strong></span> <span class='ocrx_word' id='word_1_472' title='bbox 507 3325 635 3381; x_wconf 84' lang='lat' dir='ltr'><strong>dicit</strong></span> <span class='ocrx_word' id='word_1_473' title='bbox 665 3326 882 3386; x_wconf 78' lang='lat' dir='ltr'><strong>Levate;</strong></span> <span class='ocrx_word' id='word_1_474' title='bbox 903 3331 958 3376; x_wconf 86' lang='lat' dir='ltr'><strong>et</strong></span> <span class='ocrx_word' id='word_1_475' title='bbox 988 3327 1037 3374; x_wconf 86' lang='lat' dir='ltr'><strong>in</strong></span> <span class='ocrx_word' id='word_1_476' title='bbox 1078 3327 1262 3388; x_wconf 83' lang='lat' dir='ltr'><strong>quarta</strong></span> <span class='ocrx_word' id='word_1_477' title='bbox 1286 3316 1540 3372; x_wconf 85' lang='lat' dir='ltr'><strong>Oratione</strong></span> <span class='ocrx_word' id='word_1_478' title='bbox 1569 3314 1724 3383; x_wconf 88' lang='lat' dir='ltr'><strong>penul</strong></span> <span class='ocrx_word' id='word_1_479' title='bbox 1753 3311 1790 3365; x_wconf 62' lang='grc' dir='ltr'><strong>ἱ»</strong></span> 
     </span>
    </p>
   </div>
   <div class='ocr_carea' id='block_1_65' title="bbox 210 3409 1797 3485">
    <p class='ocr_par' dir='ltr' id='par_1_65' title="bbox 210 3409 1797 3485">
     <span class='ocr_line' id='line_1_65' title="bbox 210 3409 1797 3485; baseline -0.01 -13"><span class='ocrx_word' id='word_1_480' title='bbox 210 3434 333 3472; x_wconf 85' lang='lat' dir='ltr'><strong>mus</strong></span> <span class='ocrx_word' id='word_1_481' title='bbox 364 3417 655 3471; x_wconf 86' lang='lat' dir='ltr'><strong>cardiualis</strong></span> <span class='ocrx_word' id='word_1_482' title='bbox 684 3415 848 3485; x_wconf 71' lang='grc'><strong>492</strong></span> <span class='ocrx_word' id='word_1_483' title='bbox 876 3413 1005 3466; x_wconf 84' lang='lat' dir='ltr'><strong>dicit</strong></span> <span class='ocrx_word' id='word_1_484' title='bbox 1036 3409 1333 3465; x_wconf 82' lang='lat' dir='ltr'><strong>Flectamus</strong></span> <span class='ocrx_word' id='word_1_485' title='bbox 1361 3424 1544 3480; x_wconf 84' lang='lat' dir='ltr'><strong>genua,</strong></span> <span class='ocrx_word' id='word_1_486' title='bbox 1589 3414 1643 3459; x_wconf 88' lang='lat' dir='ltr'><strong>et</strong></span> <span class='ocrx_word' id='word_1_487' title='bbox 1690 3413 1797 3458; x_wconf 91' lang='lat' dir='ltr'><strong>ter-</strong></span> 
     </span>
    </p>
   </div>
   <div class='ocr_carea' id='block_1_66' title="bbox 213 3497 1799 3568">
    <p class='ocr_par' dir='ltr' id='par_1_66' title="bbox 213 3497 1799 3568">
     <span class='ocr_line' id='line_1_66' title="bbox 213 3497 1799 3568; baseline -0.01 -3"><span class='ocrx_word' id='word_1_488' title='bbox 213 3514 320 3566; x_wconf 80' lang='lat' dir='ltr'><strong>tius</strong></span> <span class='ocrx_word' id='word_1_489' title='bbox 350 3509 609 3564; x_wconf 87' lang='lat' dir='ltr'><strong>diaconus</strong></span> <span class='ocrx_word' id='word_1_490' title='bbox 638 3507 925 3560; x_wconf 88' lang='lat' dir='ltr'><strong>cardinalis</strong></span> <span class='ocrx_word' id='word_1_491' title='bbox 953 3504 1084 3559; x_wconf 84' lang='lat' dir='ltr'><strong>dicit</strong></span> <span class='ocrx_word' id='word_1_492' title='bbox 1132 3503 1348 3568; x_wconf 84' lang='lat' dir='ltr'><strong>Levate;</strong></span> <span class='ocrx_word' id='word_1_493' title='bbox 1397 3509 1450 3555; x_wconf 88' lang='lat' dir='ltr'><strong>et</strong></span> <span class='ocrx_word' id='word_1_494' title='bbox 1481 3500 1558 3554; x_wconf 86' lang='lat' dir='ltr'><strong>sic</strong></span> <span class='ocrx_word' id='word_1_495' title='bbox 1602 3497 1799 3552; x_wconf 77' lang='lat' dir='ltr'><strong>faciunt</strong></span> 
     </span>
    </p>
   </div>
   <div class='ocr_carea' id='block_1_67' title="bbox 211 3588 1796 3654">
    <p class='ocr_par' dir='ltr' id='par_1_67' title="bbox 211 3588 1796 3654">
     <span class='ocr_line' id='line_1_67' title="bbox 211 3588 1796 3654; baseline -0.009 0"><span class='ocrx_word' id='word_1_496' title='bbox 211 3612 404 3654; x_wconf 79' lang='lat' dir='ltr'><strong>euntes</strong></span> <span class='ocrx_word' id='word_1_497' title='bbox 435 3594 648 3650; x_wconf 90' lang='lat' dir='ltr'><strong>diaconi</strong></span> <span class='ocrx_word' id='word_1_498' title='bbox 695 3593 994 3650; x_wconf 85' lang='lat' dir='ltr'><strong>cardinales</strong></span> <span class='ocrx_word' id='word_1_499' title='bbox 1041 3591 1332 3645; x_wconf 88' lang='lat' dir='ltr'><strong>secundum</strong></span> <span class='ocrx_word' id='word_1_500' title='bbox 1371 3588 1610 3644; x_wconf 89' lang='lat' dir='ltr'><strong>ordinem</strong></span> <span class='ocrx_word' id='word_1_501' title='bbox 1643 3601 1796 3641; x_wconf 89' lang='lat' dir='ltr'><strong>suum</strong></span> 
     </span>
    </p>
   </div>
   <div class='ocr_carea' id='block_1_68' title="bbox 207 3679 1798 3760">
    <p class='ocr_par' dir='ltr' id='par_1_68' title="bbox 207 3679 1798 3760">
     <span class='ocr_line' id='line_1_68' title="bbox 207 3679 1798 3760; baseline -0.009 -16"><span class='ocrx_word' id='word_1_502' title='bbox 207 3690 366 3760; x_wconf 78' lang='lat' dir='ltr'><strong>juxta</strong></span> <span class='ocrx_word' id='word_1_503' title='bbox 400 3686 707 3757; x_wconf 85' lang='lat' dir='ltr'><strong>prioritates</strong></span> <span class='ocrx_word' id='word_1_504' title='bbox 753 3685 991 3756; x_wconf 89' lang='lat' dir='ltr'><strong>ipsorum</strong></span> <span class='ocrx_word' id='word_1_505' title='bbox 1046 3698 1214 3752; x_wconf 78' lang='lat' dir='ltr'><strong>usque</strong></span> <span class='ocrx_word' id='word_1_506' title='bbox 1267 3681 1331 3733; x_wconf 91' lang='lat' dir='ltr'><strong>ad</strong></span> <span class='ocrx_word' id='word_1_507' title='bbox 1375 3679 1639 3745; x_wconf 87' lang='lat' dir='ltr'><strong>ultimmn,</strong></span> <span class='ocrx_word' id='word_1_508' title='bbox 1668 3693 1798 3746; x_wconf 85' lang='lat' dir='ltr'><strong>quo-</strong></span> 
     </span>
    </p>
   </div>
   <div class='ocr_carea' id='block_1_69' title="bbox 214 3768 1800 3852">
    <p class='ocr_par' dir='ltr' id='par_1_69' title="bbox 214 3768 1800 3852">
     <span class='ocr_line' id='line_1_69' title="bbox 214 3768 1800 3852; baseline -0.009 -14"><span class='ocrx_word' id='word_1_509' title='bbox 214 3795 385 3852; x_wconf 85' lang='lat' dir='ltr'><strong>usque</strong></span> <span class='ocrx_word' id='word_1_510' title='bbox 426 3794 612 3836; x_wconf 86' lang='lat' dir='ltr'><strong>omnes</strong></span> <span class='ocrx_word' id='word_1_511' title='bbox 665 3774 945 3832; x_wconf 82' lang='lat' dir='ltr'><strong>Orationes</strong></span> <span class='ocrx_word' id='word_1_512' title='bbox 982 3776 1088 3830; x_wconf 84' lang='lat' dir='ltr'><strong>sint</strong></span> <span class='ocrx_word' id='word_1_513' title='bbox 1117 3772 1430 3842; x_wconf 70' lang='lat' dir='ltr'><strong>completaa;</strong></span> <span class='ocrx_word' id='word_1_514' title='bbox 1477 3779 1531 3824; x_wconf 89' lang='lat' dir='ltr'><strong>et</strong></span> <span class='ocrx_word' id='word_1_515' title='bbox 1577 3771 1620 3822; x_wconf 89' lang='lat' dir='ltr'><strong>si</strong></span> <span class='ocrx_word' id='word_1_516' title='bbox 1661 3768 1800 3823; x_wconf 85' lang='lat' dir='ltr'><strong>forte</strong></span> 
     </span>
    </p>
   </div>
   <div class='ocr_carea' id='block_1_70' title="bbox 217 3863 1799 3947">
    <p class='ocr_par' dir='ltr' id='par_1_70' title="bbox 217 3863 1799 3947">
     <span class='ocr_line' id='line_1_70' title="bbox 217 3863 1799 3947; baseline -0.009 -17"><span class='ocrx_word' id='word_1_517' title='bbox 217 3879 400 3947; x_wconf 89' lang='lat' dir='ltr'><strong>plures</strong></span> <span class='ocrx_word' id='word_1_518' title='bbox 474 3874 757 3928; x_wconf 87' lang='lat' dir='ltr'><strong>Orationes</strong></span> <span class='ocrx_word' id='word_1_519' title='bbox 801 3878 925 3925; x_wconf 87' lang='lat' dir='ltr'><strong>sunt</strong></span> <span class='ocrx_word' id='word_1_520' title='bbox 976 3883 1133 3939; x_wconf 90' lang='lat' dir='ltr'><strong>quam</strong></span> <span class='ocrx_word' id='word_1_521' title='bbox 1191 3868 1403 3923; x_wconf 87' lang='lat' dir='ltr'><strong>diaconi</strong></span> <span class='ocrx_word' id='word_1_522' title='bbox 1464 3863 1799 3928; x_wconf 87' lang='lat' dir='ltr'><strong>cardinales,</strong></span> 
     </span>
    </p>
   </div>
   <div class='ocr_carea' id='block_1_71' title="bbox 217 3956 1802 4030">
    <p class='ocr_par' dir='ltr' id='par_1_71' title="bbox 217 3956 1802 4030">
     <span class='ocr_line' id='line_1_71' title="bbox 217 3956 1802 4030; baseline -0.012 -1"><span class='ocrx_word' id='word_1_523' title='bbox 217 3973 398 4030; x_wconf 89' lang='lat' dir='ltr'><strong>statim</strong></span> <span class='ocrx_word' id='word_1_524' title='bbox 429 3986 550 4025; x_wconf 91' lang='lat' dir='ltr'><strong>cum</strong></span> <span class='ocrx_word' id='word_1_525' title='bbox 581 3968 799 4024; x_wconf 89' lang='lat' dir='ltr'><strong>ultimus</strong></span> <span class='ocrx_word' id='word_1_526' title='bbox 829 3966 1086 4020; x_wconf 90' lang='lat' dir='ltr'><strong>diaconus</strong></span> <span class='ocrx_word' id='word_1_527' title='bbox 1140 3964 1191 4017; x_wconf 91' lang='lat' dir='ltr'><strong>in</strong></span> <span class='ocrx_word' id='word_1_528' title='bbox 1241 3963 1428 4017; x_wconf 87' lang='lat' dir='ltr'><strong>ordine</strong></span> <span class='ocrx_word' id='word_1_529' title='bbox 1475 3975 1573 4014; x_wconf 92' lang='lat' dir='ltr'><strong>suo</strong></span> <span class='ocrx_word' id='word_1_530' title='bbox 1602 3956 1802 4013; x_wconf 74' lang='lat' dir='ltr'><strong>dixerit</strong></span> 
     </span>
    </p>
   </div>
   <div class='ocr_carea' id='block_1_72' title="bbox 221 4049 1802 4133">
    <p class='ocr_par' dir='ltr' id='par_1_72' title="bbox 221 4049 1802 4133">
     <span class='ocr_line' id='line_1_72' title="bbox 221 4049 1802 4133; baseline -0.011 -13"><span class='ocrx_word' id='word_1_531' title='bbox 221 4067 520 4122; x_wconf 77' lang='lat' dir='ltr'><strong>Flectamus</strong></span> <span class='ocrx_word' id='word_1_532' title='bbox 549 4079 738 4133; x_wconf 83' lang='lat' dir='ltr'><strong>genua,</strong></span> <span class='ocrx_word' id='word_1_533' title='bbox 771 4061 916 4130; x_wconf 88' lang='lat' dir='ltr'><strong>prior</strong></span> <span class='ocrx_word' id='word_1_534' title='bbox 939 4059 1198 4114; x_wconf 88' lang='lat' dir='ltr'><strong>diaconus</strong></span> <span class='ocrx_word' id='word_1_535' title='bbox 1231 4054 1514 4124; x_wconf 70' lang='lat' dir='ltr'><strong>prtedictus</strong></span> <span class='ocrx_word' id='word_1_536' title='bbox 1552 4051 1679 4107; x_wconf 84' lang='lat' dir='ltr'><strong>dicit</strong></span> <span class='ocrx_word' id='word_1_537' title='bbox 1708 4049 1802 4104; x_wconf 84' lang='lat' dir='ltr'><strong>Le-</strong></span> 
     </span>
    </p>
   </div>
   <div class='ocr_carea' id='block_1_73' title="bbox 222 4143 1802 4220">
    <p class='ocr_par' dir='ltr' id='par_1_73' title="bbox 222 4143 1802 4220">
     <span class='ocr_line' id='line_1_73' title="bbox 222 4143 1802 4220; baseline -0.011 -7"><span class='ocrx_word' id='word_1_538' title='bbox 222 4168 368 4220; x_wconf 79' lang='lat' dir='ltr'><strong>oate.</strong></span> <span class='ocrx_word' id='word_1_539' title='bbox 401 4166 454 4210; x_wconf 92' lang='lat' dir='ltr'><strong>et</strong></span> <span class='ocrx_word' id='word_1_540' title='bbox 484 4154 676 4211; x_wconf 90' lang='lat' dir='ltr'><strong>deinde</strong></span> <span class='ocrx_word' id='word_1_541' title='bbox 704 4153 904 4207; x_wconf 81' lang='lat' dir='ltr'><strong>faciunt</strong></span> <span class='ocrx_word' id='word_1_542' title='bbox 931 4150 1068 4206; x_wconf 89' lang='lat' dir='ltr'><strong>sicut</strong></span> <span class='ocrx_word' id='word_1_543' title='bbox 1109 4148 1256 4219; x_wconf 89' lang='lat' dir='ltr'><strong>prius</strong></span> <span class='ocrx_word' id='word_1_544' title='bbox 1307 4160 1476 4215; x_wconf 89' lang='lat' dir='ltr'><strong>usque</strong></span> <span class='ocrx_word' id='word_1_545' title='bbox 1520 4145 1587 4199; x_wconf 89' lang='lat' dir='ltr'><strong>ad</strong></span> <span class='ocrx_word' id='word_1_546' title='bbox 1641 4143 1802 4198; x_wconf 86' lang='lat' dir='ltr'><strong>linem</strong></span> 
     </span>
    </p>
   </div>
   <div class='ocr_carea' id='block_1_74' title="bbox 223 4247 818 4320">
    <p class='ocr_par' dir='ltr' id='par_1_74' title="bbox 223 4247 818 4320">
     <span class='ocr_line' id='line_1_74' title="bbox 223 4247 818 4320; baseline -0.01 -16"><span class='ocrx_word' id='word_1_547' title='bbox 223 4253 456 4320; x_wconf 87' lang='lat' dir='ltr'><strong>ipsarum</strong></span> <span class='ocrx_word' id='word_1_548' title='bbox 487 4247 818 4302; x_wconf 85' lang='lat' dir='ltr'><strong>Otationum.</strong></span> 
     </span>
    </p>
   </div>
   <div class='ocr_carea' id='block_1_75' title="bbox 293 4325 1806 4404">
    <p class='ocr_par' dir='ltr' id='par_1_75' title="bbox 293 4325 1806 4404">
     <span class='ocr_line' id='line_1_75' title="bbox 293 4325 1806 4404; baseline -0.013 -9"><span class='ocrx_word' id='word_1_549' title='bbox 293 4340 594 4395; x_wconf 74' lang='lat' dir='ltr'><strong>Notandum</strong></span> <span class='ocrx_word' id='word_1_550' title='bbox 630 4349 804 4391; x_wconf 89' lang='lat' dir='ltr'><strong>tamen</strong></span> <span class='ocrx_word' id='word_1_551' title='bbox 844 4333 983 4404; x_wconf 89' lang='lat' dir='ltr'><strong>quod</strong></span> <span class='ocrx_word' id='word_1_552' title='bbox 1038 4333 1088 4386; x_wconf 92' lang='lat' dir='ltr'><strong>in</strong></span> <span class='ocrx_word' id='word_1_553' title='bbox 1134 4330 1389 4386; x_wconf 86' lang='lat' dir='ltr'><strong>Oratione</strong></span> <span class='ocrx_word' id='word_1_554' title='bbox 1443 4343 1562 4397; x_wconf 74' lang='lat' dir='ltr'><strong>qua:</strong></span> <span class='ocrx_word' id='word_1_555' title='bbox 1612 4325 1806 4380; x_wconf 70' lang='lat' dir='ltr'><strong>dicitur</strong></span> 
     </span>
    </p>
   </div>
   <div class='ocr_carea' id='block_1_76' title="bbox 225 4418 1805 4503">
    <p class='ocr_par' dir='ltr' id='par_1_76' title="bbox 225 4418 1805 4503">
     <span class='ocr_line' id='line_1_76' title="bbox 225 4418 1805 4503; baseline -0.012 -14"><span class='ocrx_word' id='word_1_556' title='bbox 225 4450 318 4503; x_wconf 87' lang='lat' dir='ltr'><strong>pro</strong></span> <span class='ocrx_word' id='word_1_557' title='bbox 345 4433 548 4489; x_wconf 62' lang='lat' dir='ltr'><strong>Judris</strong></span> <span class='ocrx_word' id='word_1_558' title='bbox 571 4475 584 4497; x_wconf 93' lang='lat'><strong>,</strong></span> <span class='ocrx_word' id='word_1_559' title='bbox 618 4445 720 4484; x_wconf 91' lang='lat' dir='ltr'><strong>non</strong></span> <span class='ocrx_word' id='word_1_560' title='bbox 755 4428 948 4482; x_wconf 88' lang='lat' dir='ltr'><strong>dicitur</strong></span> <span class='ocrx_word' id='word_1_561' title='bbox 1003 4423 1292 4480; x_wconf 80' lang='lat' dir='ltr'><strong>Flectamus</strong></span> <span class='ocrx_word' id='word_1_562' title='bbox 1322 4438 1512 4492; x_wconf 85' lang='lat' dir='ltr'><strong>genua,</strong></span> <span class='ocrx_word' id='word_1_563' title='bbox 1554 4419 1673 4489; x_wconf 86' lang='lat' dir='ltr'><strong>quia</strong></span> <span class='ocrx_word' id='word_1_564' title='bbox 1708 4418 1805 4486; x_wconf 81' lang='lat' dir='ltr'><strong>ipsi</strong></span> 
     </span>
    </p>
   </div>
   <div class='ocr_carea' id='block_1_77' title="bbox 225 4514 1799 4585">
    <p class='ocr_par' dir='ltr' id='par_1_77' title="bbox 225 4514 1799 4585">
     <span class='ocr_line' id='line_1_77' title="bbox 225 4514 1799 4585; baseline -0.011 -4"><span class='ocrx_word' id='word_1_565' title='bbox 225 4527 394 4581; x_wconf 65' lang='lat' dir='ltr'><strong>Judaei</strong></span> <span class='ocrx_word' id='word_1_566' title='bbox 429 4525 527 4578; x_wconf 80' lang='lat' dir='ltr'><strong>hac</strong></span> <span class='ocrx_word' id='word_1_567' title='bbox 558 4523 644 4577; x_wconf 85' lang='lat' dir='ltr'><strong>die</strong></span> <span class='ocrx_word' id='word_1_568' title='bbox 693 4521 916 4574; x_wconf 83' lang='lat' dir='ltr'><strong>Domino</strong></span> <span class='ocrx_word' id='word_1_569' title='bbox 948 4517 1238 4572; x_wconf 86' lang='lat' dir='ltr'><strong>irridentes</strong></span> <span class='ocrx_word' id='word_1_570' title='bbox 1284 4530 1452 4585; x_wconf 88' lang='lat' dir='ltr'><strong>genua</strong></span> <span class='ocrx_word' id='word_1_571' title='bbox 1497 4514 1799 4568; x_wconf 89' lang='lat' dir='ltr'><strong>ﬂectebant.</strong></span> 
     </span>
    </p>
   </div>
   <div class='ocr_carea' id='block_1_78' title="bbox 1905 3323 3487 3396">
    <p class='ocr_par' dir='ltr' id='par_1_78' title="bbox 1905 3323 3487 3396">
     <span class='ocr_line' id='line_1_78' title="bbox 1905 3323 3487 3396; baseline 0.003 -16"><span class='ocrx_word' id='word_1_572' title='bbox 1905 3325 2045 3380; x_wconf 90' lang='lat' dir='ltr'><strong>tibus</strong></span> <span class='ocrx_word' id='word_1_573' title='bbox 2076 3339 2194 3379; x_wconf 90' lang='lat' dir='ltr'><strong>eum</strong></span> <span class='ocrx_word' id='word_1_574' title='bbox 2219 3323 2486 3390; x_wconf 77' lang='lat' dir='ltr'><strong>praedictis</strong></span> <span class='ocrx_word' id='word_1_575' title='bbox 2516 3326 2721 3380; x_wconf 89' lang='lat' dir='ltr'><strong>duobus</strong></span> <span class='ocrx_word' id='word_1_576' title='bbox 2745 3326 3142 3396; x_wconf 88' lang='lat' dir='ltr'><strong>antiquioribus</strong></span> <span class='ocrx_word' id='word_1_577' title='bbox 3174 3328 3487 3384; x_wconf 80' lang='lat' dir='ltr'><strong>diacOnibus</strong></span> 
     </span>
    </p>
   </div>
   <div class='ocr_carea' id='block_1_79' title="bbox 1901 3413 3486 3480">
    <p class='ocr_par' dir='ltr' id='par_1_79' title="bbox 1901 3413 3486 3480">
     <span class='ocr_line' id='line_1_79' title="bbox 1901 3413 3486 3480; baseline 0.001 -12"><span class='ocrx_word' id='word_1_578' title='bbox 1901 3413 2284 3479; x_wconf 88' lang='lat' dir='ltr'><strong>cardinalibns,</strong></span> <span class='ocrx_word' id='word_1_579' title='bbox 2320 3428 2426 3467; x_wconf 94' lang='lat' dir='ltr'><strong>uno</strong></span> <span class='ocrx_word' id='word_1_580' title='bbox 2467 3429 2498 3468; x_wconf 93' lang='lat' dir='ltr'><strong>a</strong></span> <span class='ocrx_word' id='word_1_581' title='bbox 2549 3414 2776 3480; x_wconf 79' lang='lat' dir='ltr'><strong>dextris,</strong></span> <span class='ocrx_word' id='word_1_582' title='bbox 2807 3424 2862 3468; x_wconf 89' lang='lat' dir='ltr'><strong>et</strong></span> <span class='ocrx_word' id='word_1_583' title='bbox 2907 3415 3010 3469; x_wconf 92' lang='lat' dir='ltr'><strong>alio</strong></span> <span class='ocrx_word' id='word_1_584' title='bbox 3042 3429 3070 3468; x_wconf 90' lang='lat' dir='ltr'><strong>a</strong></span> <span class='ocrx_word' id='word_1_585' title='bbox 3119 3415 3385 3480; x_wconf 70' lang='lat' dir='ltr'><strong>sinistris;</strong></span> <span class='ocrx_word' id='word_1_586' title='bbox 3433 3427 3486 3470; x_wconf 90' lang='lat' dir='ltr'><strong>et</strong></span> 
     </span>
    </p>
   </div>
   <div class='ocr_carea' id='block_1_80' title="bbox 1901 3503 3486 3574">
    <p class='ocr_par' dir='ltr' id='par_1_80' title="bbox 1901 3503 3486 3574">
     <span class='ocr_line' id='line_1_80' title="bbox 1901 3503 3486 3574; baseline -0.002 -13"><span class='ocrx_word' id='word_1_587' title='bbox 1901 3520 2053 3560; x_wconf 87' lang='lat' dir='ltr'><strong>versa</strong></span> <span class='ocrx_word' id='word_1_588' title='bbox 2085 3503 2218 3558; x_wconf 89' lang='lat' dir='ltr'><strong>facie</strong></span> <span class='ocrx_word' id='word_1_589' title='bbox 2247 3505 2309 3558; x_wconf 91' lang='lat' dir='ltr'><strong>ad</strong></span> <span class='ocrx_word' id='word_1_590' title='bbox 2340 3505 2506 3559; x_wconf 91' lang='lat' dir='ltr'><strong>altare</strong></span> <span class='ocrx_word' id='word_1_591' title='bbox 2550 3505 2618 3558; x_wconf 88' lang='lat' dir='ltr'><strong>ibi</strong></span> <span class='ocrx_word' id='word_1_592' title='bbox 2656 3504 2983 3574; x_wconf 87' lang='lat' dir='ltr'><strong>genuﬂectit,</strong></span> <span class='ocrx_word' id='word_1_593' title='bbox 3040 3505 3343 3560; x_wconf 87' lang='lat' dir='ltr'><strong>inclinando</strong></span> <span class='ocrx_word' id='word_1_594' title='bbox 3397 3521 3486 3560; x_wconf 89' lang='lat' dir='ltr'><strong>ca-</strong></span> 
     </span>
    </p>
   </div>
   <div class='ocr_carea' id='block_1_81' title="bbox 1904 3591 3486 3662">
    <p class='ocr_par' dir='ltr' id='par_1_81' title="bbox 1904 3591 3486 3662">
     <span class='ocr_line' id='line_1_81' title="bbox 1904 3591 3486 3662; baseline 0.001 -16"><span class='ocrx_word' id='word_1_595' title='bbox 1904 3602 2000 3662; x_wconf 91' lang='lat' dir='ltr'><strong>put</strong></span> <span class='ocrx_word' id='word_1_596' title='bbox 2029 3593 2093 3646; x_wconf 91' lang='lat' dir='ltr'><strong>ad</strong></span> <span class='ocrx_word' id='word_1_597' title='bbox 2125 3603 2318 3646; x_wconf 78' lang='lat' dir='ltr'><strong>terram</strong></span> <span class='ocrx_word' id='word_1_598' title='bbox 2345 3591 2546 3662; x_wconf 87' lang='lat' dir='ltr'><strong>junctis</strong></span> <span class='ocrx_word' id='word_1_599' title='bbox 2600 3595 2875 3659; x_wconf 78' lang='lat' dir='ltr'><strong>inanibus;</strong></span> <span class='ocrx_word' id='word_1_600' title='bbox 2909 3604 2959 3649; x_wconf 93' lang='lat' dir='ltr'><strong>et</strong></span> <span class='ocrx_word' id='word_1_601' title='bbox 3012 3595 3111 3648; x_wconf 89' lang='lat' dir='ltr'><strong>hoc</strong></span> <span class='ocrx_word' id='word_1_602' title='bbox 3165 3593 3286 3648; x_wconf 83' lang='lat' dir='ltr'><strong>facit</strong></span> <span class='ocrx_word' id='word_1_603' title='bbox 3317 3595 3486 3649; x_wconf 85' lang='lat' dir='ltr'><strong>tribus</strong></span> 
     </span>
    </p>
   </div>
   <div class='ocr_carea' id='block_1_82' title="bbox 1905 3681 3484 3754">
    <p class='ocr_par' dir='ltr' id='par_1_82' title="bbox 1905 3681 3484 3754">
     <span class='ocr_line' id='line_1_82' title="bbox 1905 3681 3484 3754; baseline 0.002 -19"><span class='ocrx_word' id='word_1_604' title='bbox 1905 3683 2134 3746; x_wconf 84' lang='lat' dir='ltr'><strong>vicibus,</strong></span> <span class='ocrx_word' id='word_1_605' title='bbox 2161 3681 2321 3752; x_wconf 65' lang='lat'><strong>493</strong></span> <span class='ocrx_word' id='word_1_606' title='bbox 2353 3694 2636 3753; x_wconf 85' lang='lat' dir='ltr'><strong>antequam</strong></span> <span class='ocrx_word' id='word_1_607' title='bbox 2670 3684 2955 3754; x_wconf 62' lang='lat' dir='ltr'><strong>perveniat</strong></span> <span class='ocrx_word' id='word_1_608' title='bbox 2983 3684 3049 3738; x_wconf 90' lang='lat' dir='ltr'><strong>ad</strong></span> <span class='ocrx_word' id='word_1_609' title='bbox 3095 3699 3331 3749; x_wconf 87' lang='lat' dir='ltr'><strong>crucem,</strong></span> <span class='ocrx_word' id='word_1_610' title='bbox 3363 3700 3484 3738; x_wconf 88' lang='lat' dir='ltr'><strong>sur-</strong></span> 
     </span>
    </p>
   </div>
   <div class='ocr_carea' id='block_1_83' title="bbox 1903 3773 3482 3846">
    <p class='ocr_par' dir='ltr' id='par_1_83' title="bbox 1903 3773 3482 3846">
     <span class='ocr_line' id='line_1_83' title="bbox 1903 3773 3482 3846; baseline 0.002 -20"><span class='ocrx_word' id='word_1_611' title='bbox 1903 3774 2078 3842; x_wconf 89' lang='lat' dir='ltr'><strong>gendo</strong></span> <span class='ocrx_word' id='word_1_612' title='bbox 2121 3781 2178 3826; x_wconf 92' lang='lat' dir='ltr'><strong>et</strong></span> <span class='ocrx_word' id='word_1_613' title='bbox 2233 3775 2622 3844; x_wconf 88' lang='lat' dir='ltr'><strong>progrediendo</strong></span> <span class='ocrx_word' id='word_1_614' title='bbox 2672 3774 2943 3846; x_wconf 87' lang='lat' dir='ltr'><strong>paulisper</strong></span> <span class='ocrx_word' id='word_1_615' title='bbox 2992 3788 3158 3842; x_wconf 87' lang='lat' dir='ltr'><strong>usque</strong></span> <span class='ocrx_word' id='word_1_616' title='bbox 3197 3773 3264 3828; x_wconf 87' lang='lat' dir='ltr'><strong>ad</strong></span> <span class='ocrx_word' id='word_1_617' title='bbox 3312 3777 3482 3829; x_wconf 88' lang='lat' dir='ltr'><strong>locum</strong></span> 
     </span>
    </p>
   </div>
   <div class='ocr_carea' id='block_1_84' title="bbox 1903 3864 3490 3933">
    <p class='ocr_par' dir='ltr' id='par_1_84' title="bbox 1903 3864 3490 3933">
     <span class='ocr_line' id='line_1_84' title="bbox 1903 3864 3490 3933; baseline -0.001 -16"><span class='ocrx_word' id='word_1_618' title='bbox 1903 3864 1992 3917; x_wconf 91' lang='lat' dir='ltr'><strong>ubi</strong></span> <span class='ocrx_word' id='word_1_619' title='bbox 2024 3877 2233 3918; x_wconf 88' lang='lat' dir='ltr'><strong>crucem</strong></span> <span class='ocrx_word' id='word_1_620' title='bbox 2268 3872 2639 3933; x_wconf 68' lang='lat' dir='ltr'><strong>posuerat;»et</strong></span> <span class='ocrx_word' id='word_1_621' title='bbox 2696 3875 2995 3931; x_wconf 82' lang='lat' dir='ltr'><strong>prostratus</strong></span> <span class='ocrx_word' id='word_1_622' title='bbox 3025 3865 3099 3919; x_wconf 89' lang='lat' dir='ltr'><strong>ibi</strong></span> <span class='ocrx_word' id='word_1_623' title='bbox 3149 3865 3215 3920; x_wconf 87' lang='lat' dir='ltr'><strong>ad</strong></span> <span class='ocrx_word' id='word_1_624' title='bbox 3269 3876 3490 3933; x_wconf 85' lang='lat' dir='ltr'><strong>terram,</strong></span> 
     </span>
    </p>
   </div>
   <div class='ocr_carea' id='block_1_85' title="bbox 1905 3954 3490 4030">
    <p class='ocr_par' dir='ltr' id='par_1_85' title="bbox 1905 3954 3490 4030">
     <span class='ocr_line' id='line_1_85' title="bbox 1905 3954 3490 4030; baseline 0.001 -21"><span class='ocrx_word' id='word_1_625' title='bbox 1905 3954 2071 4023; x_wconf 71' lang='lat' dir='ltr'><strong>ipsam</strong></span> <span class='ocrx_word' id='word_1_626' title='bbox 2101 3969 2313 4009; x_wconf 87' lang='lat' dir='ltr'><strong>crucem</strong></span> <span class='ocrx_word' id='word_1_627' title='bbox 2337 3955 2523 4009; x_wconf 84' lang='lat' dir='ltr'><strong>adorat</strong></span> <span class='ocrx_word' id='word_1_628' title='bbox 2547 3971 2662 4009; x_wconf 88' lang='lat' dir='ltr'><strong>eam</strong></span> <span class='ocrx_word' id='word_1_629' title='bbox 2683 3957 3044 4010; x_wconf 86' lang='lat' dir='ltr'><strong>deosculando</strong></span> <span class='ocrx_word' id='word_1_630' title='bbox 3061 3979 3076 4023; x_wconf 88' lang='lat'><strong>;</strong></span> <span class='ocrx_word' id='word_1_631' title='bbox 3095 3967 3145 4012; x_wconf 90' lang='lat' dir='ltr'><strong>et</strong></span> <span class='ocrx_word' id='word_1_632' title='bbox 3171 3969 3355 4030; x_wconf 70' lang='lat' dir='ltr'><strong>postea</strong></span> <span class='ocrx_word' id='word_1_633' title='bbox 3372 3973 3490 4013; x_wconf 88' lang='lat' dir='ltr'><strong>sur-</strong></span> 
     </span>
    </p>
   </div>
   <div class='ocr_carea' id='block_1_86' title="bbox 1903 4046 3491 4118">
    <p class='ocr_par' dir='ltr' id='par_1_86' title="bbox 1903 4046 3491 4118">
     <span class='ocr_line' id='line_1_86' title="bbox 1903 4046 3491 4118; baseline 0.001 -17"><span class='ocrx_word' id='word_1_634' title='bbox 1903 4063 2036 4118; x_wconf 83' lang='lat' dir='ltr'><strong>gens</strong></span> <span class='ocrx_word' id='word_1_635' title='bbox 2068 4046 2358 4102; x_wconf 87' lang='lat' dir='ltr'><strong>revertitur</strong></span> <span class='ocrx_word' id='word_1_636' title='bbox 2409 4049 2474 4100; x_wconf 92' lang='lat' dir='ltr'><strong>ad</strong></span> <span class='ocrx_word' id='word_1_637' title='bbox 2521 4046 2834 4101; x_wconf 79' lang='lat' dir='ltr'><strong>cathedram</strong></span> <span class='ocrx_word' id='word_1_638' title='bbox 2882 4050 3270 4115; x_wconf 77' lang='lat' dir='ltr'><strong>supradictam;</strong></span> <span class='ocrx_word' id='word_1_639' title='bbox 3322 4060 3374 4103; x_wconf 89' lang='lat' dir='ltr'><strong>et</strong></span> <span class='ocrx_word' id='word_1_640' title='bbox 3422 4049 3491 4102; x_wconf 91' lang='lat' dir='ltr'><strong>ibi</strong></span> 
     </span>
    </p>
   </div>
   <div class='ocr_carea' id='block_1_87' title="bbox 1904 4137 3490 4207">
    <p class='ocr_par' dir='ltr' id='par_1_87' title="bbox 1904 4137 3490 4207">
     <span class='ocr_line' id='line_1_87' title="bbox 1904 4137 3490 4207; baseline 0 -13"><span class='ocrx_word' id='word_1_641' title='bbox 1904 4140 2098 4194; x_wconf 87' lang='lat' dir='ltr'><strong>sedens</strong></span> <span class='ocrx_word' id='word_1_642' title='bbox 2124 4139 2398 4193; x_wconf 79' lang='lat' dir='ltr'><strong>calcentur</strong></span> <span class='ocrx_word' id='word_1_643' title='bbox 2425 4154 2452 4192; x_wconf 92' lang='lat' dir='ltr'><strong>a</strong></span> <span class='ocrx_word' id='word_1_644' title='bbox 2487 4137 2757 4207; x_wconf 85' lang='lat' dir='ltr'><strong>praedictis</strong></span> <span class='ocrx_word' id='word_1_645' title='bbox 2787 4139 3149 4206; x_wconf 74' lang='lat' dir='ltr'><strong>cubiculariis,</strong></span> <span class='ocrx_word' id='word_1_646' title='bbox 3175 4155 3276 4193; x_wconf 92' lang='lat' dir='ltr'><strong>non</strong></span> <span class='ocrx_word' id='word_1_647' title='bbox 3313 4149 3490 4194; x_wconf 86' lang='lat' dir='ltr'><strong>tamen</strong></span> 
     </span>
    </p>
   </div>
   <div class='ocr_carea' id='block_1_88' title="bbox 1905 4226 3135 4297">
    <p class='ocr_par' dir='ltr' id='par_1_88' title="bbox 1905 4226 3135 4297">
     <span class='ocr_line' id='line_1_88' title="bbox 1905 4226 3135 4297; baseline -0.003 -15"><span class='ocrx_word' id='word_1_648' title='bbox 1905 4227 2236 4291; x_wconf 86' lang='lat' dir='ltr'><strong>sandalibus,</strong></span> <span class='ocrx_word' id='word_1_649' title='bbox 2270 4227 2361 4281; x_wconf 89' lang='lat' dir='ltr'><strong>sed</strong></span> <span class='ocrx_word' id='word_1_650' title='bbox 2382 4226 2708 4297; x_wconf 90' lang='lat' dir='ltr'><strong>quotidianis</strong></span> <span class='ocrx_word' id='word_1_651' title='bbox 2731 4227 3135 4281; x_wconf 91' lang='lat' dir='ltr'><strong>calceamentis.</strong></span> 
     </span>
    </p>
   </div>
   <div class='ocr_carea' id='block_1_89' title="bbox 1977 4317 3492 4389">
    <p class='ocr_par' dir='ltr' id='par_1_89' title="bbox 1977 4317 3492 4389">
     <span class='ocr_line' id='line_1_89' title="bbox 1977 4317 3492 4389; baseline 0.001 -16"><span class='ocrx_word' id='word_1_652' title='bbox 1977 4319 2111 4373; x_wconf 87' lang='lat' dir='ltr'><strong>Nota</strong></span> <span class='ocrx_word' id='word_1_653' title='bbox 2134 4319 2273 4389; x_wconf 90' lang='lat' dir='ltr'><strong>quod</strong></span> <span class='ocrx_word' id='word_1_654' title='bbox 2295 4319 2541 4374; x_wconf 91' lang='lat' dir='ltr'><strong>dominus</strong></span> <span class='ocrx_word' id='word_1_655' title='bbox 2563 4317 2848 4387; x_wconf 85' lang='lat' dir='ltr'><strong>Gregorius</strong></span> <span class='ocrx_word' id='word_1_656' title='bbox 2877 4318 2966 4385; x_wconf 88' lang='lat' dir='ltr'><strong>XI,</strong></span> <span class='ocrx_word' id='word_1_657' title='bbox 2992 4333 3089 4373; x_wconf 91' lang='lat' dir='ltr'><strong>nec</strong></span> <span class='ocrx_word' id='word_1_658' title='bbox 3113 4334 3218 4373; x_wconf 89' lang='lat' dir='ltr'><strong>non</strong></span> <span class='ocrx_word' id='word_1_659' title='bbox 3243 4318 3492 4374; x_wconf 64' lang='lat' dir='ltr'><strong>dominus</strong></span> 
     </span>
    </p>
   </div>
   <div class='ocr_carea' id='block_1_90' title="bbox 1910 4412 3494 4483">
    <p class='ocr_par' dir='ltr' id='par_1_90' title="bbox 1910 4412 3494 4483">
     <span class='ocr_line' id='line_1_90' title="bbox 1910 4412 3494 4483; baseline -0.003 -13"><span class='ocrx_word' id='word_1_660' title='bbox 1910 4415 2156 4470; x_wconf 88' lang='lat' dir='ltr'><strong>Urbanus</strong></span> <span class='ocrx_word' id='word_1_661' title='bbox 2189 4414 2255 4468; x_wconf 78' lang='lat' dir='ltr'><strong>Vl</strong></span> <span class='ocrx_word' id='word_1_662' title='bbox 2289 4412 2512 4468; x_wconf 78' lang='lat' dir='ltr'><strong>Romani</strong></span> <span class='ocrx_word' id='word_1_663' title='bbox 2561 4413 2838 4482; x_wconf 76' lang='lat' dir='ltr'><strong>pontifices</strong></span> <span class='ocrx_word' id='word_1_664' title='bbox 2893 4427 3160 4483; x_wconf 87' lang='lat' dir='ltr'><strong>nunquam</strong></span> <span class='ocrx_word' id='word_1_665' title='bbox 3209 4412 3494 4466; x_wconf 87' lang='lat' dir='ltr'><strong>voluerunt</strong></span> 
     </span>
    </p>
   </div>
   <div class='ocr_carea' id='block_1_91' title="bbox 1911 4503 3487 4574">
    <p class='ocr_par' dir='ltr' id='par_1_91' title="bbox 1911 4503 3487 4574">
     <span class='ocr_line' id='line_1_91' title="bbox 1911 4503 3487 4574; baseline -0.001 -15"><span class='ocrx_word' id='word_1_666' title='bbox 1911 4520 1970 4560; x_wconf 90' lang='lat' dir='ltr'><strong>se</strong></span> <span class='ocrx_word' id='word_1_667' title='bbox 2012 4505 2342 4561; x_wconf 88' lang='lat' dir='ltr'><strong>discalceare</strong></span> <span class='ocrx_word' id='word_1_668' title='bbox 2392 4505 2444 4559; x_wconf 91' lang='lat' dir='ltr'><strong>in</strong></span> <span class='ocrx_word' id='word_1_669' title='bbox 2489 4503 2741 4558; x_wconf 80' lang='lat' dir='ltr'><strong>cathedra</strong></span> <span class='ocrx_word' id='word_1_670' title='bbox 2787 4503 3038 4574; x_wconf 72' lang='lat' dir='ltr'><strong>prmdicta</strong></span> <span class='ocrx_word' id='word_1_671' title='bbox 3083 4519 3246 4572; x_wconf 91' lang='lat' dir='ltr'><strong>prope</strong></span> <span class='ocrx_word' id='word_1_672' title='bbox 3300 4504 3487 4568; x_wconf 88' lang='lat' dir='ltr'><strong>altare,</strong></span> 
     </span>
    </p>
   </div>
   <div class='ocr_carea' id='block_1_92' title="bbox 229 4579 3490 4684">
    <p class='ocr_par' dir='ltr' id='par_1_92' title="bbox 229 4579 3490 4684">
     <span class='ocr_line' id='line_1_92' title="bbox 229 4579 3490 4684; baseline -0.007 -13"><span class='ocrx_word' id='word_1_673' title='bbox 229 4618 432 4672; x_wconf 79' lang='lat' dir='ltr'><strong>Etideo</strong></span> <span class='ocrx_word' id='word_1_674' title='bbox 464 4629 560 4684; x_wconf 90' lang='lat' dir='ltr'><strong>pro</strong></span> <span class='ocrx_word' id='word_1_675' title='bbox 591 4613 726 4682; x_wconf 85' lang='lat' dir='ltr'><strong>ipsis</strong></span> <span class='ocrx_word' id='word_1_676' title='bbox 769 4627 875 4666; x_wconf 90' lang='lat' dir='ltr'><strong>non</strong></span> <span class='ocrx_word' id='word_1_677' title='bbox 906 4609 1072 4664; x_wconf 89' lang='lat' dir='ltr'><strong>ﬂectit</strong></span> <span class='ocrx_word' id='word_1_678' title='bbox 1118 4579 1348 4661; x_wconf 72' lang='lat' dir='ltr'><strong>Ecclesia</strong></span> <span class='ocrx_word' id='word_1_679' title='bbox 1390 4620 1559 4675; x_wconf 79' lang='lat' dir='ltr'><strong>genua</strong></span> <span class='ocrx_word' id='word_1_680' title='bbox 1596 4605 1649 4658; x_wconf 91' lang='lat' dir='ltr'><strong>in</strong></span> <span class='ocrx_word' id='word_1_681' title='bbox 1674 4604 1804 4656; x_wconf 80' lang='lat' dir='ltr'><strong>Ora-</strong></span> <span class='ocrx_word' id='word_1_682' title='bbox 1837 4579 1886 4639; x_wconf 78' lang='lat' dir='ltr'><strong>D</strong></span> <span class='ocrx_word' id='word_1_683' title='bbox 1912 4597 2074 4652; x_wconf 85' lang='lat' dir='ltr'><strong>credo</strong></span> <span class='ocrx_word' id='word_1_684' title='bbox 2114 4606 2331 4666; x_wconf 88' lang='lat' dir='ltr'><strong>propter</strong></span> <span class='ocrx_word' id='word_1_685' title='bbox 2380 4596 2734 4650; x_wconf 76' lang='lat' dir='ltr'><strong>reverentiam</strong></span> <span class='ocrx_word' id='word_1_686' title='bbox 2785 4596 2990 4660; x_wconf 64' lang='lat' dir='ltr'><strong>altaris,</strong></span> <span class='ocrx_word' id='word_1_687' title='bbox 3025 4596 3144 4662; x_wconf 91' lang='lat' dir='ltr'><strong>quia</strong></span> <span class='ocrx_word' id='word_1_688' title='bbox 3189 4596 3346 4648; x_wconf 91' lang='lat' dir='ltr'><strong>ambo</strong></span> <span class='ocrx_word' id='word_1_689' title='bbox 3398 4596 3490 4650; x_wconf 89' lang='lat' dir='ltr'><strong>de-</strong></span> 
     </span>
    </p>
   </div>
   <div class='ocr_carea' id='block_1_93' title="bbox 230 4694 1804 4776">
    <p class='ocr_par' dir='ltr' id='par_1_93' title="bbox 230 4694 1804 4776">
     <span class='ocr_line' id='line_1_93' title="bbox 230 4694 1804 4776; baseline -0.011 -12"><span class='ocrx_word' id='word_1_690' title='bbox 230 4709 375 4764; x_wconf 86' lang='lat' dir='ltr'><strong>tione</strong></span> <span class='ocrx_word' id='word_1_691' title='bbox 404 4722 524 4776; x_wconf 72' lang='lat' dir='ltr'><strong>qua:</strong></span> <span class='ocrx_word' id='word_1_692' title='bbox 548 4720 643 4775; x_wconf 91' lang='lat' dir='ltr'><strong>pro</strong></span> <span class='ocrx_word' id='word_1_693' title='bbox 670 4705 747 4759; x_wconf 88' lang='lat' dir='ltr'><strong>eis</strong></span> <span class='ocrx_word' id='word_1_694' title='bbox 780 4702 990 4758; x_wconf 85' lang='lat' dir='ltr'><strong>dicitur.</strong></span> <span class='ocrx_word' id='word_1_695' title='bbox 1023 4699 1223 4767; x_wconf 85' lang='lat' dir='ltr'><strong>Qubus</strong></span> <span class='ocrx_word' id='word_1_696' title='bbox 1254 4697 1595 4752; x_wconf 76' lang='lat' dir='ltr'><strong>Orationibus</strong></span> <span class='ocrx_word' id='word_1_697' title='bbox 1624 4694 1804 4760; x_wconf 75' lang='lat' dir='ltr'><strong>finitis,</strong></span> 
     </span>
    </p>
   </div>
   <div class='ocr_carea' id='block_1_94' title="bbox 231 4788 1810 4870">
    <p class='ocr_par' dir='ltr' id='par_1_94' title="bbox 231 4788 1810 4870">
     <span class='ocr_line' id='line_1_94' title="bbox 231 4788 1810 4870; baseline -0.008 -20"><span class='ocrx_word' id='word_1_698' title='bbox 231 4814 361 4870; x_wconf 83' lang='lat' dir='ltr'><strong>papa</strong></span> <span class='ocrx_word' id='word_1_699' title='bbox 407 4798 611 4853; x_wconf 88' lang='lat' dir='ltr'><strong>ibidem</strong></span> <span class='ocrx_word' id='word_1_700' title='bbox 640 4793 829 4848; x_wconf 87' lang='lat' dir='ltr'><strong>stando</strong></span> <span class='ocrx_word' id='word_1_701' title='bbox 862 4793 912 4847; x_wconf 90' lang='lat' dir='ltr'><strong>in</strong></span> <span class='ocrx_word' id='word_1_702' title='bbox 943 4792 1095 4844; x_wconf 85' lang='lat' dir='ltr'><strong>altari</strong></span> <span class='ocrx_word' id='word_1_703' title='bbox 1132 4789 1348 4855; x_wconf 85' lang='lat' dir='ltr'><strong>deponit</strong></span> <span class='ocrx_word' id='word_1_704' title='bbox 1382 4788 1662 4855; x_wconf 75' lang='lat' dir='ltr'><strong>sninellos,</strong></span> <span class='ocrx_word' id='word_1_705' title='bbox 1698 4790 1810 4853; x_wconf 86' lang='lat' dir='ltr'><strong>pal-</strong></span> 
     </span>
    </p>
   </div>
   <div class='ocr_carea' id='block_1_95' title="bbox 234 4879 1809 4958">
    <p class='ocr_par' dir='ltr' id='par_1_95' title="bbox 234 4879 1809 4958">
     <span class='ocr_line' id='line_1_95' title="bbox 234 4879 1809 4958; baseline -0.005 -17"><span class='ocrx_word' id='word_1_706' title='bbox 234 4889 384 4955; x_wconf 81' lang='lat' dir='ltr'><strong>lium,</strong></span> <span class='ocrx_word' id='word_1_707' title='bbox 445 4889 708 4958; x_wconf 89' lang='lat' dir='ltr'><strong>planetam</strong></span> <span class='ocrx_word' id='word_1_708' title='bbox 731 4897 785 4938; x_wconf 82' lang='lat' dir='ltr'><strong>ct</strong></span> <span class='ocrx_word' id='word_1_709' title='bbox 813 4885 1044 4947; x_wconf 77' lang='lat' dir='ltr'><strong>mitram,</strong></span> <span class='ocrx_word' id='word_1_710' title='bbox 1071 4892 1123 4934; x_wconf 83' lang='lat' dir='ltr'><strong>et</strong></span> <span class='ocrx_word' id='word_1_711' title='bbox 1156 4881 1296 4933; x_wconf 81' lang='lat' dir='ltr'><strong>vadit</strong></span> <span class='ocrx_word' id='word_1_712' title='bbox 1325 4880 1389 4932; x_wconf 89' lang='lat' dir='ltr'><strong>ad</strong></span> <span class='ocrx_word' id='word_1_713' title='bbox 1434 4894 1596 4934; x_wconf 90' lang='lat' dir='ltr'><strong>cornu</strong></span> <span class='ocrx_word' id='word_1_714' title='bbox 1627 4879 1809 4933; x_wconf 84' lang='lat' dir='ltr'><strong>altaris</strong></span> 
     </span>
    </p>
   </div>
   <div class='ocr_carea' id='block_1_96' title="bbox 236 4970 1812 5044">
    <p class='ocr_par' dir='ltr' id='par_1_96' title="bbox 236 4970 1812 5044">
     <span class='ocr_line' id='line_1_96' title="bbox 236 4970 1812 5044; baseline -0.008 -10"><span class='ocrx_word' id='word_1_715' title='bbox 236 4981 475 5035; x_wconf 81' lang='lat' dir='ltr'><strong>dextrum</strong></span> <span class='ocrx_word' id='word_1_716' title='bbox 528 4994 558 5033; x_wconf 87' lang='lat' dir='ltr'><strong>a</strong></span> <span class='ocrx_word' id='word_1_717' title='bbox 605 4986 754 5044; x_wconf 91' lang='lat' dir='ltr'><strong>parte</strong></span> <span class='ocrx_word' id='word_1_718' title='bbox 786 4988 962 5039; x_wconf 83' lang='lat' dir='ltr'><strong>retin;</strong></span> <span class='ocrx_word' id='word_1_719' title='bbox 1016 4986 1069 5026; x_wconf 79' lang='lat' dir='ltr'><strong>ct</strong></span> <span class='ocrx_word' id='word_1_720' title='bbox 1116 4973 1311 5026; x_wconf 82' lang='lat' dir='ltr'><strong>ibidem</strong></span> <span class='ocrx_word' id='word_1_721' title='bbox 1360 4971 1603 5036; x_wconf 87' lang='lat' dir='ltr'><strong>sacrista,</strong></span> <span class='ocrx_word' id='word_1_722' title='bbox 1633 4970 1677 5023; x_wconf 86' lang='lat' dir='ltr'><strong>si</strong></span> <span class='ocrx_word' id='word_1_723' title='bbox 1730 4979 1812 5025; x_wconf 79' lang='lat' dir='ltr'><strong>est</strong></span> 
     </span>
    </p>
   </div>
   <div class='ocr_carea' id='block_1_97' title="bbox 237 5064 1808 5142">
    <p class='ocr_par' dir='ltr' id='par_1_97' title="bbox 237 5064 1808 5142">
     <span class='ocr_line' id='line_1_97' title="bbox 237 5064 1808 5142; baseline -0.008 -16"><span class='ocrx_word' id='word_1_724' title='bbox 237 5072 538 5142; x_wconf 71' lang='lat' dir='ltr'><strong>episcopus,</strong></span> <span class='ocrx_word' id='word_1_725' title='bbox 565 5071 648 5125; x_wconf 89' lang='lat' dir='ltr'><strong>vel</strong></span> <span class='ocrx_word' id='word_1_726' title='bbox 678 5070 813 5124; x_wconf 92' lang='lat' dir='ltr'><strong>alius</strong></span> <span class='ocrx_word' id='word_1_727' title='bbox 837 5067 1118 5138; x_wconf 80' lang='lat' dir='ltr'><strong>episcOpus</strong></span> <span class='ocrx_word' id='word_1_728' title='bbox 1152 5064 1449 5126; x_wconf 80' lang='lat' dir='ltr'><strong>familiaris,</strong></span> <span class='ocrx_word' id='word_1_729' title='bbox 1499 5080 1600 5118; x_wconf 87' lang='lat' dir='ltr'><strong>nun</strong></span> <span class='ocrx_word' id='word_1_730' title='bbox 1635 5075 1808 5116; x_wconf 87' lang='lat' dir='ltr'><strong>tamen</strong></span> 
     </span>
    </p>
   </div>
   <div class='ocr_carea' id='block_1_98' title="bbox 237 5157 1807 5232">
    <p class='ocr_par' dir='ltr' id='par_1_98' title="bbox 237 5157 1807 5232">
     <span class='ocr_line' id='line_1_98' title="bbox 237 5157 1807 5232; baseline -0.007 -13"><span class='ocrx_word' id='word_1_731' title='bbox 237 5167 544 5230; x_wconf 81' lang='lat' dir='ltr'><strong>t-ardinalis,</strong></span> <span class='ocrx_word' id='word_1_732' title='bbox 598 5175 817 5232; x_wconf 87' lang='lat' dir='ltr'><strong>paratus</strong></span> <span class='ocrx_word' id='word_1_733' title='bbox 876 5175 996 5216; x_wconf 91' lang='lat' dir='ltr'><strong>cum</strong></span> <span class='ocrx_word' id='word_1_734' title='bbox 1047 5160 1262 5229; x_wconf 80' lang='lat' dir='ltr'><strong>pluviali</strong></span> <span class='ocrx_word' id='word_1_735' title='bbox 1309 5161 1478 5228; x_wconf 87' lang='lat' dir='ltr'><strong>nigro,</strong></span> <span class='ocrx_word' id='word_1_736' title='bbox 1532 5157 1807 5229; x_wconf 76' lang='lat' dir='ltr'><strong>quietiam</strong></span> 
     </span>
    </p>
   </div>
   <div class='ocr_carea' id='block_1_99' title="bbox 239 5252 1811 5325">
    <p class='ocr_par' dir='ltr' id='par_1_99' title="bbox 239 5252 1811 5325">
     <span class='ocr_line' id='line_1_99' title="bbox 239 5252 1811 5325; baseline -0.006 -15"><span class='ocrx_word' id='word_1_737' title='bbox 239 5256 516 5325; x_wconf 84' lang='lat' dir='ltr'><strong>cpiscopus</strong></span> <span class='ocrx_word' id='word_1_738' title='bbox 547 5257 716 5311; x_wconf 82' lang='lat' dir='ltr'><strong>servit</strong></span> <span class='ocrx_word' id='word_1_739' title='bbox 743 5270 892 5325; x_wconf 72' lang='lat' dir='ltr'><strong>papa:</strong></span> <span class='ocrx_word' id='word_1_740' title='bbox 921 5254 973 5308; x_wconf 91' lang='lat' dir='ltr'><strong>in</strong></span> <span class='ocrx_word' id='word_1_741' title='bbox 1007 5253 1185 5314; x_wconf 83' lang='lat' dir='ltr'><strong>Missa,</strong></span> <span class='ocrx_word' id='word_1_742' title='bbox 1207 5252 1362 5306; x_wconf 88' lang='lat' dir='ltr'><strong>tradit</strong></span> <span class='ocrx_word' id='word_1_743' title='bbox 1392 5265 1540 5318; x_wconf 69' lang='lat' dir='ltr'><strong>papa:</strong></span> <span class='ocrx_word' id='word_1_744' title='bbox 1569 5263 1811 5311; x_wconf 69' lang='lat' dir='ltr'><strong>crucem;</strong></span> 
     </span>
    </p>
   </div>
   <div class='ocr_carea' id='block_1_100' title="bbox 239 5340 1812 5414">
    <p class='ocr_par' dir='ltr' id='par_1_100' title="bbox 239 5340 1812 5414">
     <span class='ocr_line' id='line_1_100' title="bbox 239 5340 1812 5414; baseline -0.005 -14"><span class='ocrx_word' id='word_1_745' title='bbox 239 5349 324 5414; x_wconf 87' lang='lat' dir='ltr'><strong>qui</strong></span> <span class='ocrx_word' id='word_1_746' title='bbox 375 5354 561 5402; x_wconf 79' lang='lat' dir='ltr'><strong>tenens</strong></span> <span class='ocrx_word' id='word_1_747' title='bbox 613 5348 665 5400; x_wconf 87' lang='lat' dir='ltr'><strong>in</strong></span> <span class='ocrx_word' id='word_1_748' title='bbox 726 5346 968 5400; x_wconf 78' lang='lat' dir='ltr'><strong>manibus</strong></span> <span class='ocrx_word' id='word_1_749' title='bbox 1015 5359 1167 5398; x_wconf 87' lang='lat' dir='ltr'><strong>versa</strong></span> <span class='ocrx_word' id='word_1_750' title='bbox 1222 5343 1354 5396; x_wconf 81' lang='lat' dir='ltr'><strong>facie</strong></span> <span class='ocrx_word' id='word_1_751' title='bbox 1407 5343 1470 5394; x_wconf 65' lang='grc' dir='ltr'><strong>διε</strong></span> <span class='ocrx_word' id='word_1_752' title='bbox 1528 5340 1812 5410; x_wconf 90' lang='lat' dir='ltr'><strong>populum,</strong></span> 
     </span>
    </p>
   </div>
   <div class='ocr_carea' id='block_1_101' title="bbox 241 5430 1811 5504">
    <p class='ocr_par' dir='ltr' id='par_1_101' title="bbox 241 5430 1811 5504">
     <span class='ocr_line' id='line_1_101' title="bbox 241 5430 1811 5504; baseline -0.004 -15"><span class='ocrx_word' id='word_1_753' title='bbox 241 5438 435 5492; x_wconf 89' lang='lat' dir='ltr'><strong>indutis</strong></span> <span class='ocrx_word' id='word_1_754' title='bbox 498 5439 856 5503; x_wconf 85' lang='lat' dir='ltr'><strong>cbirothecis,</strong></span> <span class='ocrx_word' id='word_1_755' title='bbox 908 5436 1232 5504; x_wconf 82' lang='lat' dir='ltr'><strong>disconperit</strong></span> <span class='ocrx_word' id='word_1_756' title='bbox 1284 5448 1494 5488; x_wconf 89' lang='lat' dir='ltr'><strong>crucem</strong></span> <span class='ocrx_word' id='word_1_757' title='bbox 1546 5430 1811 5486; x_wconf 64' lang='lat' dir='ltr'><strong>sinistram</strong></span> 
     </span>
    </p>
   </div>
   <div class='ocr_carea' id='block_1_102' title="bbox 244 5533 667 5598">
    <p class='ocr_par' dir='ltr' id='par_1_102' title="bbox 244 5533 667 5598">
     <span class='ocr_line' id='line_1_102' title="bbox 244 5533 667 5598; baseline 0.002 -15"><span class='ocrx_word' id='word_1_758' title='bbox 244 5543 438 5598; x_wconf 88' lang='lat' dir='ltr'><strong>partem</strong></span> <span class='ocrx_word' id='word_1_759' title='bbox 474 5533 667 5586; x_wconf 84' lang='lat' dir='ltr'><strong>crucis.</strong></span> 
     </span>
    </p>
   </div>
   <div class='ocr_carea' id='block_1_103' title="bbox 277 5635 1770 5720">
    <p class='ocr_par' dir='ltr' id='par_1_103' title="bbox 277 5635 1770 5720">
     <span class='ocr_line' id='line_1_103' title="bbox 277 5635 1770 5720; baseline -0.003 -26"><span class='ocrx_word' id='word_1_760' title='bbox 277 5639 504 5696; x_wconf 71' lang='lat' dir='ltr'><strong>LXXVI.</strong></span> <span class='ocrx_word' id='word_1_761' title='bbox 551 5641 628 5696; x_wconf 86' lang='lat' dir='ltr'><strong>De</strong></span> <span class='ocrx_word' id='word_1_762' title='bbox 677 5643 879 5710; x_wconf 84' lang='lat' dir='ltr'><strong>prima,</strong></span> <span class='ocrx_word' id='word_1_763' title='bbox 930 5639 1151 5720; x_wconf 75' lang='lat' dir='ltr'><strong>secunda</strong></span> <span class='ocrx_word' id='word_1_764' title='bbox 1197 5646 1244 5692; x_wconf 89' lang='lat' dir='ltr'><strong>et</strong></span> <span class='ocrx_word' id='word_1_765' title='bbox 1287 5638 1434 5691; x_wconf 84' lang='lat' dir='ltr'><strong>tertia</strong></span> <span class='ocrx_word' id='word_1_766' title='bbox 1483 5635 1770 5691; x_wconf 71' lang='lat' dir='ltr'><strong>ostensione</strong></span> 
     </span>
    </p>
   </div>
   <div class='ocr_carea' id='block_1_104' title="bbox 925 5725 1107 5761">
    <p class='ocr_par' dir='ltr' id='par_1_104' title="bbox 925 5725 1107 5761">
     <span class='ocr_line' id='line_1_104' title="bbox 925 5725 1107 5761; baseline 0 0"><span class='ocrx_word' id='word_1_767' title='bbox 925 5725 1107 5761; x_wconf 66' lang='lat' dir='ltr'><strong>cruris.</strong></span> 
     </span>
    </p>
   </div>
   <div class='ocr_carea' id='block_1_105' title="bbox 311 5779 1812 5874">
    <p class='ocr_par' dir='ltr' id='par_1_105' title="bbox 311 5779 1812 5874">
     <span class='ocr_line' id='line_1_105' title="bbox 311 5779 1812 5874; baseline -0.005 -16"><span class='ocrx_word' id='word_1_768' title='bbox 311 5803 420 5868; x_wconf 87' lang='lat' dir='ltr'><strong>Qua</strong></span> <span class='ocrx_word' id='word_1_769' title='bbox 449 5813 597 5874; x_wconf 88' lang='lat' dir='ltr'><strong>parte</strong></span> <span class='ocrx_word' id='word_1_770' title='bbox 623 5803 985 5871; x_wconf 89' lang='lat' dir='ltr'><strong>discooperta,</strong></span> <span class='ocrx_word' id='word_1_771' title='bbox 1006 5815 1134 5871; x_wconf 80' lang='lat' dir='ltr'><strong>papa</strong></span> <span class='ocrx_word' id='word_1_772' title='bbox 1157 5803 1299 5856; x_wconf 66' lang='lat' dir='ltr'><strong>solus</strong></span> <span class='ocrx_word' id='word_1_773' title='bbox 1334 5799 1520 5868; x_wconf 61' lang='lat' dir='ltr'><strong>incipit</strong></span> <span class='ocrx_word' id='word_1_774' title='bbox 1545 5779 1812 5853; x_wconf 77' lang='lat' dir='ltr'><strong>cantando</strong></span> 
     </span>
    </p>
   </div>
   <div class='ocr_carea' id='block_1_106' title="bbox 1915 4685 3492 4756">
    <p class='ocr_par' dir='ltr' id='par_1_106' title="bbox 1915 4685 3492 4756">
     <span class='ocr_line' id='line_1_106' title="bbox 1915 4685 3492 4756; baseline -0.002 -14"><span class='ocrx_word' id='word_1_775' title='bbox 1915 4690 2024 4744; x_wconf 87' lang='lat' dir='ltr'><strong>voti</strong></span> <span class='ocrx_word' id='word_1_776' title='bbox 2051 4705 2064 4753; x_wconf 90' lang='lat'><strong>;</strong></span> <span class='ocrx_word' id='word_1_777' title='bbox 2096 4687 2187 4742; x_wconf 89' lang='lat' dir='ltr'><strong>sed</strong></span> <span class='ocrx_word' id='word_1_778' title='bbox 2217 4688 2270 4741; x_wconf 92' lang='lat' dir='ltr'><strong>in</strong></span> <span class='ocrx_word' id='word_1_779' title='bbox 2302 4687 2393 4741; x_wconf 89' lang='lat' dir='ltr'><strong>illa</strong></span> <span class='ocrx_word' id='word_1_780' title='bbox 2425 4702 2613 4756; x_wconf 83' lang='lat' dir='ltr'><strong>magna</strong></span> <span class='ocrx_word' id='word_1_781' title='bbox 2646 4685 2922 4751; x_wconf 86' lang='lat' dir='ltr'><strong>cathedra,</strong></span> <span class='ocrx_word' id='word_1_782' title='bbox 2954 4687 3112 4740; x_wconf 89' lang='lat' dir='ltr'><strong>etiam</strong></span> <span class='ocrx_word' id='word_1_783' title='bbox 3144 4686 3303 4750; x_wconf 84' lang='lat' dir='ltr'><strong>nuda,</strong></span> <span class='ocrx_word' id='word_1_784' title='bbox 3336 4685 3492 4752; x_wconf 71' lang='lat' dir='ltr'><strong>longe</strong></span> 
     </span>
    </p>
   </div>
   <div class='ocr_carea' id='block_1_107' title="bbox 1911 4776 3492 4854">
    <p class='ocr_par' dir='ltr' id='par_1_107' title="bbox 1911 4776 3492 4854">
     <span class='ocr_line' id='line_1_107' title="bbox 1911 4776 3492 4854; baseline -0.003 -19"><span class='ocrx_word' id='word_1_785' title='bbox 1911 4781 1985 4854; x_wconf 72' lang='lat' dir='ltr'><strong>ab</strong></span> <span class='ocrx_word' id='word_1_786' title='bbox 2022 4780 2195 4843; x_wconf 87' lang='lat' dir='ltr'><strong>altari,</strong></span> <span class='ocrx_word' id='word_1_787' title='bbox 2229 4778 2318 4834; x_wconf 92' lang='lat' dir='ltr'><strong>ubi</strong></span> <span class='ocrx_word' id='word_1_788' title='bbox 2348 4787 2742 4833; x_wconf 88' lang='lat' dir='ltr'><strong>consueverunt</strong></span> <span class='ocrx_word' id='word_1_789' title='bbox 2791 4792 2849 4832; x_wconf 90' lang='lat' dir='ltr'><strong>se</strong></span> <span class='ocrx_word' id='word_1_790' title='bbox 2889 4776 3110 4832; x_wconf 81' lang='lat' dir='ltr'><strong>induere</strong></span> <span class='ocrx_word' id='word_1_791' title='bbox 3141 4777 3194 4830; x_wconf 88' lang='lat' dir='ltr'><strong>in</strong></span> <span class='ocrx_word' id='word_1_792' title='bbox 3235 4776 3492 4832; x_wconf 79' lang='lat' dir='ltr'><strong>solemni-</strong></span> 
     </span>
    </p>
   </div>
   <div class='ocr_carea' id='block_1_108' title="bbox 1921 4873 2142 4924">
    <p class='ocr_par' dir='ltr' id='par_1_108' title="bbox 1921 4873 2142 4924">
     <span class='ocr_line' id='line_1_108' title="bbox 1921 4873 2142 4924; baseline 0 0"><span class='ocrx_word' id='word_1_793' title='bbox 1921 4881 1966 4924; x_wconf 74' lang='grc' dir='ltr'><strong>ιι</strong></span> <span class='ocrx_word' id='word_1_794' title='bbox 1979 4885 1988 4921; x_wconf 91' lang='lat' dir='ltr'><strong>l</strong></span> <span class='ocrx_word' id='word_1_795' title='bbox 2001 4873 2116 4924; x_wconf 87' lang='lat' dir='ltr'><strong>ibus</strong></span> <span class='ocrx_word' id='word_1_796' title='bbox 2129 4911 2142 4924; x_wconf 93' lang='lat'><strong>.</strong></span> 
     </span>
    </p>
   </div>
   <div class='ocr_carea' id='block_1_109' title="bbox 2026 4984 3392 5064">
    <p class='ocr_par' dir='ltr' id='par_1_109' title="bbox 2026 4984 3392 5051">
     <span class='ocr_line' id='line_1_109' title="bbox 2026 4984 3392 5051; baseline -0.005 -10"><span class='ocrx_word' id='word_1_797' title='bbox 2026 4987 2284 5042; x_wconf 66' lang='lat' dir='ltr'><strong>LXXVII.</strong></span> <span class='ocrx_word' id='word_1_798' title='bbox 2332 4986 2404 5038; x_wconf 81' lang='lat' dir='ltr'><strong>De</strong></span> <span class='ocrx_word' id='word_1_799' title='bbox 2457 4985 2756 5037; x_wconf 73' lang='lat' dir='ltr'><strong>adoratione</strong></span> <span class='ocrx_word' id='word_1_800' title='bbox 2815 4987 2980 5038; x_wconf 76' lang='lat' dir='ltr'><strong>crucis</strong></span> <span class='ocrx_word' id='word_1_801' title='bbox 3022 4986 3131 5051; x_wconf 84' lang='lat' dir='ltr'><strong>ipsa</strong></span> <span class='ocrx_word' id='word_1_802' title='bbox 3177 4984 3292 5048; x_wconf 67' lang='lat' dir='ltr'><strong>ille,</strong></span> <span class='ocrx_word' id='word_1_803' title='bbox 3344 4990 3392 5035; x_wconf 80' lang='lat' dir='ltr'><strong>et</strong></span> 
     </span>
    </p>
   </div>
   <div class='ocr_carea' id='block_1_110' title="bbox 2515 5071 2890 5108">
    <p class='ocr_par' dir='ltr' id='par_1_110' title="bbox 2515 5071 2890 5108">
     <span class='ocr_line' id='line_1_110' title="bbox 2515 5071 2890 5108; baseline 0 -1"><span class='ocrx_word' id='word_1_804' title='bbox 2515 5071 2890 5108; x_wconf 71' lang='grc' dir='ltr'><strong>εοηιηιιιηιωω.</strong></span> 
     </span>
    </p>
   </div>
   <div class='ocr_carea' id='block_1_111' title="bbox 1992 5144 3502 5207">
    <p class='ocr_par' dir='ltr' id='par_1_111' title="bbox 1992 5144 3502 5207">
     <span class='ocr_line' id='line_1_111' title="bbox 1992 5144 3502 5207; baseline -0.006 0"><span class='ocrx_word' id='word_1_805' title='bbox 1992 5153 2182 5207; x_wconf 79' lang='lat' dir='ltr'><strong>Postea</strong></span> <span class='ocrx_word' id='word_1_806' title='bbox 2232 5164 2358 5204; x_wconf 88' lang='lat' dir='ltr'><strong>vero</strong></span> <span class='ocrx_word' id='word_1_807' title='bbox 2390 5164 2576 5202; x_wconf 72' lang='lat' dir='ltr'><strong>omnes</strong></span> <span class='ocrx_word' id='word_1_808' title='bbox 2607 5147 2910 5202; x_wconf 85' lang='lat' dir='ltr'><strong>cardinales</strong></span> <span class='ocrx_word' id='word_1_809' title='bbox 2939 5145 3246 5201; x_wconf 89' lang='lat' dir='ltr'><strong>discalceati</strong></span> <span class='ocrx_word' id='word_1_810' title='bbox 3286 5145 3337 5199; x_wconf 92' lang='lat' dir='ltr'><strong>in</strong></span> <span class='ocrx_word' id='word_1_811' title='bbox 3372 5144 3502 5199; x_wconf 87' lang='lat' dir='ltr'><strong>locis</strong></span> 
     </span>
    </p>
   </div>
   <div class='ocr_carea' id='block_1_112' title="bbox 1920 5235 3502 5310">
    <p class='ocr_par' dir='ltr' id='par_1_112' title="bbox 1920 5235 3502 5310">
     <span class='ocr_line' id='line_1_112' title="bbox 1920 5235 3502 5310; baseline -0.006 -12"><span class='ocrx_word' id='word_1_812' title='bbox 1920 5245 2030 5298; x_wconf 88' lang='lat' dir='ltr'><strong>suis</strong></span> <span class='ocrx_word' id='word_1_813' title='bbox 2063 5257 2156 5310; x_wconf 87' lang='lat' dir='ltr'><strong>per</strong></span> <span class='ocrx_word' id='word_1_814' title='bbox 2179 5256 2361 5295; x_wconf 88' lang='lat' dir='ltr'><strong>eorum</strong></span> <span class='ocrx_word' id='word_1_815' title='bbox 2388 5239 2697 5302; x_wconf 83' lang='lat' dir='ltr'><strong>familiares,</strong></span> <span class='ocrx_word' id='word_1_816' title='bbox 2728 5237 2881 5292; x_wconf 86' lang='lat' dir='ltr'><strong>nudis</strong></span> <span class='ocrx_word' id='word_1_817' title='bbox 2914 5237 3137 5307; x_wconf 81' lang='lat' dir='ltr'><strong>pedibus</strong></span> <span class='ocrx_word' id='word_1_818' title='bbox 3166 5235 3369 5290; x_wconf 91' lang='lat' dir='ltr'><strong>vadunt</strong></span> <span class='ocrx_word' id='word_1_819' title='bbox 3409 5251 3502 5304; x_wconf 87' lang='lat' dir='ltr'><strong>per</strong></span> 
     </span>
    </p>
   </div>
   <div class='ocr_carea' id='block_1_113' title="bbox 1922 5328 3504 5403">
    <p class='ocr_par' dir='ltr' id='par_1_113' title="bbox 1922 5328 3504 5403">
     <span class='ocr_line' id='line_1_113' title="bbox 1922 5328 3504 5403; baseline -0.007 -12"><span class='ocrx_word' id='word_1_820' title='bbox 1922 5337 2137 5392; x_wconf 88' lang='lat' dir='ltr'><strong>modum</strong></span> <span class='ocrx_word' id='word_1_821' title='bbox 2172 5333 2480 5403; x_wconf 63' lang='lat' dir='ltr'><strong>pra‘diclum</strong></span> <span class='ocrx_word' id='word_1_822' title='bbox 2524 5332 2628 5384; x_wconf 90' lang='lat' dir='ltr'><strong>bini</strong></span> <span class='ocrx_word' id='word_1_823' title='bbox 2661 5341 2713 5384; x_wconf 90' lang='lat' dir='ltr'><strong>et</strong></span> <span class='ocrx_word' id='word_1_824' title='bbox 2755 5331 2862 5384; x_wconf 86' lang='lat' dir='ltr'><strong>bini</strong></span> <span class='ocrx_word' id='word_1_825' title='bbox 2897 5330 2963 5382; x_wconf 86' lang='lat' dir='ltr'><strong>ad</strong></span> <span class='ocrx_word' id='word_1_826' title='bbox 3018 5328 3346 5383; x_wconf 86' lang='lat' dir='ltr'><strong>adorandum</strong></span> <span class='ocrx_word' id='word_1_827' title='bbox 3379 5343 3504 5381; x_wconf 86' lang='lat' dir='ltr'><strong>cru-</strong></span> 
     </span>
    </p>
   </div>
   <div class='ocr_carea' id='block_1_114' title="bbox 1920 5424 3500 5492">
    <p class='ocr_par' dir='ltr' id='par_1_114' title="bbox 1920 5424 3500 5492">
     <span class='ocr_line' id='line_1_114' title="bbox 1920 5424 3500 5492; baseline -0.007 -10"><span class='ocrx_word' id='word_1_828' title='bbox 1920 5444 2034 5482; x_wconf 89' lang='lat' dir='ltr'><strong>cem</strong></span> <span class='ocrx_word' id='word_1_829' title='bbox 2061 5427 2353 5481; x_wconf 85' lang='lat' dir='ltr'><strong>secnndum</strong></span> <span class='ocrx_word' id='word_1_830' title='bbox 2383 5427 2622 5479; x_wconf 84' lang='lat' dir='ltr'><strong>ordinent</strong></span> <span class='ocrx_word' id='word_1_831' title='bbox 2653 5440 2829 5489; x_wconf 86' lang='lat' dir='ltr'><strong>suum,</strong></span> <span class='ocrx_word' id='word_1_832' title='bbox 2863 5433 2915 5478; x_wconf 93' lang='lat' dir='ltr'><strong>ct</strong></span> <span class='ocrx_word' id='word_1_833' title='bbox 2945 5432 3025 5478; x_wconf 89' lang='lat' dir='ltr'><strong>ter</strong></span> <span class='ocrx_word' id='word_1_834' title='bbox 3054 5424 3273 5478; x_wconf 86' lang='lat' dir='ltr'><strong>ﬂectunt</strong></span> <span class='ocrx_word' id='word_1_835' title='bbox 3296 5437 3500 5492; x_wconf 78' lang='lat' dir='ltr'><strong>genua;</strong></span> 
     </span>
    </p>
   </div>
   <div class='ocr_carea' id='block_1_115' title="bbox 1922 5515 3500 5585">
    <p class='ocr_par' dir='ltr' id='par_1_115' title="bbox 1922 5515 3500 5585">
     <span class='ocr_line' id='line_1_115' title="bbox 1922 5515 3500 5585; baseline -0.004 -10"><span class='ocrx_word' id='word_1_836' title='bbox 1922 5522 2170 5575; x_wconf 57' lang='lat' dir='ltr'><strong>Similiter</strong></span> <span class='ocrx_word' id='word_1_837' title='bbox 2219 5531 2272 5574; x_wconf 89' lang='lat' dir='ltr'><strong>et</strong></span> <span class='ocrx_word' id='word_1_838' title='bbox 2326 5534 2513 5572; x_wconf 86' lang='lat' dir='ltr'><strong>oumes</strong></span> <span class='ocrx_word' id='word_1_839' title='bbox 2562 5519 2648 5570; x_wconf 81' lang='lat' dir='ltr'><strong>alii</strong></span> <span class='ocrx_word' id='word_1_840' title='bbox 2707 5518 2905 5572; x_wconf 69' lang='lat' dir='ltr'><strong>ibidem</strong></span> <span class='ocrx_word' id='word_1_841' title='bbox 2967 5530 3258 5585; x_wconf 73' lang='lat' dir='ltr'><strong>prxcsentes</strong></span> <span class='ocrx_word' id='word_1_842' title='bbox 3311 5515 3500 5568; x_wconf 85' lang='lat' dir='ltr'><strong>eodem</strong></span> 
     </span>
    </p>
   </div>
   <div class='ocr_carea' id='block_1_116' title="bbox 1923 5610 3503 5669">
    <p class='ocr_par' dir='ltr' id='par_1_116' title="bbox 1923 5610 3503 5669">
     <span class='ocr_line' id='line_1_116' title="bbox 1923 5610 3503 5669; baseline -0.006 0"><span class='ocrx_word' id='word_1_843' title='bbox 1923 5616 2080 5669; x_wconf 90' lang='lat' dir='ltr'><strong>modo</strong></span> <span class='ocrx_word' id='word_1_844' title='bbox 2107 5613 2350 5668; x_wconf 85' lang='lat' dir='ltr'><strong>eamdem</strong></span> <span class='ocrx_word' id='word_1_845' title='bbox 2383 5627 2595 5666; x_wconf 88' lang='lat' dir='ltr'><strong>crucem</strong></span> <span class='ocrx_word' id='word_1_846' title='bbox 2627 5611 2872 5665; x_wconf 85' lang='lat' dir='ltr'><strong>adurant.</strong></span> <span class='ocrx_word' id='word_1_847' title='bbox 2908 5610 3120 5663; x_wconf 70' lang='lat' dir='ltr'><strong>lnturim</strong></span> <span class='ocrx_word' id='word_1_848' title='bbox 3164 5624 3288 5663; x_wconf 88' lang='lat' dir='ltr'><strong>vero</strong></span> <span class='ocrx_word' id='word_1_849' title='bbox 3319 5615 3503 5661; x_wconf 85' lang='lat' dir='ltr'><strong>cauto-</strong></span> 
     </span>
    </p>
   </div>
   <div class='ocr_carea' id='block_1_117' title="bbox 1921 5698 3501 5773">
    <p class='ocr_par' dir='ltr' id='par_1_117' title="bbox 1921 5698 3501 5773">
     <span class='ocr_line' id='line_1_117' title="bbox 1921 5698 3501 5773; baseline -0.006 -13"><span class='ocrx_word' id='word_1_850' title='bbox 1921 5721 2004 5760; x_wconf 82' lang='lat' dir='ltr'><strong>res</strong></span> <span class='ocrx_word' id='word_1_851' title='bbox 2036 5710 2251 5758; x_wconf 88' lang='lat' dir='ltr'><strong>cantant</strong></span> <span class='ocrx_word' id='word_1_852' title='bbox 2275 5703 2450 5773; x_wconf 74' lang='lat' dir='ltr'><strong>Agios,</strong></span> <span class='ocrx_word' id='word_1_853' title='bbox 2497 5711 2626 5766; x_wconf 87' lang='lat' dir='ltr'><strong>elc.,</strong></span> <span class='ocrx_word' id='word_1_854' title='bbox 2671 5702 2910 5756; x_wconf 68' lang='lat' dir='ltr'><strong>vicissim</strong></span> <span class='ocrx_word' id='word_1_855' title='bbox 2941 5709 3242 5768; x_wconf 86' lang='lat' dir='ltr'><strong>repetentes</strong></span> <span class='ocrx_word' id='word_1_856' title='bbox 3279 5698 3501 5754; x_wconf 73' lang='lat' dir='ltr'><strong>Sanctus</strong></span> 
     </span>
    </p>
   </div>
   <div class='ocr_carea' id='block_1_118' title="bbox 1924 5787 3502 5864">
    <p class='ocr_par' dir='ltr' id='par_1_118' title="bbox 1924 5787 3502 5864">
     <span class='ocr_line' id='line_1_118' title="bbox 1924 5787 3502 5864; baseline -0.007 -14"><span class='ocrx_word' id='word_1_857' title='bbox 1924 5797 2093 5863; x_wconf 82' lang='lat' dir='ltr'><strong>Deus,</strong></span> <span class='ocrx_word' id='word_1_858' title='bbox 2155 5795 2379 5852; x_wconf 65' lang='lat' dir='ltr'><strong>Sumtus</strong></span> <span class='ocrx_word' id='word_1_859' title='bbox 2443 5795 2634 5864; x_wconf 74' lang='lat' dir='ltr'><strong>fortis,</strong></span> <span class='ocrx_word' id='word_1_860' title='bbox 2693 5804 2799 5852; x_wconf 86' lang='lat' dir='ltr'><strong>etc.</strong></span> <span class='ocrx_word' id='word_1_861' title='bbox 2864 5792 3067 5864; x_wconf 80' lang='lat' dir='ltr'><strong>Popule</strong></span> <span class='ocrx_word' id='word_1_862' title='bbox 3133 5806 3312 5857; x_wconf 85' lang='lat' dir='ltr'><strong>meus,</strong></span> <span class='ocrx_word' id='word_1_863' title='bbox 3377 5787 3502 5857; x_wconf 80' lang='lat' dir='ltr'><strong>quid</strong></span> 
     </span>
    </p>
   </div>
  </div>
