3990 6290
546 354 679 411 ibi!)

1221 353 1565 408 AI’PENDIX
1609 355 1698 408 Ai)
1742 354 1797 409 S.
1841 357 2173 416 GREGURII
2214 360 2425 416 MAGM
2470 361 2837 421 LITURGICA
2883 368 3135 424 OPEllA.

3692 377 3824 433 i320

542 468 660 538 feci,
692 476 820 531 etc.,
851 474 901 518 et
932 465 1061 518 alias
1103 467 1459 534 Antiphonas,
1494 480 1650 535 prout
1680 473 1733 527 in
1780 471 1976 526 lllissali
2019 472 2125 527 Ro—
2156 479 2199 535 Α
2238 474 2405 541 dicto,
2428 474 2620 531 oli‘erat
2646 477 2762 547 ipse
2791 479 3049 538 diaconus
3078 485 3364 544 cardinalis
3396 503 3545 560 papa:
3578 493 3826 550 thuribu-

543 573 703 612 mano
732 557 1058 612 continetur.
1097 556 1236 625 Papa
1279 558 1439 611 etiam
1476 560 1761 627 pricdictas
1793 562 2127 631 Antiphonas

541 664 591 708 et
615 653 792 707 omnia
832 632 1087 720 prazdicta
1142 650 1268 721 legit
1301 651 1540 707 sedendo
1580 654 1633 709 in
1681 655 1958 722 cathedra,
1998 656 2125 709 dum

539 746 648 813 ipsa
702 758 831 797 crux
882 741 1134 796 adoratnr
1162 758 1256 812 per
1303 744 1602 801 cardinales
1652 756 1706 802 et
1751 746 1903 802 alios.
1956 748 2123 802 Finita

537 840 665 889 vero
695 835 871 889 crucis
898 834 1233 900 adoratione,
1261 837 1482 890 sacrista
1508 837 1588 892 vel
1620 838 1756 894 alius
1800 839 1865 893 ad
1904 839 2005 893 hoc
2027 840 2125 894 de-

540 936 757 997 pntatus
785 940 901 980 eam
934 928 1148 995 reponit
1192 926 1243 980 in
1280 927 1397 981 loco
1423 943 1521 982 suo
1558 943 1719 998 super
1745 929 1919 996 altari,
1949 940 2003 986 et
2034 945 2125 998 pe-

545 1020 758 1073 cuniam
791 1017 1022 1071 oblatam
1056 1017 1107 1071 in
1137 1016 1313 1072 crucis
1334 1018 1647 1074 adoratione
1688 1019 1916 1075 clericus
1946 1020 2121 1090 capel-

535 1112 602 1165 ian
639 1107 828 1179 recipit
856 1110 969 1163 sola
998 1109 1094 1163 hac
1122 1109 1227 1176 die,
1263 1108 1512 1178 quoniam
1541 1125 1635 1164 sua
1667 1121 1769 1176 est,
1800 1112 1853 1165 in
1888 1110 2008 1165 aliis
2035 1126 2125 1164 ca-

539 1202 894 1272 pellanorum.
928 1201 1041 1269 ipsa
1085 1200 1244 1271 igitur
1274 1184 1516 1256 crucei'n
1559 1201 1711 1256 altari
1756 1202 1894 1257 inter
1920 1199 2125 1256 faculas

534 1310 628 1349 seu
657 1307 843 1347 cereos
871 1291 1155 1355 collocata,
1198 1292 1447 1347 dominus
1495 1294 1823 1348 camerarius
1858 1294 1941 1348 vel
1983 1294 2124 1348 vices

533 1386 651 1455 ejus
673 1400 865 1455 gerens
892 1384 1049 1438 aliam
1074 1398 1289 1439 crucem
1328 1392 1505 1451 portat
1529 1392 1681 1438 extra
1718 1385 1912 1454 regias,
1955 1386 2124 1439 comi-

534 1475 767 1530 tantibus
789 1488 908 1528 eum
939 1472 1149 1529 clericis
1172 1488 1398 1529 camena
1435 1482 1486 1529 et
1531 1474 1755 1541 capella:
1782 1472 1847 1528 ad
1892 1472 2122 1528 adoran-

532 1569 657 1621 dum
682 1563 821 1619 aliis.

611 1657 770 1711 Facta
798 1671 926 1727 ergo
954 1657 1269 1712 adoratione
1299 1656 1351 1711 in
1394 1656 1627 1726 capella,
1662 1656 1789 1711 dum
1822 1656 1896 1711 illi
1921 1656 1989 1711 de
2020 1672 2121 1710 cx-

531 1760 610 1803 tra
652 1752 808 1804 aliam
853 1763 1069 1803 crucem
1100 1748 1345 1810 adorant,
1390 1761 1552 1816 papa,
1607 1747 1727 1802 lotis
1775 1747 2046 1815 manibus,
2069 1754 2123 1801 et

529 1843 791 1912 depositis
836 1840 1197 1905 chirothecis,
1239 1854 1371 1909 quas
1424 1838 1652 1908 amplius
1692 1853 1799 1893 non
1858 1840 2115 1905 resumit,

530 1948 756 2001 surgens
786 1932 851 1986 de
897 1930 1171 1998 cathedra,
1208 1930 1279 1983 ibi
1308 1929 1501 1983 stando
1537 1931 1761 1985 resumit
1805 1930 2115 2002 praedictam

529 2026 793 2095 planetam
827 2023 1029 2091 nigram
1085 2030 1134 2075 et
1168 2019 1381 2089 pallium
1415 2020 1814 2090 cumspinellis
1842 2023 1908 2078 de
1954 2037 2114 2078 manu

525 2116 734 2170 ὡδεοηὶ
763 2112 1051 2169 cardinalis
1088 2112 1177 2181 qui
1220 2110 1359 2165 dixit
1393 2112 1737 2179 Passionem;
1779 2123 1835 2169 et
1884 2114 1963 2167 sic
1995 2129 2116 2182 pro-

524 2206 765 2277 greditur
790 2203 855 2258 ad
880 2205 1051 2258 altare
1074 2202 1189 2258 sine
1219 2201 1374 2257 mitra
1402 2210 1456 2257 et
1478 2203 1594 2258 sine
1624 2203 1966 2260 confessione
1986 2220 2115 2260 con-

520 2309 697 2364 sueta,
730 2294 1109 2351 assistentibus
1148 2294 1249 2350 sibi
1293 2294 1451 2350 dictis
1484 2294 1695 2349 duobus
1721 2295 1964 2350 diaeonis
1993 2310 2112 2350 car—

523 2391 791 2447 dinalibus
817 2406 831 2456 ;
862 2388 1058 2443 deinde
1098 2388 1242 2443 vadit
1270 2402 1390 2442 cum
1434 2401 1615 2451 cruce,
1668 2387 2020 2443 luminaribus
2056 2397 2114 2444 et

523 2487 768 2550 incenso,
821 2482 886 2536 ad
918 2480 1289 2547 armariolum,
1322 2495 1417 2535 seu
1448 2480 1762 2551 cOphinum,
1805 2481 1857 2536 in
1885 2494 1994 2551 quo
2022 2479 2112 2537 die

523 2579 776 2633 hesterna
805 2576 898 2631 fuit
939 2574 1075 2629 calix
1115 2587 1234 2628 cum
1278 2587 1309 2628 c
1346 2587 1506 2644 rpore
1550 2572 1751 2628 Christi
1782 2582 2107 2630 reservatus.

524 2671 601 2725 ita
651 2668 858 2724 exstitit
903 2667 1163 2722 hactenus
1205 2666 1547 2721 observatum
1598 2675 1838 2735 tempore
1886 2664 2110 2722 Joannis

522 2760 693 2829 XXll,
733 2758 935 2814 domini
974 2757 1244 2811 Benedicti
1284 2755 1403 2821 XII,
1446 2755 1653 2811 domini
1700 2754 1993 2812 Clementis
2019 2755 2107 2820 Vl,

522 2851 723 2908 domini
756 2850 1049 2906 Innocentii
1083 2849 1165 2913 Vl,
1202 2848 1405 2903 domini
1436 2847 1632 2904 Urbani
1658 2847 1720 2913 V,
1746 2847 1947 2903 domini
1975 2847 2106 2904 Gre-

522 2944 656 3014 gorii
702 2942 796 3005 XI,
836 2940 1040 2996 domini
1089 2938 1290 2994 Urbani
1337 2937 1424 3001 Vl,
1481 2937 1843 2993 Romanorum
1894 2938 2109 3008 pontiﬁ-

522 3050 665 3091 cum.
690 3032 789 3100 Qui
822 3039 1068 3101 papamet
1107 3030 1172 3084 ad
1203 3028 1550 3084 armariolum
1573 3043 1666 3085 seu
1692 3028 1982 3100 cophinum
2014 3045 2107 3084 va-

523 3127 621 3193 dit,
650 3136 700 3180 et
732 3138 926 3194 corpus
958 3123 1151 3177 Christi
1186 3129 1361 3191 portat
1387 3121 1452 3176 ad
1481 3122 1650 3177 altare
1689 3136 1809 3176 cum
1850 3122 1938 3177 illa
1962 3122 2104 3177 toba-

2234 564 2367 634 lum,
2426 582 2645 622 manum
2706 584 2858 640 papae
2909 574 3203 631 osculando
3246 577 3301 632 in
3350 580 3531 636 dando
3580 593 3639 638 et
3696 588 3825 639 reci.

2232 650 2458 723 piendo';
2489 666 2544 713 et
2575 672 2734 729 papa,
2786 670 2844 716 ut
2891 665 3057 719 moris
3086 676 3187 731 est,
3220 667 3462 725 iucensat
3490 680 3601 727 tam
3628 688 3823 742 corpus

2228 744 2427 801 Christi
2472 763 2632 816 quam
2679 749 2922 807 calicem.
2972 753 3175 811 Deinde
3207 773 3339 827 papa
3367 761 3513 816 vadit
3557 764 3625 817 ad
3657 780 3822 821 cornu

2228 838 2435 908 altaris,
2468 850 2522 895 et
2550 841 2621 896 ibi
2651 841 2794 897 lavat
2821 844 3207 914 aliquantulum
3238 849 3433 921 digitos
3458 869 3582 909 cum
3614 870 3753 925 aqua
3778 858 3822 911 in

2230 928 2441 985 duobus
2483 931 2748 988 bacilibus
2777 950 2872 1003 per
2903 951 3065 991 unum
3097 938 3165 994 de
3212 943 3475 998 militibus
3520 961 3617 1000 seu
3658 950 3824 1002 dmni-

2226 1022 2377 1077 ccllis
2419 1024 2552 1088 suis,
2599 1025 2683 1079 vel
2728 1041 2824 1096 per
2873 1027 3189 1086 nobiliorem
3235 1032 3430 1090 ibidem
3476 1052 3817 1107 prreseutem,

2227 1111 2399 1179 ipsum
2420 1111 2643 1180 juvante
2670 1116 2849 1185 priore
2876 1118 3250 1189 episcoporum
3284 1125 3373 1194 qui
3414 1128 3585 1183 servit
3620 1130 3672 1183 in
3710 1132 3817 1185 οίίῑ.

2224 1203 2308 1287 cio
2356 1204 2659 1273 capellani;
2710 1216 2766 1261 et
2817 1209 2931 1279 ipsa
2978 1211 3250 1270 ablutione
3289 1216 3451 1287 facta,
3494 1220 3644 1274 vadit
3692 1238 3815 1292 papa

2226 1284 2350 1350 ante
2394 1297 2628 1353 medium
2681 1300 2865 1357 altaris
2912 1304 3115 1376 absque
3153 1284 3521 1380 confessione,
3560 1284 3716 1381 prou't

2224 1380 2369 1443 ctum
2398 1400 2504 1457 est,
2538 1386 2769 1448 inclinat
2801 1410 2861 1449 se
2897 1410 3062 1452 orans
3104 1408 3160 1453 et
3196 1398 3380 1454 dicens
3411 1401 3479 1455 In
3511 1380 3700 1472 spiritu
3724 1408 3814 1459 hu-

2226 1479 2480 1549 militatis,
2516 1488 2570 1536 et
2612 1483 2826 1553 erigens
2856 1499 2915 1541 se
2958 1487 3117 1541 vertit
3159 1501 3218 1542 se
3246 1489 3310 1541 ad
3345 1491 3605 1559 populum
3638 1493 3811 1548 dicens

2229 1566 2385 1623 Orate
2404 1586 2500 1640 pro
2531 1587 2628 1639 me,
2662 1574 2871 1642 fratres,
2897 1584 3029 1643 etc.,
3076 1576 3270 1633 deinde
3316 1578 3449 1633 dicit
3477 1580 3641 1650 plana
3672 1598 3806 1651 voce,

2227 1672 2285 1716 ut
2332 1665 2497 1720 moris
2540 1676 2644 1731 est,
2695 1666 2811 1721 sine
2844 1666 2952 1723 Per
2983 1672 3154 1724 omnia
3195 1672 3408 1735 sa’cula,
3443 1682 3579 1737 elc.,
3608 1682 3665 1729 et
3705 1677 3809 1733 sine

2230 1752 2301 1809 Te
2350 1756 2545 1828 igitur;
2596 1758 2691 1813 sed
2743 1760 2991 1817 absolute
3032 1762 3220 1834 incipit
3264 1767 3537 1822 cantando
3579 1768 3808 1837 Oremus,

2152 1843 2196 1901 B
2225 1847 2491 1915 prceceptis
2515 1849 2827 1904 salutaribus
2869 1854 3069 1919 moniti,
3100 1862 3230 1919 etc.,
3268 1854 3423 1909 Pater
3445 1867 3640 1926 uoster,
3674 1869 3810 1926 etc.;

2222 1948 2277 1994 et
2310 1939 2527 2006 quando
2548 1942 2654 1996 erit
2678 1943 2730 1997 in
2762 1942 2854 1997 illo
2885 1943 3008 1999 loco
3034 1944 3120 1999 ubi
3150 1945 3344 2000 dicitur
3368 1947 3517 2003 Sicut
3544 1951 3599 2002 in
3628 1953 3809 2005 εωῖοει

2218 2031 2269 2084 in
2302 2042 2455 2098 terra,
2506 2033 2785 2091 celebrans
2834 2036 3106 2106 accipiens
3152 2054 3348 2109 corpus
3388 2040 3596 2097 Christi
3636 2045 3803 2100 elevat

2219 2125 2415 2194 ipsum,
2443 2126 2518 2181 ita
2548 2136 2602 2181 ut
2634 2130 2803 2197 possit
2826 2128 2996 2185 videri
3026 2145 3055 2185 a
3095 2131 3593 2198 circumstantibus,
3633 2147 3685 2190 et
3726 2137 3799 2190 in.

2220 2218 2516 2274 continenti
2560 2222 2771 2289 reponit
2809 2236 2932 2277 eum
2975 2224 3065 2278 ubi
3106 2224 3273 2293 prius,
3318 2235 3373 2280 et
3418 2228 3471 2279 in
3516 2227 3625 2282 [ine
3657 2227 3806 2283 Ραεετ

2216 2317 2391 2361 noster
2422 2309 2781 2380 respondetur
2808 2311 2915 2368 Sed
2944 2314 3105 2368 libera
3148 2331 3240 2369 nos
3270 2332 3303 2368 a
3350 2318 3523 2382 malo;
3554 2321 3801 2376 sacerdos

2219 2410 2348 2452 vero
2397 2398 2496 2453 sub
2535 2399 2748 2455 silentio
2792 2402 2922 2458 dicit
2965 2406 3146 2467 Amen,
3193 2414 3248 2459 et
3290 2408 3473 2461 statim
3506 2408 3563 2461 in
3611 2411 3792 2466 eodem

2217 2501 2345 2545 tono
2367 2491 2483 2546 sine
2509 2490 2726 2548 Oremus
2761 2494 2889 2549 dicit
2918 2496 3056 2551 hanc
3092 2498 3403 2553 Orationem
3432 2516 3445 2551 :
3477 2498 3666 2554 Libera
3689 2518 3795 2567 nos,

2218 2597 2536 2651 qua-sumus,
2586 2582 2827 2652 Domine,
2873 2598 2926 2641 et
2970 2587 3023 2642 in
3072 2588 3177 2643 ﬁne
3215 2589 3582 2658 reSpondetur
3620 2594 3791 2648 Amen.

2213 2672 2282 2728 Et
2330 2683 2456 2729 tunc
2485 2674 2746 2732 diaconus
2794 2677 2952 2734 oll‘ert
3000 2693 3153 2750 papa:
3201 2691 3475 2751 paternam,
3510 2700 3577 2741 ac
3619 2687 3799 2745 deinde

2213 2779 2347 2833 papa
2375 2762 2571 2836 frangit
2599 2766 2839 2823 Hostiam
2867 2781 3233 2826 consecratam
3257 2775 3557 2829 secundum
3583 2792 3799 2834 consue-

2211 2858 2472 2926 tudinem,
2520 2874 2727 2930 poitens
2771 2862 2839 2917 de
2868 2876 2932 2917 ea
2985 2865 3197 2920 tertiam
3230 2867 3550 2934 particulam
3586 2869 3638 2925 in
3666 2872 3798 2926 cali-

2209 2964 2352 3020 cem,
2388 2951 2522 3007 nihil
2571 2952 2819 3008 dicendo.
2873 2955 3248 3012 Sanctiﬁcatur
3274 2961 3420 3013 enim
3455 2962 3643 3017 vinum
3697 2980 3727 3017 η
3764 2980 3793 3019 n

2215 3056 2587 3099 consecratum
2627 3060 2723 3114 per
2752 3048 2995 3116 corporis
3042 3048 3253 3103 Domini
3303 3052 3647 3108 missionem.
3689 3052 3795 3109 Pu

2216 3132 2420 3188 Domini
2450 3136 2610 3190 etiam
2654 3151 2757 3191 non
2790 3137 3003 3204 dicitur,
3036 3155 3137 3195 nec
3177 3141 3357 3211 Agnus
3397 3142 3498 3197 Dei
3527 3154 3789 3213 cantatur,

523 3221 605 3275 lca
632 3218 700 3273 de
729 3216 904 3271 serico
928 3224 1238 3284 coopertum
1267 3228 1387 3268 cum
1418 3226 1525 3268 uno
1547 3213 1744 3283 capite,
1772 3221 1964 3268 etcum
1997 3213 2104 3268 alio

2213 3244 2309 3282 nee
2366 3231 2513 3297 pacis
2559 3230 2801 3286 osculum
2852 3232 3041 3299 datur,
3092 3250 3192 3291 nec
3241 3237 3679 3306 postconimuuio
3725 3212 3797 3295 di-

518 3311 607 3382 qui
650 3311 750 3367 sibi
786 3309 978 3381 pendet
1001 3321 1161 3378 super
1194 3306 1475 3362 humerum
1506 3305 1803 3361 sinistrum.
1836 3304 1986 3362 Licet
2014 3320 2103 3361 sc-

519 3402 749 3460 cundum
776 3401 1051 3457 dominum
1082 3398 1340 3454 Jacobum
1383 3396 1627 3453 Gaietani
1649 3396 1831 3465 junior
1870 3398 2102 3468 presby-

515 3510 598 3553 ter
635 3494 922 3551 cardinalis
971 3508 1169 3563 corpus
1214 3490 1462 3546 Christi“
1488 3490 1783 3559 antiquitus
1829 3490 1894 3544 ad
1931 3490 2101 3545 altare

521 3597 737 3658 portare
767 3587 1068 3641 consuevit.
1097 3583 1382 3650 Accipiens
1415 3582 1575 3652 igitur
1604 3596 1738 3653 papa
1770 3584 1942 3651 ipsum
1970 3584 2095 3637 cali-

514 3695 631 3734 cem
680 3679 732 3732 in
779 3677 1045 3740 manibus,
1104 3676 1249 3744 prius
1296 3674 1447 3729 ﬂetis
1494 3675 1720 3744 genibus
1769 3675 2097 3729 incensatutn

516 3770 679 3843 494
708 3784 804 3823 seu
855 3768 1239 3829 thurilieatum,
1290 3776 1600 3835 coopertum
1648 3766 1875 3836 quodam
1923 3781 2100 3833 panno

519 3861 685 3917 nobili
715 3860 782 3915 de
811 3860 1038 3915 sindone
1063 3873 1157 3914 seu
1188 3858 1255 3913 de
1283 3857 1475 3923 serico,
1503 3866 1677 3926 portat
1705 3861 1767 3911 ad
1798 3858 2003 3927 altare;
2044 3866 2099 3913 et

515 3956 858 4025 discooperto
888 3953 1075 4018 calice,
1100 3951 1293 4021 recipit
1316 3950 1385 4005 ab
1415 3950 1540 4006 inde
1571 3959 1747 4006 tamen
1779 3966 1940 4007 manu
1976 3965 2097 4007 cor-

516 4063 639 4119 pus,
678 4057 729 4101 et
764 4046 934 4115 ipsum
968 4045 1117 4113 ponit
1145 4058 1305 4113 super
1347 4052 1617 4113 patenam,
1649 4061 1805 4113 quam
1838 4045 2097 4104 diacon's

515 4139 604 4206 qui
629 4137 763 4193 dixit
792 4135 1099 4190 Passionem
1136 4144 1282 4189 tenet
1312 4134 1363 4189 in
1396 4150 1553 4189 manu
1577 4151 1592 4201 ;
1619 4144 1671 4189 et
1701 4137 1816 4206 ipse
1837 4137 2095 4196 diaconus

517 4227 937 4300 corpus'Cbristi
986 4241 1107 4281 cum
1141 4235 1330 4296 patena
1369 4228 1524 4280 olfert
1567 4242 1739 4297 papm,
1769 4244 1928 4297 quam
1961 4246 2092 4300 rapa

510 4319 812 4387 suscipiens
847 4316 1077 4371 collocat
1101 4330 1261 4384 super
1288 4315 1458 4369 altare
1490 4315 1690 4370 ibidem
1723 4328 1945 4373 extenso
1974 4334 2096 4374 cor-

513 4411 703 4480 porali.
767 4409 959 4464 l‘ostca
1022 4404 1241 4460 calicem
1314 4405 1532 4460 sacrista
1599 4418 1889 4476 praesentat
1940 4424 2092 4479 pa;a:

511 4505 716 4573 absque
759 4502 957 4555 lotione
982 4511 1033 4554 et
1061 4499 1296 4553 tersione
1328 4509 1547 4569 propter
1578 4512 1992 4569 sacramentum,
2022 4518 2091 4558 ne

507 4565 713 4663 aliquid
770 4592 837 4647 de
889 4591 1203 4660 fragmentis
1232 4565 1374 4645 intus
1397 4565 1576 4657 esset,
1609 4602 1661 4647 et
1690 4592 1821 4647 nihil
1861 4565 2090 4649 dicendo
2120 4565 2171 4624 θ

510 4686 645 4741 inira
677 4686 877 4740 dictum
901 4685 1119 4740 calicem
1141 4684 1289 4754 ponit
1314 4685 1557 4740 sacrista.
1594 4685 1779 4741 Postea
1805 4688 2093 4756 prtcdictns

513 4785 768 4839 diaconus
822 4780 1110 4836 cardinalis
1156 4780 1311 4835 offert
1356 4780 1667 4850 pra’dictum
1700 4783 1920 4837 calicem
1970 4800 2091 4838 cum

508 4891 657 4931 mero
672 4886 727 4929 et
741 4889 870 4943 puro
886 4876 1044 4940 vino;
1063 4884 1110 4926 ct
1130 4873 1481 4928 subdiaconus
1499 4875 1651 4930 offert
1667 4875 1954 4943 ampullam
1970 4890 2091 4930 cum

509 4984 645 5038 aqua
678 4982 839 5038 quam
872 4981 1005 5037 papa
1054 4965 1179 5020 vino
1236 4967 1604 5032 commisceat,
1659 4967 1789 5020 nihil
1820 4966 2086 5033 dicendo;

508 5073 559 5115 I'l
584 5071 793 5132 reputet
822 5059 961 5131 quod
987 5059 1083 5116 ista
1108 5060 1194 5115 die
1218 5069 1604 5115 emanaverunt
1622 5069 1954 5115 sacramenta
1990 5062 2089 5115 Ec-

508 5156 713 5221 clesiae,
744 5154 991 5209 videlicet
1018 5155 1235 5226 sanguis
1262 5160 1317 5209 et
1343 5168 1478 5224 aqua
1508 5153 1577 5208 de
1615 5168 1842 5225 corpore
1868 5154 2085 5211 Christi.

507 5243 564 5299 In
610 5244 925 5314 quibusdam
976 5260 1102 5300 vero
1149 5244 1413 5310 ecclesiis,
1464 5246 1759 5301 secundum
1808 5245 2084 5301 dominum

506 5335 761 5392 Jacobum
790 5338 1054 5406 Gaietani,
1086 5353 1275 5408 purum
1307 5338 1485 5392 vinum
1517 5337 1633 5393 sine
1673 5352 1810 5407 aqua
1837 5338 2086 5404 oti'ertur,

512 5435 570 5480 ut
600 5428 650 5481 in
681 5443 816 5499 puro
844 5439 896 5485 et
924 5429 1060 5485 ~forti
1103 5429 1395 5485 crudelitas
1438 5428 1745 5484 Judatorum
1788 5443 2085 5499 repraesen-

504 5526 641 5573 tetur
674 5534 727 5574 et
757 5523 1016 5587 asperitas
1040 5521 1299 5589 passionis
1321 5520 1537 5575 Christi.

580 5608 852 5664 Col‘ocato
897 5622 1072 5665 autem
1100 5627 1200 5679 per
1246 5615 1458 5667 modum
1491 5621 1802 5668 consuetum
1832 5612 1900 5668 ad
1944 5614 2081 5669 latus

504 5694 756 5750 dominici
805 5699 1043 5767 corporis
1074 5699 1284 5771 [calice]
1313 5718 1340 5755 a
1371 5703 1594 5757 diacono
1639 5702 1899 5759 cardinali
1942 5720 2077 5772 pra:-

2204 3318 2366 3373 citur.

2278 3409 2647 3466 Communicat
2675 3422 2856 3469 autem
2890 3415 3038 3471 solus
3070 3431 3203 3488 papa
3232 3418 3353 3474 sine
3382 3420 3668 3487 ministris,
3696 3436 3793 3478 nos

2204 3499 2270 3554 ad
2301 3500 2482 3555 sedem
2509 3502 2844 3572 solemniter,
2879 3505 2973 3561 sed
2998 3506 3070 3561 ibi
3104 3517 3308 3564 tantum
3338 3525 3404 3565 eo
3432 3512 3523 3568 die
3569 3523 3695 3567 ante
3723 3512 3792 3568 al-

2206 3599 2340 3660 ture,
2374 3593 2444 3648 ob
2488 3592 2845 3652 humilitatem
2892 3604 3210 3655 reverentiae
3256 3614 3310 3657 et
3343 3604 3614 3671 passionis
3641 3603 3791 3660 Chri-

2202 3682 2305 3748 sti;
2336 3694 2391 3740 et
2418 3700 2527 3741 non
2564 3701 2683 3743 cum
2723 3689 2950 3758 calamo,
2981 3692 3077 3748 sed
3107 3708 3231 3749 cum
3276 3696 3456 3751 calice
3482 3699 3654 3753 sumit
3681 3714 3799 3753 sau-

2201 3777 2416 3846 guinem
2441 3794 2455 3846 ;
2485 3789 2538 3836 et
2563 3780 2746 3836 vinum
2772 3793 2893 3854 post
2926 3787 3286 3856 sumptionem
3317 3790 3603 3859 sanguinis
3630 3792 3686 3845 in
3716 3807 3798 3847 cs-

2202 3870 2307 3926 lice
2344 3870 2585 3928 funditur
2626 3888 2720 3944 per
2760 3876 3064 3945 sacristam,
3114 3880 3196 3935 vel
3240 3880 3407 3935 alium
3457 3882 3796 3951 episcOpum,

2203 3964 2289 4032 qui
2322 3962 2421 4019 sibi
2450 3965 2500 4019 in
2552 3965 2710 4022 Missa
2766 3969 2971 4036 servit;
3022 3982 3076 4025 et
3120 3972 3351 4026 sumitur
3379 3988 3504 4028 cum
3544 3974 3719 4029 calice
3750 3976 3798 4029 in

2199 4068 2364 4107 cornu
2396 4056 2600 4122 altaris,
2636 4066 2688 4111 et
2716 4056 2912 4112 ibidem
2944 4072 3063 4113 cum
3109 4074 3270 4130 aqua,
3303 4061 3358 4115 in
3400 4061 3675 4117 bacilibus
3707 4080 3800 4133 per

2201 4161 2364 4200 unum
2394 4161 2425 4201 e
2452 4147 2616 4219 [‘95
2646 4148 2904 4206 militibus
2928 4151 3010 4206 vel
3043 4151 3346 4209 domicellis
3379 4164 3623 4224 portata,
3658 4157 3796 4211 lavat

2199 4253 2408 4293 manus.
2442 4238 2507 4293 Et
2534 4238 2729 4296 deinde
2770 4241 3031 4313 depositis
3062 4245 3128 4299 ad
3170 4245 3344 4301 altare
3372 4248 3646 4317 spinetlis,
3678 4264 3797 4305 cum

2199 4332 2395 4399 quibus
2424 4330 2671 4387 ﬁrmatur
2711 4333 2932 4402 pallium
2965 4344 3022 4390 et
3051 4335 3284 4407 planeta,
3317 4336 3467 4393 vadit
3494 4339 3563 4393 ad
3613 4342 3794 4396 sedem

2197 4424 2359 4475 a'tam
2384 4421 2600 4487 nudam,
2630 4433 2685 4478 et
2707 4424 2780 4478 ibi
2810 4424 3028 4495 deponit
3076 4438 3407 4510 parameuta,
3442 4440 3499 4485 et
3541 4447 3669 4485 cum
3698 4434 3794 4487 mi-

2198 4514 2378 4569 nistris
2407 4523 2464 4570 et
2504 4516 2796 4584 capellanis
2838 4532 2902 4573 ac
2946 4519 3156 4576 clericis
3204 4521 3317 4576 suis
3354 4522 3490 4576 dicit
3524 4524 3791 4592 VeSpcras

2195 4605 2297 4661 diei
2354 4608 2631 4676 praeteriti,
2679 4624 2787 4666 non
2827 4612 3113 4680 cantando,
3153 4614 3247 4669 sed
3314 4615 3573 4683 legendo,
3634 4617 3792 4671 etiam

2199 4700 2566 4770 Antiphonam
2594 4701 2818 4758 Calicem
2840 4705 3110 4775 salutaris,
3135 4721 3257 4762 cum
3286 4708 3405 4763 aliis
3437 4714 3795 4781 sequentibus

2197 4802 2249 4846 et
2274 4793 2521 4859 Psalmis,
2552 4804 2710 4863 prout
2740 4805 2864 4851 sunt
2900 4806 3099 4853 notata:
3130 4799 3184 4853 in
3210 4799 3491 4856 Breviario
3517 4803 3789 4869 Romano,

2196 4898 2412 4955 semper
2437 4885 2553 4941 sine
2592 4884 2794 4952 Gloria,
2820 4896 2875 4943 et
2902 4888 3020 4944 sine
3044 4889 3307 4961 Capitulo,
3358 4901 3415 4948 et
3443 4895 3566 4950 sine
3596 4894 3795 4950 Versu.

2197 4976 2307 5032 Nec
2340 4976 2525 5047 incipit
2545 4977 2910 5048 Antiphonam
2940 4980 3006 5035 ad
3041 4982 3346 5054 Magniﬁcat
3370 4986 3488 5055 ipse
3508 5000 3679 5055 papa,
3700 4986 3797 5042 sed

2196 5066 2375 5118 omnia
2405 5064 2658 5121 dicuntur
2689 5066 2935 5138 legendo.
2972 5069 3179 5138 Quibus
3206 5075 3515 5141 completis,
3542 5076 3754 5131 dicitur
3779 5094 3795 5129 :

2196 5153 2428 5212 Christus
2453 5161 2622 5228 factus
2651 5166 2725 5214 est
2746 5177 2843 5231 pro
2873 5164 3036 5230 nobis,
3062 5174 3195 5233 etc.,
3226 5174 3282 5221 et
3306 5166 3426 5223 sine
3452 5167 3647 5239 Hyrie,
3675 5170 3799 5223 elci-

2193 5268 2309 5319 son,
2333 5259 2389 5307 et
2413 5251 2512 5307 sub
2532 5251 2746 5308 silentio
2767 5253 2960 5309 dicitur
2988 5253 3146 5310 Pater
3170 5266 3363 5312 noster.
3391 5256 3462 5312 Et
3490 5268 3621 5313 nota
3646 5256 3794 5328 quod

2193 5353 2312 5410 post
2345 5340 2581 5397 Christus
2604 5343 2775 5411 factus
2820 5354 2914 5413 est,
2947 5354 3075 5410 etc.,
3107 5347 3287 5402 statim
3320 5362 3457 5418 papa
3500 5348 3795 5405 descendit

2174 5434 2255 5488 .de
2281 5422 2535 5489 eaihedra
2583 5450 2798 5507 magna,
2830 5447 2885 5493 et
2931 5439 3077 5493 vadit
3105 5437 3170 5493 ad
3202 5439 3343 5495 illam
3374 5449 3503 5495 ante
3545 5443 3792 5496 medium

2191 5526 2395 5591 altaris,
2425 5535 2479 5583 et
2505 5529 2700 5582 nudam
2730 5542 2852 5585 cum
2889 5530 3157 5599 scabello;
3189 5541 3243 5588 et
3270 5532 3342 5587 ibi
3369 5534 3603 5604 genibus
3633 5534 3791 5589 ﬂexis

2191 5616 2318 5671 dicit
2344 5617 2614 5674 Psalmum
2643 5620 2887 5675 Miserere
2901 5623 3014 5689 mei,
3047 5622 3206 5691 Deus,
3226 5633 3356 5690 etc.,
3378 5640 3488 5694 quo
3514 5627 3790 5695 completo

2188 5712 2305 5766 sine
2335 5708 2515 5766 Gloria
2541 5712 2708 5781 Patri,
2738 5714 2869 5769 dicit
2893 5705 3128 5772 (iremus.
3163 5717 3403 5788 Respice,
3433 5726 3543 5773 etc.

584 5805 690 5862 ﬂId
738 5816 886 5877 patet
930 5823 994 5864 ex
1038 5810 1421 5880 antiquioribus
1470 5815 1660 5873 libellis
1705 5816 1920 5876 Ordinis
1961 5818 2209 5891 Romani,
2239 5836 2373 5893 quos
2401 5837 2560 5896 supra
2594 5826 2893 5884 retulimus.
