3990 6314
206 395 322 450 1531

1376 386 1627 444 nonam
1667 380 1983 466 OllDINES.
2026 408 2095 420 -
2135 381 2246 436 xv.

3288 376 3427 431 152‘}.

265 499 542 559 Sciendum
590 507 670 552 est
696 499 838 555 enim
868 497 1007 568 quod
1042 498 1138 550 ista
1188 497 1273 550 die
1313 499 1475 549 servit
1517 510 1664 563 papre
1696 496 1745 546 in
1778 500 1825 552 Α
1853 489 2115 555 triplicem
2147 486 2419 539 candelam
2441 497 2719 538 accensam
2749 482 2814 536 de
2844 497 2979 536 novo
3006 482 3123 551 igne
3152 482 3422 537 illumina-

202 592 363 647 ollicio
386 588 644 655 capellani
692 602 824 639 unus
854 589 1132 655 presbyter
1170 586 1479 647 cardiualis,
1513 583 1757 639 videlicet

202 684 286 736 ille
314 678 390 732 cui
414 690 542 745 papa
571 675 859 740 mandavit,
885 676 969 729 vel
990 677 1075 730 cui
1107 676 1251 742 prior
1271 675 1611 727 diaconorum
1633 687 1750 725 caro

199 768 438 822 dinalium
488 779 551 818 ex
588 776 851 832 praecepto
884 780 1029 831 papa:
1069 763 1169 817 hoc
1198 762 1373 817 facere
1406 760 1751 815 commiserit.

199 856 476 924 EpiscOpus
503 860 679 906 autem
710 853 995 907 cardinalis
1039 856 1224 917 servit,
1265 852 1310 905 si
1357 866 1487 920 papa
1518 851 1752 904 celebret

196 945 362 999 hodie.
398 943 410 954 '

263 1031 490 1085 Peractis
519 1044 646 1099 ergo
677 1028 925 1083 omnibus
953 1028 1293 1097 supradictis,
1327 1042 1460 1096 papa
1487 1042 1608 1080 cum
1636 1026 1754 1093 plu-

199 1121 309 1176 viali
341 1120 508 1173 rubeo
558 1129 613 1172 et
662 1118 817 1173 mitra
857 1119 1010 1186 plana
1056 1117 1331 1185 przedicta,
1380 1118 1756 1171 comitantibus

192 1212 430 1269 omnibus
458 1209 817 1264 cardinalibus
861 1210 1059 1263 indutis
1103 1209 1284 1277 cappis
1315 1208 1504 1270 laneis,
1546 1208 1755 1262 duobus

194 1314 363 1357 tamen
397 1301 637 1355 diaconis
666 1300 1023 1354 cardinalibus
1048 1300 1432 1367 antiquioribus
1462 1297 1565 1351 sibi
1596 1298 1757 1351 assis-

192 1395 437 1458 tentibus,
475 1408 583 1445 uno
612 1409 639 1445 a
673 1390 898 1459 dextris,
941 1400 995 1445 et
1022 1390 1129 1443 alio
1173 1404 1201 1442 a
1234 1389 1488 1454 sinistris,
1517 1388 1662 1441 vadit
1686 1387 1753 1441 ad

190 1485 377 1538 dietam
422 1482 714 1536 fenestram
772 1482 821 1535 in
860 1497 961 1550 qua
1007 1481 1282 1534 consuevit
1310 1480 1438 1533 dare
1468 1478 1754 1547 indulgen-

194 1577 317 1629 tiam
346 1590 360 1636 ;
407 1580 462 1627 et.
496 1573 690 1626 ibidem
720 1573 770 1625 in
804 1570 1085 1639 prtesentia
1126 1570 1475 1624 cnrdinalium
1509 1570 1632 1622 facit
1662 1569 1755 1622 ab-

188 1666 505 1721 solutionem
555 1680 707 1718 more
747 1665 905 1718 solito
952 1673 1006 1718 et
1056 1663 1524 1725 Benedictiunem;
1572 1675 1753 1732 postea

183 1756 279 1809 dat.
313 1755 695 1823 indulgentiam
726 1755 920 1823 popqu
968 1764 1021 1807 et
1065 1755 1312 1807 omnibus
1357 1754 1747 1820 assistentibus,

1860 591 1965 634 tam
2010 582 2291 635 habentem
2320 597 2334 643 ;
2358 589 2409 633 et
2438 578 2509 631 ibi
2532 576 2938 647 genuﬂemeudo
2967 578 3232 643 aruud'iui,
3256 578 3429 633 eleva.

1858 672 1929 726 tis
1956 671 2225 739 paululum
2278 670 2524 723 manibus
2550 683 2668 721 cum
2701 668 2983 733 arundine,
3014 667 3140 721 dicit
3167 668 3431 726 mutando

1860 764 2053 816 Lumen
2082 761 2304 825 Clir‘sn;
2335 770 2383 813 et
2424 758 2868 827 respondentibus
2897 760 3143 813 omnibus
3170 760 3289 812 aliis
3323 758 3429 811 Deo

1857 854 2071 920 gratias,
2103 852 2245 905 vadit
2276 851 2423 918 quasi
2454 850 2517 903 ad
2548 859 2752 917 portam
2776 849 3037 916 regiarum
3068 848 3346 912 dictarum,
3375 859 3433 904 et

1862 942 1931 996 ibi
1950 944 2186 996 secundo
2213 941 2542 1012 genuﬂectit,
2576 950 2628 994 et
2656 920 2774 1010 plus
2798 942 2957 993 solito
2988 941 3232 995 manibus
3256 943 3433 995 eleva-

1862 1034 1927 1084 tis
1960 1048 2141 1086 vocem
2188 1033 2353 1099 magis
2394 1032 2653 1085 elevando
2702 1031 2833 1108 dicit
2881 1029 3082 1086 Lumen
3124 1031 3350 1095 Christi;
3378 1041 3434 1085 et

1859 1124 2109 1175 omnibus
2132 1122 2579 1189 respondentibus
2608 1120 2714 1173 Deo
2739 1121 2951 1190 gratias,
2986 1123 3322 1188 postmodum
3348 1137 3431 1173 va-

1860 1213 1937 1263 dit
1983 1227 2152 1279 usque
2188 1220 2311 1264 ante
2359 1213 2547 1273 altare,
2592 1217 2647 1263 et
2684 1210 2753 1262 ibi
2790 1210 2949 1262 tertio
3002 1212 3327 1278 genuﬂectit,
3376 1218 3433 1265 et

1860 1301 1977 1367 plus
2006 1303 2228 1353 elevatis
2256 1300 2522 1365 manibus,
2566 1299 2827 1353 elevando
2871 1315 3057 1352 vocem
3107 1303 3270 1366 magis
3303 1303 3431 1354 dicit

1860 1388 2054 1439 Lumen
2086 1389 2311 1451 Christi;
2344 1398 2397 1440 et
2428 1389 2674 1440 omnibus
2705 1390 3156 1455 respondentibus
3184 1388 3291 1441 Deo
3312 1407 3431 1460 gra-

1859 1477 1979 1543 tias,
2014 1487 2194 1544 postea
2225 1478 2468 1530 ascendt
2491 1477 2556 1530 ad
2592 1479 2847 1544 pulpitum
2881 1479 3220 1543 adornatum,
3255 1492 3307 1535 et
3336 1484 3430 1536 ab-

1858 1572 2029 1623 siilute
2069 1569 2252 1638 incipit
2286 1570 2716 1623 lletiedictionem
2762 1571 2926 1633 cerei,
2963 1583 3017 1623 et
3058 1576 3323 1625 cantando
3348 1575 3431 1627 di-

1859 1675 2009 1727 cens,
2039 1674 2093 1714 ut
2139 1660 2398 1729 sequitur,
2432 1658 2668 1714 Exsultat
2696 1662 2806 1728 iam
2847 1662 3081 1731 angelica
3106 1664 3255 1716 turba
3282 1669 3431 1719 rato-

1857 1769 1995 1818 rum,
2021 1755 2383 1806 continuando
2410 1753 2576 1820 ipsam
2619 1754 3049 1808 Beuedictionem
3078 1770 3244 1822 usque
3271 1758 3338 1810 ad
3366 1757 3431 1810 ﬂ-

182 1846 429 1900 videlicet
475 1847 543 1898 de
575 1861 646 1899 νη
680 1846 833 1899 annis
861 1855 915 1900 et
955 1862 1023 1899 vn
1051 1847 1439 1914 quadragenis:
1470 1861 1624 1915 quam
1666 1848 1749 1899 in-
1788 1864 1831 1920 Β
1859 1857 2001 1909 nem,
2029 1855 2083 1897 et
2108 1853 2346 1912 tempore
2374 1844 2554 1899 debito
2592 1852 2861 1913 ponuntur
2891 1859 2987 1913 per
3018 1844 3187 1912 ipsum
3238 1847 3432 1901 diaco-

179 1935 504 2004 dulgentiam
539 1933 840 2003 pronuntiat
878 1932 945 1988 de
973 1935 1223 1988 mandato
1256 1949 1403 2002 papa:
1437 1935 1615 2003 junior
1638 1935 1747 1989 dia-

179 2039 341 2078 conus
380 2026 694 2088 cardinalis,
738 2026 818 2078 vel
865 2024 955 2079 ille
987 2028 1071 2079 cui
1124 2040 1256 2093 papa
1286 2025 1636 2079 mandaverit.
1689 2026 1756 2078 Et

177 2126 359 2182 postea
391 2115 557 2167 intrat
588 2115 638 2166 in
687 2129 952 2168 cameram
1002 2129 1176 2179 suam,
1227 2116 1278 2167 iu
1310 2131 1412 2180 qua
1444 2113 1675 2183 pluviale
1700 2122 1756 2166 et

178 2202 389 2258 mitram
416 2205 661 2271 deponit,
693 2214 746 2259 et
778 2216 953 2258 vestes
993 2214 1275 2258 consuetas
1313 2203 1522 2272 recipit,
1555 2214 1608 2257 et
1638 2217 1758 2257 car-

174 2300 378 2353 dinales
434 2300 643 2367 absque
701 2296 1132 2352 confabulatione
1183 2298 1247 2351 ad
1302 2296 1515 2366 propria
1576 2310 1756 2350 rever-

174 2399 370 2442 tuntur.

421 2477 707 2532 LXXVIII.
751 2476 828 2530 De
857 2478 1032 2546 ofﬁcio
1063 2478 1278 2532 Snbbati
1315 2482 1501 2532 sancti.

240 2572 552 2627 Notandum
586 2573 725 2640 quod
757 2573 844 2627 die
871 2574 1103 2629 Sabbato
1125 2585 1331 2642 sancto,
1362 2574 1417 2631 in
1446 2576 1627 2646 vigilia
1657 2577 1758 2631 Pa-

170 2665 333 2726 scbze,
379 2672 676 2733 antequam
723 2663 974 2719 dominus
1007 2681 1136 2735 papa
1178 2667 1354 2720 veniat
1382 2670 1448 2720 ad
1498 2668 1756 2735 capellam

172 2771 265 2808 seu
284 2756 577 2810 ecclesiam
610 2771 704 2822 pro
730 2756 904 2811 oltlcio
938 2756 1197 2821 faciendo,
1234 2759 1313 2811 bis
1344 2759 1485 2813 venit
1513 2762 1579 2813 ad
1610 2758 1759 2814 lene.

170 2855 336 2897 stram
364 2860 463 2912 pro
495 2844 816 2914 indulgentia
846 2844 1017 2899 danda
1043 2861 1190 2900 more
1213 2845 1372 2899 solito
1406 2847 1625 2917 populo,
1654 2849 1759 2904 sci-

172 2933 302 2989 licet
331 2936 401 2990 de
438 2951 598 2989 mane
627 2936 815 2999 semel,
848 2947 901 2990 et
928 2951 1073 3000 sero,
1105 2951 1224 2990 cum
1254 2940 1363 2991 vult
1394 2939 1470 2992 ire
1496 2940 1561 2994 ad
1582 2942 1761 3010 capel-

169 3027 275 3080 lam
309 3043 410 3095 pro
440 3027 621 3096 officio
646 3027 922 3091 faciendo;
950 3038 1004 3081 et
1033 3029 1266 3093 qualibet
1289 3031 1405 3084 vice
1432 3040 1609 3099 portat
1640 3034 1760 3101 plu-

167 3116 304 3172 viale
336 3118 568 3171 rubeum
593 3126 646 3171 et
668 3117 880 3171 mitram
905 3118 1113 3186 planam
1142 3127 1195 3172 et
1223 3120 1399 3173 albam
1429 3120 1497 3175 de
1518 3124 1759 3191 garuello

1858 1948 1982 1987 num
2035 1934 2358 1987 cardinalem
2418 1935 2652 2003 quinque
2713 1948 2877 2003 grana
2929 1935 3128 1988 incensi
3183 1936 3233 1989 in
3284 1937 3431 1990 dicto

1856 2037 2013 2078 ceree
2043 2023 2109 2077 ad
2140 2024 2352 2077 modum
2380 2026 2574 2078 crucis.
2624 2022 2816 2076 Postea
2851 2034 3088 2092 tempore
3120 2025 3301 2079 debito
3330 2043 3431 2080 ac-

1861 2112 2123 2165 cendatur
2168 2127 2357 2167 cereus
2402 2114 2470 2166 de
2523 2115 2642 2182 igne
2689 2129 2827 2168 novo
2874 2115 3145 2181 praediolo,
3182 2116 3341 2182 prout
3380 2119 3431 2171 in

1861 2207 2087 2259 rubricis
2115 2205 2167 2258 in
2214 2207 2354 2259 dicta
2407 2207 2785 2262 Benedictione
2815 2210 2997 2276 positis
3048 2213 3352 2279 praecipitur
3379 2224 3432 2265 et

1858 2296 2157 2350 mandatur.

1933 2389 2087 2442 Facta
2130 2390 2285 2458 igitur
2315 2388 2685 2443 Benedictione
2710 2389 2873 2455 cerei,
2900 2405 3031 2459 papa
3061 2392 3335 2447 descendit
3359 2394 3429 2448 de

1859 2478 1985 2533 sede
2016 2476 2131 2545 illa,
2158 2491 2211 2533 et
2235 2480 2376 2533 vadit
2401 2481 2481 2539 ad,
2503 2480 2864 2536 revestiarium
2887 2482 3042 2551 longe
3065 2484 3132 2537 ab
3151 2486 3305 2541 altari
3332 2501 3430 2554 pa-

1861 2579 2057 2637 ratum,
2087 2572 2135 2625 si
2163 2573 2263 2638 sit;
2296 2574 2428 2626 alias
2459 2588 2608 2640 vero,
2640 2573 2685 2627 si
2718 2588 2822 2626 non
2853 2574 2942 2636 sit,
2991 2574 3187 2629 ibidem
3218 2579 3427 2633 calcea-

1863 2670 1947 2712 tur
1973 2660 2234 2727 sandalia,
2268 2662 2492 2731 legendo
2517 2663 2683 2728 Quam
2705 2664 2909 2729 dilecta,
2939 2680 3059 2734 qua:
3087 2666 3281 2721 debent
3308 2681 3429 2725 esse

1860 2748 1982 2801 alba
2010 2764 2129 2803 cum
2154 2751 2337 2818 perlis,
2361 2751 2482 2819 quia
2507 2767 2569 2806 ea
2598 2768 2702 2805 non
2738 2762 2925 2808 mutat.
2959 2754 3160 2810 Deinde
3193 2756 3428 2813 induitur

1862 2838 2007 2892 omni
2028 2851 2219 2893 ornatu
2243 2855 2341 2895 suo
2368 2842 2810 2910 quadragesimali
2834 2844 3053 2899 violacei
3081 2847 3295 2913 coloris,
3324 2850 3429 2903 sci-

1863 2929 1988 2983 licet
2015 2930 2130 2984 alba
2158 2931 2359 3000 absque
2384 2934 2726 2999 parameutis,
2758 2934 3023 2989 cinctorio
3050 2944 3105 2989 et
3133 2937 3429 2991 succincto-

1863 3021 1944 3074 rio
1972 3020 2076 3074 albi
2118 3022 2335 3085 coloris,
2379 3022 2654 3090 pectorali,
2700 3026 2911 3089 tanone,
2940 3028 3076 3078 stola
3117 3041 3239 3081 cum
3268 3029 3431 3096 periis

1863 3109 1941 3179 (et
1970 3110 2070 3163 ista
2092 3125 2196 3164 non
2222 3113 2433 3181 mutat),
2466 3113 2738 3178 tunicella,
2766 3114 3047 3168 dalmatica
3070 3116 3300 3172 violacea
3327 3120 3432 3189 (iu-

166 3208 290 3262 siue
338 3208 635 3262 aurib‘isiis
678 3220 731 3263 et
759 3210 938 3278 periis.
982 3210 1095 3278 Ipsa
1143 3214 1302 3265 etiam
1347 3213 1432 3268 die
1458 3216 1756 3271 extrahitur

1865 3202 2074 3256 tcrdum
2100 3212 2275 3258 vestes
2311 3204 2441 3257 istas
2468 3204 2605 3258 duas
2627 3217 2844 3274 propter
2865 3208 3081 3262 taedium
3103 3210 3431 3277 exspoliandi

160 3299 306 3366 ignis
341 3314 519 3353 novus
547 3301 615 3353 de
640 3300 894 3368 crystallo
923 3300 1002 3354 vel
1045 3301 1151 3355 alio
1182 3302 1376 3372 lapide,
1407 3314 1459 3359 et
1487 3306 1757 3361 benedici.

159 3398 250 3443 tur
277 3391 333 3443 in
362 3391 596 3457 capella,
630 3403 893 3459 praesente
918 3394 1135 3447 domino
1167 3410 1322 3463 papa,
1368 3412 1461 3465 per
1482 3397 1752 3467 juniorem

154 3482 553 3548 presbyterum
600 3480 923 3533 cardinalem
991 3484 1159 3537 sacris
1205 3484 1446 3540 indutum
1498 3491 1754 3556 vestibus,

154 3586 286 3624 cum
322 3583 499 3622 cruce
554 3580 606 3622 et
651 3583 785 3635 aqua
821 3569 1095 3625 benedicta
1145 3582 1199 3626 et
1241 3576 1483 3643 incenso,
1532 3579 1757 3647 legendo

154 3660 472 3715 Orationes
495 3660 611 3713 sine
638 3672 780 3712 nota.
811 3661 950 3729 Ignis
974 3663 1298 3719 benedicitur
1320 3679 1603 3735 antequam
1624 3687 1757 3740 papa

161 3751 355 3804 veniat
385 3750 459 3801 ad
489 3749 767 3816 capellam.

232 3840 387 3893 Hora
422 3853 556 3892 vero
583 3839 779 3906 debita,
814 3841 1060 3896 omnibus
1091 3844 1359 3911 praedictis
1406 3846 1577 3915 primo
1615 3862 1761 3901 com-

155 3929 353 3999 pletis,
390 3935 456 3981 ut.
495 3929 694 3982 dictum
724 3940 825 3995 est,
870 3946 1001 4000 papa
1036 3932 1248 3988 indutus
1289 3946 1467 3990 manto
1504 3940 1672 3993 rnbeo
1708 3952 1762 3993 et

157 4036 283 4073 cum
338 4018 509 4071 mitra
542 4019 789 4087 praedicta
839 4022 987 4074 venit
1037 4022 1103 4075 ad
1151 4025 1575 4093 capellam,cum
1614 4042 1763 4082 asso-

161 4111 459 4163 ciantibus
487 4109 846 4166 cardinalibus
868 4113 956 4180 qui
980 4123 1102 4167 sunt
1128 4114 1197 4166 ibi
1230 4116 1278 4167 in
1311 4131 1524 4171 camera
1552 4130 1673 4171 cum
1698 4133 1764 4173 eo

161 4209 504 4268 praesentes,
534 4216 653 4254 cum
679 4202 885 4258 duobus
910 4207 1298 4273 antiquioribus
1325 4209 1563 4264 diaconis
1590 4214 1764 4265 cardi-

156 4290 388 4343 nalibus
450 4290 553 4343 sibi
602 4291 1189 4366 assistentibus,496
1212 4307 1270 4350 ut
1301 4300 1466 4353 moris
1504 4311 1606 4365 est,
1661 4318 1765 4354 uno

156 4394 188 4433 a
213 4379 465 4443 dextris,
498 4391 551 4434 et
588 4381 693 4434 alio
721 4398 751 4435 a
799 4386 1063 4450 sinistris;
1097 4398 1151 4440 et
1193 4388 1435 4458 deposita
1464 4394 1565 4445 sibi
1608 4395 1766 4448 mitra

153 4476 261 4533 per
312 4464 613 4518 diaconum
654 4465 977 4523 cardinalem
1024 4473 1112 4540 qui
1163 4482 1248 4526 est
1293 4489 1321 4526 a
1368 4477 1571 4531 dextris
1621 4478 1760 4546 ejus,

155 4553 323 4609 ﬂevis
342 4554 581 4622 genibus
605 4565 723 4607 orat
750 4557 1137 4626 aliquantulum
1165 4571 1288 4614 ante
1333 4564 1520 4629 altare,
1554 4567 1642 4620 ubi
1681 4579 1764 4623 est

153 4646 435 4700 cathedra
469 4661 590 4699 cum
634 4648 867 4703 scabello
906 4664 959 4704 et
1001 4655 1258 4719 pulvinari
1292 4671 1493 4724 parata.
1533 4662 1598 4715 Et
1629 4663 1765 4716 facta

154 4739 441 4790 Oratione
492 4739 660 4807 surgit
706 4748 761 4793 ct
788 4741 933 4795 vadit
979 4744 1044 4797 ad
1097 4745 1280 4800 sedem
1311 4763 1460 4801 suam
1494 4768 1761 4821 magnam.

153 4825 413 4891 quodam
452 4839 631 4893 panno
684 4829 845 4881 nobili
898 4844 1240 4900 Conpertum;
1292 4850 1346 4890 et
1378 4843 1613 4907 reposita
1663 4846 1764 4897 sibi

156 4916 329 4968 mitra
363 4918 552 4969 sedet.
587 4916 781 4972 Deinde
814 4924 1027 4976 veniunt
1078 4927 1377 4983 cardinales
1418 4948 1567 4987 more
1608 4937 1769 4989 solito

156 5008 227 5061 ad
260 5010 642 5062 reverentiam
674 5027 840 5079 νίψω.
884 5015 994 5079 Qua
1038 5022 1340 5074 reverentia
1385 5022 1542 5088 facta,
1586 5026 1767 5093 junior

150 5099 448 5152 diaconus
479 5100 763 5155 cardiualis
792 5106 878 5171 qui
905 5105 1395 5168 debetbenedicere
1424 5130 1657 5178 cereum.
1685 5120 1769 5171 iu-

156 5191 339 5242 dutus
378 5192 713 5257 paraineniis
735 5194 892 5261 albis,
927 5197 1172 5253 Videlicet
1194 5204 1414 5269 amictu,
1444 5210 1771 5277 superplicio

154 5282 393 5348 stricto,
431 5283 578 5346 alba,
601 5288 758 5349 stula,
785 5289 1055 5355 tunicella,
1081 5292 1362 5349 dalmatica
1395 5307 1448 5352 (-t
1477 5302 1768 5369 manipulo,

158 5372 283 5423 exit
320 5373 514 5438 regias
536 5375 755 5439 capella:
781 5393 794 5440 ;
821 5390 870 5431 et
904 5382 1326 5447 pra-cedentibus
1360 5401 1479 5439 eum
1513 5391 1771 5444 ministris

153 5475 289 5513 cum
315 5474 520 5525 cruce,
571 5468 1047 5524 coiicmnitantibus
1077 5486 1195 5525 eum
1236 5477 1524 5543 capellanis
1563 5490 1614 5531 et
1645 5494 1770 5531 can-
1838 5478 1841 5481 ’

157 5549 391 5604 toribus
423 5560 484 5604 et
513 5554 725 5622 reliquis
751 5556 819 5610 de
839 5559 983 5612 clero
1023 5573 1075 5613 et
1103 5565 1312 5632 p0pnlo,
1348 5568 1493 5620 vadit
1525 5572 1672 5638 quasi
1702 5572 1767 5623 ad

156 5642 336 5693 tinem
362 5643 618 5709 capellzc,
654 5656 707 5699 et
739 5647 927 5717 recipit
954 5651 1022 5704 de
1055 5668 1215 5729 manu
1248 5656 1479 5726 acolythi
1514 5662 1594 5713 vel
1625 5659 1769 5714 mini-

155 5731 262 5784 stri
312 5734 645 5788 arundinem
693 5740 847 5791 trium
881 5731 1179 5798 cubitorum
1230 5756 1284 5800 et.
1329 5748 1530 5804 dimidii
1579 5755 1765 5820 cubiti,

484 5829 749 5890 Parnm.
801 5834 1123 5896 LXXVIII

1861 3302 1915 3347 et
1944 3294 2196 3349 induendi
2227 3296 2453 3349 Romani
2486 3297 2765 3366 pontifices
2794 3312 3188 3356 consueverunt.
3219 3314 3432 3371 portare

1859 3384 1967 3437 albi
1995 3386 2213 3452 coloris,
2243 3398 2611 3443 verumtamen
2643 3397 2811 3445 totum
2841 3401 2947 3446 stat
2978 3394 3031 3447 in
3078 3394 3210 3449 bene
3242 3396 3433 3465 placito

1858 3480 2097 3547 eorum),
2131 3480 2344 3549 planeta
2380 3482 2613 3538 violacea
2657 3498 2754 3552 per
2791 3486 3074 3541 diaconum
3105 3491 3433 3545 cardinalem

1860 3569 1948 3636 qui
1982 3570 2106 3624 fecit
2135 3571 2570 3629 Benedictionem
2610 3579 2777 3642 cerei,
2804 3586 3034 3632 stantem
3083 3581 3133 3633 in
3166 3582 3282 3636 alba
3315 3592 3433 3636 tan-

1864 3668 1978 3713 tum
2022 3677 2144 3716 cum
2193 3665 2353 3719 stola.
2404 3666 2472 3720 Et
2514 3678 2796 3737 postquam
2830 3685 2962 3740 papa
2990 3672 3327 3729 chirothecas
3357 3676 3435 3729 in-

1865 3752 2061 3816 duerit,
2092 3770 2283 3810 omnes
2318 3759 2620 3815 cardinales
2651 3773 2958 3828 paramenta
3006 3780 3100 3818 sua
3154 3768 3436 3836 recipiunt,

1866 3841 2117 3897 videlicet
2164 3847 2401 3912 episcopi
2445 3857 2672 3913 cottam,
2704 3852 2953 3907 amictum
2992 3854 3178 3920 latum,
3227 3866 3281 3911 et
3321 3859 3438 3926 plu-

1868 3930 2060 3994 vialia,
2113 3933 2205 3985 sed
2255 3935 2494 4002 planetas
2542 3940 2760 3993 violacei
2808 3942 3003 3996 coloris
3045 3946 3345 4012 recipiunt;
3385 3958 3439 4002 et

1868 4022 2026 4076 etiam
2077 4024 2194 4092 ipse
2245 4024 2503 4081 diaconus
2542 4031 2831 4085 cardinalis
2873 4035 2961 4101 qui
3014 4037 3182 4090 induit
3220 4053 3435 4106 papam,

1872 4129 2001 4182 papa
2062 4116 2267 4183 induto,
2317 4119 2485 4173 induit
2535 4121 2750 4178 sibimet
2797 4127 3062 4194 planetam
3120 4132 3437 4199 violaceam,

1869 4206 2006 4258 sicut
2026 4215 2079 4260 et
2098 4207 2187 4261 alii
2211 4209 2421 4264 diaconi
2443 4212 2777 4280 cardinales;
2802 4218 3160 4274 subdiaconus
3182 4237 3309 4277 vero
3331 4240 3437 4279 non

1871 4297 2103 4364 planeta,
2133 4301 2228 4355 sed
2254 4302 2505 4357 tunicella
2532 4306 2652 4358 alba
2682 4306 2847 4360 utitur
2879 4309 2932 4362 in
2963 4320 3072 4363 toto
3093 4311 3271 4369 ofﬁcio
3298 4324 3352 4369 et
3383 4317 3436 4370 in

1870 4390 2054 4458 Missa,
2098 4404 2155 4446 ut
2197 4397 2365 4463 magis
2403 4397 2474 4449 sit
2505 4400 2832 4467 compositus
2885 4413 2940 4457 et
2966 4407 3245 4475 expeditus
3272 4411 3337 4464 ad
3369 4413 3439 4466 le-

1869 4483 2095 4548 gendum
2141 4485 2419 4548 lectiones,
2466 4499 2518 4541 et
2560 4489 2659 4541 alia
2688 4507 2806 4558 quae
2853 4493 2948 4547 sibi
2981 4495 3067 4550 illa
3097 4499 3184 4551 die
3229 4503 3434 4568 agenda

1804 4598 1847 4653 υ
1874 4570 2204 4627 incumbunt.
2258 4574 2518 4631 Omnibus
2542 4576 2702 4649 497
2737 4587 3058 4647 paramentis
3090 4591 3340 4657 receptis,
3380 4602 3438 4647 et

1876 4664 2029 4715 mitra
2058 4680 2206 4733 papa:
2237 4668 2496 4736 praedicta
2540 4673 2767 4742 reposita
2802 4688 2895 4740 per
2921 4675 3121 4730 dictum
3152 4679 3436 4736 diaconum

1873 4754 2221 4821 cardinalem,
2277 4759 2466 4827 recipit
2493 4764 2736 4827 anuulos,
2762 4765 2966 4820 scilicet
3000 4771 3356 4837 pontiﬁcalem
3383 4786 3441 4830 et.

1877 4846 2161 4910 minorem,
2185 4849 2251 4903 de
2294 4866 2454 4906 manu
2477 4852 2716 4922 episcopi
2747 4848 2828 4909 vel
2865 4860 3156 4930 presbyteri
3188 4866 3436 4919 cardina-

1878 4938 1939 4991 Iis
1984 4939 2083 4993 sibi
2125 4940 2177 4993 in
2218 4942 2395 4996 oI’licio
2446 4947 2528 4999 vel
2557 4951 2606 4999 in
2649 4949 2805 5002 Missa
2850 4957 2917 5003 de
2959 4953 3092 5007 libro
3134 4958 3434 5013 servientis.

1880 5028 2081 5083 Deinde
2131 5046 2260 5099 papa
2292 5036 2653 5099 processional
2678 5047 2758 5093 ter
2791 5042 2932 5095 vadit
2970 5047 3034 5095 ad
3071 5046 3253 5101 sedem
3288 5062 3439 5104 suam

1878 5132 2120 5183 magnam
2147 5122 2454 5187 praedictam
2489 5126 2644 5194 longe
2670 5130 2738 5181 ab
2767 5131 2918 5184 altari
2948 5147 3067 5187 cum
3091 5136 3325 5205 silentio,
3358 5155 3442 5193 as~

1875 5206 2189 5264 sisteutibus
2210 5212 2310 5266 sibi
2342 5215 2549 5268 duobus
2586 5217 2829 5274 diaconis
2865 5223 3223 5281 cardinalibus
3252 5229 3443 5296 praedi-

1876 5299 1976 5352 ctis
2000 5303 2409 5370 antiquioribus.
2448 5308 2561 5363 Hoc
2597 5326 2727 5366 sane
2775 5314 3066 5384 intelligas,
3123 5322 3167 5372 si
3198 5320 3445 5377 induatur

1877 5390 1928 5443 in
1955 5395 2192 5449 sacrario
2222 5412 2316 5451 seu
2348 5404 2682 5471 revestiario,
2707 5406 2901 5460 ibidem
2933 5410 3092 5464 etiam
3118 5413 3195 5467 sic
3232 5429 3444 5481 proces-

1876 5484 2156 5540 sionaliter
2185 5488 2349 5543 vadit.
2401 5491 2558 5557 Quod
2605 5494 2653 5547 si
2684 5510 2815 5563 papa
2847 5498 3097 5555 induatur
3127 5503 3179 5559 in
3214 5506 3322 5570 ipsa
3354 5522 3444 5561 ca«

1882 5574 2088 5642 thedra,
2118 5587 2171 5631 et
2213 5594 2315 5634 non
2369 5582 2423 5634 in
2483 5586 2818 5653 reveStiario,
2846 5589 3037 5645 ibidem
3085 5592 3246 5647 etiam
3301 5596 3445 5653 sedet

1878 5666 2086 5724 duobus
2116 5672 2353 5728 discurris
2381 5675 2748 5731 cardinalibus
2776 5692 2831 5734 et
2855 5682 3168 5753 presbytero
3195 5685 3450 5739 cardinali

1878 5757 1978 5812 sibi
2009 5760 2059 5812 in
2085 5761 2262 5817 ofﬁcio
2295 5776 2346 5819 et
2378 5766 2530 5821 Missa
2556 5772 2808 5825 servienti
2839 5786 2964 5827 ante
2994 5790 3114 5827 eum
3140 5790 3304 5829 suner
3333 5790 3437 5828 Sca-

2980 5867 3057 5923 £2
