3990 6316
551 334 683 391 1323

1213 331 1559 384 APPENDIX
1601 329 1689 383 AD
1726 329 1785 383 S.
1826 326 2151 384 GREGORll
2190 327 2402 382 MAGNI
2440 322 2802 383 LlTURGlCA
2843 325 3093 383 OPERA.

3674 320 3839 377 5325

551 448 735 512 bellas,
767 454 825 498 ut
864 443 1028 496 moris
1057 448 1166 502 est;
1192 440 1310 494 aliis
1332 456 1459 493 vero
1492 440 1804 495 diaconibus
1835 439 2115 493 cardinali-
2143 440 2192 495 Α
2221 454 2380 492 manu
2406 454 2573 507 papas,
2605 448 2659 492 et
2688 453 2898 508 semper
2929 438 2982 492 in
3013 437 3189 492 dando
3215 446 3272 493 et
3294 436 3633 494 extrahendo
3657 450 3835 493 oscu-

550 536 650 592 btts
690 534 1005 587 ante-altare
1046 530 1098 581 in
1137 530 1253 581 loco
1297 529 1453 581 solito
1494 530 1823 584 sedentibus.
1862 530 2120 584 Similiter

550 639 809 682 etonmes
853 622 941 675 alii
981 621 1280 675 cardinales
1323 621 1512 673 sedent
1543 623 1594 674 in
1636 621 1768 674 locis
1797 622 1930 686 suis,
1965 628 2124 688 prout

548 728 629 771 ρει
654 722 986 769 ευηευιξωῖη.

613 809 801 861 Postea
826 819 961 858 unus
990 804 1055 855 de
1087 802 1294 855 clericis
1317 802 1535 870 capella:
1563 817 1656 855 seu
1687 801 1950 870 acolytliis
1974 800 2118 854 vadit

547 899 609 951 ad
645 896 898 963 pulpitum
933 894 1151 960 nudum,
1181 892 1266 945 ubi
1291 893 1445 945 debet
1467 908 1585 946 esse
1612 893 1745 946 liber
1768 892 2122 960 Epistolarum

548 996 763 1054 paratus
820 986 883 1038 ad
938 984 1215 1053 legendum
1260 982 1514 1035 lectiones
1565 999 1578 1033 :
1628 993 1681 1035 et
1727 982 1968 1035 absolute
2010 981 2127 1033 sine

549 1077 700 1128 titulo
749 1074 932 1142 incipit
979 1083 1033 1125 et
1088 1072 1212 1139 legit
1263 1070 1544 1124 lectionem
1582 1069 1647 1122 In
1691 1071 1939 1139 principio
1986 1067 2125 1121 Deus

546 1165 731 1216 crearit
762 1164 942 1216 cce/um
970 1172 1017 1214 et
1049 1171 1256 1224 terram,
1286 1170 1416 1225 ctc.,
1446 1170 1498 1212 et
1533 1160 1645 1227 ipsa
1688 1161 1910 1213 lectione
1956 1159 2123 1224 ﬁnita,

545 1255 589 1308 si
624 1268 755 1323 papa
787 1254 931 1316 velit,
963 1253 1179 1306 Graccus
1207 1251 1463 1304 diaconus
1508 1252 1634 1319 legit
1679 1266 1795 1305 eam
1830 1252 1884 1304 in
1915 1251 2123 1305 Graeco.

545 1347 656 1410 Qua
708 1343 995 1411 completa,
1049 1356 1182 1410 papa
1232 1341 1283 1395 in
1336 1341 1584 1409 praedicta
1632 1343 1760 1395 sede
1811 1341 2017 1405 stando,
2062 1354 2129 1393 ac

547 1434 787 1503 deposita
828 1433 876 1486 ei
922 1433 1076 1485 mitra
1127 1446 1221 1500 per
1264 1432 1544 1484 diaconum
1593 1430 1917 1484 cardinalem
1966 1430 2068 1483 sibi
2098 1445 2129 1482 a

548 1523 751 1578 dextris
781 1523 1138 1587 assistentem,
1162 1521 1287 1574 dicit
1316 1521 1564 1585 Oremus;
1595 1530 1647 1575 et
1676 1521 1929 1574 diaconus
1956 1520 2129 1574 cardi-

550 1616 684 1670 nalis
722 1617 806 1682 qui
848 1624 930 1668 est
960 1630 989 1667 a
1023 1614 1223 1667 dextris
1254 1627 1404 1680 papa:
1436 1613 1737 1667 immediate
1762 1614 1887 1667 dicit
1918 1612 2129 1666 Flecta-

550 1724 658 1761 mus
714 1722 913 1777 genua;
969 1705 1159 1758 deinde
1204 1705 1336 1757 alter
1386 1702 1475 1771 qui
1525 1710 1605 1755 est
1658 1717 1686 1754 a
1739 1702 1966 1755 sinistris
2005 1701 2132 1755 dicit

2226 528 2366 582 latur
2394 544 2608 582 manum
2640 543 2809 596 papae.

2293 618 2423 671 Nota
2467 619 2607 686 quod
2649 619 2703 671 in
2761 619 2967 672 rubrica
3016 619 3113 672 ista
3156 619 3428 673 modernis
3475 619 3835 686 temporibus

2226 709 2368 775 prior
2388 710 2758 777 episcoporum
2784 710 2869 763 vel
2902 710 3047 776 prior
3079 710 3537 779 presbyterorum,
3578 710 3667 764 vel
3695 710 3833 762 sub—

2223 799 2429 865 priores
2452 798 2505 851 in
2530 800 2761 866 priorum
2788 798 3046 861 absentia,
3075 814 3284 867 semper
3304 816 3453 867 papae
3486 801 3753 854 serviunt
3780 800 3833 851 in

2223 889 2367 942 dicto
2393 890 2570 943 ofﬁcio
2592 890 2873 958 capellani.
2903 890 2976 943 lta
3001 889 3105 942 vidi
3132 906 3230 955 ego
3258 894 3421 945 lrater
3438 891 3642 944 Petrus
3666 891 3837 941 Ame-

2226 981 2305 1047 lii,
2335 982 2724 1051 Senegaliensis
2750 982 3049 1051 episcopus,
3096 984 3369 1036 observari
3414 992 3668 1047 tempore
3722 981 3831 1032 do-

2225 1072 2352 1125 mini
2383 1071 2578 1126 Urbani
2599 1073 2791 1141 quinti,
2821 1071 3058 1140 Gregorii
3085 1072 3150 1125 Xl
3180 1082 3233 1125 et
3264 1071 3463 1125 Urbani
3503 1071 3566 1123 Vl
3618 1070 3829 1123 Roma—

2226 1180 2417 1219 norum
2470 1166 2813 1234 pontiﬁcum.’
2852 1166 3137 1232 Completis
3174 1178 3304 1218 vero
3344 1163 3728 1224 Orationibus,
3764 1163 3834 1214 le-

2228 1256 2490 1309 Ctionibus
2518 1266 2571 1310 et
2598 1256 2824 1324 Tractis,
2855 1255 3212 1308 subdiaconus
3268 1254 3521 1307 tunieella
3573 1252 3721 1313 alba,
3776 1260 3830 1303 ut

2233 1346 2555 1413 pracdicitur,
2590 1346 2801 1397 indutus
2828 1345 2971 1397 vadit
2997 1344 3061 1396 ad
3088 1347 3367 1411 pulpitum,
3422 1343 3515 1396 ubi
3567 1340 3833 1394 lectiones

2232 1436 2381 1488 lecta:
2410 1437 2650 1499 luerunt;
2681 1445 2733 1488 et
2758 1433 2829 1487 ibi
2857 1434 3120 1487 cantando
3148 1434 3276 1485 dvcit
3307 1432 3574 1491 litaniatn,
3634 1440 3693 1483 et
3722 1446 3830 1483 res-

2233 1528 2496 1593 pOndctur
2525 1527 2623 1581 sibi
2658 1542 2751 1595 per
2780 1540 2965 1580 omnes
2992 1525 3226 1593 qualibet
3269 1525 3403 1585 vice,
3448 1523 3620 1575 verba
3665 1522 3829 1589 ipsius

2233 1617 2546 1670 subdiaconi
2574 1625 2628 1670 et
2659 1618 2708 1668 in
2736 1614 2920 1668 eadem
2954 1624 3074 1667 nota
3105 1616 3413 1681 repetendo.
3474 1611 3534 1664 In
3566 1610 3829 1680 principio

2233 1707 2431 1760 litanim
2473 1721 2625 1775 papa,
2668 1706 2913 1773 deposito
2955 1705 3132 1772 pallio,
3184 1704 3445 1772 spinellis,
3503 1712 3561 1756 et
3592 1704 3822 1770 planeta,

551 1793 763 1856 ιευαιεξ
790 1801 843 1845 ει
872 1800 1049 1859 Postea
1073 1805 1203 1858 Papa
1230 1789 1357 1842 die“
1384 1786 1687 1841 oralionem
1712 1802 1829 1855 ειυω
1857 1788 2127 1853 compa“,
2161 1801 2207 1861 Β
2236 1796 2512 1849 descendit
2539 1796 2607 1848 de
2636 1795 2762 1849 sede
2791 1794 3063 1862 praedicta,
3110 1803 3163 1848 et
3209 1794 3352 1846 vadit
3393 1794 3459 1846 ad
3511 1793 3826 1845 cathedram

549 1894 603 1935 et
627 1882 829 1949 reliqua
852 1880 982 1934 ﬁunt
1008 1889 1063 1933 et
1093 1880 1338 1948 leguntur
1360 1887 1519 1947 prout
1548 1877 1598 1931 in
1630 1876 1826 1932 Missali
1854 1891 1948 1930 seu
1969 1877 2134 1931 Ordi-

555 1973 702 2025 nario
730 1981 851 2024 sunt
879 1981 1081 2023 notata.

555 2080 789 2136 LXXIX.
835 2079 897 2134 Si
938 2095 1072 2150 papa
1116 2079 1233 2132 velit
1276 2078 1481 2131 ordines
1525 2079 1710 2148 facere,
1741 2078 1821 2131 vel
1849 2074 2134 2129 cardinales

1182 2163 1495 2201 εοηδεενατε.

624 2241 922 2295 Notandum
952 2253 1080 2293 vero
1101 2240 1144 2293 si
1168 2253 1299 2308 papa
1321 2240 1448 2293 velit
1474 2239 1680 2307 aliquos
1696 2238 1912 2292 ordines
1933 2237 2128 2303 facere,

557 2340 611 2385 et
641 2331 846 2400 aliquos
874 2330 941 2384 de
969 2329 1327 2384 cardinalibus
1370 2330 1467 2382 hac
1503 2329 1591 2384 die
1639 2342 1980 2393 consecrare,
2035 2328 2135 2381 iate

556 2424 745 2477 modus
760 2422 1120 2477 observandus
1145 2430 1247 2476 est.
1276 2420 1456 2474 Primo
1484 2422 1617 2475 lecta
1643 2421 1811 2489 prima
1834 2419 2133 2488 prophetia,

559 2514 691 2567 ﬁunt
722 2514 954 2567 minores
979 2513 1193 2566 ordines
1223 2509 1275 2564 in
1308 2513 1436 2565 sede
1467 2512 1751 2579 praedicta;
1800 2518 1855 2563 et
1886 2510 2018 2563 lecta
2044 2522 2135 2564 se-

558 2605 728 2657 cunda
756 2601 1031 2672 pmphetia
1062 2601 1149 2653 alii
1191 2600 1409 2655 ordines
1464 2601 1822 2668 acolytltatus,
1880 2608 2036 2667 prout
2080 2598 2135 2652 in

560 2695 852 2749 Pontittcali
907 2692 1108 2748 domini
1182 2692 1455 2747 Guillelmi
1520 2690 1756 2745 Durandi
1815 2689 2134 2744 continetur.

564 2790 934 2844 Verumtamen
966 2784 1199 2841 Ecclesia
1233 2784 1469 2837 Romana
1510 2785 1669 2839 istum
1712 2786 1925 2838 modum
1956 2785 2139 2839 obser-

559 2894 690 2935 vare
734 2879 1029 2943 consuevit,
1073 2875 1214 2945 quod
1256 2876 1407 2930 lectis
1453 2891 1528 2929 xu
1586 2874 1876 2943 prophetiis
1905 2875 2139 2931 minores

558 2971 772 3025 ordines
810 2970 1218 3031 distribuuntur,
1263 2978 1316 3021 et
1351 2967 1494 3021 dicto
1532 2968 1716 3020 novies
1746 2964 1925 3035 Kyrie,
1951 2964 2140 3019 eleiaon

559 3078 679 3117 cum
708 3062 921 3127 litantis,
955 3070 1107 3128 prout
1138 3063 1189 3112 in
1224 3059 1420 3113 Missali
1446 3059 1769 3122 continetur,
1800 3065 1855 3111 et
1881 3057 2059 3111 Gloria
2088 3059 2141 3110 in

2235 1902 2413 1941 coram
2444 1886 2596 1940 altari
2622 1897 2858 1955 paratam
2886 1885 3264 1939 cum‘scabello
3290 1896 3343 1938 et
3373 1883 3668 1951 pulvinari,
3718 1884 3827 1933 mi-

2235 1988 2372 2032 tram
2399 1979 2699 2047 praedictam
2728 1986 2911 2030 tenens
2941 1976 2992 2029 in
3013 1977 3216 2045 capite;
3263 1983 3319 2027 et
3362 1976 3431 2028 tbi
3461 1983 3575 2027 stat
3602 1972 3828 2039 genibus

2235 2067 2405 2130 ﬂexis,
2450 2080 2727 2135 quousque
2774 2064 3107 2132 perveniatur
3151 2064 3218 2118 ad
3271 2064 3449 2118 locum
3493 2050 3597 2116 ubi
3637 2062 3830 2115 dicitur

2236 2154 2553 2220 Peccatores,
2578 2164 2625 2207 te
2652 2169 2893 2224 rogamus
2918 2154 3041 2206 audi
3069 2169 3180 2206 nos.

2307 2247 2454 2300 Tunc
2481 2261 2609 2300 vero
2638 2260 2771 2313 papa
2800 2259 3024 2315 surgens
3048 2245 3191 2298 vadit
3218 2243 3285 2298 ad
3317 2244 3480 2298 aliam
3514 2244 3825 2298 cathedram

2239 2335 2393 2405 longe
2421 2335 2487 2387 ab
2512 2334 2665 2388 altari
2693 2343 2947 2402 paratam,
2982 2333 3061 2387 vel
3089 2332 3152 2387 ad
3181 2333 3579 2394 rcvestiarium.
3628 2335 3675 2386 si
3723 2334 3825 2399 sit;

2236 2436 2287 2479 et
2318 2425 2574 2493 depositis
2603 2425 2924 2494 paranientis
2951 2426 3205 2479 violaceis
3245 2424 3540 2492 praedictis,
3590 2425 3827 2481 induitur

2238 2518 2352 2585 ipse
2383 2531 2511 2585 papa
2543 2518 2865 2585 paramentis
2889 2517 3026 2570 albis
3052 2526 3107 2571 et
3132 2516 3463 2571 solemnibus
3516 2531 3614 2585 per
3652 2518 3827 2572 diaco-

2238 2621 2363 2660 num
2394 2606 2716 2661 cardinalem
2747 2608 2835 2675 qui
2880 2604 3221 2675 Evangelium
3268 2616 3352 2661 est
3403 2607 3670 2661 dicturus.
3727 2608 3826 2674 Qui

2238 2698 2450 2767 quidem
2473 2698 2727 2753 diaconus
2753 2705 2964 2766 paratus
2983 2696 3140 2752 debet
3159 2710 3279 2752 esse
3308 2698 3642 2765 paramentis
3670 2698 3825 2765 albis,

2239 2790 2450 2857 quando
2473 2789 2641 2842 induit
2660 2803 2845 2858 papam
2865 2796 3023 2857 prout
3043 2798 3157 2843 erat
3179 2788 3229 2841 in
3251 2790 3394 2843 cerei
3426 2790 3824 2845 Benedictione.

2242 2877 2505 2932 Similiter
2533 2887 2587 2933 et
2630 2891 2817 2932 omnes
2855 2878 2943 2931 alii
2991 2878 3286 2931 cardinales
3334 2887 3653 2945 paramenta
3711 2880 3825 2933 alba

2240 2969 2527 3037 recipiunt,
2560 2969 2803 3022 videlicet
2832 2967 3067 3036 episcopi
3105 2967 3402 3021 cardinales
3444 2976 3673 3030 cottam,
3703 2970 3826 3022 ami-

2240 3069 2382 3113 ctum
2407 3059 2590 3126 latum,
2611 3058 2870 3126 pluviale;
2898 3057 3189 3127 presbyteri
3208 3072 3335 3109 vero
3354 3056 3661 3112 cardinales
3684 3058 3826 3111 simi-

563 3152 773 3208 excelsis
797 3150 904 3204 Deo
932 3153 1232 3212 decantato,
1275 3158 1396 3204 ante
1438 3149 1659 3217 primam
1690 3148 1980 3202 Collectam
2007 3148 2140 3202 ordo
2166 3166 2214 3230 ο
2245 3152 2383 3217 liter,
2427 3165 2530 3205 non
2572 3161 2745 3203 tamen
2788 3150 3056 3217 pluvialia,
3100 3149 3192 3202 sed
3239 3148 3483 3217 planetas
3517 3149 3823 3215 recipiunt;

562 3242 975 3298 subdiaconatus
1004 3238 1363 3303 distribuitur;
1387 3248 1440 3293 et
1471 3238 1687 3291 ultimus
1706 3237 1984 3292 ordinatus
2014 3239 2139 3308 legit

565 3332 863 3404 epistolam.
896 3330 1207 3385 Distributis
1256 3344 1382 3400 ergo
1424 3329 1717 3383 minoribus
1747 3325 2052 3391 Ordinibus,
2085 3337 2139 3383 et

562 3427 721 3479 etiam
771 3423 1190 3482 sulidiaconatu,
1241 3419 1393 3473 lectis
1442 3418 1804 3485 Orationibus,
1860 3419 2137 3487 Epistola,

565 3516 839 3576 Graduali,
888 3528 1054 3583 usque
1102 3511 1169 3566 ad
1218 3511 1459 3565 ultimum
1485 3510 1732 3578 Versum,
1783 3510 1865 3564 vel
1899 3509 2138 3573 Alleluia,

570 3618 726 3677 prout
751 3614 1000 3662 notantur
1045 3602 1221 3657 omnia
1252 3604 1305 3656 in
1334 3601 1667 3657 ordinatione
1693 3600 1904 3655 diaconi
1934 3609 1988 3654 et
2017 3614 2141 3669 pre-

566 3696 767 3767 sbyteri
796 3693 1097 3749 cardinalis.
1129 3690 1277 3744 Tunc
1304 3689 1709 3744 archidiaconus
1739 3696 2021 3757 praesentet
2049 3702 2142 3742 eos

570 3801 741 3858 papae.
772 3786 980 3841 Caetera
1024 3797 1210 3852 qurere
1237 3783 1289 3835 in
1319 3783 1436 3836 loco
1461 3797 1582 3837 suo.
1631 3782 1914 3837 Sciendum
1967 3790 2142 3836 tamen

572 3878 713 3947 quod
742 3876 948 3931 diaconi
979 3873 1277 3929 cardinales
1314 3872 1605 3927 secundum
1635 3871 1875 3926 ordinem
1912 3885 2060 3926 suum
2089 3872 2144 3925 in

571 3968 831 4039 principio
860 3965 1169 4023 Orationum
1205 3964 1551 4018 dicendarum
1593 3976 1687 4031 per
1725 3976 1912 4032 papam
1965 3962 2147 4016 dicunt

572 4059 868 4115 Flectamus
895 4074 1074 4129 genua,
1103 4066 1155 4111 et
1183 4056 1340 4110 etiam
1374 4054 1577 4121 Leonte,
1626 4053 1774 4125 juxta
1805 4054 2017 4108 modum
2054 4055 2147 4110 lte-

570 4164 804 4207 sternum
852 4151 903 4204 in
956 4150 1163 4204 rubrica
1210 4148 1552 4202 declaratum.
1611 4146 1809 4201 Omnes
1851 4161 1978 4201 vero
2032 4147 2148 4201 alia:

573 4246 827 4297 lectiones
865 4240 1109 4308 leguntur
1144 4252 1235 4307 per
1280 4238 1587 4306 capellanos
1617 4251 1766 4305 papa:
1814 4237 2148 4305 supcrpliciis

574 4346 774 4389 tantum
840 4348 999 4402 super
1061 4330 1317 4385 rocbettis
1380 4330 1626 4393 indutos;
1698 4328 1891 4397 quibus
1950 4330 2146 4394 lectis,

574 4429 739 4483 lector
793 4434 913 4494 post
951 4425 1109 4477 ﬁnem
1139 4437 1248 4476 sua:
1279 4420 1518 4475 lectionis
1546 4420 1688 4475 vadit
1710 4421 1776 4475 ad
1804 4421 2146 4476 osculandum

574 4518 755 4588 pedem
790 4530 958 4583 papae.
1268 4558 1273 4561 ,

574 4608 737 4678 [‘93
774 4603 986 4658 LXXX.
1030 4602 1105 4656 De
1135 4602 1424 4671 presbytero
1449 4602 1701 4657 cardinali
1721 4602 1953 4656 servienti
1981 4618 2147 4671 papae.

651 4700 724 4752 De
747 4696 1056 4767 presbytero
1084 4695 1336 4749 cardinali
1366 4694 1470 4747 isto
1496 4695 1581 4749 die
1610 4696 1874 4749 serviente
1896 4695 1948 4748 in
1972 4695 2150 4749 ofﬁcio

575 4790 832 4859 capellani
874 4786 1146 4842 sciendum
1196 4793 1280 4839 est
1307 4786 1447 4854 quod
1487 4785 1537 4838 in
1570 4795 1680 4839 toto
1704 4785 1880 4840 ollicio
1909 4786 2150 4840 hodierni

576 4882 681 4935 diei
722 4880 890 4935 servit
929 4892 1079 4946 papa:
1120 4877 1169 4929 in
1201 4874 1378 4931 ol’ﬁcio
1422 4876 1679 4945 capellani
1709 4891 1844 4931 unus
1876 4880 2154 4948 presbyter

575 4971 880 5031 cardinalis,
913 4968 1160 5022 videlicet
1208 4968 1297 5021 ille
1339 4966 1423 5021 cui
1483 4980 1613 5033 papa
1669 4968 2018 5032 mandaverit,
2070 4968 2150 5021 vel

578 5062 734 5115 alicui
778 5060 1010 5129 priorum
1039 5058 1380 5110 diaconorunt
1410 5054 1760 5109 cardinalium
1790 5070 1853 5109 ex
1887 5066 2153 5123 praecepto

578 5172 725 5226 papa:
782 5157 881 5207 hoc
940 5152 1111 5205 latere
1156 5150 1506 5215 commiserit,
1558 5149 1799 5203 videlicet
1846 5150 1912 5203 de
1970 5147 2104 5203 libro
2137 5190 2152 5215 ,

579 5247 790 5316 quando
834 5261 963 5315 papa
1010 5243 1135 5297 dicit
1176 5242 1345 5295 dictas
1386 5241 1684 5304 Orationes,
1730 5250 1844 5309 post
1865 5241 2157 5310 quamlibet

582 5342 861 5393 lt't'liont‘ltt
890 5349 1075 5391 tenens
1097 5336 1287 5389 librum
1310 5348 1466 5402 Supra
1482 5341 1639 5400 caput
1660 5347 1833 5397 suum,
1854 5346 1905 5388 ct
1930 5333 1980 5386 in
2002 5333 2159 5387 altari

580 5440 740 5483 etiam
772 5438 890 5496 post
930 5426 1285 5491 receptionetn
1335 5434 1760 5492 paramentomm
1812 5422 1967 5477 tradit
2010 5439 2156 5493 papa:

583 5519 829 5582 annulus,
860 5518 1060 5570 scilicet
1085 5516 1432 5583 pontiﬁcalem
1469 5524 1524 5568 et
1563 5514 1821 5568 minorem
1867 5514 1921 5568 in
1967 5518 2156 5570 eodem

582 5613 778 5681 digito;
820 5620 874 5663 et
918 5611 1077 5664 etiam
1122 5610 1331 5677 quando
1380 5625 1512 5679 papa
1562 5609 1780 5679 deponit
1826 5623 2157 5681 paramenta,

585 5701 705 5767 ipse
749 5699 1025 5771 presbyter
1073 5699 1353 5754 cardinalis
1394 5700 1583 5770 recipit
1620 5701 1790 5759 dictos
1820 5701 2044 5759 annulus
2091 5703 2158 5759 de

2242 3241 2450 3295 diaconi
2470 3255 2597 3294 vero
2616 3239 2915 3293 cardinales
2938 3249 2991 3292 et
3012 3239 3253 3292 similiter
3270 3240 3527 3293 amicrum
3560 3241 3821 3305 strictum,

2247 3334 2549 3388 tunicellam
2575 3344 2629 3386 et
2652 3332 2984 3386 dalmaticam
3014 3331 3292 3400 recipiunt,
3324 3342 3377 3386 et
3406 3347 3604 3387 omnes
3632 3336 3821 3401 praelati

2241 3424 2507 3494 pluvialia.
2556 3424 2760 3490 Quibus
2809 3425 3129 3491 paramentis
3184 3437 3277 3491 per
3330 3438 3521 3490 papam
3578 3426 3818 3492 receptis,

2245 3516 2532 3584 imponitur
2557 3514 2657 3568 sibi
2685 3515 2839 3567 mitra
2880 3512 3072 3567 nobilis
3117 3521 3171 3566 et
3214 3512 3496 3576 solemnis,
3546 3520 3605 3567 et
3652 3514 3828 3583 recipit

2242 3609 2428 3662 ambos
2478 3606 2704 3661 annulus
2742 3606 2810 3659 de
2849 3620 3007 3658 manu
3054 3603 3353 3673 presbyteri
3412 3604 3727 3669 cardinalis,
3776 3614 3826 3657 ut

2244 3710 2432 3765 supra;
2457 3706 2511 3751 et
2532 3679 2901 3751 assistentibus
2922 3695 3022 3750 sibi
3048 3695 3311 3763 prtedictis
3329 3694 3539 3747 duobus
3566 3697 3828 3763 antiquiu-

2246 3786 2393 3841 ribus
2423 3786 2661 3840 diaconis
2688 3783 3068 3851 cardinalibus,
3101 3796 3207 3837 uno
3242 3797 3274 3837 a
3316 3782 3548 3847 dextris,
3581 3785 3765 3837 etalio
3804 3799 3830 3835 a

2245 3878 2496 3942 sinistris,
2524 3876 2674 3931 vadit
2697 3875 3160 3944 processionaliter
3180 3874 3247 3929 ad
3273 3876 3473 3940 altare;
3494 3887 3551 3929 et
3581 3877 3831 3931 veniendo

2247 3980 2532 4025 occurrunt
2552 3969 2601 4024 ei
2629 3978 2738 4023 tres
2762 3970 3057 4039 presbyteri
3074 3968 3370 4023 cardinales
3393 3969 3567 4035 parati
3590 3985 3605 4033 ;
3629 3981 3681 4023 et
3706 3971 3832 4034 ipse,

2250 4067 2307 4111 ut
2336 4058 2498 4112 moris
2529 4069 2630 4127 est,
2663 4059 2852 4126 recipit
2877 4074 2970 4111 eos
2996 4058 3284 4112 secundum
3312 4059 3562 4111 ordinem
3591 4074 3747 4111 suum
3772 4060 3830 4110 ad

2249 4150 2487 4205 osculum
2516 4156 2625 4202 oris
2656 4158 2711 4203 et
2736 4148 2985 4217 pectoris.
3032 4148 3233 4202 Deinde
3265 4148 3408 4200 vadit
3448 4150 3515 4200 ad
3566 4151 3758 4207 alure.
3788 4159 3832 4200 rt

2253 4240 2379 4296 facit
2407 4240 2799 4295 confessionem
2826 4255 2974 4294 suam
3006 4254 3154 4295 more
3179 4238 3365 4304 Solito;
3397 4249 3450 4292 et
3480 4248 3673 4307 postea
3694 4256 3833 4292 ost—ty

2254 4334 2392 4387 latur
2440 4334 2626 4395 altare,
2674 4341 2728 4386 et
2781 4332 2976 4385 librum
3023 4330 3429 4399 Evangeliorum
3488 4331 3539 4382 in
3585 4330 3834 4398 principio

2255 4423 2522 4493 Evangelii
2549 4423 2760 4477 dicendi
2790 4423 2841 4476 in
2884 4422 3080 4488 Missa;
3120 4431 3175 4477 et
3201 4421 3359 4475 vertit
3392 4434 3455 4475 se
3495 4421 3562 4473 ad
3592 4421 3835 4475 diaconos

2180 4529 2230 4592 ι)
2254 4514 2417 4586 499
2439 4514 2756 4579 cardinales,
2800 4514 2887 4583 qui
2914 4528 3061 4567 more
3087 4513 3243 4567 solito
3290 4513 3490 4565 iaciunt
3518 4513 3567 4565 ei
3604 4529 3835 4567 reveren-

2257 4610 2403 4671 tiam,
2457 4614 2512 4661 et
2554 4620 2684 4674 papa
2737 4620 2830 4673 per
2862 4605 3101 4657 ordinent
3137 4616 3289 4657 suum
3318 4620 3411 4659 eos
3443 4605 3642 4671 recipit
3666 4604 3731 4657 ad
3759 4619 3835 4658 os-

2254 4699 2432 4754 culum
2462 4699 2571 4752 oris
2614 4708 2667 4751 et
2706 4697 2969 4766 pectoris;
3000 4709 3053 4750 et
3078 4696 3271 4751 exinde
3300 4697 3491 4767 recipit
3519 4698 3836 4751 tburibulum

2254 4794 2321 4847 de
2342 4807 2497 4845 manu
2522 4790 2731 4843 diaconi
2754 4791 2840 4858 qui
2865 4790 2951 4843 illa
2975 4789 3060 4843 die
3086 4790 3243 4843 debet
3265 4791 3445 4843 dicere
3470 4790 3836 4857 Evattgelmm.

2258 4885 2517 4938 Dominus
2548 4883 2616 4936 de
2647 4881 2866 4935 Francia
2897 4882 3183 4935 eardinalis
3232 4884 3525 4935 introduxit
3564 4893 3837 4934 coosuetn—

2259 4976 2461 5040 dinem,
2492 4975 2632 5041 quod
2675 4973 2962 5026 cardinalis
3007 4975 3094 5042 qui
3140 4973 3304 5026 servit
3358 4986 3509 5041 papa:
3558 4983 3838 5041 prae-entia

2263 5066 2591 5120 tlturibnlttm
2619 5080 2737 5118 cum
2770 5065 3038 5128 navicula;
3090 5075 3144 5116 et
3195 5080 3324 5133 papa
3365 5064 3517 5132 ponit
3548 5065 3839 5127 incensum,

2262 5168 2313 5212 et
2367 5156 2521 5210 altari
2576 5156 2852 5208 incensato
2897 5156 3171 5223 reponitur
3217 5156 3317 5209 sibi
3366 5158 3547 5209 mitra.
3614 5154 3685 5207 Et
3730 5156 3871 5207 tunc

2263 5247 2453 5314 recipit
2474 5245 2728 5316 diaconos
2751 5245 3047 5299 cardinales
3074 5249 3138 5299 ad
3173 5246 3551 5311 reverentiam,
3601 5257 3661 5300 et
3689 5248 3843 5299 altare

2262 5339 2504 5393 incensat
2524 5351 2671 5389 more
2699 5338 2875 5389 Solito.

2335 5425 2678 5483 Postmodutn
2734 5428 2878 5479 vadit
2930 5427 2992 5479 ad
3048 5427 3229 5479 sedem
3284 5440 3454 5489 suam,
3515 5426 3607 5481 ubi
3664 5427 3842 5481 stando

2264 5522 2466 5588 absque
2496 5518 2714 5573 lntroitn
2747 5518 2874 5571 dicit
2903 5516 3079 5586 Kyrie,
3112 5519 3321 5579 eleison,
3361 5526 3417 5572 et
3443 5528 3633 5585 postea
3660 5518 3839 5581 sedet;

2262 5621 2315 5666 et
2346 5611 2495 5665 ﬁnito
2521 5609 2705 5663 novies
2735 5624 2828 5677 per
2848 5617 3092 5662 cantores
3113 5605 3292 5676 Kyrie,
3324 5607 3541 5673 eleison,
3576 5623 3713 5677 papa
3731 5621 3839 5661 sur-

2264 5704 2370 5774 git;
2415 5711 2470 5757 ct
2496 5701 2736 5771 deposita
2774 5701 2876 5757 sibi
2906 5701 3059 5755 mitra
3087 5713 3181 5768 per
3209 5698 3495 5755 diaconum
3523 5700 3840 5755 cardinalem
