3990 6284
165 291 288 349 £323

163 406 240 477 qui
268 409 411 456 stata
444 396 667 457 dextris,
699 394 882 463 incipit
909 393 1215 449 solemniter
1236 393 1414 447 Gloria
1433 398 1485 447 in
1514 395 1723 448 exrelsis
1753 402 1799 452 Α

138 498 280 550 Deo.
316 492 375 543 Et
404 498 525 540 tunc
550 488 785 554 pulsatur
817 500 1002 552 magna
1036 499 1311 552 campana.
1341 486 1456 551 Quo
1486 496 1717 547 cantato,

161 582 334 650 surgit,
373 587 425 629 et
466 576 620 626 mitra
652 574 916 641 deposita,
945 584 1001 626 ut
1027 588 1209 641 supra,
1238 574 1365 626 dicit
1396 572 1513 625 Pax
1541 574 1678 625 vobis
1707 590 1724 635 ,-

137 676 209 728 ἐι
231 663 665 735 respondentibus
694 663 939 716 erunibus
982 663 1045 716 Et
1074 679 1190 716 cum
1227 664 1411 729 spiritu
1460 673 1547 716 tuo
1576 662 1723 727 dicit,

162 765 377 817 Oremus.
414 755 573 815 Deus,
603 755 689 821 qui
722 755 851 807 hanc
880 756 1277 808 sacratissimum
1316 764 1533 819 noctem,
1565 765 1670 809 etc.
1710 771 1722 815 ;

161 871 251 923 qna
279 852 523 905 Oratione
572 848 741 911 finita,
789 847 1144 900 subdiaconus
1166 846 1285 899 dicit
1315 847 1605 914 Epistolam
1634 864 1647 911 ;
1674 855 1727 899 et

162 941 449 1000 immediate
468 938 700 1006 Epistola
726 936 869 989 finita
889 937 1026 990 idem
1045 938 1400 991 subdiaconus
1424 936 1729 990 inclinanda

162 1053 215 1091 se
235 1031 608 1101 aliquantulum
621 1039 745 1083 ante
770 1043 953 1096 papam
973 1028 1100 1082 dicit
1119 1030 1382 1082 cantando
1402 1030 1552 1096 plana
1569 1044 1725 1083 Voce:

161 1127 403 1183 Anuuntio
426 1122 564 1176 vobis
583 1122 827 1193 gaudium
852 1136 1111 1189 maguum,
1144 1119 1375 1171 videlicet
1408 1119 1646 1180 Alleluia,
1676 1126 1731 1172 et

163 1220 280 1273 nihil
310 1217 356 1269 ei
386 1216 652 1282 responde
680 1236 738 1267 u.-
763 1255 776 1274 ,
817 1222 870 1265 et
918 1210 1061 1265 vadit
1090 1210 1157 1263 ad
1186 1210 1533 1263 osculandum
1568 1211 1730 1276 pedes

161 1326 316 1380 papae.
340 1308 454 1375 Quo
478 1307 637 1371 factu,
662 1305 837 1358 statim
862 1303 1049 1374 surgit,
1079 1311 1132 1356 ct
1154 1302 1243 1356 ille
1265 1302 1620 1355 subdiaconus
1644 1301 1730 1353 vel

159 1403 448 1470 capellanns
481 1414 629 1468 papa:
669 1402 771 1450 alta
802 1412 930 1450 voce
979 1396 1165 1464 incipit
1192 1394 1356 1448 semel
1389 1402 1593 1446 tantum
1634 1406 1730 1445 co-

160 1509 261 1549 ram
286 1506 412 1561 papa
443 1488 708 1544 cantando
732 1486 986 1550 Alleluia;
1014 1494 1071 1541 et
1098 1500 1229 1553 papa
1254 1482 1464 1545 stando.
1498 1491 1551 1536 et
1577 1483 1732 1535 mitra

160 1581 410 1649 depOsita,
434 1579 609 1645 ipsum
636 1576 856 1628 Alleluia
882 1573 1146 1628 cantando
1170 1584 1250 1627 ter
1274 1571 1475 1641 incipit,
1504 1571 1735 1626 secunda

160 1673 270 1726 vice
297 1668 476 1734 altius,
506 1676 561 1722 et
604 1668 652 1719 in
710 1666 860 1720 tertia
909 1664 1072 1718 altius
1101 1676 1285 1718 vocem
1340 1661 1634 1726 elevando;
1683 1668 1738 1713 et

1353 280 1608 336 ROMANI
1651 279 1966 336 0RDINES.
2006 306 2076 318 -—
2116 277 2231 331 XV.

3268 279 3402 335 1336

1989 388 2248 443 LXXXII.
2291 384 2365 438 De
2406 386 2748 441 incensnlioue
2788 394 2831 438 et
2871 385 3241 440 communione.

1901 483 2087 534 l’osma
2133 478 2316 547 recipit
2346 478 2665 532 tlmriluilnm
2711 494 2830 531 cum
2882 480 3097 531 incenso
3134 478 3203 532 de
3248 493 3408 535 manu

1825 572 2081 642 acolythi,
2111 580 2165 623 et
2191 570 2348 623 offert
2378 584 2545 637 νίψω,
2591 579 2646 622 et
2698 571 2923 622 Lscmet
2961 568 3225 622 diacOnus
3265 572 3413 637 ponit

1828 665 2105 717 incensum
2138 661 2271 715 infra
2308 662 2638 715 thuriliu’um
2670 662 2958 714 osculando
2990 675 3202 713 manum
3237 675 3409 729 papae,

1828 764 1879 809 et
1902 755 2061 808 tradit
2091 768 2236 823 pap:e
2270 754 2576 820 praedictum
2608 752 2956 815 thuribulum,
2981 752 3270 806 osculando
3300 768 3415 806 ma-

1832 862 1957 899 num
1983 864 1997 911 ;
2028 857 2081 899 et
2129 860 2346 913 semper
2374 845 2596 898 caudam
2629 845 2902 907 thttribuli,
2934 845 3019 898 uhi
3059 855 3181 899 sunt
3209 848 3412 909 annuli,

1832 948 2008 992 teneat
2055 938 2106 990 in
2156 952 2313 989 manu
2363 936 2610 1001 dextera,
2660 944 2715 989 et
2756 936 2895 1005 capit
2935 952 3098 1005 prope
3136 938 3308 1007 ignem
3360 939 3415 991 in

1833 1042 1993 1080 manu
2023 1027 2275 1091 sinistra;
2308 1035 2363 1079 et
2389 1026 2467 1079 sic
2496 1041 2626 1093 papa
2656 1027 2845 1091 recipit
2877 1036 2923 1080 et
2960 1026 3199 1080 incensat
3223 1028 3414 1092 altare,

1834 1126 1893 1170 ut
1923 1120 2089 1171 moris
2129 1126 2233 1170 est.
2264 1117 2330 1171 Et
2358 1117 2552 1171 eximie
2598 1117 2715 1184 ipse
2745 1119 3001 1171 diaconus
3024 1119 3309 1173 cardinalis
3334 1135 3415 1173 re-

1833 1206 1963 1274 cipit
2007 1206 2335 1260 thuribulum
2385 1207 2452 1260 de
2500 1222 2658 1259 manu
2710 1223 2885 1274 papa),
2935 1222 3149 1275 semper
3199 1225 3416 1263 manum

1837 1300 1952 1365 ejus
1996 1298 2287 1350 osculando
2320 1299 2370 1350 in
2416 1298 2676 1351 tradendo
2722 1308 2776 1352 et
2820 1300 3142 1366 recipiendo.
3176 1303 3291 1366 Quo
3335 1317 3421 1354 re-

1836 1399 2015 1455 cepto,
2048 1391 2290 1443 incensat
2317 1403 2503 1457 papam
2539 1400 2651 1455 ter;
2680 1399 2733 1443 et
2773 1391 2966 1443 tradito
2995 1393 3265 1446 thuribulo
3296 1409 3420 1446 aco-

1840 1480 2009 1551 lytho,
2059 1490 2208 1546 parat
2256 1479 2356 1533 sibi
2410 1480 2672 1548 planctam
2725 1492 2778 1533 et
2834 1482 3050 1549 pallium
3097 1498 3215 1536 eum
3275 1484 3420 1539 fano.

1842 1572 2029 1626 Posrea
2080 1572 2321 1625 incensat
2356 1572 2523 1624 altare
2570 1580 2623 1624 et
2677 1572 3042 1640 presbyterum
3098 1574 3421 1630 cardinalem

1841 1665 1931 1733 qui
1962 1664 2078 1731 ipso
2107 1662 2193 1716 die
2235 1664 2401 1715 servit
2431 1676 2611 1731 papae;
2643 1661 2837 1717 deinde
2865 1663 3000 1716 duos
3027 1664 3278 1719 diaconos
3309 1681 3427 1720 car-

162 1760 381 1831 qualibet
412 1759 530 1811 vice
561 1755 863 1810 immediate
895 1762 1015 1822 post
1066 1768 1253 1822 papam
1296 1751 1496 1806 chorus
1546 1749 1740 1821 repetit
1771 1750 1814 1808 B
1842 1752 2049 1807 dinales
2095 1752 2422 1820 antiquiores
2449 1751 2539 1819 qui
2592 1766 2740 1819 papae
2784 1752 3070 1807 astitezunt
3120 1752 3173 1807 in
3229 1754 3422 1817 Missa;

161 1848 408 1904 cantando
436 1850 612 1915 ipsum
642 1846 881 1899 Alleluia.
918 1846 1032 1911 Quo
1061 1843 1283 1897 Alleluia
1311 1852 1392 1897 ter
1421 1850 1654 1905 cantato,
1683 1850 1740 1893 ut

164 1942 511 2015 promittitur,
543 1940 649 2015 duo
671 1950 916 1993 cantores
938 1938 1249 1991 so'emniter
1268 1946 1485 1991 cantant
1516 1936 1736 1990 Versum

163 2014 476 2101 Con/itemini
504 2014 759 2096 Domino;
789 2027 979 2082 deinde
1003 2037 1246 2081 cantatur
1276 2035 1475 2081 tractus
1505 2024 1739 2079 Laudate

162 2124 448 2184 Dominum,
496 2136 668 2173 omnes
709 2128 896 2190 gentes.
948 2118 1065 2184 Quo
1112 2118 1280 2184 linito,
1332 2125 1550 2184 recepto
1596 2115 1739 2185 prius

164 2212 446 2279 manipulo,
482 2211 738 2264 diaconus
768 2208 1053 2263 cardinalis
1078 2207 1146 2261 de
1170 2222 1328 2261 manu
1356 2206 1615 2275 capellani
1638 2204 1739 2260 sibi

161 2302 428 2357 servientis
467 2300 538 2355 de
580 2302 735 2353 mitra
761 2298 904 2351 vadit
953 2298 1017 2351 ad
1059 2296 1298 2350 osculum
1345 2296 1495 2366 pedis
1545 2310 1738 2364 papm;

161 2393 343 2447 deinde
370 2400 675 2444 revertatur
705 2389 772 2442 ad
814 2388 1000 2453 altare,
1050 2387 1142 2440 ubi
1193 2402 1340 2441 more
1365 2386 1523 2441 solito
1551 2386 1742 2454 recipit

162 2488 342 2541 liliruni
363 2484 775 2552 Evangeliorum
795 2481 948 2535 ﬂexis
963 2480 1184 2550 genibus
1200 2479 1490 2534 osculando
1510 2477 1740 2532 medium

162 2576 339 2630 altare.
370 2576 492 2640 Quo
525 2574 660 2628 libro
690 2580 927 2642 recepto,
960 2586 1080 2640 pars
1109 2570 1191 2623 illa
1223 2569 1310 2622 ubi
1345 2577 1425 2623 est
1456 2569 1743 2622 crucifixus

163 2678 260 2722 stet
290 2677 412 2721 ante
433 2668 607 2720 altare
635 2679 822 2719 versus
850 2678 1037 2734 papam
1065 2679 1080 2729 ;
1112 2671 1166 2717 et
1188 2662 1383 2717 ibidem
1415 2662 1608 2715 stando
1638 2660 1740 2714 ali-

165 2759 468 2827 quantulum
512 2757 801 2812 inclinatus
835 2756 899 2811 ad
935 2770 1147 2826 papam,
1178 2756 1256 2809 sic
1281 2769 1492 2823 semper
1515 2754 1744 2808 tenendo

166 2851 465 2916 praedictum
510 2847 699 2902 librum
748 2858 873 2903 ante
930 2856 1110 2915 pectus
1156 2860 1333 2908 suum,
1376 2845 1509 2913 petit
1548 2859 1578 2898 a
1610 2858 1743 2914 papa

167 2942 437 2996 summissa
470 2955 601 2995 voce
627 2939 1082 2995 Benedictionem.
1126 2937 1237 3004 Qua
1272 2935 1473 2999 habita,
1508 2936 1647 2990 vadit
1677 2938 1743 2990 ad

167 3031 504 3102 Evangelium
535 3030 841 3084 dicendum.
874 3029 952 3082 Ad
995 3027 1336 3097 Evangelium
1368 3042 1494 3080 vero
1525 3027 1621 3080 ista
1655 3027 1744 3080 die

1841 1852 2027 1911 postea
2073 1843 2206 1894 alios
2254 1843 2510 1894 diaconos
2553 1841 2884 1903 cardinales;
2922 1843 3115 1897 deinde
3147 1859 3348 1911 regem,
3381 1845 3428 1898 si

1840 1934 1909 1986 sit
1940 1931 2042 1997 ibi;
2071 1940 2126 1986 et
2154 1941 2338 2001 postea
2364 1931 2645 1998 episc0pos
2670 1932 2967 1987 cardinales
2995 1944 3050 1988 et
3087 1937 3430 2006 presbyteros

1839 2023 2164 2087 cardinales,
2198 2031 2249 2076 et
2279 2021 2412 2075 alios
2460 2025 2708 2090 prmlatos
2738 2034 2970 2090 paratos,
3007 2038 3165 2092 prout
3217 2027 3266 2079 in
3308 2027 3429 2081 aliis

1844 2113 2021 2168 Missis
2047 2114 2159 2167 fieri
2186 2121 2637 2176 estconsuetutn;
2669 2112 2863 2167 deinde
2884 2128 3095 2182 papam,
3127 2126 3283 2183 prout
3305 2134 3428 2170 tuo-

1842 2206 1919 2259 ris
1970 2213 2053 2259 est
2102 2214 2303 2257 tantum
2349 2203 2480 2275 [Al.,
2529 2200 2728 2274 tamen]
2780 2206 2833 2258 in
2878 2206 2977 2259 hac
3022 2207 3203 2261 Missa.
3236 2208 3430 2261 Dicitur

1844 2296 2092 2352 Praefatio
2127 2294 2200 2349 Te
2238 2297 2461 2364 quidem,
2508 2295 2747 2363 Domine,
2773 2297 2925 2368 _omni
2969 2306 3215 2367 tempore,
3255 2300 3344 2351 sed
3378 2298 3431 2352 in

1842 2387 1940 2441 hac
1968 2388 2289 2455 potissimum
2328 2397 2494 2452 nocte,
2526 2396 2656 2452 etc.;
2688 2397 2743 2441 et
2771 2388 2872 2442 alia
2911 2388 3161 2442 dicuntur
3191 2400 3344 2457 prout
3374 2389 3433 2444 in

1845 2481 2047 2535 Missali
2078 2482 2437 2534 continentur.
2472 2480 2537 2532 Et
2562 2494 2682 2534 cum
2716 2493 2848 2549 papa
2877 2480 3071 2534 dixerit
3103 2481 3221 2536 loco
3251 2481 3432 2537 debito

1848 2572 1964 2627 Pax
2001 2570 2255 2626 Dominis
2282 2581 2298 2624 t
2329 2585 2525 2641 simper
2555 2571 2807 2625 vobiscum
2837 2573 3187 2640 respondetur
3210 2572 3275 2625 Et
3313 2589 3432 2627 cunt

1844 2665 2032 2731 spiritu
2063 2674 2184 2727 tuo;
2232 2661 2325 2717 sed
2376 2664 2550 2732 Agnus
2601 2661 2697 2715 Dei
2746 2676 2849 2716 non
2891 2663 3107 2729 dicitur,
3151 2679 3248 2719 nec
3287 2668 3432 2734 pacis

1842 2754 2084 2810 osculum
2117 2754 2293 2809 datur.
2324 2753 2697 2808 Verumtamen:
2744 2754 2873 2809 dicit
2914 2770 3047 2826 papa
3088 2757 3434 2815 nihilominus

1846 2847 1993 2901 illam
2042 2847 2389 2912 Orationem,
2439 2844 2657 2899 Domine
2702 2844 2828 2902 Iesu
2875 2826 3073 2902 Christe
3118 2850 3206 2918 qui
3254 2850 3434 2905 dixisti

1847 2937 2094 3007 apostolis
2124 2936 2223 2991 tuis
2255 2935 2503 3001 :Pacem,
2540 2948 2673 3003 etc.,
2717 2952 2817 2991 nec
2865 2937 3183 2995 Communio
3221 2942 3437 3009 dicitur,

1849 3029 1940 3082 sed
1989 3027 2295 3082 immediate
2333 3042 2467 3097 papa
2498 3028 2775 3082 descendit
2812 3029 2879 3081 ab
2908 3030 3083 3094 altari,
3113 3043 3168 3087 et
3198 3035 3341 3087 vadit
3369 3036 3437 3090 ad

168 3137 265 3176 non
297 3131 575 3190 portantur
605 3119 908 3185 luminaria,
939 3119 1033 3173 sed
1063 3118 1335 3173 incensum
1367 3126 1591 3171 tantum.
1625 3117 1742 3182 Quo
1774 3121 1819 3183 C
1852 3117 2037 3173 sedem
2067 3131 2242 3184 suam,
2273 3117 2651 3172 comitantibus
2690 3118 2901 3172 duobus
2926 3119 3202 3188 diaronis;
3234 3132 3287 3176 ct
3324 3125 3439 3177 dia-

166 3212 448 3281 Evaugelio
479 3210 646 3277 linito,
680 3219 920 3279 portatur
943 3209 1033 3263 ille
1055 3208 1189 3262 liber
1216 3207 1624 3275 Evangeliorum
1650 3221 1744 3274 per

164 3302 544 3356 subdiaconum
595 3301 660 3355 ad
710 3299 1055 3355 osculandum
1099 3312 1269 3367 papas,
1320 3307 1377 3350 ut
1404 3294 1567 3350 moris
1615 3303 1743 3360 est;

164 3402 215 3447 et
246 3408 379 3461 papa
410 3392 599 3446 stando
619 3392 746 3445 dicit
768 3390 1018 3444 Dominus
1038 3389 1311 3456 vobiscum,
1338 3396 1468 3453 etc.,
1489 3386 1746 3441 diaconus

160 3494 290 3534 vero
310 3481 596 3532 revertitur
615 3479 681 3533 ad
704 3480 891 3533 altare.

162 3568 400 3626 LXXXI.
446 3569 595 3635 Quod
641 3585 741 3622 non
792 3568 979 3623 dicitur
1012 3568 1203 3633 Credo,
1255 3585 1347 3622 nec
1395 3569 1745 3637 Olfertormm.

230 3662 534 3718 Notandum
563 3671 737 3716 tamen
767 3661 912 3731 quod
938 3659 1101 3714 Credo
1126 3661 1180 3713 in
1208 3676 1365 3713 unum
1396 3674 1497 3714 nec
1517 3660 1749 3713 Ollertn-

165 3756 304 3811 rium
330 3755 528 3810 dicitur
559 3755 610 3808 in
646 3755 800 3807 Missa
832 3753 1101 3821 praesenti,
1160 3766 1258 3805 nec
1299 3752 1358 3802 fit
1401 3763 1608 3811 sermo;
1653 3748 1747 3801 sed

167 3846 421 3903 extractis
451 3844 780 3898 chirothecis
809 3844 947 3896 lavat
965 3854 1174 3905 manus,
1202 3839 1395 3894 deinde
1422 3852 1571 3891 more
1592 3836 1749 3890 solito

166 3939 313 3993 vadit
341 3936 407 3990 ad
437 3940 605 3989 altare
630 3951 644 3998 ;
675 3944 731 3989 et
760 3935 998 4003 deposita
1036 3932 1137 3987 sibi
1162 3932 1317 3985 mitra
1346 3944 1438 3998 per
1467 3928 1747 3983 diaconum

169 4028 493 4085 cardinalem
522 4029 612 4097 qui
640 4027 768 4081 dicit
800 4025 1166 4096 Evangelium,
1197 4034 1421 4079 extensa
1448 4020 1657 4075 tobalea
1683 4020 1750 4073 de

170 4138 296 4176 auro
323 4135 485 4189 super
505 4120 669 4173 altare
695 4132 788 4187 per
809 4118 1084 4186 acolythos
1106 4124 1159 4169 et
1178 4130 1270 4183 per
1286 4113 1584 4175 sacristam,
1610 4110 1748 4164 idem

172 4212 422 4268 diaconus
451 4210 686 4265 extendit
717 4207 1011 4277 corporalia
1042 4207 1093 4260 in
1123 4205 1297 4259 medio
1317 4204 1527 4269 altaris;
1560 4212 1614 4256 et
1634 4202 1750 4270 epi-

171 4318 360 4372 scopus
403 4318 509 4356 nou
558 4300 863 4363 cardinalis,
912 4298 1007 4353 sed
1055 4298 1296 4360 sacrista,
1332 4304 1505 4362 portat
1527 4293 1748 4349 calicem

171 4392 330 4465 500
374 4408 495 4448 cum
550 4392 742 4462 pyxide
791 4390 1083 4444 hostiarum
1129 4396 1185 4442 et
1238 4400 1403 4455 parvo
1458 4384 1745 4446 cochleari,

1849 3223 2019 3263 conus
2069 3209 2380 3274 cardinalis,
2431 3206 2591 3263 factis
2648 3209 2817 3263 tribus
2862 3212 3097 3277 circulis,
3146 3214 3269 3268 bina
3323 3216 3438 3273 vice

1852 3300 2110 3354 vertendo
2155 3314 2215 3353 se
2262 3309 2385 3353 ante
2436 3298 2667 3353 medium
2707 3299 2911 3368 altaris,
2956 3311 3143 3368 pateua
3172 3318 3292 3358 cum
3318 3322 3439 3361 cor-

1854 3408 1986 3462 pore
2027 3392 2227 3447 Christi
2273 3391 2477 3445 elevata
2522 3400 2646 3446 ante
2692 3393 2917 3448 frontem
2968 3395 3035 3450 ad
3076 3406 3279 3465 partem
3310 3399 3439 3454 dex-

1853 3496 2015 3551 tram,
2046 3496 2101 3541 et
2145 3486 2198 3540 in
2244 3486 2397 3541 tertia
2425 3487 2491 3540 ad
2518 3487 2813 3553 sinistram,
2844 3499 2898 3543 et
2929 3498 3052 3546 tunc
3097 3494 3255 3548 tradit
3298 3494 3439 3549 llos-

1854 3576 1980 3630 tiam
2010 3591 2131 3631 cuin
2178 3585 2368 3646 patena
2419 3576 2572 3631 ﬂexis
2618 3580 2841 3647 genibus
2888 3580 3216 3638 subdiacono
3268 3585 3438 3653 ipsam

1856 3683 2006 3737 papa:
2034 3669 2379 3723 deferendam
2421 3683 2571 3724 more
2612 3670 2790 3724 solito.
2840 3670 2904 3726 Et
2932 3684 3111 3740 postea
3157 3674 3295 3730 idem
3325 3676 3441 3729 dia-

1856 3771 2025 3809 conus
2058 3760 2248 3825 recipit
2293 3773 2445 3813 more
2488 3760 2647 3814 solito
2673 3761 2893 3816 calicem
2934 3778 3053 3818 cum
3080 3767 3357 3834 sanguine,
3388 3777 3441 3822 et

1857 3845 1986 3901 facit
2029 3845 2199 3900 tribus
2230 3847 2435 3902 vicibus
2465 3850 2744 3913 circulum,
2777 3862 2829 3905 et
2858 3864 3034 3921 portat
3073 3870 3223 3924 papte
3256 3859 3330 3910 ad.
3350 3874 3439 3912 se-

1856 3937 2011 4004 dem;
2041 3948 2094 3992 et
2125 3938 2239 4006 ipse
2282 3938 2353 3992 ibi
2392 3939 2581 3993 stando
2618 3941 2932 3996 solemniler
2960 3948 3352 4014 communicat;
3384 3959 3439 4003 et

1858 4037 1980 4098 post
2006 4029 2295 4083 diaconum
2325 4032 2547 4083 sacrista
2586 4032 2867 4099 episcopus
2896 4033 3070 4087 defert
3098 4035 3317 4091 calicem
3349 4054 3440 4091 va-

1857 4136 2013 4177 cuum
2052 4131 2363 4189 coopertum
2406 4135 2525 4174 cum
2558 4121 2718 4175 nobili
2765 4137 2940 4190 panno
2968 4125 3141 4179 serico
3184 4128 3237 4181 in
3279 4145 3439 4183 manu

1856 4218 2065 4281 dextra,
2097 4223 2151 4268 et
2181 4215 2232 4267 in
2254 4214 2467 4267 sinistra
2501 4213 2818 4283 papilionem
2849 4230 2967 4267 cum
2995 4216 3165 4271 fistula
3188 4230 3240 4271 et
3270 4221 3440 4274 tribus

1859 4308 2091 4377 punctis,
2120 4320 2277 4375 quam
2317 4305 2477 4358 tradit
2518 4304 2827 4374 presbytero
2871 4306 3127 4361 cardinali
3158 4311 3245 4378 qui
3276 4324 3314 4363 s-
3338 4314 3441 4365 rvit

1862 4415 2040 4468 papa;
2089 4407 2144 4452 et
2189 4405 2310 4466 post
2350 4411 2472 4451 eum
2518 4396 2661 4450 venit
2706 4396 2986 4466 acolythus
3015 4415 3133 4453 cum
3169 4402 3441 4456 vinateriis

174 4493 481 4552 coopertum
516 4484 631 4536 velo
665 4482 861 4545 serico,
909 4489 963 4533 et
988 4486 1140 4548 parat
1165 4477 1385 4531 calicem
1428 4490 1548 4529 cum
1578 4474 1747 4527 tribus
1779 4487 1827 4545 ι)
1858 4494 2018 4566 501
2063 4502 2119 4546 ει
2162 4491 2368 4545 duobus
2395 4498 2418 4523 ο
2453 4490 2638 4543 uncis.
2687 4489 2751 4543 Et
2796 4504 2926 4559 papa
2975 4495 3284 4560 sanguine,“
3315 4510 3436 4549 cum

175 4572 391 4641 Hostiis,
422 4590 580 4628 uuam
606 4589 698 4641 pro
728 4580 1083 4635 sacramento,
1107 4580 1161 4624 et
1188 4569 1320 4624 duas
1348 4584 1441 4638 pro
1470 4568 1663 4637 proba;
1695 4576 1747 4618 et

175 4668 224 4721 in
255 4682 403 4735 papa:
430 4665 710 4736 przesentia
741 4664 864 4717 facit
893 4664 1111 4731 probam
1154 4663 1222 4715 de
1244 4663 1367 4715 vino
1404 4670 1458 4715 et
1495 4662 1561 4713 de
1592 4673 1746 4727 pane,

175 4767 227 4811 et
274 4758 445 4811 fundit
485 4757 664 4809 vinum
711 4755 763 4807 in
809 4754 1026 4808 calicem
1058 4762 1284 4819 tantum,
1313 4762 1564 4821 quantum
1593 4751 1749 4803 durat

175 4850 401 4905 cretulus
451 4846 659 4911 hostiae,
705 4855 758 4899 et
799 4854 922 4913 post
965 4859 1113 4910 aqua:
1145 4844 1578 4898 Benedictionem
1604 4840 1751 4908 ponit

176 4955 294 4993 cum
321 4938 588 4993 cochleari
621 4951 728 4991 tres
754 4944 931 5005 guttas
957 4949 1145 5001 aquae;
1205 4940 1263 4986 et
1311 4942 1435 4985 tunc
1477 4930 1602 4984 facit
1628 4945 1751 4997 pro-

178 5032 317 5093 batn,
346 5040 400 5085 et
422 5030 573 5098 ponit
600 5037 842 5097 patenam
868 5041 988 5080 cum
1021 5024 1191 5077 hostia
1230 5039 1387 5091 super
1412 5023 1631 5077 Calicem
1656 5039 1669 5085 ;
1699 5029 1753 5073 ct

178 5131 299 5176 tunc
330 5122 613 5189 praedictus
637 5120 891 5172 diaconus
916 5115 1201 5170 cardinalis
1228 5113 1417 5181 recipit
1435 5127 1555 5166 cum
1586 5112 1751 5165 cauda

179 5213 428 5282 manipuli
459 5221 705 5280 paternam
738 5209 903 5277 ipsam
934 5222 1053 5261 cum
1087 5206 1282 5269 hostia,
1324 5214 1378 5257 et
1405 5204 1560 5256 oll‘ert
1608 5217 1754 5269 papa:

180 5304 310 5357 nihil
341 5304 590 5369 dieendo,
615 5303 709 5357 sed
738 5302 1009 5355 osculatur
1057 5313 1270 5353 manum
1320 5309 1472 5365 papa:
1499 5312 1512 5359 ;
1573 5302 1751 5363 postea

180 5393 333 5446 olIert
367 5394 610 5457 calicem,
658 5390 899 5445 faciendo
934 5389 1103 5442 tribus
1133 5386 1333 5441 vicibus
1379 5398 1591 5437 crucem
1636 5396 1754 5433 cum

182 5484 342 5537 calice
372 5497 533 5551 super
585 5483 776 5545 altare,
830 5480 1057 5534 tenendo
1114 5480 1283 5545 ipsum
1335 5492 1454 5531 cum
1504 5474 1759 5527 ambabus

186 5576 427 5630 manibus
458 5591 551 5643 per
575 5574 831 5638 medium,
861 5573 991 5626 nihil
1012 5572 1258 5626 dicendo.

252 5694 278 5721 ³
317 5686 516 5741 Eadem
547 5702 648 5741 vox
678 5685 836 5750 infra,
865 5699 969 5738 non
993 5681 1184 5747 semel,
1216 5681 1268 5733 in
1302 5694 1420 5747 cap.
1446 5678 1535 5731 85.

1856 4584 2062 4636 calamo
2103 4582 2271 4650 sugit;
2303 4589 2355 4634 et
2403 4580 2579 4633 statim
2608 4580 2863 4634 diaconus
2891 4597 3085 4651 corpus
3127 4584 3325 4641 Christi
3368 4588 3435 4642 de

1858 4690 2019 4728 manu
2066 4687 2216 4741 papa:
2263 4670 2471 4740 recipit,
2499 4680 2554 4725 et
2600 4681 2717 4740 post
2752 4687 2871 4725 eum
2912 4673 3289 4731 subdiaconus.
3324 4679 3440 4745 Quo

1859 4775 2097 4835 recepto,
2139 4764 2313 4818 dictus
2359 4765 2615 4819 diaconus
2654 4764 2941 4819 cardinalis
2987 4777 3160 4835 portat
3215 4771 3436 4826 calicem

1859 4875 1981 4914 cum
2012 4857 2269 4926 sanguine
2298 4857 2363 4910 ad
2394 4857 2583 4919 altare,
2615 4866 2670 4909 ct
2716 4856 2910 4911 ibidem
2943 4858 3009 4911 de
3040 4860 3155 4927 ipso
3183 4865 3442 4931 Sanguine

1860 4967 1981 5006 cum
2029 4953 2147 5020 ipso
2193 4951 2400 5003 calamo
2446 4948 2616 5015 sugit;
2662 4957 2714 5000 et
2766 4958 2946 5014 postea
2994 4950 3084 5002 dat
3118 4952 3443 5008 subtliacono

1865 5042 2136 5096 residuum
2177 5040 2485 5109 sanguinis;
2530 5046 2585 5092 et
2634 5046 2813 5106 postea
2856 5041 3042 5107 ret-ipit
3083 5043 3441 5108 perfusionem

1865 5147 2017 5203 papa:
2045 5132 2113 5187 de
2152 5146 2311 5185 manu
2358 5128 2645 5183 cardinalis
2693 5129 2974 5196 portantis,
3007 5142 3162 5198 prout
3201 5144 3283 5188 est
3330 5135 3445 5191 ﬁeri

1863 5225 1996 5280 alias
2016 5233 2354 5278 consuetum.

1935 5314 2237 5370 Notandum
2288 5322 2461 5366 tamen
2512 5310 2650 5379 quod
2698 5325 2817 5363 cum
2869 5326 3002 5380 papa
3054 5314 3203 5379 ponit
3245 5328 3445 5385 corpus

1864 5404 2065 5460 Christi
2112 5404 2164 5457 in
2195 5418 2290 5456 ore
2318 5400 2527 5454 diaconi
2561 5399 2846 5453 cardinalis
2877 5400 2967 5469 qui
2998 5416 3118 5456 cum
3152 5403 3267 5470 ipso
3300 5420 3446 5459 cont-

1868 5497 2103 5551 municat
2124 5534 2140 5558 ,
2174 5510 2277 5546 non
2309 5490 2470 5544 debet
2495 5505 2614 5542 eum
2646 5489 2887 5558 recipere
2926 5490 2991 5543 ad
3022 5493 3261 5546 osculum
3294 5494 3406 5547 oris
3426 5533 3444 5560 ,

1869 5600 1926 5642 ut
1963 5587 2015 5641 in
2047 5585 2167 5640 aliis
2197 5582 2386 5637 diebus
2419 5580 2530 5635 fieri
2575 5580 2753 5646 solet,
2793 5580 3006 5649 quando
3048 5582 3099 5637 in
3141 5584 3269 5640 sede
3297 5599 3445 5639 cont.
