3990 6296
593 276 733 335 I327

1224 269 1569 338 'API‘ENDIX
1613 288 1701 339 Al)
1744 288 1801 342 s.
1846 289 2172 347 cucuoau
2216 296 2423 350 MAGNI
2468 297 2829 354 LITUltGlCA
2868 300 3115 358 orsus.

3706 309 3846 366 {3‘38

591 389 819 443 llttlttlcal
847 405 859 451 ;
905 404 1000 441 nec
1041 389 1202 440 etiam
1238 390 1351 456 ipso
1379 391 1635 446 diaconus
1676 395 1961 449 cardiualis
1998 398 2157 454 drbet
2186 407 2230 461 Α
2261 402 2384 455 facit
2413 403 2595 472 plicari
2628 416 2929 473 paramenta
2962 411 3157 462 munde
3186 419 3240 465 et
3285 412 3541 478 honeste;
3576 427 3635 470 et
3665 418 3842 476 cardi-

587 479 966 532 sulnliaconum
1011 486 1128 542 post
1173 482 1534 546 receptionem
1580 484 1851 551 Sanguinis
1890 489 2150 548 osculari,

589 591 683 640 pro
713 587 778 625 eo
807 571 945 639 quod
981 571 1031 621 in
1064 571 1159 622 ista
1192 571 1342 624 Missa
1371 589 1473 626 nou
1505 575 1661 627 datur
1706 577 1849 643 pacis
1878 580 2149 647 osculum,

586 673 641 714 ut
668 676 825 727 supra
856 659 1057 711 dietum
1099 670 1198 713 est.

649 750 1037 803 Communioue
1075 763 1254 804 autem
1297 749 1456 828 facta,
1502 763 1556 805 et
1599 756 1848 810 omnibus
1886 758 2153 824 prtedictis

540 862 545 879 ε
579 843 825 908 expletis,
863 855 996 908 papa
1030 842 1260 909 reposita
1290 843 1392 896 sibi
1424 846 1579 897 mitra
1610 846 1761 900 sedet
1781 886 1796 911 ,
1827 857 1880 899 et
1908 858 2152 903 cantores

578 941 794 986 cantant
828 934 1184 1001 Antipliouatu
1217 935 1461 1000 Alleluia,
1499 936 1731 1003 alleluia,
1769 938 2003 991 alleluia.
2037 940 2148 1006 Qua

576 1032 785 1076 cantata
806 1064 825 1087 ,
845 1034 1087 1076 cantatur
1118 1024 1355 1078 l'salmus
1384 1026 1618 1079 Laudate
1641 1027 1918 1080 Dominum
1938 1070 1950 1090 ,
1975 1045 2149 1082 omnes

576 1124 768 1181 gentes,
801 1122 934 1175 ctc.,
966 1127 1085 1166 eum
1116 1112 1296 1167 Gloria
1325 1114 1497 1176 Patri,
1529 1127 1658 1179 etc.,
1689 1128 1743 1170 ct
1774 1120 1824 1171 in
1857 1120 1962 1173 line
1991 1122 2149 1173 reite-

576 1214 721 1257 ratur
779 1207 1081 1272 Antiphona
1143 1207 1415 1273 praedicta.
1466 1207 1811 1275 Capitulum,
1872 1211 2141 1280 Hymnus,

583 1295 777 1349 Versus
826 1310 927 1348 neu
975 1295 1258 1360 dicuntur;
1303 1299 1393 1352 sed
1442 1298 1750 1353 immediate
1789 1302 2148 1356 subdiaconus

575 1396 723 1438 stans
752 1400 932 1437 coram
966 1400 1096 1452 papa
1137 1385 1321 1452 incipit
1361 1397 1580 1442 cantare
1620 1389 1979 1457 Antiplionam
2019 1390 2143 1444 Ves-

576 1495 695 1545 pere
726 1488 893 1531 autem
923 1479 1175 1541 Sabbati;
1213 1490 1266 1532 et
1293 1481 1413 1545 ipsa
1438 1482 1690 1550 incoepta,
1724 1500 1878 1552 papa,
1902 1486 2141 1553 deposita

574 1576 749 1636 mitra,
779 1574 1042 1627 cantando
1064 1573 1245 1642 incipit
1267 1576 1432 1641 ipsam
1470 1577 1853 1643 Antiplionam,
1878 1588 1931 1629 et
1961 1586 2145 1631 canto-

574 1681 660 1721 res
688 1676 903 1719 cantant
943 1667 1108 1734 ipsam
1144 1666 1408 1719 cantando
1430 1683 1597 1734 usque
1626 1669 1690 1721 ad
1722 1668 1878 1722 linem
1908 1686 1922 1732 ;
1948 1679 2002 1723 et
2024 1684 2144 1737 pos-

575 1766 657 1812 tea
696 1766 940 1811 cantatur
983 1758 1217 1826 psalmus
1254 1756 1555 1826 Magni/ient
1597 1770 1764 1814 totum
1807 1776 1924 1816 cum
1969 1762 2143 1815 Gloria
2175 1765 2218 1824 Β

572 1848 741 1915 Patri,
770 1860 875 1902 etc.
896 1889 912 1912 ,
940 1860 992 1902 et
1024 1850 1075 1901 in
1102 1849 1205 1903 line
1233 1849 1513 1903 reiteratur
1546 1851 1684 1905 dicta
1712 1854 2016 1920 Antipliona
2050 1869 2140 1918 per

568 1951 837 1994 cantores.
882 1940 946 1993 Et
976 1941 1153 1993 omnia
1206 1941 1458 2008 praedicta
1500 1943 1659 1997 debet
1696 1943 1876 1998 dicere
1925 1947 1974 1997 in
2013 1944 2141 1998 sede

570 2048 699 2099 papa
729 2030 941 2093 stando,
974 2029 1199 2098 legendo
1228 2045 1348 2083 cum
1382 2031 1661 2085 ministris.
1709 2033 1913 2097 Quibus
1943 2034 2133 2095 ﬁnitis,

569 2138 699 2191 papa
723 2137 944 2190 surgens
969 2121 1037 2174 de
1058 2122 1186 2175 sede
1212 2123 1352 2175 vadit
1377 2122 1442 2175 ad
1467 2124 1654 2187 altare,
1680 2134 1736 2177 et
1763 2124 1831 2177 ibi
1854 2124 2139 2193 deponitur

566 2214 667 2264 sibi
701 2215 874 2275 mitra;
903 2221 954 2264 et
985 2226 1139 2265 versa
1180 2211 1314 2266 facie
1344 2214 1408 2265 ad
1442 2214 1691 2281 populum
1723 2215 1851 2269 dicit
1891 2215 2137 2268 Dominus

565 2303 813 2355 vobiscum
838 2319 854 2365 ;
880 2310 934 2355 et
964 2303 1317 2371 respondetur
1352 2301 1418 2354 Et
1444 2320 1561 2357 cum
1587 2308 1773 2374 spiritu
1802 2314 1911 2359 tuo.
1944 2306 2135 2360 Postea

566 2393 695 2446 dicit
728 2393 962 2445 Oremus.
1002 2392 1253 2459 Spiritum
1286 2394 1449 2457 nobis,
1480 2393 1715 2449 Domine.
1757 2397 1953 2451 Deinde
1983 2412 2133 2450 versa

560 2487 693 2537 l‘acie
718 2485 782 2537 ad
814 2486 1061 2552 populum
1083 2484 1210 2537 dicit
1230 2484 1477 2538 Dominus
1498 2486 1784 2554 vobiscum;
1803 2499 1857 2543 et
1879 2501 2135 2556 respomo

561 2574 760 2628 Etcum
786 2575 969 2642 spiritu
1001 2584 1106 2633 tuo.
1134 2590 1265 2644 papa
1299 2577 1457 2629 vertit
1482 2592 1540 2631 se
1567 2579 1634 2633 ad
1660 2580 1847 2647 altare,
1868 2590 1922 2634 et
1951 2582 2135 2635 diaco-

565 2681 663 2719 nus
693 2666 980 2720 cardinalis
1006 2667 1096 2733 qui
1129 2666 1262 2720 dixit
1301 2668 1669 2736 Evangelium,
1707 2688 1858 2726 versa
1890 2675 2025 2728 facie
2064 2679 2131 2732 ad

562 2757 811 2825 populqu
854 2756 981 2811 dicit
1023 2755 1125 2823 Ite,
1163 2757 1325 2811 Missa
1359 2771 1451 2822 est,
1483 2776 1603 2813 cum
1643 2761 1838 2830 duplici
1862 2766 2130 2829 Alleluia;

556 2858 612 2900 ct
674 2848 1028 2916 respondetur
1092 2847 1252 2902 etiam
1327 2864 1445 2903 cum
1506 2850 1703 2917 duplici
1750 2852 1971 2908 Alleluia
2024 2855 2130 2909 Deo

554 2942 769 3009 gratias.
819 2940 1018 2994 Deinde
1048 2954 1181 3008 papa
1228 2940 1355 2995 facit
1401 2956 1550 2995 more
1594 2943 1753 2996 solito
1796 2946 2128 3002 benedictio-

554 3046 696 3083 nem.
730 3032 840 3095 Qua
884 3030 1263 3085 Bcuedietione
1308 3034 1446 3085 facta
1472 3074 1487 3097 ,
1525 3035 1803 3103 presbyter
1840 3038 2126 3094 cardinalis

2259 492 2424 554 nales.
2444 498 2764 561 paramentis
2777 498 3035 566 depositis
3057 512 3111 554 et
3132 503 3314 570 cappis
3337 506 3506 559 laneis
3523 523 3837 582 reassump.

2260 584 2345 647 tis,
2375 586 2440 637 ad
2472 586 2659 640 domos
2685 588 2930 657 proprias
2968 600 3327 647 revertuntur.

2364 697 2641 753 LXXXIII.
2689 702 2906 767 Quando
2936 720 3069 773 papa
3100 722 3203 758 non
3224 708 3441 761 celebrat
3464 710 3579 779 ipsa
3612 713 3716 765 die.

2327 807 2452 860 ltcm
2484 811 2527 860 si
2560 813 2610 861 in
2650 810 2762 877 ipsa
2804 810 2892 865 die
2926 812 3139 866 Sabbati
3177 816 3345 869 sancti
3382 833 3517 886 papa
3557 837 3667 873 non
3716 822 3835 878 facit

2252 896 2485 949 ollicium
2512 937 2528 958 ,
2571 899 2694 965 quia
2730 900 2952 954 Romani
2999 904 3274 969 pontiﬁces
3306 921 3411 959 non
3438 923 3835 968 consueverunt

2254 984 2428 1038 facere
2454 986 2709 1052 ollicium,
2745 989 2843 1042 iste
2871 991 3058 1045 modus
3088 1003 3170 1046 est
3208 996 3489 1053 tenendus.
3524 999 3705 1054 Primo
3735 1004 3829 1069 igi-

2254 1083 2339 1125 tur
2365 1074 2610 1128 dominus
2636 1092 2765 1145 papa
2797 1081 2938 1134 vadit
2963 1081 3027 1134 ad
3054 1083 3281 1136 dandum
3314 1086 3706 1157 indulgentiam
3736 1107 3831 1162 po-

2253 1164 2398 1229 pulo,
2428 1174 2482 1217 et
2509 1166 2561 1218 in
2592 1169 2897 1223 reri-rsione
2927 1172 3073 1225 audit
3101 1190 3317 1242 parvam
3347 1178 3566 1234 Missam
3595 1192 3825 1252 secrete,

2254 1254 2305 1308 in
2336 1271 2436 1323 qua
2478 1272 2581 1310 non
2609 1259 2803 1312 dicitur
2832 1262 3053 1316 Alleluia
3078 1305 3094 1329 ,
3129 1267 3246 1333 quia
3290 1274 3572 1324 consuevit
3602 1288 3726 1327 esse
3766 1277 3829 1331 de

2249 1344 2426 1401 Missis
2452 1351 2664 1416 Votivis,
2692 1354 2793 1407 nisi
2819 1354 3081 1410 diceretur
3106 1358 3175 1411 de
3196 1360 3301 1411 die.
3327 1361 3440 1425 Qua
3472 1364 3630 1417 Missa
3664 1366 3827 1433 finita,

2248 1434 2460 1491 interim
2492 1441 2637 1494 vadit
2666 1443 2729 1495 ad
2759 1444 2991 1498 dandum
3025 1446 3428 1517 indulgentiam.
3468 1453 3688 1505 Interim
3715 1472 3825 1510 exs-

2249 1526 2562 1595 tinguuntur
2591 1535 2770 1585 omnia
2819 1536 3091 1590 luminaria
3118 1577 3132 1601 ,
3178 1551 3227 1592 et
3258 1545 3529 1595 excutitur
3555 1544 3625 1595 de
3653 1545 3821 1614 lapide

2240 1634 2416 1673 novus
2446 1620 2581 1689 ignis
2612 1639 2706 1693 per
2738 1626 3047 1695 magistrum
3077 1632 3296 1697 capellae
3324 1650 3337 1696 ;
3370 1642 3425 1687 et
3448 1635 3635 1701 junior
3675 1653 3820 1702 pres-

2245 1708 2399 1778 byter
2448 1712 2760 1781 cardinalis,
2810 1717 3024 1770 indutus
3066 1734 3233 1775 sacris
3281 1727 3560 1790 vestibus,
3615 1728 3817 1782 scilicet

2245 1800 2465 1867 amictu,
2500 1804 2658 1869 stola,
2684 1804 2825 1873 alba,
2861 1811 3148 1878 manipulo,
3177 1821 3231 1865 et
3261 1813 3477 1879 pluviali
3507 1832 3630 1871 cum
3665 1824 3815 1873 mitra

2242 1890 2424 1944 albaet
2443 1892 2696 1962 simplici,
2722 1896 2891 1963 ipsum
2916 1898 3089 1965 ignem
3117 1902 3533 1957 benedicit‘cum
3564 1909 3816 1963 ministris

2240 1980 2353 2035 suis
2384 1982 2583 2040 indutis
2611 1990 2973 2056 superpliciis,
3006 2003 3161 2060 prout
3184 1994 3235 2047 in
3271 1995 3469 2050 Missali
3493 2003 3811 2057 continetur.

2313 2092 2600 2148 Sciendum
2639 2106 2813 2151 tamen
2844 2101 2983 2167 quod
3014 2103 3058 2155 si
3100 2103 3189 2158 ille
3218 2105 3312 2174 qui
3340 2106 3468 2160 facit
3493 2110 3726 2163 ofﬁcium
3750 2113 3812 2166 sit

2241 2183 2553 2251 cardinalis,
2588 2187 2677 2242 ille
2704 2188 2912 2243 benedii
2934 2191 2971 2244 it
3000 2194 3173 2262 ignem
3197 2239 3211 2262 ,
3244 2207 3298 2250 et
3323 2197 3484 2252 debet
3510 2214 3634 2254 esse
3660 2202 3808 2254 indu-

2240 2278 2324 2325 tus
2352 2275 2519 2328 sacris
2544 2278 2783 2332 vestibus
2815 2294 2980 2349 usque
3009 2285 3074 2336 ad
3099 2285 3334 2340 casulam
3361 2290 3631 2343 exclusive
3649 2330 3665 2354 ,
3702 2294 3808 2346 loco

2235 2365 2390 2431 cujus
2423 2377 2596 2432 portat
2628 2371 2858 2436 pluviale
2887 2414 2899 2436 ,
2933 2385 3132 2429 etcum
3175 2392 3337 2432 cruce
3365 2395 3502 2448 aqua
3534 2382 3801 2437 benedicta

2236 2463 2292 2508 et
2319 2457 2538 2511 incenso
2561 2498 2577 2523 ,
2612 2458 2743 2529 legit
2788 2478 2974 2518 omnes
3014 2466 3128 2520 illas
3159 2468 3443 2521 Orationes
3481 2452 3601 2523 sine
3632 2485 3800 2525 cantu.

2235 2546 2441 2610 Quibus
2470 2549 2644 2614 lectis,
2677 2552 2896 2621 deponit
2942 2555 3195 2623 pluviale,
3235 2568 3287 2611 et
3314 2562 3503 2628 recipit
3539 2562 3797 2624 casulam,

2234 2638 2345 2693 sive
2375 2641 2446 2693 sit
2475 2643 2781 2712 cardinalis,
2807 2648 2919 2700 sive
2951 2664 3075 2702 non.

2302 2753 2598 2809 Notandum
2624 2766 2799 2813 tamen
2821 2762 2963 2829 quod
2991 2762 3295 2832 quicunque
3315 2762 3693 2819 facitolﬁcioui
3713 2767 3799 2821 de-

2234 2842 2326 2898 bet
2369 2862 2490 2900 esse
2528 2848 2741 2903 indutus
2769 2853 3092 2918 paramentis
3135 2854 3386 2908 violaceis
3422 2857 3509 2909 vel
3555 2856 3799 2910 ludiico-

2234 2936 2361 2989 loris
2405 2953 2418 2989 :
2453 2937 2711 2993 diaconus
2751 2954 2880 2993 vero
2929 2950 2982 2995 et
3028 2941 3389 2996 Subdiaconus
3435 2946 3543 2997 albi
3585 2947 3795 3000 coloris.

2228 3027 2637 3081 Consueverunt
2661 3028 2927 3082 interdum
2959 3031 3120 3085 etiam
3156 3033 3367 3100 prtelati
3414 3035 3716 3087 tunicellam
3745 3044 3794 3089 et

553 3121 637 3188 qui
664 3121 886 3172 servivit
908 3122 958 3172 in
993 3122 1148 3173 Missa
1173 3124 1238 3173 de
1270 3122 1517 3175 mandato
1552 3131 1607 3176 ct
1626 3128 1943 3181 auctoritate
1974 3143 2120 3196 papa:

2234 3115 2569 3169 dalmaticam
2615 3126 2828 3186 portare
2864 3119 2968 3172 albi
3010 3121 3245 3186 coloris,
3278 3131 3335 3176 et
3382 3124 3624 3177 casulam
3672 3125 3793 3178 ludii

552 3210 853 3276 pronuntiat
883 3208 1262 3278 indulgentiam
1306 3209 1375 3263 de
1402 3221 1605 3277 septem
1652 3213 1807 3267 annis
1833 3222 1889 3269 et
1916 3227 2120 3286 septem

542 3296 924 3365 quadragenis.

623 3385 720 3439 llic
746 3396 868 3439 nuta
908 3383 1118 3458 quodsi
1157 3399 1287 3452 papa
1330 3384 1457 3440 facit
1494 3386 1733 3443 ofﬁcium
1763 3400 1821 3444 ut
1851 3394 2125 3459 praemitti-

552 3487 656 3539 tur,
688 3471 919 3544 inctepto
951 3475 1162 3529 Psalino
1200 3476 1503 3546 Magniﬁcat
1530 3479 1806 3536 descendit
1844 3484 1910 3537 de
1939 3487 2123 3540 cathe-

547 3567 669 3632 dra,
697 3575 753 3621 et
773 3567 887 3620 sine
918 3566 1072 3619 mitra
1107 3565 1372 3620 tliuriticat
1396 3567 1563 3622 altare
1584 3604 1599 3630 ,
1635 3583 1736 3624 nec
1762 3572 1900 3626 ultra
1942 3589 2122 3627 reva-

551 3659 678 3712 titur
705 3658 771 3711 ad
804 3657 1107 3726 przcdictam
1137 3658 1463 3720 cathedram,
1513 3660 1604 3714 sed
1645 3661 1827 3717 ibimet
1871 3666 1925 3718 in
1964 3666 2119 3721 altari

536 3748 672 3803 dicit
698 3748 992 3802 orationem
1020 3746 1276 3817 Spiritum
1295 3749 1454 3814 nobis,
1480 3748 1712 3805 Domine.

606 3840 811 3905 Quibus
836 3839 1083 3894 omnibus
1120 3840 1372 3909 peractis,
1400 3854 1531 3909 papa
1557 3842 1659 3895 sibi
1688 3845 1925 3911 reposita
1958 3846 2117 3903 mitra

543 3944 688 3989 totus
718 3942 934 4002 paratus
959 3973 975 3997 ,
1007 3948 1127 3987 cum
1157 3933 1405 3987 omnibus
1445 3933 1804 3990 cardinalibus
1830 3939 1990 3992 etiam
2026 3955 2120 4008 pa-

541 4026 671 4080 ratis
692 4033 746 4079 et
771 4038 890 4079 cuin
926 4021 1099 4078 mltris
1138 4024 1191 4078 in
1220 4024 1517 4092 capitibus,
1549 4034 1604 4079 et
1641 4026 1931 4081 secundum
1974 4031 2119 4083 ordi-

540 4130 660 4169 nem
689 4128 843 4168 suum
878 4114 1341 4182 processionaliter
1383 4114 1748 4184 gradientibus
1770 4155 1785 4180 ,
1817 4117 2117 4173 355I2leltll-

538 4201 636 4255 bus
681 4212 853 4257 tamen
894 4201 994 4254 sibi
1042 4200 1248 4255 duobus
1296 4202 1537 4256 diaconis
1578 4203 1939 4260 cardinalibus
1981 4212 2116 4262 anti-

541 4292 837 4360 quioribus,
873 4307 977 4346 uno
1010 4306 1040 4345 a
1081 4291 1322 4357 dextris,
1349 4302 1403 4346 et
1427 4292 1534 4347 alio
1556 4308 1586 4346 a
1617 4294 1871 4361 sinistris,
1915 4313 2114 4367 pratce-

536 4383 785 4437 dentibus
810 4383 1141 4438 subdiacono
1181 4393 1365 4454 parato
1394 4399 1512 4439 cum
1539 4400 1702 4442 cruce
1738 4397 1793 4442 et
1819 4391 2113 4458 capellanis

2230 3204 2449 3258 coloris.
2481 3207 2729 3259 Sandalia
2761 3208 2954 3262 debent
2986 3224 3104 3264 esse
3122 3210 3264 3275 alba,
3288 3220 3344 3264 et
3375 3227 3482 3264 non
3507 3223 3792 3277 mutantur,

2231 3311 2333 3350 nec
2366 3297 2501 3348 stola
2529 3339 2545 3363 ,
2593 3312 2689 3350 nec
2727 3300 3047 3367 manipulus.
3081 3301 3299 3355 lndutus
3342 3302 3510 3371 igitur
3554 3304 3795 3371 prmlatus

2226 3387 2315 3456 qui
2344 3387 2470 3442 facit
2498 3389 2727 3443 cilicium
2759 3391 2912 3445 sedet
2954 3407 3116 3460 super
3141 3394 3449 3448 cathedram
3492 3412 3647 3450 suam
3675 3411 3793 3451 eoo.

2225 3489 2429 3548 pertam
2455 3480 2770 3545 faldistmio;
2789 3494 2842 3537 et
2871 3486 2990 3537 data
3017 3488 3336 3552 indulgentia
3362 3498 3457 3554 p‘er
3489 3505 3679 3556 papam
3708 3506 3792 3557 ρο-

2226 3570 2372 3637 pulo,
2402 3574 2635 3624 secunda
2668 3577 2781 3626 vice
2813 3588 2943 3641 papa
2976 3577 3117 3629 venit
3146 3578 3209 3630 ad
3241 3578 3539 3647 capellam;
3569 3593 3622 3632 et
3665 3581 3793 3635 facta

2223 3657 2475 3713 Oratione
2500 3660 2806 3730 aliqualiter
2833 3675 2960 3720 ante
2985 3666 3152 3719 altare
3177 3707 3192 3731 ,
3223 3677 3279 3721 et
3302 3684 3533 3738 surgens
3564 3673 3795 3725 ascendit

2222 3748 2289 3801 ad
2320 3748 2630 3804 cathedram
2667 3767 2819 3806 suam
2847 3796 2863 3820 ,
2898 3756 3024 3810 indu
3057 3772 3119 3811 us
3142 3769 3297 3821 prout
3324 3771 3441 3813 eiat
3471 3765 3692 3829 quando
3719 3765 3794 3819 in-

2221 3837 2545 3907 dulgentiam
2571 3845 2764 3909 pepulo
2792 3844 2973 3909 dedit;
3017 3856 3069 3901 et
3101 3848 3170 3901 ilii
3192 3851 3339 3902 sedet
3365 3865 3489 3904 cum
3520 3854 3681 3906 mitu
3706 3871 3719 3916 ;
3746 3863 3798 3908 et

2220 3928 2327 3982 duo
2346 3931 2555 3984 diaconi
2583 3934 2885 3987 cardinales
2909 3948 3032 3990 ante
3052 3953 3192 4002 etnn,
3222 3949 3274 3994 et
3305 3944 3609 4010 prcsbycr,
3636 3954 3692 3997 et
3712 3946 3795 4012 qui

2217 4020 2385 4074 servit
2407 4020 2527 4075 sibi.
2559 4021 2779 4077 lndutus
2809 4025 2965 4094 igitur
2986 4028 3235 4095 praalatus
3256 4045 3377 4083 cum
3403 4032 3670 4088 ministris
3692 4038 3796 4088 suis

2220 4120 2276 4162 ut
2306 4124 2491 4179 supra,
2532 4115 2685 4168 sedet
2714 4117 2967 4169 diaconus
3012 4122 3099 4185 qui
3129 4118 3289 4171 debet
3333 4120 3519 4189 legere
3551 4124 3796 4191 Evange-

2217 4201 2365 4267 lium;
2398 4214 2573 4272 portat
2598 4207 2912 4261 arundinem
2942 4209 3241 4264 tricubitein
3272 4225 3392 4264 cun
3427 4214 3671 4266 candelis
3706 4230 3793 4267 ac-

2215 4295 2394 4348 censis
2425 4295 2493 4349 de
2521 4311 2659 4350 novo
2686 4298 2825 4365 igne,
2869 4306 3070 4353 etcum
3116 4301 3324 4355 duobus
3360 4303 3632 4372 acolytbis
3673 4321 3790 4359 cuni

2215 4387 2549 4442 candelabris
2587 4398 2642 4441 et
2667 4388 2857 4443 faculis
2882 4393 3145 4448 accensis.
3171 4392 3238 4447 Et
3264 4394 3631 4449 subdiaconus
3661 4412 3789 4466 prte-

532 4473 779 4526 omnibus
809 4474 1145 4542 superpliciis
1188 4473 1385 4527 iudutis
1414 4513 1430 4539 ,
1479 4489 1601 4528 cum
1651 4478 1825 4532 cereis
1871 4483 2109 4535 accensis
2146 4476 2356 4535 Dcedit
2399 4494 2491 4532 cos
2542 4478 2784 4548 liajulans
2831 4496 3078 4551 crucem;
3130 4493 3184 4539 et
3219 4485 3297 4538 sic
3342 4498 3577 4555 pergunt
3605 4504 3790 4542 omnes

532 4568 675 4619 vadit
702 4566 769 4619 ad
798 4568 1106 4630 lenestram,
1138 4567 1296 4637 502
1329 4567 1382 4619 in
1424 4582 1525 4635 qua
1558 4568 1883 4638 indulgentia
1910 4576 2106 4640 populo

531 4656 982 4723 consuevitda’ri;
1026 4667 1078 4712 et
1116 4658 1187 4711 ibi
1219 4660 1571 4726 praesentibus
1597 4661 1841 4714 omnibus
1865 4663 2105 4718 cardina-

531 4752 671 4805 libus
694 4753 917 4820 paratis;
945 4751 1079 4804 facta
1107 4751 1483 4806 Benedictione
1513 4755 1668 4808 solita
1702 4770 1792 4821 per
1815 4770 2025 4823 papam,
2051 4766 2104 4811 ct

529 4844 648 4896 data
684 4841 1004 4911 indulgentia
1036 4840 1228 4908 populo
1253 4882 1267 4904 ,
1311 4844 1559 4895 omnibus
1609 4844 1956 4910 praesentibus
1986 4861 2102 4899 car-

530 4932 797 4987 din‘alibus
830 4939 885 4985 et
912 4931 1032 4983 aliis
1078 4933 1329 4998 praelatis,
1361 4942 1415 4984 ut
1440 4946 1621 5000 supta,
1652 4932 1899 4985 videlicet
1937 4934 1999 4986 de
2029 4949 2100 4987 vn

522 5024 677 5075 annis
718 5035 769 5076 ct
802 5037 870 5074 vn
909 5020 1264 5092 quadragenis
1313 5036 1407 5089 per
1454 5037 1615 5075 unum
1662 5022 1990 5077 cardinaleui
2043 5037 2099 5076 ut

528 5124 711 5179 supra,
737 5113 877 5166 sicut
901 5122 1163 5166 venerunt
1191 5112 1657 5179 processionaliter
1679 5152 1694 5177 ,
1728 5114 1886 5167 etiam
1913 5129 2101 5169 omnes

523 5204 601 5255 sic
634 5211 992 5256 revertuntur.
1029 5203 1228 5257 Deinde
1260 5203 1422 5255 intrat
1460 5217 1726 5257 cameram
1776 5218 1927 5257 suam
1977 5220 2095 5259 cum

522 5295 887 5349 cardinalibus
912 5338 926 5360 ,
968 5307 1019 5351 ct
1045 5311 1163 5350 cum
1196 5311 1257 5349 eo
1282 5305 1525 5348 remanet
1553 5295 1697 5348 solus
1727 5295 1979 5349 diaconus
2006 5297 2095 5364 qui

522 5387 657 5438 dixit
683 5386 1024 5455 Evangeliuin
1049 5386 1393 5457 projuvaudo
1417 5386 1586 5452 ipsum
1608 5386 1881 5440 dominum
1909 5404 2095 5456 papam

523 5473 589 5524 ad
633 5474 1007 5540 deponendum
1041 5487 1348 5544 paramenta
1376 5515 1391 5539 ,
1438 5486 1492 5528 et
1521 5476 1611 5528 alii
1648 5484 1800 5530 extra
1830 5491 2095 5532 cameram

523 5562 1035 5630 deponunt.Quibus
1062 5564 1341 5631 depositis,
1372 5579 1503 5632 papa
1528 5563 1717 5633 recipit
1745 5577 1920 5621 vestes
1949 5567 2094 5620 albas

523 5651 588 5706 dc
619 5653 731 5707 lana
762 5655 814 5708 in
848 5656 949 5708 hac
987 5655 1072 5708 die
1103 5656 1300 5721 portari
1334 5668 1636 5710 consuetas.
1681 5655 1917 5712 Sacrista
1966 5674 2092 5713 vero

2213 4571 2363 4637 quasi
2388 4571 2545 4641 503
2577 4588 2742 4639 usque
2771 4572 2834 4625 ad
2865 4573 3022 4628 linem
3053 4577 3306 4642 capellae;
3335 4586 3391 4631 et
3421 4578 3490 4631 ibi
3522 4579 3631 4631 alta
3661 4596 3788 4633 voce

2213 4658 2465 4713 diaconus
2499 4660 2630 4715 dicit
2658 4659 2851 4714 Lumen
2881 4662 3104 4730 Christi;
3136 4673 3191 4719 et
3219 4667 3568 4734 respondebit
3591 4669 3789 4723 chorus

2214 4749 2319 4802 Deo
2342 4753 2559 4819 gratias,
2579 4763 2633 4806 et
2659 4754 2825 4808 ﬂectit
2849 4769 3019 4822 genua
3047 4772 3060 4821 ;
3092 4767 3147 4810 et
3175 4757 3365 4811 iterum
3399 4765 3573 4827 magis
3594 4776 3787 4828 appro.

2212 4843 2430 4910 pinquat
2456 4843 2522 4897 ad
2553 4845 2727 4912 regias
2757 4846 3018 4914 capellae;
3051 4856 3106 4903 et
3139 4849 3331 4903 iterum
3380 4850 3583 4915 ﬂectit,
3626 4854 3789 4905 alius

2210 4933 2502 4988 intonando
2542 4935 2733 4989 Lumen
2780 4936 3013 5004 Christi,
3050 4940 3497 5007 respondentibus
3541 4943 3650 4995 illis
3682 4942 3787 4997 Deo

2204 5028 2413 5097 gratias.
2447 5027 2612 5079 Intrat
2637 5029 2900 5095 capellam
2932 5038 2984 5082 et
3019 5030 3163 5083 vadit
3188 5030 3253 5083 ad
3282 5045 3495 5084 cereum
3529 5033 3787 5100 pa~cbale

2204 5132 2324 5171 cum
2355 5117 2511 5170 dictis
2538 5116 2817 5182 ministris,
2842 5132 2895 5174 et
2919 5121 2985 5173 ibi
3011 5136 3171 5189 super
3193 5123 3449 5191 pulpitum
3475 5126 3669 5194 incipit
3693 5128 3786 5179 ab-

2202 5206 2375 5259 solute
2403 5203 2636 5259 Exsultet
2657 5210 2773 5277 jam
2794 5209 3026 5278 angelica
3050 5212 3215 5274 turba,
3249 5221 3381 5275 etc.,
3413 5222 3608 5279 petens
3632 5216 3785 5283 prius

2201 5309 2229 5348 a
2262 5310 2396 5363 papa
2430 5295 2881 5351 Beucdictiouem.

2276 5388 2441 5441 Finita
2473 5391 2612 5442 cerei
2645 5390 3043 5456 Benedictioue,
3077 5401 3230 5458 prout
3262 5392 3313 5443 in
3339 5393 3539 5447 Missali
3576 5394 3783 5448 Bottia-

2200 5495 2268 5532 no
2299 5480 2621 5544 continetur,
2651 5481 2909 5535 diaconus
2929 5482 3148 5550 deponit
3177 5483 3517 5537 dalmaticam
3544 5487 3653 5537 albi
3686 5502 3780 5540 co-

2199 5569 2345 5633 loris,
2374 5578 2427 5621 et
2456 5585 2589 5621 unus
2620 5572 2848 5624 clericus
2878 5574 2959 5625 vel
2993 5574 3059 5625 de
3081 5575 3387 5627 cantoribus
3418 5574 3551 5643 legit
3595 5577 3767 5629 lectio

2200 5675 2320 5713 nem
2355 5660 2599 5729 pritnam,
2628 5672 3017 5730 consequenter
3038 5678 3218 5717 omnes
3247 5663 3364 5716 allil'
3396 5665 3655 5734 tegimur
3684 5683 3773 5732 per
