3990 6330
166 442 184 493 l
196 436 290 490 32’.)

1333 422 1589 477 ROMANI
1631 421 1948 476 OllDlNES.
1984 452 2054 461 —-
2094 422 2203 476 XV.

3266 428 3398 483 1.330

157 554 371 613 clericus
393 554 481 600 aut
513 558 607 611 per
634 547 908 606 cantores;
936 547 990 594 et
1019 538 1269 606 prtclatus
1296 538 1417 605 legit
1447 553 1632 590 omnes
1662 536 1714 588 in
1748 542 1795 597 Α
1899 535 2028 587 Data
2060 535 2436 590 Benedictione
2462 550 2554 602 per
2586 551 2795 604 papam,
2825 538 2962 591 vadit
2992 539 3055 592 ad
3074 540 3301 593 dandum
3325 542 3399 593 in-

156 646 391 704 cathedra
426 651 519 689 sua
553 634 788 689 sedendo
818 647 937 686 cum
972 634 1145 684 mitra.

221 732 496 787 Orationes
518 743 646 780 vero
670 726 920 793 praelatus
946 723 1073 795 legit
1104 722 1155 777 in
1184 722 1432 777 cathedra
1467 737 1558 774 sua
1588 736 1722 773 can-

159 823 348 883 tando,
379 832 481 869 non
525 815 575 868 in
606 830 770 868 conm
799 814 982 867 altaris
1006 854 1020 876 ,
1043 823 1098 868 et
1126 814 1239 866 sine
1268 813 1421 865 mitra
1453 828 1465 874 ;
1497 820 1549 863 et
1582 824 1717 863 unus

155 916 215 966 du
248 908 453 964 clericis
480 907 589 959 suis
623 914 769 958 tenet
804 905 902 958 sibi
930 919 1053 957 ante
1084 905 1273 956 libram
1302 941 1318 967 ,
1343 912 1397 955 et
1424 902 1535 968 ipse
1564 915 1719 954 versa

154 1005 280 1060 [.icie
311 1000 372 1052 ad
404 999 569 1050 altare
600 994 725 1063 legit
751 995 1055 1047 Orationes.
1088 992 1267 1046 Lectis
1298 993 1454 1058 igitur
1494 1005 1563 1043 xu
1597 1005 1718 1057 pro-

154 1093 356 1163 phetiis,
384 1103 519 1156 papa
543 1086 732 1153 surgit.
765 1094 818 1136 et
846 1083 989 1135 vadit
1018 1094 1140 1134 ante
1171 1082 1400 1135 medium
1434 1081 1638 1141 altaris,
1664 1088 1720 1132 et

151 1184 303 1238 fleetit
330 1192 502 1247 genua
527 1195 541 1242 ;
576 1188 627 1229 et
659 1175 907 1243 praelatus
936 1172 1201 1226 accumbit
1225 1185 1385 1237 super
1414 1170 1718 1222 faldistorio

150 1289 260 1337 suo,
296 1274 380 1325 ubi
408 1275 811 1324 consueverunt
839 1275 983 1320 stare
1022 1263 1224 1332 prtelati
1274 1261 1486 1327 quando
1519 1260 1721 1312 faciunt

146 1365 371 1419 officium
400 1370 528 1414 ante
556 1374 768 1429 papam.
803 1358 1073 1411 Interdum
1106 1354 1209 1407 vidi
1254 1353 1394 1420 quod
1428 1350 1722 1405 descende-

148 1464 263 1507 runt
290 1453 353 1504 de
384 1450 475 1502 illo
504 1450 624 1503 loco
650 1446 819 1517 magis
851 1444 1072 1499 inferius
1101 1459 1164 1497 ex
1198 1442 1368 1496 latere
1399 1443 1589 1495 dextro
1624 1456 1716 1508 pa-

150 1560 243 1613 pa'.
264 1541 336 1595 De
365 1540 469 1593 hoc
500 1555 603 1593 non
626 1547 707 1592 est
722 1538 829 1605 jus.
856 1537 990 1605 Ipsis
1019 1549 1147 1589 vero
1171 1534 1471 1603 prostratis,
1499 1531 1705 1585 subdia-

144 1650 303 1689 conus
325 1632 474 1685 vadit
495 1632 558 1684 ad
586 1630 869 1699 pulpitum,
900 1628 986 1681 ubi
1019 1627 1169 1681 lectze
1201 1625 1414 1679 fuerunt
1436 1625 1718 1689 leCIiones,

145 1732 197 1779 et
218 1732 431 1776 cantant
463 1721 719 1783 litaniam;
744 1728 799 1772 et
821 1734 939 1772 cum
964 1726 1275 1785 perventum
1300 1715 1457 1769 fuerit
1478 1714 1543 1767 ad
1570 1714 1717 1766 illum

145 1816 339 1877 locum,
377 1812 679 1864 Peccatores
697 1818 744 1862 te
766 1825 1028 1880 regamus,
1055 1808 1181 1861 audi
1209 1824 1321 1875 nos,
1358 1806 1451 1860 ille
1476 1806 1564 1873 qui
1593 1803 1722 1858 facit

1820 625 2141 693 dulgentiam
2167 628 2382 695 populo,
2403 628 2777 682 comitantibus
2799 629 3175 692 cardinalibus;
3205 631 3401 687 dcimle

1822 718 2118 770 revertitur
2148 719 2213 770 ad
2243 733 2509 772 cameram
2537 735 2709 783 suam,
2743 729 2795 773 et
2823 722 3039 788 deponit
3069 734 3398 789 paratncnta,

1824 818 1879 860 et
1905 808 2094 875 recipit
2123 810 2461 878 chlamydem
2484 826 2602 863 cum
2630 826 2865 878 capaceo
2882 812 2946 864 de
2976 814 3224 866 scarlettn
3255 829 3283 866 a
3312 816 3399 876 bo,

1824 899 2019 966 quibus
2045 900 2206 953 utitur
2236 916 2332 968 per
2364 910 2525 954 totam
2569 902 2825 955 Octavam
2856 902 3136 967 inclusive,
3170 906 3251 957 vel
3284 908 3398 957 sal-

1822 997 1927 1041 tem
1962 1005 2126 1057 usque
2147 992 2211 1043 ad
2244 991 2568 1045 Dorninicam
2599 994 2648 1045 in
2675 993 2809 1046 albis
2834 1007 2948 1061 post
2977 997 3276 1061 prandium,
3307 996 3399 1051 sed

1821 1080 2007 1132 melius
2039 1091 2120 1135 εει
2161 1083 2299 1150 quod
2334 1094 2507 1151 portet
2537 1100 2630 1153 per
2662 1094 2824 1138 totam
2853 1086 3016 1139 diem.
3047 1104 3165 1139 cum
3198 1089 3388 1153 quibus

1819 1169 1981 1221 etiam
2029 1170 2172 1224 vadit
2221 1173 2286 1224 ad
2345 1188 2579 1226 mensam
2614 1184 2667 1228 et
2711 1176 2775 1227 ad
2825 1174 3032 1229 Missam
3089 1177 3139 1229 iu
3188 1179 3407 1245 capella

1820 1271 1937 1309 sua.

1820 1368 2105 1425 LXXXIV.
2148 1372 2210 1425 In
2235 1373 2318 1425 die
2356 1385 2551 1495 sanetob
2568 1374 2779 1454 Raschce
2798 1376 2860 1429 de
2887 1377 3060 1445 ofﬁcio
3098 1376 3270 1430 Missa:
3300 1396 3391 1431 ru-

2556 1459 2684 1495 rica.

2556 1459 2684 1496 rica.

1894 1535 2170 1590 Dominica
2197 1535 2249 1588 in
2274 1535 2409 1591 festo
2433 1536 2651 1592 Pascha:
2674 1539 2830 1591 Missa
2865 1550 3069 1592 tantum
3099 1544 3401 1607 mandatur,

1822 1642 1992 1694 nequc
2023 1637 2105 1681 est
2133 1642 2333 1691 sermo;
2361 1629 2455 1681 sed
2482 1628 2658 1681 audita
2684 1629 2822 1682 bono
2846 1645 2999 1683 mane
3026 1630 3180 1686 Missa
3215 1648 3397 1700 parm,

1827 1717 2075 1769 dominus
2108 1732 2241 1785 papa
2263 1757 2278 1781 ,
2312 1718 2526 1771 indutus
2555 1719 2774 1786 pluviali
2806 1720 2926 1773 albo
2955 1735 3073 1783 cum
3127 1726 3280 1776 mitra
3311 1741 3400 1776 auc

1822 1806 2072 1860 rifrisiata
2106 1821 2228 1860 cum
2259 1810 2442 1875 perl's,
2476 1809 2617 1863 vadit
2644 1810 2710 1862 ad
2746 1811 2977 1864 dandum
3018 1812 3398 1880 indulgentiam

140 1904 361 1958 officium
392 1903 591 1972 surgit,
638 1911 692 1954 et
741 1900 955 1967 deponit
1003 1909 1311 1966 paramenta
1358 1899 1618 1961 violacea,
1667 1904 1723 1951 et
1754 1884 1800 1943 Β
1829 1899 2043 1966 pepulo.
2070 1898 2273 1952 Deinde
2299 1902 2439 1953 venit
2466 1902 2531 1953 ad
2563 1902 2843 1969 capellam,
2871 1902 3255 1962 associantibus
3282 1920 3405 1957 eum

141 1995 296 2048 etiam
330 1993 569 2047 minisu-i
597 1995 675 2045 sui
709 1993 974 2060 recipiunt
1002 1991 1106 2045 albi
1138 1991 1335 2047 coloris
1359 2030 1377 2056 ,
1408 1999 1464 2044 et
1506 1989 1720 2042 mitram

138 2086 453 2155 pretiosam,
480 2101 610 2152 papa
636 2099 848 2152 svmper
868 2084 1217 2138 accumbente
1231 2097 1391 2151 super
1412 2080 1719 2137 cathedram

135 2191 283 2229 suam
313 2184 442 2228 ante
486 2175 719 2229 medium
766 2174 993 2238 altaris;
1035 2184 1088 2228 et
1130 2188 1250 2227 cum
1296 2178 1544 2225 cantores
1586 2170 1723 2224 inci-

134 2268 290 2336 piunt
317 2268 557 2332 primum
588 2264 771 2335 Kyrie,
803 2267 1026 2327 eleison,
1063 2277 1193 2332 papa
1224 2263 1411 2332 surgit,
1448 2269 1502 2315 et
1533 2261 1719 2315 ibimet

130 2354 247 2409 cum
298 2355 524 2408 duobus
573 2353 812 2408 diaconis
860 2351 1223 2408 cardinalibus
1271 2362 1325 2423 et
1364 2350 1587 2418 praelato
1630 2352 1719 2417 qui

131 2444 259 2499 facit
283 2445 558 2508 officium,
589 2446 680 2514 qui
708 2454 854 2499 stare
877 2444 1035 2498 debet
1063 2458 1095 2497 a
1120 2443 1285 2496 latere
1314 2441 1534 2496 sinistro
1564 2455 1717 2510 papa:

124 2552 243 2592 cum
275 2538 392 2590 suis
423 2536 691 2590 ministris
717 2576 733 2601 ,
763 2534 890 2589 facit
916 2533 1310 2589 confessionem
1340 2549 1489 2587 ntore
1516 2534 1678 2587 solito
1703 2549 1718 2597 ;

128 2639 180 2681 et
208 2627 349 2681 facta
378 2628 732 2682 confessione
759 2627 961 2682 faciens
1003 2625 1239 2680 officium
1268 2625 1505 2680 ascendit
1542 2625 1607 2679 ad
1637 2626 1721 2679 al-

125 2728 258 2781 tare.
296 2730 351 2772 et
386 2732 527 2786 papa
551 2719 835 2773 revertitur
864 2717 930 2770 ad
972 2715 1281 2769 cathedram
1312 2729 1485 2781 suam,
1519 2729 1721 2782 ponens

126 2811 413 2865 incensum
452 2813 509 2865 in
542 2811 845 2871 thuribulo;
878 2818 932 2863 et
961 2810 1237 2863 incensato
1278 2808 1432 2861 altari
1482 2806 1724 2862 incensa-

129 2911 212 2954 tur
235 2904 377 2970 ipse;
413 2914 475 2957 et
502 2903 751 2969 praelatus
778 2900 1018 2968 procedit
1045 2899 1110 2953 ad
1138 2899 1376 2953 Missam.
1403 2897 1469 2952 Et
1499 2898 1625 2952 dum
1648 2899 1724 2951 in-

120 2991 314 3058 cipitur
342 2991 533 3046 Gloria
556 2993 611 3043 in
640 2992 853 3045 excelsis
882 2989 986 3044 Deo
1012 3031 1026 3054 ,
1070 3004 1204 3059 papa
1236 2988 1453 3056 deponit
1486 2988 1718 3058 pluviale

122 3083 351 3135 rubeant
380 3125 397 3146 ,
433 3092 492 3137 et
516 3084 705 3137 stolam
738 3124 752 3146 ,
792 3092 846 3136 et
888 3083 1123 3148 mitram,
1154 3096 1272 3150 quae
1306 3081 1485 3135 omnia
1523 3080 1721 3134 debent.

119 3188 239 3227 csse
272 3174 401 3228 sine
434 3174 630 3241 perlis;
662 3182 713 3227 et
734 3172 1111 3237 subdiaconus,
1136 3172 1221 3225 vel
1251 3171 1341 3225 ille
1365 3170 1457 3240 qui
1488 3170 1720 3224 custodit

118 3266 383 3331 ιιι-διδάξεαι
411 3280 535 3317 cum
569 3266 722 3318 mitra
745 3262 1098 3319 consistoriali
1127 3277 1243 3316 cum
1272 3261 1453 3330 perlis.
1485 3259 1717 3316 Sacrista
1748 3241 1793 3303 Ο

111 3366 244 3407 vero
282 3355 378 3409 vel
414 3354 535 3421 ejus
564 3354 739 3408 socius
767 3355 925 3407 tradit
954 3351 1185 3422 pluviale
1213 3352 1391 3406 album
1432 3350 1499 3405 de
1526 3352 1719 3417 samito

111 3458 232 3499 cum
268 3444 571 3498 aurifrisiis
598 3448 662 3497 de
685 3447 846 3510 perlis
867 3454 922 3499 et
948 3459 1067 3499 cum
1096 3444 1444 3511 cordonibus;
1467 3453 1520 3498 et
1539 3445 1720 3499 diaco-

107 3537 335 3604 nusqui
392 3544 509 3586 stat
554 3549 584 3585 a
629 3534 828 3588 dextris
868 3551 1015 3601 papa:
1046 3534 1217 3588 induit
1246 3550 1465 3603 papam;
1510 3546 1564 3590 et
1589 3536 1717 3590 dum

103 3629 381 3695 incipitur
414 3625 600 3678 Gloria
631 3627 684 3677 in
713 3626 924 3679 excrlsis
956 3624 1087 3691 Deo,
1122 3640 1295 3693 parva:
1325 3641 1599 3693 campanae
1619 3627 1718 3682 de-

102 3721 237 3773 bent
274 3716 543 3787 pulsari,
573 3728 626 3770 et
656 3717 814 3770 etiam
862 3717 945 3767 illa
987 3730 1175 3783 magna
1213 3715 1593 3770 consistorialis
1620 3758 1635 3782 ,
1665 3726 1721 3770 et

102 3826 239 3878 papa
276 3811 428 3862 dicit
462 3807 643 3860 Gloria
692 3809 743 3859 in
782 3807 991 3860 excelsis
1022 3806 1160 3871 Deo,
1202 3821 1320 3859 cum
1361 3807 1718 3860 cardinalibus

100 3902 203 3956 sibi
230 3898 642 3953 assistentibus
670 3908 793 3952 ante
818 3898 882 3950 ad
917 3896 1131 3951 modum
1161 3896 1366 3950 circuli.
1398 3897 1585 3950 Omnia
1615 3897 1719 3950 alia

102 3993 239 4047 fient
270 4002 444 4061 prout
486 3993 536 4043 in
563 3991 758 4043 Missali
806 3991 1045 4043 llomano
1071 3991 1434 4043 continentur.

176 4082 513 4136 Notandum
556 4080 695 4146 quod
750 4079 883 4133 lecta
935 4080 1170 4148 Epistula
1196 4123 1210 4146 ,
1240 4078 1599 4132 subdiaconus
1631 4080 1718 4147 qui

104 4174 286 4240 ipsam
325 4170 472 4241 legit
506 4173 556 4223 di
579 4175 662 4223 bet
694 4186 876 4223 venire
917 4170 980 4223 ad
1017 4170 1290 4237 przelatum
1324 4171 1412 4238 qui
1448 4170 1570 4223 facit
1602 4172 1722 4223 offi-

100 4266 251 4320 cium
282 4282 297 4328 ;
345 4273 409 4317 et
443 4276 596 4315 versa
631 4262 758 4316 facie
785 4263 847 4316 ad
871 4262 1039 4327 ipsum
1064 4263 1166 4314 alta
1200 4277 1328 4316 voce
1356 4262 1485 4315 dicit
1508 4261 1722 4316 Annuu-

96 4356 173 4407 lio
206 4354 362 4407 vobis
393 4353 651 4422 gaudium
685 4369 925 4422 magnum
948 4394 964 4419 ,
994 4353 1221 4406 videlicet
1258 4353 1522 4415 Alleluia;
1563 4362 1613 4406 et
1642 4356 1721 4406 in-

94 4444 423 4498 continenti
460 4445 716 4509 praelatus
738 4445 923 4511 surgit.
948 4452 1000 4496 et
1030 4444 1265 4510 deposita
1300 4443 1452 4496 mitra
1481 4443 1607 4496 dicit
1629 4444 1720 4496 Al-

96 4537 294 4601 leluia,
346 4546 410 4590 et
445 4535 620 4587 tribus
647 4536 851 4589 vicibus
877 4536 1090 4603 incipit,
1123 4550 1334 4602 semper
1361 4549 1543 4588 vocem
1573 4534 1718 4590 exal-

97 4627 276 4679 tando
303 4628 360 4680 in
395 4626 648 4694 qualibet
684 4627 819 4679 vice.

174 4718 447 4783 Recepto
480 4718 641 4783 igitur
673 4723 897 4785 corp‘ure
925 4726 978 4771 et
1012 4718 1269 4787 sanguine
1314 4719 1519 4773 Domini
1559 4717 1727 4772 nostri

93 4805 233 4861 Jesu
267 4805 501 4861 Christi
530 4847 544 4866 ,
576 4806 776 4859 faciens
804 4806 1038 4859 ofticium
1080 4817 1319 4862 remanet
1366 4822 1528 4877 super
1555 4823 1727 4863 cornu

90 4901 371 4955 dextrum
424 4900 620 4952 altaris
648 4916 661 4963 ;
694 4909 747 4952 et
776 4898 1137 4953 stlbdiaconus
1176 4915 1322 4967 papa:
1353 4900 1538 4969 incipit
1570 4901 1725 4955 Anti-

94 4992 385 5059 plmnam,
424 4990 654 5054 Vespere
674 5001 845 5043 autent
873 4991 1086 5044 Sabbali
1111 5035 1125 5058 ,
1157 5000 1261 5047 etc.
1289 5034 1303 5057 ,
1336 5005 1462 5047 ante
1494 5009 1681 5061 papam
1710 5011 1724 5058 ;

92 5093 152 5138 et
178 5097 473 5137 summus
495 5082 726 5148 pontifex
752 5081 912 5151 50h.
939 5082 1123 5149 incipit
1145 5083 1337 5136 dictam
1367 5085 1720 5152 Antiphonam

92 5175 369 5242 deposita
420 5174 590 5226 mitra
613 5211 629 5236 ,
658 5185 709 5227 ct
742 5178 888 5241 punit
916 5175 1189 5227 incensum
1222 5177 1271 5227 in
1298 5173 1647 5236 tlturibulum;
1670 5185 1722 5229 et

88 5268 190 5320 ille
218 5266 321 5334 qui
351 5262 746 5316 facitufﬁcium
783 5264 1047 5317 tlmriﬁcat
1076 5273 1201 5317 ante
1245 5266 1448 5327 altare;
1497 5273 1548 5315 et
1596 5278 1724 5316 can-

87 5364 211 5409 tato
240 5370 350 5422 per
383 5364 673 5417 cantores,
700 5354 902 5407 faciens
925 5355 1158 5409 officium
1188 5355 1318 5408 dicit
1346 5355 1637 5408 Collectam
1670 5356 1720 5408 in

80 5463 270 5501 cornu
293 5445 512 5498 altaris
540 5447 815 5512 praedicto,
846 5456 897 5500 et
925 5460 1029 5500 non
1075 5462 1204 5516 papa
1234 5463 1248 5512 ;
1281 5457 1329 5500 et
1361 5461 1573 5514 semper
1612 5456 1720 5500 Stat

79 5541 213 5591 sine
249 5538 432 5590 mitra
467 5535 525 5586 in
556 5536 683 5588 sede
724 5552 818 5588 sua
863 5537 985 5589 dum
1015 5537 1209 5591 dicitur
1238 5537 1496 5591 Collecta.
1541 5537 1720 5603 Aliqui

75 5625 340 5684 Romani
360 5624 679 5692 pontiﬁces
702 5636 1091 5680 consueverunt
1115 5637 1257 5680 stare
1280 5642 1372 5693 per
1400 5635 1566 5679 tntum
1600 5626 1727 5695 Ma-r
1776 5674 1779 5677 .

78 5718 334 5786 gniﬁcat
356 5715 498 5771 sine
533 5716 704 5768 mitra.
734 5714 885 5771 Nota’
905 5716 1045 5786 quod
1078 5717 1129 5771 in
1172 5718 1267 5772 ista
1302 5718 1459 5771 Missa
1502 5734 1603 5771 nou
1638 5717 1717 5770 di-

78 5809 246 5863 citur
270 5807 541 5862 La'latus
571 5823 703 5861 sum.

1824 1988 2189 2043 cardinalibus
2239 1999 2364 2044 tunc
2420 1992 2773 2058 przcsentibus
2816 1992 3110 2045 secundum
3160 1993 3403 2046 ordinem

1825 2092 1981 2132 suum
2032 2086 2157 2132 ante
2191 2093 2312 2133 eum
2344 2079 2703 2147 gradientibus
2735 2122 2750 2146 ,
2796 2083 3167 2135 assistentibus
3196 2084 3245 2136 ci
3274 2084 3405 2136 (ιιιη-

1832 2170 1930 2223 bus
1958 2170 2196 2223 diaconis
2226 2171 2588 2225 cardinalibus
2618 2172 3007 2240 antiquioribus
3032 2211 3047 2237 ,
3080 2188 3184 2227 uno
3213 2189 3241 2225 a
3274 2176 3404 2227 dex-

1822 2261 1918 2314 tris
1944 2301 1960 2325 ,
1991 2271 2045 2314 et
2072 2262 2179 2315 alio
2216 2277 2244 2315 a
2273 2264 2527 2327 sinistris;
2556 2263 2883 2317 subdiacono
2910 2279 3120 2318 crucem
3164 2278 3404 2333 portante

1822 2361 1953 2405 ante
1981 2366 2167 2420 papam
2192 2361 2245 2405 et
2274 2362 2398 2405 ante
2422 2352 2738 2407 cardinales.
2784 2352 2915 2407 Cum
2947 2365 3127 2409 autem
3161 2371 3292 2424 papa
3323 2368 3405 2411 est

1819 2440 1871 2495 in
1901 2443 2127 2509 capella,
2144 2444 2322 2497 statim
2347 2444 2494 2497 vadit
2522 2454 2646 2499 ante
2667 2444 2852 2509 altare,
2874 2444 2962 2499 ubi
2990 2446 3149 2500 debet
3170 2461 3290 2502 esse
3314 2462 3403 2501 ca-

1823 2533 2008 2587 thedra
2055 2535 2318 2602 pulvinari
2366 2544 2547 2603 parata
2578 2553 2591 2600 ;
2624 2544 2678 2589 et
2704 2537 2934 2604 reposita
2983 2538 3081 2591 sibi
3113 2539 3265 2593 mitra
3309 2555 3402 2607 per

1821 2624 2106 2679 diaconum
2134 2626 2221 2695 qui
2264 2636 2349 2680 est
2388 2642 2416 2679 a
2464 2627 2666 2681 dextris
2692 2667 2707 2693 ,
2735 2629 3079 2699 genuflectit,
3113 2639 3167 2684 ct
3194 2631 3263 2685 ibi
3306 2631 3403 2686 ali-

1822 2717 2140 2787 quantulum
2173 2729 2310 2782 orat,
2344 2728 2403 2771 ut
2432 2719 2595 2773 moris
2621 2729 2723 2775 est.

1899 2808 2099 2863 Deinde
2127 2810 2228 2863 sibi
2260 2811 2417 2863 mitra
2451 2814 2703 2881 reposita,
2732 2813 2876 2867 vadit
2916 2814 2981 2869 ad
3023 2815 3178 2868 alTam
3211 2816 3397 2871 cathe-

1828 2899 1978 2953 dram
2013 2902 2168 2969 longe
2194 2904 2261 2954 ab
2291 2903 2442 2957 altari
2473 2914 2745 2972 paratam,
2778 2916 2832 2959 et
2862 2906 2931 2961 ibi
2964 2908 3153 2969 sedet;
3181 2918 3237 2961 et
3266 2909 3401 2963 facta

1826 2992 1875 3045 ei
1910 2995 2209 3047 reverentia
2242 2993 2394 3048 Solita
2418 3011 2513 3063 per
2555 2996 2853 3050 cardinales
2877 3007 2930 3050 ct
2961 2998 3093 3050 alios
3129 2997 3402 3065 prmlatos,

1826 3094 1960 3147 papa
1992 3082 2179 3149 incipit
2196 3097 2346 3135 more
2369 3083 2528 3135 solito
2556 3085 2662 3138 alte
2681 3084 2933 3147 Tertiam,
2960 3101 3117 3152 quam
3140 3087 3269 3138 dicit
3291 3087 3402 3154 ipse

1829 3170 2073 3237 legendo,
2102 3184 2154 3225 et
2176 3172 2437 3240 capellaui
2465 3190 2586 3227 cum
2615 3178 2918 3228 cantoribus
2939 3186 3060 3229 ante
3082 3192 3204 3230 eum
3237 3178 3402 3244 ipsam

1828 3262 2109 3315 cantando.
2142 3262 2254 3328 Qua
2287 3263 2456 3329 finita,
2494 3280 2628 3333 papa
2669 3266 2791 3319 dicit
2824 3267 3154 3333 Orationem,
3178 3278 3230 3322 et
3258 3270 3404 3339 prior

1827 3352 2199 3420 episcoporum
2232 3366 2377 3410 tenet
2418 3356 2469 3411 ei
2498 3358 2688 3410 librum
2731 3373 2893 3426 super
2936 3370 3094 3427 caput
3129 3376 3283 3413 suum
3309 3399 3324 3426 ,
3352 3373 3405 3418 et

1821 3444 1925 3497 duo
1952 3446 2179 3515 acolythi
2203 3457 2421 3501 cantant
2460 3447 2828 3503 Benedicamus
2861 3450 3080 3503 Domino
3102 3493 3117 3517 ,
3147 3453 3358 3506 alleluia
3381 3498 3394 3517 ,

1825 3535 2059 3602 alleluia,
2093 3550 2197 3591 etc.
2238 3540 2438 3594 Deinde
2467 3555 2596 3608 papa
2623 3541 2791 3603 sedet,
2823 3552 2875 3595 et
2902 3543 3257 3597 subdiaconus
3277 3561 3398 3597 cum

1834 3642 1941 3681 uno
1968 3634 2036 3682 de
2064 3631 2405 3684 cubiculariis
2426 3633 2628 3684 calccat
2649 3632 2744 3684 sibi
2770 3632 3027 3698 sandalia,
3054 3640 3108 3685 et
3134 3634 3243 3698 ipse
3268 3648 3399 3701 papa

1824 3717 2037 3768 interim
2063 3718 2188 3786 legit
2213 3722 2378 3782 Quam
2406 3721 2612 3786 dilecta,
2634 3736 2754 3775 cum
2782 3722 2885 3776 illis
2906 3724 3265 3789 Orationibus,
3289 3735 3393 3779 etc.

1825 3803 2028 3857 Deinde
2059 3805 2197 3857 lavat
2218 3822 2427 3869 manus,
2462 3820 2618 3875 prout
2639 3822 2955 3866 consttetum
3000 3824 3083 3866 est
3106 3854 3119 3874 .
3152 3827 3202 3867 et
3233 3818 3403 3871 sacris

1834 3888 1955 3945 aliis
2019 3893 2255 3947 induitur
2329 3898 2676 3962 paramentis.
2760 3899 3015 3953 Similiter
3090 3912 3143 3954 et
3213 3917 3402 3958 omnes

1828 3982 2151 4048 cardinales,
2218 3984 2509 4037 secundum
2568 3986 2808 4038 ordinem
2871 4001 3024 4038 suum
3089 3997 3144 4041 et
3208 4004 3396 4042 secun-

1823 4072 1948 4126 dum
1981 4073 2120 4140 quod
2153 4075 2232 4127 eis
2260 4074 2533 4141 competit,
2580 4073 2698 4128 alba
2738 4076 2897 4129 etiam
2946 4076 3209 4143 recipiunt
3252 4094 3400 4145 para-

1823 4175 2026 4217 menta.

1894 4254 2098 4321 Quibus
2128 4254 2456 4324 paramentis
2503 4256 2763 4324 receptis,
2798 4256 3087 4322 imponitur
3123 4275 3270 4328 papae
3302 4262 3400 4314 mi-

1824 4356 1905 4402 tra
1933 4349 2191 4402 solemnis
2219 4363 2233 4411 ;
2278 4357 2330 4401 et
2354 4347 2547 4401 deinde
2573 4348 2946 4402 assistentibus
2978 4350 3242 4416 praedictis
3269 4352 3398 4406 duo-

1826 4441 1927 4495 bus
1954 4440 2337 4504 cardinalibus,
2363 4456 2468 4493 uno
2488 4456 2517 4493 a
2546 4443 2768 4504 dextris,
2800 4455 2853 4497 et
2881 4441 2983 4494 alio
3011 4458 3039 4496 a
3072 4444 3322 4508 sinistris,
3347 4457 3399 4496 ct

1825 4531 2005 4600 priore
2030 4532 2401 4598 cpiscOporuiu
2446 4547 2567 4585 eum
2618 4534 2919 4585 associante
2969 4542 3023 4585 et
3068 4534 3398 4600 prec-edente

1749 4603 1803 4663 Ῑ)
1827 4621 1915 4690 qui
1944 4621 2055 4689 ipsa
2085 4621 2173 4674 die
2213 4622 2417 4676 servire
2446 4622 2548 4675 sibi
2580 4620 2736 4675 debet
2781 4622 2850 4675 de
2882 4623 3017 4676 libro
3057 4633 3111 4677 et
3136 4624 3252 4680 aliis
3280 4642 3397 4694 qua:

1829 4712 1929 4765 sibi
1960 4722 2268 4779 competunt
2311 4714 2361 4764 in
2390 4712 2567 4765 officio
2593 4712 2856 4779 capellani
2876 4752 2892 4777 ,
2938 4714 3399 4780 prece-siunaliter

1828 4816 1948 4855 cum
1970 4817 2149 4865 cruce,
2182 4804 2400 4855 incenso
2430 4813 2483 4855 et
2510 4813 2713 4870 septem
2743 4803 2931 4856 faculis
2956 4803 3097 4856 vadit
3123 4805 3186 4855 ad
3211 4804 3396 4867 altare;

1827 4902 1881 4945 et
1908 4892 2171 4946 veniendo
2218 4901 2507 4947 occurrunt
2553 4894 2603 4947 ei
2653 4902 2761 4946 tres
2804 4892 3043 4961 juniores
3098 4895 3396 4963 presbyteri

1828 4983 2132 5038 cardinales
2162 4984 2356 5053 parati;
2388 4994 2440 5038 et
2465 4984 2600 5052 ipse,
2648 4993 2705 5037 ut
2744 4985 2908 5038 moris
2936 4992 3020 5037 est
3045 5024 3059 5047 ,
3091 4984 3274 5053 recipit
3306 4999 3399 5038 eos

1826 5074 2119 5128 secundum
2148 5074 2393 5128 ordinem
2425 5088 2581 5129 suum
2620 5074 2687 5128 ad
2727 5076 2967 5128 osculum
2996 5074 3106 5128 oris
3134 5086 3188 5129 et
3222 5088 3398 5142 pecto-

1826 5166 1920 5218 ris.
1947 5163 2145 5218 Deinde
2171 5180 2319 5219 more
2347 5166 2502 5218 solito
2526 5165 2651 5219 facit
2672 5163 3065 5219 confessionem
3093 5181 3249 5219 suam
3274 5177 3395 5219 ante

1826 5257 2017 5318 altare,
2048 5263 2103 5306 et
2131 5254 2234 5307 alia
2267 5269 2384 5323 qua:
2421 5252 2473 5307 in
2519 5255 2639 5307 aliis
2686 5254 3019 5308 solemnibus
3063 5254 3232 5308 Missis
3276 5267 3396 5310 sunt

1828 5345 1939 5398 fieri
1973 5356 2248 5401 consueta.
2301 5346 2502 5400 Deinde
2546 5346 2689 5400 vadit
2728 5345 2795 5401 ad
2842 5347 3028 5401 sedem
3080 5361 3230 5400 Suam
3262 5390 3275 5412 ,
3306 5348 3395 5401 ubi

1826 5438 2021 5492 stando
2050 5439 2175 5493 dicit
2210 5438 2484 5493 lntroitum
2516 5437 2690 5493 Missa:
2720 5479 2733 5501 ,
2763 5448 2814 5491 et
2845 5437 3024 5508 lt'yrie,
3055 5439 3242 5492 eleison
3271 5455 3390 5493 cum

1825 5529 2205 5583 cardinalibus.
2238 5529 2396 5599 505
2431 5529 2629 5582 Deinde
2659 5530 2848 5594 sedet,
2882 5539 2936 5583 et
2970 5529 3048 5583 sic
3084 5529 3394 5597 proceditur

1824 5619 1875 5673 iu
1902 5620 2057 5673 Missa
2088 5621 2380 5681 secundum
2412 5620 2549 5689 quod
2580 5619 2688 5673 alio
2710 5629 2948 5688 tempore
2969 5628 3051 5672 est
3080 5620 3392 5688 regulariter

1826 5715 1941 5767 fieri
1965 5724 2307 5766 consuetum.

1896 5804 2190 5857 Notandum
2222 5802 2361 5869 quod
2394 5804 2443 5855 iu
2467 5802 2564 5855 bac
2607 5803 2761 5856 Missa
2793 5810 2907 5871 post
2935 5800 3157 5853 Alleluia
3183 5808 3233 5852 et
3261 5797 3388 5850 Ver.
