  <div class='ocr_page' id='page_1' title='image "/cluster/home/n/w/nwhite01/storage/ocr_20150623/78/uva.x000827090/673.png"; bbox 0 0 3990 6294; ppageno 0'>
   <div class='ocr_carea' id='block_1_1' title="bbox 572 393 697 449">
    <p class='ocr_par' dir='ltr' id='par_1_1' title="bbox 572 393 697 449">
     <span class='ocr_line' id='line_1_1' title="bbox 572 393 697 449; baseline -0.016 -1"><span class='ocrx_word' id='word_1_1' title='bbox 572 393 697 449; x_wconf 68' lang='grc'><strong>1531</strong></span> 
     </span>
    </p>
   </div>
   <div class='ocr_carea' id='block_1_2' title="bbox 1237 371 3145 440">
    <p class='ocr_par' dir='ltr' id='par_1_2' title="bbox 1237 371 3145 440">
     <span class='ocr_line' id='line_1_2' title="bbox 1237 371 3145 440; baseline -0.009 0"><span class='ocrx_word' id='word_1_2' title='bbox 1237 383 1579 440; x_wconf 75' lang='grc' dir='ltr'><strong>ΑΙῬΕΝΟΙΧ</strong></span> <span class='ocrx_word' id='word_1_3' title='bbox 1623 381 1715 437; x_wconf 79' lang='lat' dir='ltr'><strong>AD</strong></span> <span class='ocrx_word' id='word_1_4' title='bbox 1758 382 1815 437; x_wconf 88' lang='lat' dir='ltr'><strong>S.</strong></span> <span class='ocrx_word' id='word_1_5' title='bbox 1858 380 2189 436; x_wconf 77' lang='lat' dir='ltr'><strong>GREGORII</strong></span> <span class='ocrx_word' id='word_1_6' title='bbox 2227 377 2441 433; x_wconf 83' lang='lat' dir='ltr'><strong>MAGNI</strong></span> <span class='ocrx_word' id='word_1_7' title='bbox 2485 373 2854 431; x_wconf 78' lang='lat' dir='ltr'><strong>LITURGICA</strong></span> <span class='ocrx_word' id='word_1_8' title='bbox 2894 371 3145 427; x_wconf 70' lang='lat' dir='ltr'><strong>OPEllA.</strong></span> 
     </span>
    </p>
   </div>
   <div class='ocr_carea' id='block_1_3' title="bbox 3688 358 3831 421">
    <p class='ocr_par' dir='ltr' id='par_1_3' title="bbox 3688 358 3831 421">
     <span class='ocr_line' id='line_1_3' title="bbox 3688 358 3831 421; baseline -0.007 -2"><span class='ocrx_word' id='word_1_9' title='bbox 3688 358 3831 421; x_wconf 61' lang='lat'><strong>133?.</strong></span> 
     </span>
    </p>
   </div>
   <div class='ocr_carea' id='block_1_4' title="bbox 570 479 3829 567">
    <p class='ocr_par' dir='ltr' id='par_1_4' title="bbox 570 479 3829 567">
     <span class='ocr_line' id='line_1_4' title="bbox 570 479 3829 567; baseline -0.009 -13"><span class='ocrx_word' id='word_1_10' title='bbox 570 519 684 557; x_wconf 72' lang='lat' dir='ltr'><strong>sunt</strong></span> <span class='ocrx_word' id='word_1_11' title='bbox 714 501 1040 567; x_wconf 72' lang='lat' dir='ltr'><strong>Con/imiimi</strong></span> <span class='ocrx_word' id='word_1_12' title='bbox 1080 505 1323 550; x_wconf 97' lang='lat' dir='ltr'><strong>cantatur</strong></span> <span class='ocrx_word' id='word_1_13' title='bbox 1371 510 1465 562; x_wconf 88' lang='lat' dir='ltr'><strong>per</strong></span> <span class='ocrx_word' id='word_1_14' title='bbox 1510 501 1779 558; x_wconf 90' lang='lat' dir='ltr'><strong>cantores,</strong></span> <span class='ocrx_word' id='word_1_15' title='bbox 1810 501 1863 547; x_wconf 90' lang='lat' dir='ltr'><strong>et</strong></span> <span class='ocrx_word' id='word_1_16' title='bbox 1894 492 2141 561; x_wconf 91' lang='lat' dir='ltr'><strong>incipitur</strong></span> <span class='ocrx_word' id='word_1_17' title='bbox 2167 493 2215 547; x_wconf 76' lang='grc' dir='ltr'><strong>Α</strong></span> <span class='ocrx_word' id='word_1_18' title='bbox 2244 486 2571 541; x_wconf 87' lang='lat' dir='ltr'><strong>subdiacono</strong></span> <span class='ocrx_word' id='word_1_19' title='bbox 2591 487 2752 541; x_wconf 89' lang='lat' dir='ltr'><strong>etiam</strong></span> <span class='ocrx_word' id='word_1_20' title='bbox 2780 480 3180 559; x_wconf 73' lang='lat' dir='ltr'><strong>genuﬂeclenti,</strong></span> <span class='ocrx_word' id='word_1_21' title='bbox 3208 479 3296 547; x_wconf 90' lang='lat' dir='ltr'><strong>qui</strong></span> <span class='ocrx_word' id='word_1_22' title='bbox 3331 485 3504 543; x_wconf 86' lang='lat' dir='ltr'><strong>portat</strong></span> <span class='ocrx_word' id='word_1_23' title='bbox 3526 490 3648 528; x_wconf 89' lang='lat' dir='ltr'><strong>eam</strong></span> <span class='ocrx_word' id='word_1_24' title='bbox 3676 490 3829 543; x_wconf 77' lang='lat' dir='ltr'><strong>papa:</strong></span> 
     </span>
    </p>
   </div>
   <div class='ocr_carea' id='block_1_5' title="bbox 572 584 2137 665">
    <p class='ocr_par' dir='ltr' id='par_1_5' title="bbox 572 584 2137 665">
     <span class='ocr_line' id='line_1_5' title="bbox 572 584 2137 665; baseline -0.008 -14"><span class='ocrx_word' id='word_1_25' title='bbox 572 612 667 665; x_wconf 88' lang='lat' dir='ltr'><strong>per</strong></span> <span class='ocrx_word' id='word_1_26' title='bbox 702 594 949 654; x_wconf 89' lang='lat' dir='ltr'><strong>eosdem,</strong></span> <span class='ocrx_word' id='word_1_27' title='bbox 1004 604 1107 643; x_wconf 89' lang='lat' dir='ltr'><strong>non</strong></span> <span class='ocrx_word' id='word_1_28' title='bbox 1155 604 1250 655; x_wconf 93' lang='lat' dir='ltr'><strong>per</strong></span> <span class='ocrx_word' id='word_1_29' title='bbox 1296 603 1521 655; x_wconf 84' lang='lat' dir='ltr'><strong>papam,</strong></span> <span class='ocrx_word' id='word_1_30' title='bbox 1572 586 1856 655; x_wconf 85' lang='lat' dir='ltr'><strong>Sequentia</strong></span> <span class='ocrx_word' id='word_1_31' title='bbox 1905 584 2137 638; x_wconf 70' lang='lat' dir='ltr'><strong>Victimas</strong></span> 
     </span>
    </p>
   </div>
   <div class='ocr_carea' id='block_1_6' title="bbox 572 677 1905 756">
    <p class='ocr_par' dir='ltr' id='par_1_6' title="bbox 572 677 1905 756">
     <span class='ocr_line' id='line_1_6' title="bbox 572 677 1905 756; baseline -0.009 -16"><span class='ocrx_word' id='word_1_32' title='bbox 572 684 799 756; x_wconf 77' lang='lat' dir='ltr'><strong>paschali</strong></span> <span class='ocrx_word' id='word_1_33' title='bbox 825 682 1022 749; x_wconf 84' lang='lat' dir='ltr'><strong>laudes,</strong></span> <span class='ocrx_word' id='word_1_34' title='bbox 1046 689 1102 734; x_wconf 90' lang='lat' dir='ltr'><strong>et</strong></span> <span class='ocrx_word' id='word_1_35' title='bbox 1140 681 1192 734; x_wconf 91' lang='lat' dir='ltr'><strong>in</strong></span> <span class='ocrx_word' id='word_1_36' title='bbox 1228 681 1329 733; x_wconf 87' lang='lat' dir='ltr'><strong>line</strong></span> <span class='ocrx_word' id='word_1_37' title='bbox 1355 679 1632 733; x_wconf 84' lang='lat' dir='ltr'><strong>reiteratur</strong></span> <span class='ocrx_word' id='word_1_38' title='bbox 1660 677 1905 730; x_wconf 77' lang='lat' dir='ltr'><strong>Alleluia.</strong></span> 
     </span>
    </p>
   </div>
   <div class='ocr_carea' id='block_1_7' title="bbox 638 767 2137 840">
    <p class='ocr_par' dir='ltr' id='par_1_7' title="bbox 638 767 2137 840">
     <span class='ocr_line' id='line_1_7' title="bbox 638 767 2137 840; baseline -0.006 -12"><span class='ocrx_word' id='word_1_39' title='bbox 638 773 940 828; x_wconf 91' lang='lat' dir='ltr'><strong>Notandum</strong></span> <span class='ocrx_word' id='word_1_40' title='bbox 972 771 1114 840; x_wconf 88' lang='lat' dir='ltr'><strong>quod</strong></span> <span class='ocrx_word' id='word_1_41' title='bbox 1138 773 1235 823; x_wconf 72' lang='lat' dir='ltr'><strong>ista</strong></span> <span class='ocrx_word' id='word_1_42' title='bbox 1257 771 1340 824; x_wconf 88' lang='lat' dir='ltr'><strong>die</strong></span> <span class='ocrx_word' id='word_1_43' title='bbox 1371 786 1475 823; x_wconf 90' lang='lat' dir='ltr'><strong>non</strong></span> <span class='ocrx_word' id='word_1_44' title='bbox 1512 772 1569 822; x_wconf 82' lang='lat' dir='ltr'><strong>ﬁt</strong></span> <span class='ocrx_word' id='word_1_45' title='bbox 1601 783 1801 835; x_wconf 83' lang='lat' dir='ltr'><strong>sermo,</strong></span> <span class='ocrx_word' id='word_1_46' title='bbox 1830 767 1922 820; x_wconf 89' lang='lat' dir='ltr'><strong>sed</strong></span> <span class='ocrx_word' id='word_1_47' title='bbox 1948 770 2137 819; x_wconf 74' lang='lat' dir='ltr'><strong>imme~</strong></span> 
     </span>
    </p>
   </div>
   <div class='ocr_carea' id='block_1_8' title="bbox 568 857 2141 931">
    <p class='ocr_par' dir='ltr' id='par_1_8' title="bbox 568 857 2141 931">
     <span class='ocr_line' id='line_1_8' title="bbox 568 857 2141 931; baseline -0.007 -12"><span class='ocrx_word' id='word_1_48' title='bbox 568 865 707 919; x_wconf 89' lang='lat' dir='ltr'><strong>diate</strong></span> <span class='ocrx_word' id='word_1_49' title='bbox 755 865 907 916; x_wconf 78' lang='lat' dir='ltr'><strong>linito</strong></span> <span class='ocrx_word' id='word_1_50' title='bbox 958 862 1274 931; x_wconf 80' lang='lat' dir='ltr'><strong>Evangelio,</strong></span> <span class='ocrx_word' id='word_1_51' title='bbox 1333 862 1589 914; x_wconf 88' lang='lat' dir='ltr'><strong>diaconus</strong></span> <span class='ocrx_word' id='word_1_52' title='bbox 1637 860 1725 928; x_wconf 90' lang='lat' dir='ltr'><strong>qui</strong></span> <span class='ocrx_word' id='word_1_53' title='bbox 1784 857 2069 911; x_wconf 72' lang='lat' dir='ltr'><strong>assistebat</strong></span> <span class='ocrx_word' id='word_1_54' title='bbox 2111 871 2141 909; x_wconf 90' lang='lat' dir='ltr'><strong>a</strong></span> 
     </span>
    </p>
   </div>
   <div class='ocr_carea' id='block_1_9' title="bbox 572 950 2145 1024">
    <p class='ocr_par' dir='ltr' id='par_1_9' title="bbox 572 950 2145 1024">
     <span class='ocr_line' id='line_1_9' title="bbox 572 950 2145 1024; baseline -0.003 -18"><span class='ocrx_word' id='word_1_55' title='bbox 572 963 727 1024; x_wconf 90' lang='lat' dir='ltr'><strong>parte</strong></span> <span class='ocrx_word' id='word_1_56' title='bbox 757 952 969 1008; x_wconf 90' lang='lat' dir='ltr'><strong>sinistra</strong></span> <span class='ocrx_word' id='word_1_57' title='bbox 994 952 1120 1005; x_wconf 83' lang='lat' dir='ltr'><strong>dicit</strong></span> <span class='ocrx_word' id='word_1_58' title='bbox 1149 951 1403 1017; x_wconf 73' lang='lat' dir='ltr'><strong>Conﬁteor</strong></span> <span class='ocrx_word' id='word_1_59' title='bbox 1434 950 1562 1007; x_wconf 85' lang='lat' dir='ltr'><strong>Deo.</strong></span> <span class='ocrx_word' id='word_1_60' title='bbox 1598 961 1728 1017; x_wconf 88' lang='lat' dir='ltr'><strong>etc.,</strong></span> <span class='ocrx_word' id='word_1_61' title='bbox 1758 958 1812 1004; x_wconf 89' lang='lat' dir='ltr'><strong>et</strong></span> <span class='ocrx_word' id='word_1_62' title='bbox 1839 964 1969 1017; x_wconf 90' lang='lat' dir='ltr'><strong>papa</strong></span> <span class='ocrx_word' id='word_1_63' title='bbox 1994 963 2145 1002; x_wconf 89' lang='lat' dir='ltr'><strong>more</strong></span> 
     </span>
    </p>
   </div>
   <div class='ocr_carea' id='block_1_10' title="bbox 572 1038 2144 1111">
    <p class='ocr_par' dir='ltr' id='par_1_10' title="bbox 572 1038 2144 1111">
     <span class='ocr_line' id='line_1_10' title="bbox 572 1038 2144 1111; baseline -0.005 -12"><span class='ocrx_word' id='word_1_64' title='bbox 572 1045 730 1099; x_wconf 87' lang='lat' dir='ltr'><strong>solito</strong></span> <span class='ocrx_word' id='word_1_65' title='bbox 761 1044 852 1096; x_wconf 85' lang='lat' dir='ltr'><strong>dat</strong></span> <span class='ocrx_word' id='word_1_66' title='bbox 899 1043 1331 1097; x_wconf 87' lang='lat' dir='ltr'><strong>Benedictiouetn</strong></span> <span class='ocrx_word' id='word_1_67' title='bbox 1374 1042 1573 1111; x_wconf 78' lang='lat' dir='ltr'><strong>absque</strong></span> <span class='ocrx_word' id='word_1_68' title='bbox 1605 1039 2031 1108; x_wconf 88' lang='lat' dir='ltr'><strong>pronuntiatione</strong></span> <span class='ocrx_word' id='word_1_69' title='bbox 2060 1038 2144 1091; x_wconf 82' lang='lat' dir='ltr'><strong>in-</strong></span> 
     </span>
    </p>
   </div>
   <div class='ocr_carea' id='block_1_11' title="bbox 574 1130 2148 1204">
    <p class='ocr_par' dir='ltr' id='par_1_11' title="bbox 574 1130 2148 1204">
     <span class='ocr_line' id='line_1_11' title="bbox 574 1130 2148 1204; baseline -0.003 -15"><span class='ocrx_word' id='word_1_70' title='bbox 574 1133 875 1204; x_wconf 62' lang='lat' dir='ltr'><strong>dulgentiae.</strong></span> <span class='ocrx_word' id='word_1_71' title='bbox 923 1134 978 1189; x_wconf 94' lang='lat' dir='ltr'><strong>In</strong></span> <span class='ocrx_word' id='word_1_72' title='bbox 1024 1135 1127 1187; x_wconf 88' lang='lat' dir='ltr'><strong>line</strong></span> <span class='ocrx_word' id='word_1_73' title='bbox 1160 1134 1331 1186; x_wconf 55' lang='lat' dir='ltr'><strong>Missa!</strong></span> <span class='ocrx_word' id='word_1_74' title='bbox 1369 1133 1527 1185; x_wconf 78' lang='lat' dir='ltr'><strong>debet</strong></span> <span class='ocrx_word' id='word_1_75' title='bbox 1555 1131 1692 1196; x_wconf 87' lang='lat' dir='ltr'><strong>dari,</strong></span> <span class='ocrx_word' id='word_1_76' title='bbox 1723 1130 2148 1200; x_wconf 69' lang='lat' dir='ltr'><strong>quandocumque</strong></span> 
     </span>
    </p>
   </div>
   <div class='ocr_carea' id='block_1_12' title="bbox 578 1220 2148 1291">
    <p class='ocr_par' dir='ltr' id='par_1_12' title="bbox 578 1220 2148 1291">
     <span class='ocr_line' id='line_1_12' title="bbox 578 1220 2148 1291; baseline -0.006 -10"><span class='ocrx_word' id='word_1_77' title='bbox 578 1245 685 1281; x_wconf 87' lang='lat' dir='ltr'><strong>non</strong></span> <span class='ocrx_word' id='word_1_78' title='bbox 719 1239 799 1281; x_wconf 90' lang='lat' dir='ltr'><strong>est</strong></span> <span class='ocrx_word' id='word_1_79' title='bbox 827 1240 1025 1279; x_wconf 84' lang='lat' dir='ltr'><strong>sermo.</strong></span> <span class='ocrx_word' id='word_1_80' title='bbox 1072 1225 1199 1277; x_wconf 89' lang='lat' dir='ltr'><strong>Data</strong></span> <span class='ocrx_word' id='word_1_81' title='bbox 1233 1224 1619 1286; x_wconf 68' lang='lat' dir='ltr'><strong>bent-dictione,</strong></span> <span class='ocrx_word' id='word_1_82' title='bbox 1658 1238 1790 1291; x_wconf 88' lang='lat' dir='ltr'><strong>papa</strong></span> <span class='ocrx_word' id='word_1_83' title='bbox 1823 1222 1950 1275; x_wconf 87' lang='lat' dir='ltr'><strong>dicit</strong></span> <span class='ocrx_word' id='word_1_84' title='bbox 1986 1220 2148 1274; x_wconf 83' lang='lat' dir='ltr'><strong>Credo</strong></span> 
     </span>
    </p>
   </div>
   <div class='ocr_carea' id='block_1_13' title="bbox 577 1311 2150 1381">
    <p class='ocr_par' dir='ltr' id='par_1_13' title="bbox 577 1311 2150 1381">
     <span class='ocr_line' id='line_1_13' title="bbox 577 1311 2150 1381; baseline -0.003 -13"><span class='ocrx_word' id='word_1_85' title='bbox 577 1320 629 1369; x_wconf 88' lang='lat' dir='ltr'><strong>in</strong></span> <span class='ocrx_word' id='word_1_86' title='bbox 657 1333 817 1370; x_wconf 89' lang='lat' dir='ltr'><strong>unum</strong></span> <span class='ocrx_word' id='word_1_87' title='bbox 856 1315 1041 1380; x_wconf 85' lang='lat' dir='ltr'><strong>Deum,</strong></span> <span class='ocrx_word' id='word_1_88' title='bbox 1067 1325 1171 1369; x_wconf 91' lang='lat' dir='ltr'><strong>etc.</strong></span> <span class='ocrx_word' id='word_1_89' title='bbox 1208 1316 1333 1367; x_wconf 92' lang='lat' dir='ltr'><strong>Item</strong></span> <span class='ocrx_word' id='word_1_90' title='bbox 1368 1322 1488 1366; x_wconf 89' lang='lat' dir='ltr'><strong>uota</strong></span> <span class='ocrx_word' id='word_1_91' title='bbox 1514 1312 1652 1381; x_wconf 90' lang='lat' dir='ltr'><strong>quod</strong></span> <span class='ocrx_word' id='word_1_92' title='bbox 1677 1313 1850 1366; x_wconf 87' lang='lat' dir='ltr'><strong>inveni</strong></span> <span class='ocrx_word' id='word_1_93' title='bbox 1891 1311 1942 1365; x_wconf 88' lang='lat' dir='ltr'><strong>in</strong></span> <span class='ocrx_word' id='word_1_94' title='bbox 1977 1311 2150 1379; x_wconf 89' lang='lat' dir='ltr'><strong>spatio</strong></span> 
     </span>
    </p>
   </div>
   <div class='ocr_carea' id='block_1_14' title="bbox 580 1400 2147 1475">
    <p class='ocr_par' dir='ltr' id='par_1_14' title="bbox 580 1400 2147 1475">
     <span class='ocr_line' id='line_1_14' title="bbox 580 1400 2147 1475; baseline -0.004 -16"><span class='ocrx_word' id='word_1_95' title='bbox 580 1407 696 1460; x_wconf 90' lang='lat' dir='ltr'><strong>libri</strong></span> <span class='ocrx_word' id='word_1_96' title='bbox 721 1416 891 1472; x_wconf 82' lang='lat' dir='ltr'><strong>extra,</strong></span> <span class='ocrx_word' id='word_1_97' title='bbox 922 1405 1060 1475; x_wconf 89' lang='lat' dir='ltr'><strong>quod</strong></span> <span class='ocrx_word' id='word_1_98' title='bbox 1094 1405 1218 1459; x_wconf 89' lang='lat' dir='ltr'><strong>licet</strong></span> <span class='ocrx_word' id='word_1_99' title='bbox 1254 1419 1358 1456; x_wconf 90' lang='lat' dir='ltr'><strong>non</strong></span> <span class='ocrx_word' id='word_1_100' title='bbox 1391 1402 1481 1456; x_wconf 88' lang='lat' dir='ltr'><strong>liat</strong></span> <span class='ocrx_word' id='word_1_101' title='bbox 1507 1417 1700 1462; x_wconf 77' lang='lat' dir='ltr'><strong>sermo,</strong></span> <span class='ocrx_word' id='word_1_102' title='bbox 1739 1412 1914 1454; x_wconf 90' lang='lat' dir='ltr'><strong>tamen</strong></span> <span class='ocrx_word' id='word_1_103' title='bbox 1948 1400 2147 1454; x_wconf 90' lang='lat' dir='ltr'><strong>dicitur</strong></span> 
     </span>
    </p>
   </div>
   <div class='ocr_carea' id='block_1_15' title="bbox 580 1490 2150 1563">
    <p class='ocr_par' dir='ltr' id='par_1_15' title="bbox 580 1490 2150 1563">
     <span class='ocr_line' id='line_1_15' title="bbox 580 1490 2150 1563; baseline -0.004 -13"><span class='ocrx_word' id='word_1_104' title='bbox 580 1495 858 1563; x_wconf 81' lang='lat' dir='ltr'><strong>Conﬁteor,</strong></span> <span class='ocrx_word' id='word_1_105' title='bbox 891 1506 943 1549; x_wconf 85' lang='lat' dir='ltr'><strong>et</strong></span> <span class='ocrx_word' id='word_1_106' title='bbox 963 1491 1794 1562; x_wconf 72' lang='lat' dir='ltr'><strong>d&#39;aturindulgentia.Notandum</strong></span> <span class='ocrx_word' id='word_1_107' title='bbox 1820 1492 1980 1546; x_wconf 87' lang='lat' dir='ltr'><strong>etiam</strong></span> <span class='ocrx_word' id='word_1_108' title='bbox 2009 1490 2150 1559; x_wconf 91' lang='lat' dir='ltr'><strong>quod</strong></span> 
     </span>
    </p>
   </div>
   <div class='ocr_carea' id='block_1_16' title="bbox 581 1582 2152 1653">
    <p class='ocr_par' dir='ltr' id='par_1_16' title="bbox 581 1582 2152 1653">
     <span class='ocr_line' id='line_1_16' title="bbox 581 1582 2152 1653; baseline -0.003 -14"><span class='ocrx_word' id='word_1_109' title='bbox 581 1586 801 1639; x_wconf 64' lang='lat' dir='ltr'><strong>sacris-ta</strong></span> <span class='ocrx_word' id='word_1_110' title='bbox 844 1585 1002 1640; x_wconf 83' lang='lat' dir='ltr'><strong>hodie</strong></span> <span class='ocrx_word' id='word_1_111' title='bbox 1044 1586 1195 1653; x_wconf 89' lang='lat' dir='ltr'><strong>ponit</strong></span> <span class='ocrx_word' id='word_1_112' title='bbox 1237 1585 1418 1637; x_wconf 90' lang='lat' dir='ltr'><strong>mitras</strong></span> <span class='ocrx_word' id='word_1_113' title='bbox 1471 1584 1729 1651; x_wconf 78' lang='lat' dir='ltr'><strong>pretiosas</strong></span> <span class='ocrx_word' id='word_1_114' title='bbox 1776 1590 1832 1637; x_wconf 89' lang='lat' dir='ltr'><strong>et</strong></span> <span class='ocrx_word' id='word_1_115' title='bbox 1885 1582 2152 1636; x_wconf 86' lang='lat' dir='ltr'><strong>solemnes</strong></span> 
     </span>
    </p>
   </div>
   <div class='ocr_carea' id='block_1_17' title="bbox 582 1671 2152 1742">
    <p class='ocr_par' dir='ltr' id='par_1_17' title="bbox 582 1671 2152 1742">
     <span class='ocr_line' id='line_1_17' title="bbox 582 1671 2152 1742; baseline 0.001 -17"><span class='ocrx_word' id='word_1_116' title='bbox 582 1689 745 1742; x_wconf 80' lang='lat' dir='ltr'><strong>super</strong></span> <span class='ocrx_word' id='word_1_117' title='bbox 775 1690 939 1729; x_wconf 90' lang='lat' dir='ltr'><strong>cornu</strong></span> <span class='ocrx_word' id='word_1_118' title='bbox 972 1674 1242 1729; x_wconf 89' lang='lat' dir='ltr'><strong>sinistrum</strong></span> <span class='ocrx_word' id='word_1_119' title='bbox 1276 1674 1482 1741; x_wconf 90' lang='lat' dir='ltr'><strong>altaris,</strong></span> <span class='ocrx_word' id='word_1_120' title='bbox 1513 1683 1567 1727; x_wconf 90' lang='lat' dir='ltr'><strong>et</strong></span> <span class='ocrx_word' id='word_1_121' title='bbox 1595 1687 1806 1741; x_wconf 84' lang='lat' dir='ltr'><strong>semper</strong></span> <span class='ocrx_word' id='word_1_122' title='bbox 1828 1672 1882 1727; x_wconf 93' lang='lat' dir='ltr'><strong>in</strong></span> <span class='ocrx_word' id='word_1_123' title='bbox 1906 1671 2152 1739; x_wconf 81' lang='lat' dir='ltr'><strong>illisdie-</strong></span> 
     </span>
    </p>
   </div>
   <div class='ocr_carea' id='block_1_18' title="bbox 584 1766 1208 1836">
    <p class='ocr_par' dir='ltr' id='par_1_18' title="bbox 584 1766 1208 1836">
     <span class='ocr_line' id='line_1_18' title="bbox 584 1766 1208 1836; baseline -0.002 -16"><span class='ocrx_word' id='word_1_124' title='bbox 584 1766 683 1821; x_wconf 85' lang='lat' dir='ltr'><strong>bus</strong></span> <span class='ocrx_word' id='word_1_125' title='bbox 707 1768 1208 1836; x_wconf 87' lang='lat' dir='ltr'><strong>processionalibus.</strong></span> 
     </span>
    </p>
   </div>
   <div class='ocr_carea' id='block_1_19' title="bbox 2240 564 3833 642">
    <p class='ocr_par' dir='ltr' id='par_1_19' title="bbox 2240 564 3833 642">
     <span class='ocr_line' id='line_1_19' title="bbox 2240 564 3833 642; baseline -0.009 -14"><span class='ocrx_word' id='word_1_126' title='bbox 2240 591 2360 628; x_wconf 92' lang='lat' dir='ltr'><strong>cum</strong></span> <span class='ocrx_word' id='word_1_127' title='bbox 2388 589 2616 642; x_wconf 80' lang='lat' dir='ltr'><strong>corpore.</strong></span> <span class='ocrx_word' id='word_1_128' title='bbox 2652 572 2870 627; x_wconf 87' lang='lat' dir='ltr'><strong>Christi.</strong></span> <span class='ocrx_word' id='word_1_129' title='bbox 2920 570 2988 623; x_wconf 86' lang='lat' dir='ltr'><strong>Et</strong></span> <span class='ocrx_word' id='word_1_130' title='bbox 3020 568 3209 636; x_wconf 89' lang='lat' dir='ltr'><strong>recipit</strong></span> <span class='ocrx_word' id='word_1_131' title='bbox 3250 566 3477 620; x_wconf 88' lang='lat' dir='ltr'><strong>calicem</strong></span> <span class='ocrx_word' id='word_1_132' title='bbox 3515 564 3833 631; x_wconf 79' lang='lat' dir='ltr'><strong>discooper—</strong></span> 
     </span>
    </p>
   </div>
   <div class='ocr_carea' id='block_1_20' title="bbox 2245 659 3832 732">
    <p class='ocr_par' dir='ltr' id='par_1_20' title="bbox 2245 659 3832 732">
     <span class='ocr_line' id='line_1_20' title="bbox 2245 659 3832 732; baseline -0.008 -13"><span class='ocrx_word' id='word_1_133' title='bbox 2245 677 2377 732; x_wconf 88' lang='lat' dir='ltr'><strong>tum,</strong></span> <span class='ocrx_word' id='word_1_134' title='bbox 2427 677 2483 719; x_wconf 88' lang='lat' dir='ltr'><strong>et</strong></span> <span class='ocrx_word' id='word_1_135' title='bbox 2533 667 2657 719; x_wconf 74' lang='lat' dir='ltr'><strong>lacn</strong></span> <span class='ocrx_word' id='word_1_136' title='bbox 2694 662 2854 720; x_wconf 83' lang='lat' dir='ltr'><strong>simili</strong></span> <span class='ocrx_word' id='word_1_137' title='bbox 2887 662 3049 716; x_wconf 89' lang='lat' dir='ltr'><strong>modo</strong></span> <span class='ocrx_word' id='word_1_138' title='bbox 3075 659 3357 723; x_wconf 88' lang='lat' dir='ltr'><strong>circulum,</strong></span> <span class='ocrx_word' id='word_1_139' title='bbox 3386 667 3441 713; x_wconf 88' lang='lat' dir='ltr'><strong>et</strong></span> <span class='ocrx_word' id='word_1_140' title='bbox 3470 664 3649 725; x_wconf 80' lang='lat' dir='ltr'><strong>portat</strong></span> <span class='ocrx_word' id='word_1_141' title='bbox 3679 669 3832 724; x_wconf 68' lang='lat' dir='ltr'><strong>papa</strong></span> 
     </span>
    </p>
   </div>
   <div class='ocr_carea' id='block_1_21' title="bbox 2242 758 2799 828">
    <p class='ocr_par' dir='ltr' id='par_1_21' title="bbox 2242 758 2799 828">
     <span class='ocr_line' id='line_1_21' title="bbox 2242 758 2799 828; baseline -0.007 -14"><span class='ocrx_word' id='word_1_142' title='bbox 2242 758 2439 814; x_wconf 79' lang='lat' dir='ltr'><strong>Christi</strong></span> <span class='ocrx_word' id='word_1_143' title='bbox 2462 761 2799 828; x_wconf 85' lang='lat' dir='ltr'><strong>sanguinem.</strong></span> 
     </span>
    </p>
   </div>
   <div class='ocr_carea' id='block_1_22' title="bbox 2315 843 3835 918">
    <p class='ocr_par' dir='ltr' id='par_1_22' title="bbox 2315 843 3835 918">
     <span class='ocr_line' id='line_1_22' title="bbox 2315 843 3835 918; baseline -0.007 -15"><span class='ocrx_word' id='word_1_144' title='bbox 2315 850 2547 918; x_wconf 78' lang='lat' dir='ltr'><strong>Recepto</strong></span> <span class='ocrx_word' id='word_1_145' title='bbox 2598 862 2726 918; x_wconf 86' lang='lat' dir='ltr'><strong>ergo</strong></span> <span class='ocrx_word' id='word_1_146' title='bbox 2784 860 3013 916; x_wconf 88' lang='lat' dir='ltr'><strong>corpore</strong></span> <span class='ocrx_word' id='word_1_147' title='bbox 3062 843 3283 906; x_wconf 86' lang='lat' dir='ltr'><strong>Christi,</strong></span> <span class='ocrx_word' id='word_1_148' title='bbox 3338 852 3560 908; x_wconf 90' lang='lat' dir='ltr'><strong>accepto</strong></span> <span class='ocrx_word' id='word_1_149' title='bbox 3614 856 3645 895; x_wconf 83' lang='lat' dir='ltr'><strong>a</strong></span> <span class='ocrx_word' id='word_1_150' title='bbox 3698 852 3835 909; x_wconf 78' lang='lat' dir='ltr'><strong>papa</strong></span> 
     </span>
    </p>
   </div>
   <div class='ocr_carea' id='block_1_23' title="bbox 2244 932 3835 1010">
    <p class='ocr_par' dir='ltr' id='par_1_23' title="bbox 2244 932 3835 1010">
     <span class='ocr_line' id='line_1_23' title="bbox 2244 932 3835 1010; baseline -0.008 -14"><span class='ocrx_word' id='word_1_151' title='bbox 2244 943 2429 997; x_wconf 89' lang='lat' dir='ltr'><strong>osculo</strong></span> <span class='ocrx_word' id='word_1_152' title='bbox 2456 941 2624 1010; x_wconf 82' lang='lat' dir='ltr'><strong>pacis,</strong></span> <span class='ocrx_word' id='word_1_153' title='bbox 2656 939 2950 994; x_wconf 78' lang='lat' dir='ltr'><strong>revertitur</strong></span> <span class='ocrx_word' id='word_1_154' title='bbox 2979 937 3044 991; x_wconf 93' lang='lat' dir='ltr'><strong>ad</strong></span> <span class='ocrx_word' id='word_1_155' title='bbox 3083 937 3253 990; x_wconf 89' lang='lat' dir='ltr'><strong>altare</strong></span> <span class='ocrx_word' id='word_1_156' title='bbox 3283 950 3403 989; x_wconf 90' lang='lat' dir='ltr'><strong>cum</strong></span> <span class='ocrx_word' id='word_1_157' title='bbox 3446 934 3651 999; x_wconf 79' lang='lat' dir='ltr'><strong>calice;</strong></span> <span class='ocrx_word' id='word_1_158' title='bbox 3684 942 3740 985; x_wconf 80' lang='lat' dir='ltr'><strong>et</strong></span> <span class='ocrx_word' id='word_1_159' title='bbox 3766 932 3835 985; x_wconf 93' lang='lat' dir='ltr'><strong>ibi</strong></span> 
     </span>
    </p>
   </div>
   <div class='ocr_carea' id='block_1_24' title="bbox 2246 1023 3840 1101">
    <p class='ocr_par' dir='ltr' id='par_1_24' title="bbox 2246 1023 3840 1101">
     <span class='ocr_line' id='line_1_24' title="bbox 2246 1023 3840 1101; baseline -0.009 -13"><span class='ocrx_word' id='word_1_160' title='bbox 2246 1049 2367 1089; x_wconf 89' lang='lat' dir='ltr'><strong>cum</strong></span> <span class='ocrx_word' id='word_1_161' title='bbox 2406 1033 2616 1087; x_wconf 88' lang='lat' dir='ltr'><strong>calamo</strong></span> <span class='ocrx_word' id='word_1_162' title='bbox 2654 1031 2796 1101; x_wconf 82' lang='lat' dir='ltr'><strong>sugit</strong></span> <span class='ocrx_word' id='word_1_163' title='bbox 2839 1028 3105 1082; x_wconf 87' lang='lat' dir='ltr'><strong>modicum</strong></span> <span class='ocrx_word' id='word_1_164' title='bbox 3134 1027 3202 1080; x_wconf 92' lang='lat' dir='ltr'><strong>de</strong></span> <span class='ocrx_word' id='word_1_165' title='bbox 3237 1026 3496 1094; x_wconf 86' lang='lat' dir='ltr'><strong>sanguine</strong></span> <span class='ocrx_word' id='word_1_166' title='bbox 3525 1023 3755 1088; x_wconf 85' lang='lat' dir='ltr'><strong>Christi,</strong></span> <span class='ocrx_word' id='word_1_167' title='bbox 3785 1032 3840 1074; x_wconf 86' lang='lat' dir='ltr'><strong>et</strong></span> 
     </span>
    </p>
   </div>
   <div class='ocr_carea' id='block_1_25' title="bbox 2248 1112 3834 1185">
    <p class='ocr_par' dir='ltr' id='par_1_25' title="bbox 2248 1112 3834 1185">
     <span class='ocr_line' id='line_1_25' title="bbox 2248 1112 3834 1185; baseline -0.01 -7"><span class='ocrx_word' id='word_1_168' title='bbox 2248 1124 2340 1178; x_wconf 90' lang='lat' dir='ltr'><strong>dat</strong></span> <span class='ocrx_word' id='word_1_169' title='bbox 2364 1123 2695 1177; x_wconf 89' lang='lat' dir='ltr'><strong>subdiacono</strong></span> <span class='ocrx_word' id='word_1_170' title='bbox 2732 1120 2917 1185; x_wconf 88' lang='lat' dir='ltr'><strong>etiam,</strong></span> <span class='ocrx_word' id='word_1_171' title='bbox 2948 1129 3003 1173; x_wconf 92' lang='lat' dir='ltr'><strong>et</strong></span> <span class='ocrx_word' id='word_1_172' title='bbox 3022 1117 3295 1171; x_wconf 84' lang='lat' dir='ltr'><strong>osculatur</strong></span> <span class='ocrx_word' id='word_1_173' title='bbox 3334 1131 3493 1180; x_wconf 86' lang='lat' dir='ltr'><strong>eum;</strong></span> <span class='ocrx_word' id='word_1_174' title='bbox 3535 1128 3641 1183; x_wconf 89' lang='lat' dir='ltr'><strong>quo</strong></span> <span class='ocrx_word' id='word_1_175' title='bbox 3670 1112 3834 1173; x_wconf 78' lang='lat' dir='ltr'><strong>facto,</strong></span> 
     </span>
    </p>
   </div>
   <div class='ocr_carea' id='block_1_26' title="bbox 2250 1203 3839 1284">
    <p class='ocr_par' dir='ltr' id='par_1_26' title="bbox 2250 1203 3839 1284">
     <span class='ocr_line' id='line_1_26' title="bbox 2250 1203 3839 1284; baseline -0.009 -14"><span class='ocrx_word' id='word_1_176' title='bbox 2250 1216 2446 1284; x_wconf 87' lang='lat' dir='ltr'><strong>recipit</strong></span> <span class='ocrx_word' id='word_1_177' title='bbox 2474 1228 2594 1268; x_wconf 90' lang='lat' dir='ltr'><strong>cum</strong></span> <span class='ocrx_word' id='word_1_178' title='bbox 2627 1214 2919 1266; x_wconf 82' lang='lat' dir='ltr'><strong>descensus</strong></span> <span class='ocrx_word' id='word_1_179' title='bbox 2966 1218 3080 1275; x_wconf 90' lang='lat' dir='ltr'><strong>est,</strong></span> <span class='ocrx_word' id='word_1_180' title='bbox 3128 1210 3251 1276; x_wconf 88' lang='lat' dir='ltr'><strong>quia</strong></span> <span class='ocrx_word' id='word_1_181' title='bbox 3300 1208 3585 1275; x_wconf 87' lang='lat' dir='ltr'><strong>episcopus</strong></span> <span class='ocrx_word' id='word_1_182' title='bbox 3612 1203 3839 1257; x_wconf 84' lang='lat' dir='ltr'><strong>sacrista</strong></span> 
     </span>
    </p>
   </div>
   <div class='ocr_carea' id='block_1_27' title="bbox 2258 1298 3839 1377">
    <p class='ocr_par' dir='ltr' id='par_1_27' title="bbox 2258 1298 3839 1377">
     <span class='ocr_line' id='line_1_27' title="bbox 2258 1298 3839 1377; baseline -0.008 -17"><span class='ocrx_word' id='word_1_183' title='bbox 2258 1308 2348 1377; x_wconf 86' lang='lat' dir='ltr'><strong>qui</strong></span> <span class='ocrx_word' id='word_1_184' title='bbox 2408 1306 2576 1361; x_wconf 84' lang='lat' dir='ltr'><strong>servit</strong></span> <span class='ocrx_word' id='word_1_185' title='bbox 2632 1321 2780 1372; x_wconf 75' lang='lat' dir='ltr'><strong>papre</strong></span> <span class='ocrx_word' id='word_1_186' title='bbox 2840 1303 2988 1371; x_wconf 90' lang='lat' dir='ltr'><strong>ponit</strong></span> <span class='ocrx_word' id='word_1_187' title='bbox 3036 1302 3255 1355; x_wconf 89' lang='lat' dir='ltr'><strong>Ilostias</strong></span> <span class='ocrx_word' id='word_1_188' title='bbox 3312 1308 3655 1353; x_wconf 87' lang='lat' dir='ltr'><strong>consecratas</strong></span> <span class='ocrx_word' id='word_1_189' title='bbox 3703 1298 3839 1350; x_wconf 82' lang='lat' dir='ltr'><strong>intra</strong></span> 
     </span>
    </p>
   </div>
   <div class='ocr_carea' id='block_1_28' title="bbox 2252 1384 3834 1464">
    <p class='ocr_par' dir='ltr' id='par_1_28' title="bbox 2252 1384 3834 1464">
     <span class='ocr_line' id='line_1_28' title="bbox 2252 1384 3834 1464; baseline -0.009 -15"><span class='ocrx_word' id='word_1_190' title='bbox 2252 1410 2504 1464; x_wconf 84' lang='lat' dir='ltr'><strong>cuppam,</strong></span> <span class='ocrx_word' id='word_1_191' title='bbox 2530 1403 2584 1447; x_wconf 91' lang='lat' dir='ltr'><strong>et</strong></span> <span class='ocrx_word' id='word_1_192' title='bbox 2623 1409 2728 1447; x_wconf 90' lang='lat' dir='ltr'><strong>non</strong></span> <span class='ocrx_word' id='word_1_193' title='bbox 2760 1392 3017 1445; x_wconf 81' lang='lat' dir='ltr'><strong>diaconus</strong></span> <span class='ocrx_word' id='word_1_194' title='bbox 3045 1388 3353 1451; x_wconf 85' lang='lat' dir='ltr'><strong>cardinalis,</strong></span> <span class='ocrx_word' id='word_1_195' title='bbox 3385 1402 3508 1439; x_wconf 91' lang='lat' dir='ltr'><strong>cum</strong></span> <span class='ocrx_word' id='word_1_196' title='bbox 3550 1384 3834 1438; x_wconf 86' lang='lat' dir='ltr'><strong>tenaculis.</strong></span> 
     </span>
    </p>
   </div>
   <div class='ocr_carea' id='block_1_29' title="bbox 2254 1476 3838 1551">
    <p class='ocr_par' dir='ltr' id='par_1_29' title="bbox 2254 1476 3838 1551">
     <span class='ocr_line' id='line_1_29' title="bbox 2254 1476 3838 1551; baseline -0.009 -11"><span class='ocrx_word' id='word_1_197' title='bbox 2254 1487 2321 1541; x_wconf 88' lang='lat' dir='ltr'><strong>Et</strong></span> <span class='ocrx_word' id='word_1_198' title='bbox 2362 1487 2434 1540; x_wconf 86' lang='lat' dir='ltr'><strong>ita</strong></span> <span class='ocrx_word' id='word_1_199' title='bbox 2465 1484 2571 1539; x_wconf 84' lang='lat' dir='ltr'><strong>vidi</strong></span> <span class='ocrx_word' id='word_1_200' title='bbox 2601 1485 2802 1538; x_wconf 84' lang='lat' dir='ltr'><strong>servari</strong></span> <span class='ocrx_word' id='word_1_201' title='bbox 2832 1496 2932 1551; x_wconf 88' lang='lat' dir='ltr'><strong>ego</strong></span> <span class='ocrx_word' id='word_1_202' title='bbox 2975 1481 3163 1535; x_wconf 88' lang='lat' dir='ltr'><strong>Petrus</strong></span> <span class='ocrx_word' id='word_1_203' title='bbox 3202 1481 3485 1545; x_wconf 89' lang='lat' dir='ltr'><strong>episcopus</strong></span> <span class='ocrx_word' id='word_1_204' title='bbox 3522 1476 3838 1544; x_wconf 77' lang='lat' dir='ltr'><strong>Oloyceusis</strong></span> 
     </span>
    </p>
   </div>
   <div class='ocr_carea' id='block_1_30' title="bbox 2255 1564 3839 1643">
    <p class='ocr_par' dir='ltr' id='par_1_30' title="bbox 2255 1564 3839 1643">
     <span class='ocr_line' id='line_1_30' title="bbox 2255 1564 3839 1643; baseline -0.009 -13"><span class='ocrx_word' id='word_1_205' title='bbox 2255 1585 2495 1643; x_wconf 83' lang='lat' dir='ltr'><strong>tempore</strong></span> <span class='ocrx_word' id='word_1_206' title='bbox 2544 1574 2730 1627; x_wconf 91' lang='lat' dir='ltr'><strong>domni</strong></span> <span class='ocrx_word' id='word_1_207' title='bbox 2765 1570 3019 1626; x_wconf 81' lang='lat' dir='ltr'><strong>Bonifacii</strong></span> <span class='ocrx_word' id='word_1_208' title='bbox 3054 1569 3144 1634; x_wconf 80' lang='lat' dir='ltr'><strong>IX,</strong></span> <span class='ocrx_word' id='word_1_209' title='bbox 3192 1567 3488 1623; x_wconf 88' lang='lat' dir='ltr'><strong>Innocentii</strong></span> <span class='ocrx_word' id='word_1_210' title='bbox 3525 1566 3612 1630; x_wconf 83' lang='lat' dir='ltr'><strong>VI,</strong></span> <span class='ocrx_word' id='word_1_211' title='bbox 3644 1564 3839 1633; x_wconf 79' lang='lat' dir='ltr'><strong>Grego-</strong></span> 
     </span>
    </p>
   </div>
   <div class='ocr_carea' id='block_1_31' title="bbox 2255 1659 3838 1731">
    <p class='ocr_par' dir='ltr' id='par_1_31' title="bbox 2255 1659 3838 1731">
     <span class='ocr_line' id='line_1_31' title="bbox 2255 1659 3838 1731; baseline -0.009 -11"><span class='ocrx_word' id='word_1_212' title='bbox 2255 1666 2321 1721; x_wconf 90' lang='lat' dir='ltr'><strong>rii</strong></span> <span class='ocrx_word' id='word_1_213' title='bbox 2354 1665 2443 1731; x_wconf 70' lang='lat' dir='ltr'><strong>XI,</strong></span> <span class='ocrx_word' id='word_1_214' title='bbox 2466 1663 2687 1719; x_wconf 81' lang='lat' dir='ltr'><strong>Joannis</strong></span> <span class='ocrx_word' id='word_1_215' title='bbox 2716 1661 2910 1727; x_wconf 81' lang='lat' dir='ltr'><strong>XXIII,</strong></span> <span class='ocrx_word' id='word_1_216' title='bbox 2937 1671 2992 1716; x_wconf 89' lang='lat' dir='ltr'><strong>et</strong></span> <span class='ocrx_word' id='word_1_217' title='bbox 3030 1659 3245 1714; x_wconf 83' lang='lat' dir='ltr'><strong>Martini</strong></span> <span class='ocrx_word' id='word_1_218' title='bbox 3277 1659 3339 1721; x_wconf 77' lang='grc' dir='ltr'><strong>ν,</strong></span> <span class='ocrx_word' id='word_1_219' title='bbox 3372 1667 3427 1712; x_wconf 88' lang='lat' dir='ltr'><strong>et</strong></span> <span class='ocrx_word' id='word_1_220' title='bbox 3469 1668 3714 1721; x_wconf 72' lang='lat' dir='ltr'><strong>tempore</strong></span> <span class='ocrx_word' id='word_1_221' title='bbox 3740 1669 3838 1721; x_wconf 84' lang='lat' dir='ltr'><strong>quo</strong></span> 
     </span>
    </p>
   </div>
   <div class='ocr_carea' id='block_1_32' title="bbox 2256 1750 3839 1811">
    <p class='ocr_par' dir='ltr' id='par_1_32' title="bbox 2256 1750 3839 1811">
     <span class='ocr_line' id='line_1_32' title="bbox 2256 1750 3839 1811; baseline -0.01 0"><span class='ocrx_word' id='word_1_222' title='bbox 2256 1771 2543 1811; x_wconf 89' lang='lat' dir='ltr'><strong>cum.......</strong></span> <span class='ocrx_word' id='word_1_223' title='bbox 2580 1753 2840 1809; x_wconf 88' lang='lat' dir='ltr'><strong>tenaculis</strong></span> <span class='ocrx_word' id='word_1_224' title='bbox 2878 1752 2946 1806; x_wconf 89' lang='lat' dir='ltr'><strong>de</strong></span> <span class='ocrx_word' id='word_1_225' title='bbox 2992 1766 3122 1804; x_wconf 91' lang='lat' dir='ltr'><strong>auro</strong></span> <span class='ocrx_word' id='word_1_226' title='bbox 3151 1750 3363 1803; x_wconf 82' lang='lat' dir='ltr'><strong>Hostias</strong></span> <span class='ocrx_word' id='word_1_227' title='bbox 3392 1754 3763 1807; x_wconf 82' lang='lat' dir='ltr'><strong>consecratas,</strong></span> <span class='ocrx_word' id='word_1_228' title='bbox 3786 1755 3839 1797; x_wconf 86' lang='lat' dir='ltr'><strong>et</strong></span> 
     </span>
    </p>
   </div>
   <div class='ocr_carea' id='block_1_33' title="bbox 664 1834 3843 1924">
    <p class='ocr_par' dir='ltr' id='par_1_33' title="bbox 664 1834 3843 1924">
     <span class='ocr_line' id='line_1_33' title="bbox 664 1834 3843 1924; baseline -0.008 -13"><span class='ocrx_word' id='word_1_229' title='bbox 664 1834 789 1911; x_wconf 81' lang='lat' dir='ltr'><strong>Item</strong></span> <span class='ocrx_word' id='word_1_230' title='bbox 838 1860 1125 1911; x_wconf 87' lang='lat' dir='ltr'><strong>notandum</strong></span> <span class='ocrx_word' id='word_1_231' title='bbox 1178 1856 1318 1924; x_wconf 88' lang='lat' dir='ltr'><strong>quod</strong></span> <span class='ocrx_word' id='word_1_232' title='bbox 1371 1855 1525 1922; x_wconf 88' lang='lat' dir='ltr'><strong>paulo</strong></span> <span class='ocrx_word' id='word_1_233' title='bbox 1581 1863 1705 1909; x_wconf 87' lang='lat' dir='ltr'><strong>ante</strong></span> <span class='ocrx_word' id='word_1_234' title='bbox 1761 1852 2156 1908; x_wconf 78' lang='lat' dir='ltr'><strong>inchoationem</strong></span> <span class='ocrx_word' id='word_1_235' title='bbox 2188 1843 2230 1900; x_wconf 83' lang='grc' dir='ltr'><strong><em>Β</em></strong></span> <span class='ocrx_word' id='word_1_236' title='bbox 2261 1848 2407 1915; x_wconf 90' lang='lat' dir='ltr'><strong>ponit</strong></span> <span class='ocrx_word' id='word_1_237' title='bbox 2435 1846 2577 1899; x_wconf 88' lang='lat' dir='ltr'><strong>illam</strong></span> <span class='ocrx_word' id='word_1_238' title='bbox 2622 1844 2675 1897; x_wconf 92' lang='lat' dir='ltr'><strong>in</strong></span> <span class='ocrx_word' id='word_1_239' title='bbox 2726 1856 2949 1911; x_wconf 89' lang='lat' dir='ltr'><strong>coppam</strong></span> <span class='ocrx_word' id='word_1_240' title='bbox 2994 1855 3238 1908; x_wconf 85' lang='lat' dir='ltr'><strong>magnam</strong></span> <span class='ocrx_word' id='word_1_241' title='bbox 3284 1838 3597 1892; x_wconf 87' lang='lat' dir='ltr'><strong>deauratam</strong></span> <span class='ocrx_word' id='word_1_242' title='bbox 3642 1834 3709 1887; x_wconf 88' lang='lat' dir='ltr'><strong>ad</strong></span> <span class='ocrx_word' id='word_1_243' title='bbox 3748 1836 3843 1887; x_wconf 81' lang='lat' dir='ltr'><strong>hoc</strong></span> 
     </span>
    </p>
   </div>
   <div class='ocr_carea' id='block_1_34' title="bbox 587 1942 2159 2018">
    <p class='ocr_par' dir='ltr' id='par_1_34' title="bbox 587 1942 2159 2018">
     <span class='ocr_line' id='line_1_34' title="bbox 587 1942 2159 2018; baseline -0.005 -16"><span class='ocrx_word' id='word_1_244' title='bbox 587 1949 914 2018; x_wconf 66' lang='lat' dir='ltr'><strong>praelationis</strong></span> <span class='ocrx_word' id='word_1_245' title='bbox 943 1947 1049 2000; x_wconf 93' lang='lat' dir='ltr'><strong>duo</strong></span> <span class='ocrx_word' id='word_1_246' title='bbox 1090 1946 1297 2000; x_wconf 85' lang='lat' dir='ltr'><strong>diaconi</strong></span> <span class='ocrx_word' id='word_1_247' title='bbox 1333 1945 1632 2000; x_wconf 84' lang='lat' dir='ltr'><strong>cardinales</strong></span> <span class='ocrx_word' id='word_1_248' title='bbox 1677 1944 1864 1998; x_wconf 90' lang='lat' dir='ltr'><strong>ultimo</strong></span> <span class='ocrx_word' id='word_1_249' title='bbox 1889 1942 2044 1997; x_wconf 89' lang='lat' dir='ltr'><strong>electi</strong></span> <span class='ocrx_word' id='word_1_250' title='bbox 2070 1956 2159 1994; x_wconf 89' lang='lat' dir='ltr'><strong>va-</strong></span> 
     </span>
    </p>
   </div>
   <div class='ocr_carea' id='block_1_35' title="bbox 588 2037 2158 2103">
    <p class='ocr_par' dir='ltr' id='par_1_35' title="bbox 588 2037 2158 2103">
     <span class='ocr_line' id='line_1_35' title="bbox 588 2037 2158 2103; baseline -0.006 -8"><span class='ocrx_word' id='word_1_251' title='bbox 588 2042 718 2095; x_wconf 85' lang='lat' dir='ltr'><strong>dunt</strong></span> <span class='ocrx_word' id='word_1_252' title='bbox 747 2050 890 2094; x_wconf 90' lang='lat' dir='ltr'><strong>retro</strong></span> <span class='ocrx_word' id='word_1_253' title='bbox 923 2039 1094 2093; x_wconf 90' lang='lat' dir='ltr'><strong>altare</strong></span> <span class='ocrx_word' id='word_1_254' title='bbox 1137 2037 1202 2091; x_wconf 90' lang='lat' dir='ltr'><strong>ad</strong></span> <span class='ocrx_word' id='word_1_255' title='bbox 1241 2038 1642 2091; x_wconf 88' lang='lat' dir='ltr'><strong>similitudinem</strong></span> <span class='ocrx_word' id='word_1_256' title='bbox 1668 2051 1762 2091; x_wconf 91' lang='lat' dir='ltr'><strong>seu</strong></span> <span class='ocrx_word' id='word_1_257' title='bbox 1806 2043 2158 2103; x_wconf 72' lang='lat' dir='ltr'><strong>repraesenta-</strong></span> 
     </span>
    </p>
   </div>
   <div class='ocr_carea' id='block_1_36' title="bbox 589 2126 2161 2198">
    <p class='ocr_par' dir='ltr' id='par_1_36' title="bbox 589 2126 2161 2198">
     <span class='ocr_line' id='line_1_36' title="bbox 589 2126 2161 2198; baseline -0.004 -13"><span class='ocrx_word' id='word_1_258' title='bbox 589 2130 788 2185; x_wconf 80' lang='lat' dir='ltr'><strong>tionem</strong></span> <span class='ocrx_word' id='word_1_259' title='bbox 833 2130 1143 2198; x_wconf 83' lang='lat' dir='ltr'><strong>angelorum</strong></span> <span class='ocrx_word' id='word_1_260' title='bbox 1186 2136 1589 2183; x_wconf 89' lang='lat' dir='ltr'><strong>monumcntum</strong></span> <span class='ocrx_word' id='word_1_261' title='bbox 1624 2126 2066 2191; x_wconf 86' lang='lat' dir='ltr'><strong>custodientium;</strong></span> <span class='ocrx_word' id='word_1_262' title='bbox 2108 2133 2161 2180; x_wconf 91' lang='lat' dir='ltr'><strong>et</strong></span> 
     </span>
    </p>
   </div>
   <div class='ocr_carea' id='block_1_37' title="bbox 588 2218 2163 2287">
    <p class='ocr_par' dir='ltr' id='par_1_37' title="bbox 588 2218 2163 2287">
     <span class='ocr_line' id='line_1_37' title="bbox 588 2218 2163 2287; baseline -0.003 -12"><span class='ocrx_word' id='word_1_263' title='bbox 588 2219 663 2275; x_wconf 88' lang='lat' dir='ltr'><strong>ibi</strong></span> <span class='ocrx_word' id='word_1_264' title='bbox 709 2228 986 2272; x_wconf 90' lang='lat' dir='ltr'><strong>morantur</strong></span> <span class='ocrx_word' id='word_1_265' title='bbox 1021 2219 1185 2273; x_wconf 89' lang='lat' dir='ltr'><strong>erecti</strong></span> <span class='ocrx_word' id='word_1_266' title='bbox 1229 2233 1377 2273; x_wconf 88' lang='lat' dir='ltr'><strong>versa</strong></span> <span class='ocrx_word' id='word_1_267' title='bbox 1416 2218 1552 2272; x_wconf 74' lang='lat' dir='ltr'><strong>l‘acie</strong></span> <span class='ocrx_word' id='word_1_268' title='bbox 1598 2218 1663 2271; x_wconf 89' lang='lat' dir='ltr'><strong>ad</strong></span> <span class='ocrx_word' id='word_1_269' title='bbox 1713 2218 1962 2287; x_wconf 86' lang='lat' dir='ltr'><strong>populum</strong></span> <span class='ocrx_word' id='word_1_270' title='bbox 1995 2229 2163 2285; x_wconf 87' lang='lat' dir='ltr'><strong>usque</strong></span> 
     </span>
    </p>
   </div>
   <div class='ocr_carea' id='block_1_38' title="bbox 589 2307 2165 2379">
    <p class='ocr_par' dir='ltr' id='par_1_38' title="bbox 589 2307 2165 2379">
     <span class='ocr_line' id='line_1_38' title="bbox 589 2307 2165 2379; baseline 0 -16"><span class='ocrx_word' id='word_1_271' title='bbox 589 2312 657 2364; x_wconf 86' lang='lat' dir='ltr'><strong>ad</strong></span> <span class='ocrx_word' id='word_1_272' title='bbox 704 2311 1086 2364; x_wconf 84' lang='lat' dir='ltr'><strong>intonationem</strong></span> <span class='ocrx_word' id='word_1_273' title='bbox 1128 2312 1303 2379; x_wconf 82' lang='lat' dir='ltr'><strong>Agnus</strong></span> <span class='ocrx_word' id='word_1_274' title='bbox 1347 2310 1459 2363; x_wconf 90' lang='lat' dir='ltr'><strong>Dei.</strong></span> <span class='ocrx_word' id='word_1_275' title='bbox 1506 2311 1623 2375; x_wconf 87' lang='lat' dir='ltr'><strong>Quo</strong></span> <span class='ocrx_word' id='word_1_276' title='bbox 1653 2311 1898 2376; x_wconf 87' lang='lat' dir='ltr'><strong>incepto,</strong></span> <span class='ocrx_word' id='word_1_277' title='bbox 1941 2307 2165 2363; x_wconf 85' lang='lat' dir='ltr'><strong>redeunt</strong></span> 
     </span>
    </p>
   </div>
   <div class='ocr_carea' id='block_1_39' title="bbox 590 2400 2164 2471">
    <p class='ocr_par' dir='ltr' id='par_1_39' title="bbox 590 2400 2164 2471">
     <span class='ocr_line' id='line_1_39' title="bbox 590 2400 2164 2471; baseline -0.003 -15"><span class='ocrx_word' id='word_1_278' title='bbox 590 2405 656 2458; x_wconf 85' lang='lat' dir='ltr'><strong>ad</strong></span> <span class='ocrx_word' id='word_1_279' title='bbox 702 2404 815 2457; x_wconf 91' lang='lat' dir='ltr'><strong>loca</strong></span> <span class='ocrx_word' id='word_1_280' title='bbox 862 2418 956 2457; x_wconf 88' lang='lat' dir='ltr'><strong>sua</strong></span> <span class='ocrx_word' id='word_1_281' title='bbox 1002 2404 1247 2471; x_wconf 88' lang='lat' dir='ltr'><strong>pristina,</strong></span> <span class='ocrx_word' id='word_1_282' title='bbox 1279 2413 1332 2456; x_wconf 90' lang='lat' dir='ltr'><strong>et</strong></span> <span class='ocrx_word' id='word_1_283' title='bbox 1380 2418 1485 2455; x_wconf 90' lang='lat' dir='ltr'><strong>non</strong></span> <span class='ocrx_word' id='word_1_284' title='bbox 1529 2410 1670 2455; x_wconf 91' lang='lat' dir='ltr'><strong>ante.</strong></span> <span class='ocrx_word' id='word_1_285' title='bbox 1717 2400 2016 2455; x_wconf 85' lang='lat' dir='ltr'><strong>Notandum</strong></span> <span class='ocrx_word' id='word_1_286' title='bbox 2040 2413 2164 2452; x_wconf 88' lang='lat' dir='ltr'><strong>vero</strong></span> 
     </span>
    </p>
   </div>
   <div class='ocr_carea' id='block_1_40' title="bbox 591 2490 2161 2565">
    <p class='ocr_par' dir='ltr' id='par_1_40' title="bbox 591 2490 2161 2565">
     <span class='ocr_line' id='line_1_40' title="bbox 591 2490 2161 2565; baseline -0.004 -17"><span class='ocrx_word' id='word_1_287' title='bbox 591 2495 729 2561; x_wconf 86' lang='lat' dir='ltr'><strong>quod</strong></span> <span class='ocrx_word' id='word_1_288' title='bbox 758 2509 877 2546; x_wconf 92' lang='lat' dir='ltr'><strong>cum</strong></span> <span class='ocrx_word' id='word_1_289' title='bbox 909 2508 1042 2565; x_wconf 89' lang='lat' dir='ltr'><strong>papa</strong></span> <span class='ocrx_word' id='word_1_290' title='bbox 1070 2492 1195 2547; x_wconf 91' lang='lat' dir='ltr'><strong>dicit</strong></span> <span class='ocrx_word' id='word_1_291' title='bbox 1222 2504 1344 2546; x_wconf 90' lang='lat' dir='ltr'><strong>ante</strong></span> <span class='ocrx_word' id='word_1_292' title='bbox 1364 2492 1754 2547; x_wconf 82' lang='lat' dir='ltr'><strong>inchoationem</strong></span> <span class='ocrx_word' id='word_1_293' title='bbox 1782 2490 1938 2544; x_wconf 88' lang='lat' dir='ltr'><strong>Pater</strong></span> <span class='ocrx_word' id='word_1_294' title='bbox 1964 2499 2161 2554; x_wconf 77' lang='lat' dir='ltr'><strong>noster,</strong></span> 
     </span>
    </p>
   </div>
   <div class='ocr_carea' id='block_1_41' title="bbox 593 2583 2160 2653">
    <p class='ocr_par' dir='ltr' id='par_1_41' title="bbox 593 2583 2160 2653">
     <span class='ocr_line' id='line_1_41' title="bbox 593 2583 2160 2653; baseline -0.004 -14"><span class='ocrx_word' id='word_1_295' title='bbox 593 2585 699 2639; x_wconf 85' lang='lat' dir='ltr'><strong>Per</strong></span> <span class='ocrx_word' id='word_1_296' title='bbox 722 2587 891 2639; x_wconf 88' lang='lat' dir='ltr'><strong>omnia</strong></span> <span class='ocrx_word' id='word_1_297' title='bbox 912 2586 1099 2640; x_wconf 74' lang='lat' dir='ltr'><strong>steculu</strong></span> <span class='ocrx_word' id='word_1_298' title='bbox 1124 2589 1448 2647; x_wconf 76' lang='lat' dir='ltr'><strong>swculorum,</strong></span> <span class='ocrx_word' id='word_1_299' title='bbox 1471 2599 1574 2638; x_wconf 91' lang='lat' dir='ltr'><strong>non</strong></span> <span class='ocrx_word' id='word_1_300' title='bbox 1594 2583 1948 2653; x_wconf 88' lang='lat' dir='ltr'><strong>respondetur</strong></span> <span class='ocrx_word' id='word_1_301' title='bbox 1970 2585 2160 2645; x_wconf 84' lang='lat' dir='ltr'><strong>Amen;</strong></span> 
     </span>
    </p>
   </div>
   <div class='ocr_carea' id='block_1_42' title="bbox 594 2671 2163 2743">
    <p class='ocr_par' dir='ltr' id='par_1_42' title="bbox 594 2671 2163 2743">
     <span class='ocr_line' id='line_1_42' title="bbox 594 2671 2163 2743; baseline 0 -14"><span class='ocrx_word' id='word_1_302' title='bbox 594 2678 687 2732; x_wconf 85' lang='lat' dir='ltr'><strong>sed</strong></span> <span class='ocrx_word' id='word_1_303' title='bbox 720 2671 1019 2731; x_wconf 86' lang='lat' dir='ltr'><strong>immediate</strong></span> <span class='ocrx_word' id='word_1_304' title='bbox 1062 2677 1188 2731; x_wconf 90' lang='lat' dir='ltr'><strong>dicit</strong></span> <span class='ocrx_word' id='word_1_305' title='bbox 1226 2677 1466 2743; x_wconf 83' lang='lat' dir='ltr'><strong>Oremus,</strong></span> <span class='ocrx_word' id='word_1_306' title='bbox 1519 2676 1799 2742; x_wconf 75' lang='lat' dir='ltr'><strong>Prwceplis</strong></span> <span class='ocrx_word' id='word_1_307' title='bbox 1831 2676 2163 2738; x_wconf 74' lang='lat' dir='ltr'><strong>salutaribus,</strong></span> 
     </span>
    </p>
   </div>
   <div class='ocr_carea' id='block_1_43' title="bbox 603 2766 2169 2836">
    <p class='ocr_par' dir='ltr' id='par_1_43' title="bbox 603 2766 2169 2836">
     <span class='ocr_line' id='line_1_43' title="bbox 603 2766 2169 2836; baseline -0.001 -15"><span class='ocrx_word' id='word_1_308' title='bbox 603 2767 757 2823; x_wconf 85' lang='lat' dir='ltr'><strong>Pater</strong></span> <span class='ocrx_word' id='word_1_309' title='bbox 784 2780 972 2834; x_wconf 82' lang='lat' dir='ltr'><strong>noster,</strong></span> <span class='ocrx_word' id='word_1_310' title='bbox 1003 2781 1105 2822; x_wconf 84' lang='lat' dir='ltr'><strong>etc.</strong></span> <span class='ocrx_word' id='word_1_311' title='bbox 1134 2767 1190 2821; x_wconf 93' lang='lat' dir='ltr'><strong>In</strong></span> <span class='ocrx_word' id='word_1_312' title='bbox 1220 2769 1321 2821; x_wconf 78' lang='lat' dir='ltr'><strong>tiuc</strong></span> <span class='ocrx_word' id='word_1_313' title='bbox 1356 2767 1703 2836; x_wconf 75' lang='lat' dir='ltr'><strong>respondetur</strong></span> <span class='ocrx_word' id='word_1_314' title='bbox 1734 2766 1839 2821; x_wconf 85' lang='lat' dir='ltr'><strong>Sed</strong></span> <span class='ocrx_word' id='word_1_315' title='bbox 1875 2766 2034 2819; x_wconf 86' lang='lat' dir='ltr'><strong>libera</strong></span> <span class='ocrx_word' id='word_1_316' title='bbox 2078 2782 2169 2819; x_wconf 88' lang='lat' dir='ltr'><strong>nos</strong></span> 
     </span>
    </p>
   </div>
   <div class='ocr_carea' id='block_1_44' title="bbox 601 2855 2168 2924">
    <p class='ocr_par' dir='ltr' id='par_1_44' title="bbox 601 2855 2168 2924">
     <span class='ocr_line' id='line_1_44' title="bbox 601 2855 2168 2924; baseline -0.001 -14"><span class='ocrx_word' id='word_1_317' title='bbox 601 2875 635 2910; x_wconf 89' lang='lat' dir='ltr'><strong>a</strong></span> <span class='ocrx_word' id='word_1_318' title='bbox 660 2857 794 2911; x_wconf 82' lang='lat' dir='ltr'><strong>male</strong></span> <span class='ocrx_word' id='word_1_319' title='bbox 845 2871 895 2912; x_wconf 87' lang='lat' dir='ltr'><strong>et</strong></span> <span class='ocrx_word' id='word_1_320' title='bbox 928 2857 1045 2911; x_wconf 78' lang='lat' dir='ltr'><strong>Pax</strong></span> <span class='ocrx_word' id='word_1_321' title='bbox 1084 2858 1279 2910; x_wconf 86' lang='lat' dir='ltr'><strong>domini</strong></span> <span class='ocrx_word' id='word_1_322' title='bbox 1310 2858 1522 2924; x_wconf 91' lang='lat' dir='ltr'><strong>dicitur,</strong></span> <span class='ocrx_word' id='word_1_323' title='bbox 1558 2866 1611 2911; x_wconf 92' lang='lat' dir='ltr'><strong>et</strong></span> <span class='ocrx_word' id='word_1_324' title='bbox 1630 2856 1807 2910; x_wconf 89' lang='lat' dir='ltr'><strong>omnia</strong></span> <span class='ocrx_word' id='word_1_325' title='bbox 1847 2855 1947 2908; x_wconf 88' lang='lat' dir='ltr'><strong>alia</strong></span> <span class='ocrx_word' id='word_1_326' title='bbox 1974 2870 2091 2923; x_wconf 66' lang='lat' dir='ltr'><strong>qua:</strong></span> <span class='ocrx_word' id='word_1_327' title='bbox 2114 2855 2168 2909; x_wconf 87' lang='lat' dir='ltr'><strong>in</strong></span> 
     </span>
    </p>
   </div>
   <div class='ocr_carea' id='block_1_45' title="bbox 599 2944 2174 3014">
    <p class='ocr_par' dir='ltr' id='par_1_45' title="bbox 599 2944 2174 3014">
     <span class='ocr_line' id='line_1_45' title="bbox 599 2944 2174 3014; baseline -0.003 -12"><span class='ocrx_word' id='word_1_328' title='bbox 599 2949 704 3002; x_wconf 80' lang='lat' dir='ltr'><strong>alio</strong></span> <span class='ocrx_word' id='word_1_329' title='bbox 730 2959 967 3014; x_wconf 88' lang='lat' dir='ltr'><strong>tempore</strong></span> <span class='ocrx_word' id='word_1_330' title='bbox 989 2948 1091 3001; x_wconf 91' lang='lat' dir='ltr'><strong>dici</strong></span> <span class='ocrx_word' id='word_1_331' title='bbox 1122 2949 1330 3011; x_wconf 90' lang='lat' dir='ltr'><strong>solent;</strong></span> <span class='ocrx_word' id='word_1_332' title='bbox 1360 2957 1413 3001; x_wconf 91' lang='lat' dir='ltr'><strong>et</strong></span> <span class='ocrx_word' id='word_1_333' title='bbox 1434 2947 1628 3001; x_wconf 89' lang='lat' dir='ltr'><strong>dicitur</strong></span> <span class='ocrx_word' id='word_1_334' title='bbox 1659 2945 1883 2999; x_wconf 73' lang='lat' dir='ltr'><strong>Lanatus</strong></span> <span class='ocrx_word' id='word_1_335' title='bbox 1903 2962 2033 3011; x_wconf 79' lang='lat' dir='ltr'><strong>sum,</strong></span> <span class='ocrx_word' id='word_1_336' title='bbox 2065 2944 2174 2997; x_wconf 88' lang='lat' dir='ltr'><strong>Pa-</strong></span> 
     </span>
    </p>
   </div>
   <div class='ocr_carea' id='block_1_46' title="bbox 602 3036 2172 3106">
    <p class='ocr_par' dir='ltr' id='par_1_46' title="bbox 602 3036 2172 3106">
     <span class='ocr_line' id='line_1_46' title="bbox 602 3036 2172 3106; baseline -0.001 -13"><span class='ocrx_word' id='word_1_337' title='bbox 602 3050 678 3093; x_wconf 89' lang='lat' dir='ltr'><strong>ter</strong></span> <span class='ocrx_word' id='word_1_338' title='bbox 713 3050 899 3093; x_wconf 83' lang='lat' dir='ltr'><strong>noster.</strong></span> <span class='ocrx_word' id='word_1_339' title='bbox 946 3039 1013 3092; x_wconf 86' lang='lat' dir='ltr'><strong>Et</strong></span> <span class='ocrx_word' id='word_1_340' title='bbox 1043 3040 1141 3091; x_wconf 80' lang='lat' dir='ltr'><strong>isto</strong></span> <span class='ocrx_word' id='word_1_341' title='bbox 1179 3040 1266 3092; x_wconf 90' lang='lat' dir='ltr'><strong>die</strong></span> <span class='ocrx_word' id='word_1_342' title='bbox 1291 3054 1421 3106; x_wconf 88' lang='lat' dir='ltr'><strong>papa</strong></span> <span class='ocrx_word' id='word_1_343' title='bbox 1453 3040 1807 3092; x_wconf 87' lang='lat' dir='ltr'><strong>communicat</strong></span> <span class='ocrx_word' id='word_1_344' title='bbox 1834 3036 1887 3091; x_wconf 90' lang='lat' dir='ltr'><strong>in</strong></span> <span class='ocrx_word' id='word_1_345' title='bbox 1923 3038 2051 3091; x_wconf 90' lang='lat' dir='ltr'><strong>sede</strong></span> <span class='ocrx_word' id='word_1_346' title='bbox 2077 3052 2172 3092; x_wconf 88' lang='lat' dir='ltr'><strong>sua</strong></span> 
     </span>
    </p>
   </div>
   <div class='ocr_carea' id='block_1_47' title="bbox 604 3127 2171 3195">
    <p class='ocr_par' dir='ltr' id='par_1_47' title="bbox 604 3127 2171 3195">
     <span class='ocr_line' id='line_1_47' title="bbox 604 3127 2171 3195; baseline -0.003 -12"><span class='ocrx_word' id='word_1_347' title='bbox 604 3129 951 3193; x_wconf 81' lang='lat' dir='ltr'><strong>soleumiter,-</strong></span> <span class='ocrx_word' id='word_1_348' title='bbox 972 3138 1027 3181; x_wconf 92' lang='lat' dir='ltr'><strong>ut</strong></span> <span class='ocrx_word' id='word_1_349' title='bbox 1051 3128 1214 3180; x_wconf 90' lang='lat' dir='ltr'><strong>moris</strong></span> <span class='ocrx_word' id='word_1_350' title='bbox 1242 3139 1345 3182; x_wconf 90' lang='lat' dir='ltr'><strong>est.</strong></span> <span class='ocrx_word' id='word_1_351' title='bbox 1380 3127 1680 3181; x_wconf 82' lang='lat' dir='ltr'><strong>Notandum</strong></span> <span class='ocrx_word' id='word_1_352' title='bbox 1720 3128 1878 3180; x_wconf 84' lang='lat' dir='ltr'><strong>etiam</strong></span> <span class='ocrx_word' id='word_1_353' title='bbox 1902 3127 2041 3195; x_wconf 89' lang='lat' dir='ltr'><strong>quod</strong></span> <span class='ocrx_word' id='word_1_354' title='bbox 2081 3142 2171 3182; x_wconf 87' lang='lat' dir='ltr'><strong>sa-</strong></span> 
     </span>
    </p>
   </div>
   <div class='ocr_carea' id='block_1_48' title="bbox 2259 1926 3844 1999">
    <p class='ocr_par' dir='ltr' id='par_1_48' title="bbox 2259 1926 3844 1999">
     <span class='ocr_line' id='line_1_48' title="bbox 2259 1926 3844 1999; baseline -0.006 -10"><span class='ocrx_word' id='word_1_355' title='bbox 2259 1937 2596 1999; x_wconf 80' lang='lat' dir='ltr'><strong>tledicatam;</strong></span> <span class='ocrx_word' id='word_1_356' title='bbox 2650 1944 2704 1988; x_wconf 89' lang='lat' dir='ltr'><strong>et</strong></span> <span class='ocrx_word' id='word_1_357' title='bbox 2752 1933 2942 1988; x_wconf 90' lang='lat' dir='ltr'><strong>eodem</strong></span> <span class='ocrx_word' id='word_1_358' title='bbox 2985 1930 3145 1985; x_wconf 91' lang='lat' dir='ltr'><strong>modo</strong></span> <span class='ocrx_word' id='word_1_359' title='bbox 3182 1929 3311 1985; x_wconf 75' lang='lat' dir='ltr'><strong>facit</strong></span> <span class='ocrx_word' id='word_1_360' title='bbox 3359 1928 3660 1990; x_wconf 88' lang='lat' dir='ltr'><strong>circulum;</strong></span> <span class='ocrx_word' id='word_1_361' title='bbox 3687 1935 3743 1979; x_wconf 80' lang='lat' dir='ltr'><strong>et</strong></span> <span class='ocrx_word' id='word_1_362' title='bbox 3771 1926 3844 1979; x_wconf 85' lang='lat' dir='ltr'><strong>sic</strong></span> 
     </span>
    </p>
   </div>
   <div class='ocr_carea' id='block_1_49' title="bbox 2271 2016 3846 2089">
    <p class='ocr_par' dir='ltr' id='par_1_49' title="bbox 2271 2016 3846 2089">
     <span class='ocr_line' id='line_1_49' title="bbox 2271 2016 3846 2089; baseline -0.007 -11"><span class='ocrx_word' id='word_1_363' title='bbox 2271 2027 2434 2079; x_wconf 87' lang='lat' dir='ltr'><strong>tradit</strong></span> <span class='ocrx_word' id='word_1_364' title='bbox 2461 2025 2812 2089; x_wconf 87' lang='lat' dir='ltr'><strong>subdiacono,</strong></span> <span class='ocrx_word' id='word_1_365' title='bbox 2852 2021 3109 2076; x_wconf 89' lang='lat' dir='ltr'><strong>ambobus</strong></span> <span class='ocrx_word' id='word_1_366' title='bbox 3146 2018 3653 2089; x_wconf 81' lang='lat' dir='ltr'><strong>genuﬂectentibus.</strong></span> <span class='ocrx_word' id='word_1_367' title='bbox 3684 2016 3846 2081; x_wconf 83' lang='lat' dir='ltr'><strong>Quam</strong></span> 
     </span>
    </p>
   </div>
   <div class='ocr_carea' id='block_1_50' title="bbox 2272 2097 3846 2182">
    <p class='ocr_par' dir='ltr' id='par_1_50' title="bbox 2272 2097 3846 2182">
     <span class='ocr_line' id='line_1_50' title="bbox 2272 2097 3846 2182; baseline -0.006 -13"><span class='ocrx_word' id='word_1_368' title='bbox 2272 2097 2635 2169; x_wconf 80' lang='lat' dir='ltr'><strong>subdiaconus</strong></span> <span class='ocrx_word' id='word_1_369' title='bbox 2663 2122 2834 2182; x_wconf 82' lang='lat' dir='ltr'><strong>portat</strong></span> <span class='ocrx_word' id='word_1_370' title='bbox 2873 2127 3043 2180; x_wconf 67' lang='lat' dir='ltr'><strong>papae,</strong></span> <span class='ocrx_word' id='word_1_371' title='bbox 3075 2120 3130 2166; x_wconf 89' lang='lat' dir='ltr'><strong>et</strong></span> <span class='ocrx_word' id='word_1_372' title='bbox 3157 2125 3371 2179; x_wconf 82' lang='lat' dir='ltr'><strong>semper</strong></span> <span class='ocrx_word' id='word_1_373' title='bbox 3396 2118 3523 2163; x_wconf 84' lang='lat' dir='ltr'><strong>ante</strong></span> <span class='ocrx_word' id='word_1_374' title='bbox 3560 2122 3749 2175; x_wconf 80' lang='lat' dir='ltr'><strong>papam</strong></span> <span class='ocrx_word' id='word_1_375' title='bbox 3779 2116 3846 2159; x_wconf 45' lang='lat' dir='ltr'><strong>te.</strong></span> 
     </span>
    </p>
   </div>
   <div class='ocr_carea' id='block_1_51' title="bbox 2264 2199 3848 2274">
    <p class='ocr_par' dir='ltr' id='par_1_51' title="bbox 2264 2199 3848 2274">
     <span class='ocr_line' id='line_1_51' title="bbox 2264 2199 3848 2274; baseline -0.005 -15"><span class='ocrx_word' id='word_1_376' title='bbox 2264 2216 2379 2269; x_wconf 87' lang='lat' dir='ltr'><strong>net,</strong></span> <span class='ocrx_word' id='word_1_377' title='bbox 2409 2219 2683 2274; x_wconf 86' lang='lat' dir='ltr'><strong>quousque</strong></span> <span class='ocrx_word' id='word_1_378' title='bbox 2723 2217 2910 2258; x_wconf 88' lang='lat' dir='ltr'><strong>omnes</strong></span> <span class='ocrx_word' id='word_1_379' title='bbox 2938 2200 3494 2261; x_wconf 81' lang='lat' dir='ltr'><strong>communicaverint;</strong></span> <span class='ocrx_word' id='word_1_380' title='bbox 3524 2209 3576 2253; x_wconf 86' lang='lat' dir='ltr'><strong>et</strong></span> <span class='ocrx_word' id='word_1_381' title='bbox 3602 2199 3848 2252; x_wconf 75' lang='lat' dir='ltr'><strong>diaconus</strong></span> 
     </span>
    </p>
   </div>
   <div class='ocr_carea' id='block_1_52' title="bbox 2272 2291 3850 2360">
    <p class='ocr_par' dir='ltr' id='par_1_52' title="bbox 2272 2291 3850 2360">
     <span class='ocr_line' id='line_1_52' title="bbox 2272 2291 3850 2360; baseline -0.007 -9"><span class='ocrx_word' id='word_1_382' title='bbox 2272 2303 2520 2351; x_wconf 87' lang='lat' dir='ltr'><strong>remanet</strong></span> <span class='ocrx_word' id='word_1_383' title='bbox 2551 2294 2602 2348; x_wconf 92' lang='lat' dir='ltr'><strong>in</strong></span> <span class='ocrx_word' id='word_1_384' title='bbox 2628 2294 2807 2360; x_wconf 85' lang='lat' dir='ltr'><strong>altari,</strong></span> <span class='ocrx_word' id='word_1_385' title='bbox 2841 2293 3074 2349; x_wconf 88' lang='lat' dir='ltr'><strong>tenendo</strong></span> <span class='ocrx_word' id='word_1_386' title='bbox 3097 2308 3218 2345; x_wconf 90' lang='lat' dir='ltr'><strong>cum</strong></span> <span class='ocrx_word' id='word_1_387' title='bbox 3250 2306 3410 2344; x_wconf 86' lang='lat' dir='ltr'><strong>manu</strong></span> <span class='ocrx_word' id='word_1_388' title='bbox 3458 2291 3679 2344; x_wconf 85' lang='lat' dir='ltr'><strong>sinistra</strong></span> <span class='ocrx_word' id='word_1_389' title='bbox 3702 2304 3850 2355; x_wconf 79' lang='lat' dir='ltr'><strong>super</strong></span> 
     </span>
    </p>
   </div>
   <div class='ocr_carea' id='block_1_53' title="bbox 2272 2382 3853 2451">
    <p class='ocr_par' dir='ltr' id='par_1_53' title="bbox 2272 2382 3853 2451">
     <span class='ocr_line' id='line_1_53' title="bbox 2272 2382 3853 2451; baseline -0.003 -9"><span class='ocrx_word' id='word_1_390' title='bbox 2272 2404 2437 2442; x_wconf 82' lang='lat' dir='ltr'><strong>cornu</strong></span> <span class='ocrx_word' id='word_1_391' title='bbox 2476 2388 2720 2442; x_wconf 77' lang='lat' dir='ltr'><strong>devtrum</strong></span> <span class='ocrx_word' id='word_1_392' title='bbox 2750 2388 2932 2440; x_wconf 89' lang='lat' dir='ltr'><strong>altaris</strong></span> <span class='ocrx_word' id='word_1_393' title='bbox 2959 2386 3200 2451; x_wconf 89' lang='lat' dir='ltr'><strong>calicem,</strong></span> <span class='ocrx_word' id='word_1_394' title='bbox 3231 2392 3430 2438; x_wconf 89' lang='lat' dir='ltr'><strong>etcum</strong></span> <span class='ocrx_word' id='word_1_395' title='bbox 3485 2397 3652 2436; x_wconf 76' lang='lat' dir='ltr'><strong>mauu</strong></span> <span class='ocrx_word' id='word_1_396' title='bbox 3680 2382 3853 2437; x_wconf 72' lang='lat' dir='ltr'><strong>dextra</strong></span> 
     </span>
    </p>
   </div>
   <div class='ocr_carea' id='block_1_54' title="bbox 2268 2472 3844 2547">
    <p class='ocr_par' dir='ltr' id='par_1_54' title="bbox 2268 2472 3844 2547">
     <span class='ocr_line' id='line_1_54' title="bbox 2268 2472 3844 2547; baseline -0.008 -12"><span class='ocrx_word' id='word_1_397' title='bbox 2268 2482 2521 2545; x_wconf 82' lang='lat' dir='ltr'><strong>Ii~tulam,</strong></span> <span class='ocrx_word' id='word_1_398' title='bbox 2562 2494 2682 2534; x_wconf 90' lang='lat' dir='ltr'><strong>cum</strong></span> <span class='ocrx_word' id='word_1_399' title='bbox 2731 2493 2837 2547; x_wconf 84' lang='lat' dir='ltr'><strong>qua</strong></span> <span class='ocrx_word' id='word_1_400' title='bbox 2878 2477 2974 2531; x_wconf 80' lang='lat' dir='ltr'><strong>dat</strong></span> <span class='ocrx_word' id='word_1_401' title='bbox 3010 2476 3075 2530; x_wconf 86' lang='lat' dir='ltr'><strong>ad</strong></span> <span class='ocrx_word' id='word_1_402' title='bbox 3115 2474 3403 2529; x_wconf 85' lang='lat' dir='ltr'><strong>bibendum</strong></span> <span class='ocrx_word' id='word_1_403' title='bbox 3453 2473 3714 2526; x_wconf 87' lang='lat' dir='ltr'><strong>omnibus</strong></span> <span class='ocrx_word' id='word_1_404' title='bbox 3762 2472 3844 2537; x_wconf 84' lang='lat' dir='ltr'><strong>qui</strong></span> 
     </span>
    </p>
   </div>
   <div class='ocr_carea' id='block_1_55' title="bbox 2274 2561 3853 2631">
    <p class='ocr_par' dir='ltr' id='par_1_55' title="bbox 2274 2561 3853 2631">
     <span class='ocr_line' id='line_1_55' title="bbox 2274 2561 3853 2631; baseline -0.009 -7"><span class='ocrx_word' id='word_1_405' title='bbox 2274 2570 2808 2624; x_wconf 85' lang='lat' dir='ltr'><strong>communicaverunt</strong></span> <span class='ocrx_word' id='word_1_406' title='bbox 2853 2566 2921 2620; x_wconf 86' lang='lat' dir='ltr'><strong>de</strong></span> <span class='ocrx_word' id='word_1_407' title='bbox 2968 2580 3126 2618; x_wconf 91' lang='lat' dir='ltr'><strong>manu</strong></span> <span class='ocrx_word' id='word_1_408' title='bbox 3179 2578 3327 2631; x_wconf 61' lang='lat' dir='ltr'><strong>papa:</strong></span> <span class='ocrx_word' id='word_1_409' title='bbox 3370 2563 3436 2615; x_wconf 90' lang='lat' dir='ltr'><strong>de</strong></span> <span class='ocrx_word' id='word_1_410' title='bbox 3495 2561 3695 2613; x_wconf 82' lang='lat' dir='ltr'><strong>Christi</strong></span> <span class='ocrx_word' id='word_1_411' title='bbox 3742 2575 3853 2613; x_wconf 81' lang='lat' dir='ltr'><strong>san-</strong></span> 
     </span>
    </p>
   </div>
   <div class='ocr_carea' id='block_1_56' title="bbox 2272 2652 3853 2734">
    <p class='ocr_par' dir='ltr' id='par_1_56' title="bbox 2272 2652 3853 2734">
     <span class='ocr_line' id='line_1_56' title="bbox 2272 2652 3853 2734; baseline -0.01 -16"><span class='ocrx_word' id='word_1_412' title='bbox 2272 2666 2454 2734; x_wconf 81' lang='lat' dir='ltr'><strong>guine.</strong></span> <span class='ocrx_word' id='word_1_413' title='bbox 2486 2661 2711 2716; x_wconf 87' lang='lat' dir='ltr'><strong>dicendo</strong></span> <span class='ocrx_word' id='word_1_414' title='bbox 2735 2660 2955 2715; x_wconf 87' lang='lat' dir='ltr'><strong>cuilibet</strong></span> <span class='ocrx_word' id='word_1_415' title='bbox 2987 2675 3001 2712; x_wconf 88' lang='lat'><strong>:</strong></span> <span class='ocrx_word' id='word_1_416' title='bbox 3036 2657 3263 2728; x_wconf 75' lang='lat' dir='ltr'><strong>Sanguis</strong></span> <span class='ocrx_word' id='word_1_417' title='bbox 3309 2654 3513 2708; x_wconf 81' lang='lat' dir='ltr'><strong>domini</strong></span> <span class='ocrx_word' id='word_1_418' title='bbox 3554 2653 3714 2706; x_wconf 79' lang='lat' dir='ltr'><strong>nostri</strong></span> <span class='ocrx_word' id='word_1_419' title='bbox 3742 2652 3853 2703; x_wconf 73' lang='lat' dir='ltr'><strong>less</strong></span> 
     </span>
    </p>
   </div>
   <div class='ocr_carea' id='block_1_57' title="bbox 2272 2742 3852 2817">
    <p class='ocr_par' dir='ltr' id='par_1_57' title="bbox 2272 2742 3852 2817">
     <span class='ocr_line' id='line_1_57' title="bbox 2272 2742 3852 2817; baseline -0.013 -5"><span class='ocrx_word' id='word_1_420' title='bbox 2272 2757 2460 2812; x_wconf 79' lang='lat' dir='ltr'><strong>Christi</strong></span> <span class='ocrx_word' id='word_1_421' title='bbox 2486 2755 2740 2808; x_wconf 79' lang='lat' dir='ltr'><strong>custodiat</strong></span> <span class='ocrx_word' id='word_1_422' title='bbox 2768 2752 2994 2804; x_wconf 89' lang='lat' dir='ltr'><strong>animam</strong></span> <span class='ocrx_word' id='word_1_423' title='bbox 3033 2764 3194 2802; x_wconf 89' lang='lat' dir='ltr'><strong>meam</strong></span> <span class='ocrx_word' id='word_1_424' title='bbox 3229 2744 3379 2817; x_wconf 77' lang='lat' dir='ltr'><strong>[Leg.</strong></span> <span class='ocrx_word' id='word_1_425' title='bbox 3429 2744 3604 2813; x_wconf 73' lang='lat' dir='ltr'><strong>tuam]</strong></span> <span class='ocrx_word' id='word_1_426' title='bbox 3636 2743 3689 2795; x_wconf 80' lang='lat' dir='ltr'><strong>in</strong></span> <span class='ocrx_word' id='word_1_427' title='bbox 3718 2742 3852 2793; x_wconf 63' lang='lat' dir='ltr'><strong>rita</strong></span> 
     </span>
    </p>
   </div>
   <div class='ocr_carea' id='block_1_58' title="bbox 2272 2834 3472 2908">
    <p class='ocr_par' dir='ltr' id='par_1_58' title="bbox 2272 2834 3472 2908">
     <span class='ocr_line' id='line_1_58' title="bbox 2272 2834 3472 2908; baseline -0.013 -5"><span class='ocrx_word' id='word_1_428' title='bbox 2272 2860 2549 2908; x_wconf 57' lang='lat' dir='ltr'><strong>aeternam.</strong></span> <span class='ocrx_word' id='word_1_429' title='bbox 2572 2859 2745 2907; x_wconf 87' lang='lat' dir='ltr'><strong>amen,</strong></span> <span class='ocrx_word' id='word_1_430' title='bbox 2775 2849 2833 2895; x_wconf 87' lang='lat' dir='ltr'><strong>et</strong></span> <span class='ocrx_word' id='word_1_431' title='bbox 2860 2838 3131 2893; x_wconf 86' lang='lat' dir='ltr'><strong>osculatur</strong></span> <span class='ocrx_word' id='word_1_432' title='bbox 3153 2834 3472 2906; x_wconf 87' lang='lat' dir='ltr'><strong>quemlibet.</strong></span> 
     </span>
    </p>
   </div>
   <div class='ocr_carea' id='block_1_59' title="bbox 2348 2922 3851 3001">
    <p class='ocr_par' dir='ltr' id='par_1_59' title="bbox 2348 2922 3851 3001">
     <span class='ocr_line' id='line_1_59' title="bbox 2348 2922 3851 3001; baseline -0.013 -9"><span class='ocrx_word' id='word_1_433' title='bbox 2348 2935 2651 2992; x_wconf 88' lang='lat' dir='ltr'><strong>Notandum</strong></span> <span class='ocrx_word' id='word_1_434' title='bbox 2686 2931 2831 3001; x_wconf 81' lang='lat' dir='ltr'><strong>quod</strong></span> <span class='ocrx_word' id='word_1_435' title='bbox 2866 2929 3036 2999; x_wconf 90' lang='lat' dir='ltr'><strong>primo</strong></span> <span class='ocrx_word' id='word_1_436' title='bbox 3068 2926 3473 2981; x_wconf 88' lang='lat' dir='ltr'><strong>communicant</strong></span> <span class='ocrx_word' id='word_1_437' title='bbox 3504 2922 3717 2977; x_wconf 87' lang='lat' dir='ltr'><strong>diaconi</strong></span> <span class='ocrx_word' id='word_1_438' title='bbox 3756 2936 3851 2974; x_wconf 82' lang='lat' dir='ltr'><strong>car-</strong></span> 
     </span>
    </p>
   </div>
   <div class='ocr_carea' id='block_1_60' title="bbox 2278 3004 3852 3095">
    <p class='ocr_par' dir='ltr' id='par_1_60' title="bbox 2278 3004 3852 3095">
     <span class='ocr_line' id='line_1_60' title="bbox 2278 3004 3852 3095; baseline -0.013 -12"><span class='ocrx_word' id='word_1_439' title='bbox 2278 3026 2660 3095; x_wconf 82' lang='lat' dir='ltr'><strong>dinalcsjuxta</strong></span> <span class='ocrx_word' id='word_1_440' title='bbox 2692 3022 2933 3077; x_wconf 90' lang='lat' dir='ltr'><strong>ordinem</strong></span> <span class='ocrx_word' id='word_1_441' title='bbox 2960 3004 3231 3089; x_wconf 34' lang='lat' dir='ltr'><strong>prioratus&#39;</strong></span> <span class='ocrx_word' id='word_1_442' title='bbox 3263 3018 3344 3069; x_wconf 87' lang='lat' dir='ltr'><strong>sui</strong></span> <span class='ocrx_word' id='word_1_443' title='bbox 3381 3016 3493 3069; x_wconf 88' lang='lat' dir='ltr'><strong>bini</strong></span> <span class='ocrx_word' id='word_1_444' title='bbox 3524 3024 3581 3069; x_wconf 90' lang='lat' dir='ltr'><strong>et</strong></span> <span class='ocrx_word' id='word_1_445' title='bbox 3611 3014 3743 3077; x_wconf 88' lang='lat' dir='ltr'><strong>bini,</strong></span> <span class='ocrx_word' id='word_1_446' title='bbox 3786 3013 3852 3063; x_wconf 74' lang='lat' dir='ltr'><strong>ri-</strong></span> 
     </span>
    </p>
   </div>
   <div class='ocr_carea' id='block_1_61' title="bbox 2277 3104 3854 3185">
    <p class='ocr_par' dir='ltr' id='par_1_61' title="bbox 2277 3104 3854 3185">
     <span class='ocr_line' id='line_1_61' title="bbox 2277 3104 3854 3185; baseline -0.012 -12"><span class='ocrx_word' id='word_1_447' title='bbox 2277 3119 2472 3173; x_wconf 88' lang='lat' dir='ltr'><strong>delicet</strong></span> <span class='ocrx_word' id='word_1_448' title='bbox 2500 3126 2619 3185; x_wconf 90' lang='lat' dir='ltr'><strong>post</strong></span> <span class='ocrx_word' id='word_1_449' title='bbox 2644 3114 2926 3167; x_wconf 86' lang='lat' dir='ltr'><strong>diaconum</strong></span> <span class='ocrx_word' id='word_1_450' title='bbox 2955 3118 3008 3164; x_wconf 90' lang='lat' dir='ltr'><strong>et</strong></span> <span class='ocrx_word' id='word_1_451' title='bbox 3036 3108 3425 3163; x_wconf 87' lang='lat' dir='ltr'><strong>subdiaconum</strong></span> <span class='ocrx_word' id='word_1_452' title='bbox 3454 3121 3472 3167; x_wconf 84' lang='lat'><strong>;</strong></span> <span class='ocrx_word' id='word_1_453' title='bbox 3523 3104 3760 3158; x_wconf 87' lang='lat' dir='ltr'><strong>secundo</strong></span> <span class='ocrx_word' id='word_1_454' title='bbox 3778 3117 3854 3155; x_wconf 78' lang='lat' dir='ltr'><strong>ca-</strong></span> 
     </span>
    </p>
   </div>
   <div class='ocr_carea' id='block_1_62' title="bbox 607 3191 3855 3288">
    <p class='ocr_par' dir='ltr' id='par_1_62' title="bbox 607 3191 3855 3288">
     <span class='ocr_line' id='line_1_62' title="bbox 607 3191 3855 3288; baseline -0.009 -14"><span class='ocrx_word' id='word_1_455' title='bbox 607 3222 771 3274; x_wconf 81' lang='lat' dir='ltr'><strong>ciista</strong></span> <span class='ocrx_word' id='word_1_456' title='bbox 797 3219 953 3273; x_wconf 87' lang='lat' dir='ltr'><strong>debet</strong></span> <span class='ocrx_word' id='word_1_457' title='bbox 980 3229 1191 3288; x_wconf 89' lang='lat' dir='ltr'><strong>portare</strong></span> <span class='ocrx_word' id='word_1_458' title='bbox 1222 3219 1377 3272; x_wconf 84' lang='lat' dir='ltr'><strong>hodie</strong></span> <span class='ocrx_word' id='word_1_459' title='bbox 1406 3228 1513 3273; x_wconf 87' lang='lat' dir='ltr'><strong>tres</strong></span> <span class='ocrx_word' id='word_1_460' title='bbox 1550 3219 1767 3283; x_wconf 86' lang='lat' dir='ltr'><strong>calices,</strong></span> <span class='ocrx_word' id='word_1_461' title='bbox 1800 3191 2045 3287; x_wconf 71' lang='lat' dir='ltr'><strong>magnum</strong></span> <span class='ocrx_word' id='word_1_462' title='bbox 2079 3234 2174 3286; x_wconf 74' lang='lat' dir='ltr'><strong>pro</strong></span> <span class='ocrx_word' id='word_1_463' title='bbox 2203 3196 2249 3257; x_wconf 89' lang='lat' dir='ltr'><strong>C</strong></span> <span class='ocrx_word' id='word_1_464' title='bbox 2284 3208 2497 3275; x_wconf 86' lang='lat' dir='ltr'><strong>pellani,</strong></span> <span class='ocrx_word' id='word_1_465' title='bbox 2530 3205 2830 3269; x_wconf 75' lang='lat' dir='ltr'><strong>auditores,</strong></span> <span class='ocrx_word' id='word_1_466' title='bbox 2853 3199 3110 3272; x_wconf 85' lang='lat' dir='ltr'><strong>acolytbi,</strong></span> <span class='ocrx_word' id='word_1_467' title='bbox 3134 3214 3253 3252; x_wconf 89' lang='lat' dir='ltr'><strong>cum</strong></span> <span class='ocrx_word' id='word_1_468' title='bbox 3282 3198 3445 3251; x_wconf 90' lang='lat' dir='ltr'><strong>cottis</strong></span> <span class='ocrx_word' id='word_1_469' title='bbox 3468 3206 3526 3250; x_wconf 84' lang='lat' dir='ltr'><strong>et</strong></span> <span class='ocrx_word' id='word_1_470' title='bbox 3547 3191 3855 3261; x_wconf 70' lang='lat' dir='ltr'><strong>superplieiis</strong></span> 
     </span>
    </p>
   </div>
   <div class='ocr_carea' id='block_1_63' title="bbox 608 3307 2175 3379">
    <p class='ocr_par' dir='ltr' id='par_1_63' title="bbox 608 3307 2175 3379">
     <span class='ocr_line' id='line_1_63' title="bbox 608 3307 2175 3379; baseline -0.003 -14"><span class='ocrx_word' id='word_1_471' title='bbox 608 3312 800 3376; x_wconf 84' lang='lat' dir='ltr'><strong>Missa;</strong></span> <span class='ocrx_word' id='word_1_472' title='bbox 846 3310 1029 3374; x_wconf 89' lang='lat' dir='ltr'><strong>alimn,</strong></span> <span class='ocrx_word' id='word_1_473' title='bbox 1072 3325 1191 3363; x_wconf 93' lang='lat' dir='ltr'><strong>cum</strong></span> <span class='ocrx_word' id='word_1_474' title='bbox 1236 3325 1340 3379; x_wconf 90' lang='lat' dir='ltr'><strong>quo</strong></span> <span class='ocrx_word' id='word_1_475' title='bbox 1369 3325 1499 3378; x_wconf 78' lang='lat' dir='ltr'><strong>pap-i</strong></span> <span class='ocrx_word' id='word_1_476' title='bbox 1541 3309 1676 3363; x_wconf 88' lang='lat' dir='ltr'><strong>bibit</strong></span> <span class='ocrx_word' id='word_1_477' title='bbox 1704 3310 1916 3374; x_wconf 86' lang='lat' dir='ltr'><strong>vinum;</strong></span> <span class='ocrx_word' id='word_1_478' title='bbox 1961 3307 2175 3362; x_wconf 87' lang='lat' dir='ltr'><strong>tertium</strong></span> 
     </span>
    </p>
   </div>
   <div class='ocr_carea' id='block_1_64' title="bbox 610 3397 2177 3470">
    <p class='ocr_par' dir='ltr' id='par_1_64' title="bbox 610 3397 2177 3470">
     <span class='ocr_line' id='line_1_64' title="bbox 610 3397 2177 3470; baseline -0.002 -17"><span class='ocrx_word' id='word_1_479' title='bbox 610 3415 710 3470; x_wconf 89' lang='lat' dir='ltr'><strong>pro</strong></span> <span class='ocrx_word' id='word_1_480' title='bbox 728 3401 1121 3453; x_wconf 86' lang='lat' dir='ltr'><strong>communione.</strong></span> <span class='ocrx_word' id='word_1_481' title='bbox 1151 3398 1307 3452; x_wconf 83' lang='lat' dir='ltr'><strong>Parat</strong></span> <span class='ocrx_word' id='word_1_482' title='bbox 1340 3399 1498 3452; x_wconf 90' lang='lat' dir='ltr'><strong>etiam</strong></span> <span class='ocrx_word' id='word_1_483' title='bbox 1526 3399 1819 3453; x_wconf 87' lang='lat' dir='ltr'><strong>custodiam</strong></span> <span class='ocrx_word' id='word_1_484' title='bbox 1847 3397 2177 3464; x_wconf 86' lang='lat' dir='ltr'><strong>deauratam,</strong></span> 
     </span>
    </p>
   </div>
   <div class='ocr_carea' id='block_1_65' title="bbox 610 3492 1894 3560">
    <p class='ocr_par' dir='ltr' id='par_1_65' title="bbox 610 3492 1894 3560">
     <span class='ocr_line' id='line_1_65' title="bbox 610 3492 1894 3560; baseline 0.001 -16"><span class='ocrx_word' id='word_1_485' title='bbox 610 3503 665 3546; x_wconf 90' lang='lat' dir='ltr'><strong>et</strong></span> <span class='ocrx_word' id='word_1_486' title='bbox 694 3503 771 3545; x_wconf 91' lang='lat' dir='ltr'><strong>tot</strong></span> <span class='ocrx_word' id='word_1_487' title='bbox 795 3492 1002 3545; x_wconf 90' lang='lat' dir='ltr'><strong>llostias</strong></span> <span class='ocrx_word' id='word_1_488' title='bbox 1029 3507 1217 3560; x_wconf 86' lang='lat' dir='ltr'><strong>parvas</strong></span> <span class='ocrx_word' id='word_1_489' title='bbox 1247 3502 1372 3559; x_wconf 87' lang='lat' dir='ltr'><strong>quot</strong></span> <span class='ocrx_word' id='word_1_490' title='bbox 1406 3502 1528 3545; x_wconf 82' lang='lat' dir='ltr'><strong>sunt</strong></span> <span class='ocrx_word' id='word_1_491' title='bbox 1558 3497 1894 3547; x_wconf 56' lang='lat' dir='ltr'><strong>necessaria.</strong></span> 
     </span>
    </p>
   </div>
   <div class='ocr_carea' id='block_1_66' title="bbox 613 3601 2179 3659">
    <p class='ocr_par' dir='ltr' id='par_1_66' title="bbox 613 3601 2179 3659">
     <span class='ocr_line' id='line_1_66' title="bbox 613 3601 2179 3659; baseline -0.003 -1"><span class='ocrx_word' id='word_1_492' title='bbox 613 3603 872 3659; x_wconf 73' lang='lat' dir='ltr'><strong>LXXXV.</strong></span> <span class='ocrx_word' id='word_1_493' title='bbox 904 3601 984 3656; x_wconf 84' lang='lat' dir='ltr'><strong>De</strong></span> <span class='ocrx_word' id='word_1_494' title='bbox 1013 3604 1363 3656; x_wconf 85' lang='lat' dir='ltr'><strong>communione</strong></span> <span class='ocrx_word' id='word_1_495' title='bbox 1383 3603 1717 3655; x_wconf 80' lang='lat' dir='ltr'><strong>diaconorum</strong></span> <span class='ocrx_word' id='word_1_496' title='bbox 1749 3601 2089 3654; x_wconf 80' lang='lat' dir='ltr'><strong>cardinalium</strong></span> <span class='ocrx_word' id='word_1_497' title='bbox 2131 3610 2179 3653; x_wconf 92' lang='lat' dir='ltr'><strong>et</strong></span> 
     </span>
    </p>
   </div>
   <div class='ocr_carea' id='block_1_67' title="bbox 1086 3673 1698 3742">
    <p class='ocr_par' dir='ltr' id='par_1_67' title="bbox 1086 3673 1698 3742">
     <span class='ocr_line' id='line_1_67' title="bbox 1086 3673 1698 3742; baseline -0.002 -18"><span class='ocrx_word' id='word_1_498' title='bbox 1086 3673 1305 3725; x_wconf 83' lang='lat' dir='ltr'><strong>aliorum</strong></span> <span class='ocrx_word' id='word_1_499' title='bbox 1343 3674 1669 3742; x_wconf 66' lang='lat' dir='ltr'><strong>pra’latorum</strong></span> <span class='ocrx_word' id='word_1_500' title='bbox 1684 3707 1698 3723; x_wconf 91' lang='lat'><strong>.</strong></span> 
     </span>
    </p>
   </div>
   <div class='ocr_carea' id='block_1_68' title="bbox 683 3760 2180 3817">
    <p class='ocr_par' dir='ltr' id='par_1_68' title="bbox 683 3760 2180 3817">
     <span class='ocr_line' id='line_1_68' title="bbox 683 3760 2180 3817; baseline -0.002 -1"><span class='ocrx_word' id='word_1_501' title='bbox 683 3764 758 3816; x_wconf 89' lang='lat' dir='ltr'><strong>De</strong></span> <span class='ocrx_word' id='word_1_502' title='bbox 777 3763 1151 3817; x_wconf 88' lang='lat' dir='ltr'><strong>communione</strong></span> <span class='ocrx_word' id='word_1_503' title='bbox 1169 3763 1513 3817; x_wconf 82' lang='lat' dir='ltr'><strong>diaconorum</strong></span> <span class='ocrx_word' id='word_1_504' title='bbox 1532 3760 1876 3817; x_wconf 85' lang='lat' dir='ltr'><strong>cardinalium</strong></span> <span class='ocrx_word' id='word_1_505' title='bbox 1890 3767 1943 3812; x_wconf 88' lang='lat' dir='ltr'><strong>ct</strong></span> <span class='ocrx_word' id='word_1_506' title='bbox 1958 3760 2180 3813; x_wconf 87' lang='lat' dir='ltr'><strong>aliorum</strong></span> 
     </span>
    </p>
   </div>
   <div class='ocr_carea' id='block_1_69' title="bbox 616 3849 2183 3924">
    <p class='ocr_par' dir='ltr' id='par_1_69' title="bbox 616 3849 2183 3924">
     <span class='ocr_line' id='line_1_69' title="bbox 616 3849 2183 3924; baseline -0.003 -17"><span class='ocrx_word' id='word_1_507' title='bbox 616 3855 979 3924; x_wconf 74' lang='lat' dir='ltr'><strong>pra&#39;latorum,</strong></span> <span class='ocrx_word' id='word_1_508' title='bbox 1013 3853 1330 3908; x_wconf 83' lang='lat' dir='ltr'><strong>cleticorum</strong></span> <span class='ocrx_word' id='word_1_509' title='bbox 1378 3864 1432 3907; x_wconf 87' lang='lat' dir='ltr'><strong>et</strong></span> <span class='ocrx_word' id='word_1_510' title='bbox 1473 3853 1744 3915; x_wconf 87' lang='lat' dir='ltr'><strong>laicorum,</strong></span> <span class='ocrx_word' id='word_1_511' title='bbox 1797 3849 2069 3904; x_wconf 79' lang='lat' dir='ltr'><strong>sciendum</strong></span> <span class='ocrx_word' id='word_1_512' title='bbox 2102 3859 2183 3903; x_wconf 79' lang='lat' dir='ltr'><strong>est</strong></span> 
     </span>
    </p>
   </div>
   <div class='ocr_carea' id='block_1_70' title="bbox 617 3943 2181 4014">
    <p class='ocr_par' dir='ltr' id='par_1_70' title="bbox 617 3943 2181 4014">
     <span class='ocr_line' id='line_1_70' title="bbox 617 3943 2181 4014; baseline -0.002 -18"><span class='ocrx_word' id='word_1_513' title='bbox 617 3946 757 4014; x_wconf 85' lang='lat' dir='ltr'><strong>quod</strong></span> <span class='ocrx_word' id='word_1_514' title='bbox 790 3947 887 3999; x_wconf 86' lang='lat' dir='ltr'><strong>ista</strong></span> <span class='ocrx_word' id='word_1_515' title='bbox 918 3945 1023 4008; x_wconf 89' lang='lat' dir='ltr'><strong>die,</strong></span> <span class='ocrx_word' id='word_1_516' title='bbox 1054 3944 1100 3998; x_wconf 88' lang='lat' dir='ltr'><strong>si</strong></span> <span class='ocrx_word' id='word_1_517' title='bbox 1127 3945 1373 3999; x_wconf 89' lang='lat' dir='ltr'><strong>dominus</strong></span> <span class='ocrx_word' id='word_1_518' title='bbox 1408 3958 1542 4013; x_wconf 88' lang='lat' dir='ltr'><strong>papa</strong></span> <span class='ocrx_word' id='word_1_519' title='bbox 1564 3944 1822 4007; x_wconf 86' lang='lat' dir='ltr'><strong>celebrat,</strong></span> <span class='ocrx_word' id='word_1_520' title='bbox 1850 3957 2037 3996; x_wconf 88' lang='lat' dir='ltr'><strong>omnes</strong></span> <span class='ocrx_word' id='word_1_521' title='bbox 2065 3943 2181 3995; x_wconf 84' lang='lat' dir='ltr'><strong>aia-</strong></span> 
     </span>
    </p>
   </div>
   <div class='ocr_carea' id='block_1_71' title="bbox 616 4035 2185 4104">
    <p class='ocr_par' dir='ltr' id='par_1_71' title="bbox 616 4035 2185 4104">
     <span class='ocr_line' id='line_1_71' title="bbox 616 4035 2185 4104; baseline -0.003 -14"><span class='ocrx_word' id='word_1_522' title='bbox 616 4039 737 4092; x_wconf 84' lang='lat' dir='ltr'><strong>coni</strong></span> <span class='ocrx_word' id='word_1_523' title='bbox 768 4039 1163 4091; x_wconf 82' lang='lat' dir='ltr'><strong>communicant</strong></span> <span class='ocrx_word' id='word_1_524' title='bbox 1212 4037 1264 4090; x_wconf 92' lang='lat' dir='ltr'><strong>in</strong></span> <span class='ocrx_word' id='word_1_525' title='bbox 1313 4035 1515 4104; x_wconf 87' lang='lat' dir='ltr'><strong>capella</strong></span> <span class='ocrx_word' id='word_1_526' title='bbox 1567 4050 1732 4102; x_wconf 77' lang='lat' dir='ltr'><strong>papzr,</strong></span> <span class='ocrx_word' id='word_1_527' title='bbox 1768 4049 1971 4087; x_wconf 90' lang='lat' dir='ltr'><strong>necnon</strong></span> <span class='ocrx_word' id='word_1_528' title='bbox 2010 4042 2064 4085; x_wconf 91' lang='lat' dir='ltr'><strong>et</strong></span> <span class='ocrx_word' id='word_1_529' title='bbox 2090 4047 2185 4086; x_wconf 91' lang='lat' dir='ltr'><strong>no-</strong></span> 
     </span>
    </p>
   </div>
   <div class='ocr_carea' id='block_1_72' title="bbox 618 4123 2185 4196">
    <p class='ocr_par' dir='ltr' id='par_1_72' title="bbox 618 4123 2185 4196">
     <span class='ocr_line' id='line_1_72' title="bbox 618 4123 2185 4196; baseline -0.003 -15"><span class='ocrx_word' id='word_1_530' title='bbox 618 4128 735 4181; x_wconf 87' lang='lat' dir='ltr'><strong>tarii</strong></span> <span class='ocrx_word' id='word_1_531' title='bbox 788 4138 840 4179; x_wconf 89' lang='lat' dir='ltr'><strong>et</strong></span> <span class='ocrx_word' id='word_1_532' title='bbox 883 4126 1141 4195; x_wconf 86' lang='lat' dir='ltr'><strong>capellani</strong></span> <span class='ocrx_word' id='word_1_533' title='bbox 1181 4126 1346 4196; x_wconf 90' lang='lat' dir='ltr'><strong>ipsius</strong></span> <span class='ocrx_word' id='word_1_534' title='bbox 1374 4124 1571 4180; x_wconf 88' lang='lat' dir='ltr'><strong>domini</strong></span> <span class='ocrx_word' id='word_1_535' title='bbox 1619 4140 1788 4194; x_wconf 83' lang='lat' dir='ltr'><strong>papae,</strong></span> <span class='ocrx_word' id='word_1_536' title='bbox 1819 4138 1881 4177; x_wconf 90' lang='lat' dir='ltr'><strong>ac</strong></span> <span class='ocrx_word' id='word_1_537' title='bbox 1906 4123 2107 4188; x_wconf 88' lang='lat' dir='ltr'><strong>clerici,</strong></span> <span class='ocrx_word' id='word_1_538' title='bbox 2131 4131 2185 4177; x_wconf 89' lang='lat' dir='ltr'><strong>et</strong></span> 
     </span>
    </p>
   </div>
   <div class='ocr_carea' id='block_1_73' title="bbox 622 4217 758 4273">
    <p class='ocr_par' dir='ltr' id='par_1_73' title="bbox 622 4217 758 4273">
     <span class='ocr_line' id='line_1_73' title="bbox 622 4217 758 4273; baseline 0.015 -2"><span class='ocrx_word' id='word_1_539' title='bbox 622 4217 758 4273; x_wconf 80' lang='lat' dir='ltr'><strong>laici.</strong></span> 
     </span>
    </p>
   </div>
   <div class='ocr_carea' id='block_1_74' title="bbox 690 4304 2189 4375">
    <p class='ocr_par' dir='ltr' id='par_1_74' title="bbox 690 4304 2189 4375">
     <span class='ocr_line' id='line_1_74' title="bbox 690 4304 2189 4375; baseline -0.001 -15"><span class='ocrx_word' id='word_1_540' title='bbox 690 4308 824 4360; x_wconf 86' lang='lat' dir='ltr'><strong>Nota</strong></span> <span class='ocrx_word' id='word_1_541' title='bbox 869 4307 934 4360; x_wconf 89' lang='lat' dir='ltr'><strong>de</strong></span> <span class='ocrx_word' id='word_1_542' title='bbox 974 4322 1103 4375; x_wconf 84' lang='lat' dir='ltr'><strong>pace</strong></span> <span class='ocrx_word' id='word_1_543' title='bbox 1133 4306 1303 4360; x_wconf 84' lang='lat' dir='ltr'><strong>danda</strong></span> <span class='ocrx_word' id='word_1_544' title='bbox 1346 4313 1402 4359; x_wconf 91' lang='lat' dir='ltr'><strong>ut</strong></span> <span class='ocrx_word' id='word_1_545' title='bbox 1442 4307 1678 4373; x_wconf 87' lang='lat' dir='ltr'><strong>sequitur</strong></span> <span class='ocrx_word' id='word_1_546' title='bbox 1718 4304 2022 4360; x_wconf 88' lang='lat' dir='ltr'><strong>immediate</strong></span> <span class='ocrx_word' id='word_1_547' title='bbox 2069 4313 2189 4372; x_wconf 89' lang='lat' dir='ltr'><strong>post</strong></span> 
     </span>
    </p>
   </div>
   <div class='ocr_carea' id='block_1_75' title="bbox 623 4399 2187 4468">
    <p class='ocr_par' dir='ltr' id='par_1_75' title="bbox 623 4399 2187 4468">
     <span class='ocr_line' id='line_1_75' title="bbox 623 4399 2187 4468; baseline 0.001 -16"><span class='ocrx_word' id='word_1_548' title='bbox 623 4416 834 4467; x_wconf 85' lang='lat' dir='ltr'><strong>papam,</strong></span> <span class='ocrx_word' id='word_1_549' title='bbox 863 4399 1011 4468; x_wconf 83' lang='lat' dir='ltr'><strong>cujus</strong></span> <span class='ocrx_word' id='word_1_550' title='bbox 1035 4400 1357 4452; x_wconf 87' lang='lat' dir='ltr'><strong>contrarium</strong></span> <span class='ocrx_word' id='word_1_551' title='bbox 1390 4401 1653 4466; x_wconf 90' lang='lat' dir='ltr'><strong>reperitur</strong></span> <span class='ocrx_word' id='word_1_552' title='bbox 1700 4400 1752 4452; x_wconf 91' lang='lat' dir='ltr'><strong>in</strong></span> <span class='ocrx_word' id='word_1_553' title='bbox 1800 4399 2187 4454; x_wconf 60' lang='lat' dir='ltr'><strong>Caeremoniale</strong></span> 
     </span>
    </p>
   </div>
   <div class='ocr_carea' id='block_1_76' title="bbox 625 4489 2185 4560">
    <p class='ocr_par' dir='ltr' id='par_1_76' title="bbox 625 4489 2185 4560">
     <span class='ocr_line' id='line_1_76' title="bbox 625 4489 2185 4560; baseline 0.001 -19"><span class='ocrx_word' id='word_1_554' title='bbox 625 4490 828 4543; x_wconf 84' lang='lat' dir='ltr'><strong>domini</strong></span> <span class='ocrx_word' id='word_1_555' title='bbox 861 4490 1042 4545; x_wconf 67' lang='lat' dir='ltr'><strong>.Iactibi</strong></span> <span class='ocrx_word' id='word_1_556' title='bbox 1077 4489 1340 4554; x_wconf 84' lang='lat' dir='ltr'><strong>Gaietani;</strong></span> <span class='ocrx_word' id='word_1_557' title='bbox 1372 4491 1462 4542; x_wconf 87' lang='lat' dir='ltr'><strong>sed</strong></span> <span class='ocrx_word' id='word_1_558' title='bbox 1502 4490 1602 4543; x_wconf 85' lang='lat' dir='ltr'><strong>iste</strong></span> <span class='ocrx_word' id='word_1_559' title='bbox 1643 4489 1830 4543; x_wconf 90' lang='lat' dir='ltr'><strong>modus</strong></span> <span class='ocrx_word' id='word_1_560' title='bbox 1860 4490 1979 4559; x_wconf 87' lang='lat' dir='ltr'><strong>plus</strong></span> <span class='ocrx_word' id='word_1_561' title='bbox 2014 4491 2185 4560; x_wconf 85' lang='lat' dir='ltr'><strong>placet</strong></span> 
     </span>
    </p>
   </div>
   <div class='ocr_carea' id='block_1_77' title="bbox 2283 3284 3858 3361">
    <p class='ocr_par' dir='ltr' id='par_1_77' title="bbox 2283 3284 3858 3361">
     <span class='ocr_line' id='line_1_77' title="bbox 2283 3284 3858 3361; baseline -0.013 -5"><span class='ocrx_word' id='word_1_562' title='bbox 2283 3301 2389 3356; x_wconf 85' lang='lat' dir='ltr'><strong>bini</strong></span> <span class='ocrx_word' id='word_1_563' title='bbox 2421 3310 2471 3354; x_wconf 89' lang='lat' dir='ltr'><strong>et</strong></span> <span class='ocrx_word' id='word_1_564' title='bbox 2516 3298 2647 3352; x_wconf 89' lang='lat' dir='ltr'><strong>bini.</strong></span> <span class='ocrx_word' id='word_1_565' title='bbox 2675 3296 2807 3350; x_wconf 86' lang='lat' dir='ltr'><strong>Nota</strong></span> <span class='ocrx_word' id='word_1_566' title='bbox 2842 3293 2981 3360; x_wconf 88' lang='lat' dir='ltr'><strong>quod</strong></span> <span class='ocrx_word' id='word_1_567' title='bbox 3029 3306 3161 3361; x_wconf 86' lang='lat' dir='ltr'><strong>papa</strong></span> <span class='ocrx_word' id='word_1_568' title='bbox 3196 3289 3476 3345; x_wconf 86' lang='lat' dir='ltr'><strong>osculatur</strong></span> <span class='ocrx_word' id='word_1_569' title='bbox 3509 3284 3858 3342; x_wconf 73' lang='lat' dir='ltr'><strong>tantummodo</strong></span> 
     </span>
    </p>
   </div>
   <div class='ocr_carea' id='block_1_78' title="bbox 2278 3371 3860 3458">
    <p class='ocr_par' dir='ltr' id='par_1_78' title="bbox 2278 3371 3860 3458">
     <span class='ocr_line' id='line_1_78' title="bbox 2278 3371 3860 3458; baseline -0.013 -11"><span class='ocrx_word' id='word_1_570' title='bbox 2278 3391 2588 3448; x_wconf 85' lang='lat' dir='ltr'><strong>cardinales</strong></span> <span class='ocrx_word' id='word_1_571' title='bbox 2618 3390 2705 3458; x_wconf 87' lang='lat' dir='ltr'><strong>qui</strong></span> <span class='ocrx_word' id='word_1_572' title='bbox 2735 3384 3133 3440; x_wconf 85' lang='lat' dir='ltr'><strong>communicant</strong></span> <span class='ocrx_word' id='word_1_573' title='bbox 3175 3371 3364 3445; x_wconf 77' lang='lat' dir='ltr'><strong>hodie,</strong></span> <span class='ocrx_word' id='word_1_574' title='bbox 3392 3388 3448 3432; x_wconf 87' lang='lat' dir='ltr'><strong>et</strong></span> <span class='ocrx_word' id='word_1_575' title='bbox 3477 3378 3691 3431; x_wconf 85' lang='lat' dir='ltr'><strong>nullum</strong></span> <span class='ocrx_word' id='word_1_576' title='bbox 3719 3375 3860 3427; x_wconf 81' lang='lat' dir='ltr'><strong>alium</strong></span> 
     </span>
    </p>
   </div>
   <div class='ocr_carea' id='block_1_79' title="bbox 2283 3465 3858 3536">
    <p class='ocr_par' dir='ltr' id='par_1_79' title="bbox 2283 3465 3858 3536">
     <span class='ocr_line' id='line_1_79' title="bbox 2283 3465 3858 3536; baseline -0.013 -1"><span class='ocrx_word' id='word_1_577' title='bbox 2283 3483 2334 3535; x_wconf 88' lang='lat' dir='ltr'><strong>in</strong></span> <span class='ocrx_word' id='word_1_578' title='bbox 2376 3481 2514 3536; x_wconf 89' lang='lat' dir='ltr'><strong>dicta</strong></span> <span class='ocrx_word' id='word_1_579' title='bbox 2546 3477 2945 3535; x_wconf 89' lang='lat' dir='ltr'><strong>communione.</strong></span> <span class='ocrx_word' id='word_1_580' title='bbox 2977 3473 3158 3529; x_wconf 88' lang='lat' dir='ltr'><strong>Tertio</strong></span> <span class='ocrx_word' id='word_1_581' title='bbox 3188 3470 3388 3526; x_wconf 84' lang='lat' dir='ltr'><strong>notarii</strong></span> <span class='ocrx_word' id='word_1_582' title='bbox 3436 3484 3565 3523; x_wconf 90' lang='lat' dir='ltr'><strong>cum</strong></span> <span class='ocrx_word' id='word_1_583' title='bbox 3594 3468 3773 3534; x_wconf 85' lang='lat' dir='ltr'><strong>cappis</strong></span> <span class='ocrx_word' id='word_1_584' title='bbox 3799 3465 3858 3515; x_wconf 75' lang='lat' dir='ltr'><strong>Is-</strong></span> 
     </span>
    </p>
   </div>
   <div class='ocr_carea' id='block_1_80' title="bbox 2283 3556 3863 3637">
    <p class='ocr_par' dir='ltr' id='par_1_80' title="bbox 2283 3556 3863 3637">
     <span class='ocr_line' id='line_1_80' title="bbox 2283 3556 3863 3637; baseline -0.013 -10"><span class='ocrx_word' id='word_1_585' title='bbox 2283 3575 2419 3636; x_wconf 90' lang='lat' dir='ltr'><strong>neis,</strong></span> <span class='ocrx_word' id='word_1_586' title='bbox 2466 3580 2520 3625; x_wconf 87' lang='lat' dir='ltr'><strong>et</strong></span> <span class='ocrx_word' id='word_1_587' title='bbox 2566 3565 2982 3637; x_wconf 77' lang='lat' dir='ltr'><strong>ptenitentiarii;</strong></span> <span class='ocrx_word' id='word_1_588' title='bbox 3039 3573 3228 3633; x_wconf 90' lang='lat' dir='ltr'><strong>quarto</strong></span> <span class='ocrx_word' id='word_1_589' title='bbox 3284 3562 3527 3615; x_wconf 87' lang='lat' dir='ltr'><strong>barones</strong></span> <span class='ocrx_word' id='word_1_590' title='bbox 3576 3567 3636 3613; x_wconf 84' lang='lat' dir='ltr'><strong>et</strong></span> <span class='ocrx_word' id='word_1_591' title='bbox 3688 3556 3863 3608; x_wconf 69' lang='lat' dir='ltr'><strong>“lihle</strong></span> 
     </span>
    </p>
   </div>
   <div class='ocr_carea' id='block_1_81' title="bbox 2279 3645 3863 3732">
    <p class='ocr_par' dir='ltr' id='par_1_81' title="bbox 2279 3645 3863 3732">
     <span class='ocr_line' id='line_1_81' title="bbox 2279 3645 3863 3732; baseline -0.013 -16"><span class='ocrx_word' id='word_1_592' title='bbox 2279 3667 2430 3732; x_wconf 75' lang='lat' dir='ltr'><strong>jttxm</strong></span> <span class='ocrx_word' id='word_1_593' title='bbox 2458 3661 2702 3715; x_wconf 89' lang='lat' dir='ltr'><strong>ordinem</strong></span> <span class='ocrx_word' id='word_1_594' title='bbox 2724 3672 2902 3721; x_wconf 86' lang='lat' dir='ltr'><strong>suum,</strong></span> <span class='ocrx_word' id='word_1_595' title='bbox 2929 3654 3185 3723; x_wconf 78' lang='lat' dir='ltr'><strong>depositis</strong></span> <span class='ocrx_word' id='word_1_596' title='bbox 3206 3651 3483 3704; x_wconf 89' lang='lat' dir='ltr'><strong>mantellis</strong></span> <span class='ocrx_word' id='word_1_597' title='bbox 3506 3658 3567 3702; x_wconf 88' lang='lat' dir='ltr'><strong>et</strong></span> <span class='ocrx_word' id='word_1_598' title='bbox 3590 3645 3863 3715; x_wconf 81' lang='lat' dir='ltr'><strong>capuceis;</strong></span> 
     </span>
    </p>
   </div>
   <div class='ocr_carea' id='block_1_82' title="bbox 2285 3740 3864 3818">
    <p class='ocr_par' dir='ltr' id='par_1_82' title="bbox 2285 3740 3864 3818">
     <span class='ocr_line' id='line_1_82' title="bbox 2285 3740 3864 3818; baseline -0.013 -12"><span class='ocrx_word' id='word_1_599' title='bbox 2285 3753 2470 3806; x_wconf 90' lang='lat' dir='ltr'><strong>ultimo</strong></span> <span class='ocrx_word' id='word_1_600' title='bbox 2516 3750 2819 3818; x_wconf 88' lang='lat' dir='ltr'><strong>quicunque</strong></span> <span class='ocrx_word' id='word_1_601' title='bbox 2859 3746 3091 3799; x_wconf 85' lang='lat' dir='ltr'><strong>voluerit</strong></span> <span class='ocrx_word' id='word_1_602' title='bbox 3136 3758 3262 3797; x_wconf 88' lang='lat' dir='ltr'><strong>vere</strong></span> <span class='ocrx_word' id='word_1_603' title='bbox 3304 3740 3597 3795; x_wconf 81' lang='lat' dir='ltr'><strong>confessus</strong></span> <span class='ocrx_word' id='word_1_604' title='bbox 3636 3749 3691 3792; x_wconf 88' lang='lat' dir='ltr'><strong>et</strong></span> <span class='ocrx_word' id='word_1_605' title='bbox 3717 3740 3864 3806; x_wconf 68' lang='lat' dir='ltr'><strong>peni—</strong></span> 
     </span>
    </p>
   </div>
   <div class='ocr_carea' id='block_1_83' title="bbox 2287 3830 3864 3905">
    <p class='ocr_par' dir='ltr' id='par_1_83' title="bbox 2287 3830 3864 3905">
     <span class='ocr_line' id='line_1_83' title="bbox 2287 3830 3864 3905; baseline -0.013 -6"><span class='ocrx_word' id='word_1_606' title='bbox 2287 3854 2425 3899; x_wconf 85' lang='lat' dir='ltr'><strong>tens.</strong></span> <span class='ocrx_word' id='word_1_607' title='bbox 2459 3843 2589 3895; x_wconf 85' lang='lat' dir='ltr'><strong>Nota</strong></span> <span class='ocrx_word' id='word_1_608' title='bbox 2623 3841 2784 3895; x_wconf 90' lang='lat' dir='ltr'><strong>etiam</strong></span> <span class='ocrx_word' id='word_1_609' title='bbox 2810 3837 2951 3905; x_wconf 90' lang='lat' dir='ltr'><strong>quod</strong></span> <span class='ocrx_word' id='word_1_610' title='bbox 2983 3835 3209 3903; x_wconf 87' lang='lat' dir='ltr'><strong>quilibet</strong></span> <span class='ocrx_word' id='word_1_611' title='bbox 3231 3833 3321 3897; x_wconf 90' lang='lat' dir='ltr'><strong>qui</strong></span> <span class='ocrx_word' id='word_1_612' title='bbox 3368 3830 3739 3885; x_wconf 85' lang='lat' dir='ltr'><strong>communicat</strong></span> <span class='ocrx_word' id='word_1_613' title='bbox 3760 3842 3864 3880; x_wconf 79' lang='lat' dir='ltr'><strong>eoa-</strong></span> 
     </span>
    </p>
   </div>
   <div class='ocr_carea' id='block_1_84' title="bbox 2287 3922 3866 3996">
    <p class='ocr_par' dir='ltr' id='par_1_84' title="bbox 2287 3922 3866 3996">
     <span class='ocr_line' id='line_1_84' title="bbox 2287 3922 3866 3996; baseline -0.012 -10"><span class='ocrx_word' id='word_1_614' title='bbox 2287 3934 2458 3987; x_wconf 88' lang='lat' dir='ltr'><strong>suevit</strong></span> <span class='ocrx_word' id='word_1_615' title='bbox 2498 3930 2693 3984; x_wconf 87' lang='lat' dir='ltr'><strong>olI‘erre</strong></span> <span class='ocrx_word' id='word_1_616' title='bbox 2732 3926 2933 3996; x_wconf 86' lang='lat' dir='ltr'><strong>aliquid</strong></span> <span class='ocrx_word' id='word_1_617' title='bbox 2977 3940 3137 3991; x_wconf 85' lang='lat' dir='ltr'><strong>super</strong></span> <span class='ocrx_word' id='word_1_618' title='bbox 3188 3922 3363 3976; x_wconf 87' lang='lat' dir='ltr'><strong>altare</strong></span> <span class='ocrx_word' id='word_1_619' title='bbox 3412 3930 3701 3989; x_wconf 82' lang='lat' dir='ltr'><strong>postquam</strong></span> <span class='ocrx_word' id='word_1_620' title='bbox 3744 3932 3866 3970; x_wconf 44' lang='lat' dir='ltr'><strong>com‘</strong></span> 
     </span>
    </p>
   </div>
   <div class='ocr_carea' id='block_1_85' title="bbox 2288 4007 3867 4083">
    <p class='ocr_par' dir='ltr' id='par_1_85' title="bbox 2288 4007 3867 4083">
     <span class='ocr_line' id='line_1_85' title="bbox 2288 4007 3867 4083; baseline -0.013 -5"><span class='ocrx_word' id='word_1_621' title='bbox 2288 4021 2683 4083; x_wconf 83' lang='lat' dir='ltr'><strong>muuicaverit;</strong></span> <span class='ocrx_word' id='word_1_622' title='bbox 2727 4029 2783 4072; x_wconf 89' lang='lat' dir='ltr'><strong>et</strong></span> <span class='ocrx_word' id='word_1_623' title='bbox 2814 4028 2982 4070; x_wconf 90' lang='lat' dir='ltr'><strong>totum</strong></span> <span class='ocrx_word' id='word_1_624' title='bbox 3034 4013 3159 4067; x_wconf 89' lang='lat' dir='ltr'><strong>illud</strong></span> <span class='ocrx_word' id='word_1_625' title='bbox 3194 4022 3278 4065; x_wconf 90' lang='lat' dir='ltr'><strong>est</strong></span> <span class='ocrx_word' id='word_1_626' title='bbox 3302 4011 3443 4065; x_wconf 82' lang='lat' dir='ltr'><strong>sacri</strong></span> <span class='ocrx_word' id='word_1_627' title='bbox 3479 4019 3551 4063; x_wconf 79' lang='lat' dir='ltr'><strong>ta:</strong></span> <span class='ocrx_word' id='word_1_628' title='bbox 3574 4019 3631 4063; x_wconf 86' lang='lat' dir='ltr'><strong>et</strong></span> <span class='ocrx_word' id='word_1_629' title='bbox 3660 4007 3867 4074; x_wconf 71' lang='lat' dir='ltr'><strong>capella-</strong></span> 
     </span>
    </p>
   </div>
   <div class='ocr_carea' id='block_1_86' title="bbox 2287 4098 3867 4173">
    <p class='ocr_par' dir='ltr' id='par_1_86' title="bbox 2287 4098 3867 4173">
     <span class='ocr_line' id='line_1_86' title="bbox 2287 4098 3867 4173; baseline -0.012 -6"><span class='ocrx_word' id='word_1_630' title='bbox 2287 4128 2503 4167; x_wconf 86' lang='lat' dir='ltr'><strong>norum.</strong></span> <span class='ocrx_word' id='word_1_631' title='bbox 2550 4111 2677 4164; x_wconf 90' lang='lat' dir='ltr'><strong>Item</strong></span> <span class='ocrx_word' id='word_1_632' title='bbox 2718 4115 2839 4161; x_wconf 89' lang='lat' dir='ltr'><strong>nota</strong></span> <span class='ocrx_word' id='word_1_633' title='bbox 2887 4105 3028 4173; x_wconf 88' lang='lat' dir='ltr'><strong>quod</strong></span> <span class='ocrx_word' id='word_1_634' title='bbox 3075 4103 3298 4168; x_wconf 32' lang='lat' dir='ltr'><strong>quilibet</strong></span> <span class='ocrx_word' id='word_1_635' title='bbox 3348 4108 3472 4168; x_wconf 86' lang='lat' dir='ltr'><strong>post</strong></span> <span class='ocrx_word' id='word_1_636' title='bbox 3524 4098 3867 4164; x_wconf 77' lang='lat' dir='ltr'><strong>sumptioncm</strong></span> 
     </span>
    </p>
   </div>
   <div class='ocr_carea' id='block_1_87' title="bbox 2287 4189 3868 4267">
    <p class='ocr_par' dir='ltr' id='par_1_87' title="bbox 2287 4189 3868 4267">
     <span class='ocr_line' id='line_1_87' title="bbox 2287 4189 3868 4267; baseline -0.013 -11"><span class='ocrx_word' id='word_1_637' title='bbox 2287 4201 2490 4257; x_wconf 89' lang='lat' dir='ltr'><strong>Christi</strong></span> <span class='ocrx_word' id='word_1_638' title='bbox 2519 4198 2794 4267; x_wconf 82' lang='lat' dir='ltr'><strong>sanguinis</strong></span> <span class='ocrx_word' id='word_1_639' title='bbox 2818 4196 2981 4250; x_wconf 88' lang='lat' dir='ltr'><strong>debet</strong></span> <span class='ocrx_word' id='word_1_640' title='bbox 3012 4195 3193 4248; x_wconf 87' lang='lat' dir='ltr'><strong>bibere</strong></span> <span class='ocrx_word' id='word_1_641' title='bbox 3220 4192 3493 4245; x_wconf 88' lang='lat' dir='ltr'><strong>modicum</strong></span> <span class='ocrx_word' id='word_1_642' title='bbox 3519 4190 3589 4243; x_wconf 89' lang='lat' dir='ltr'><strong>de</strong></span> <span class='ocrx_word' id='word_1_643' title='bbox 3617 4189 3743 4241; x_wconf 81' lang='lat' dir='ltr'><strong>vino</strong></span> <span class='ocrx_word' id='word_1_644' title='bbox 3767 4201 3868 4239; x_wconf 84' lang='lat' dir='ltr'><strong>cum</strong></span> 
     </span>
    </p>
   </div>
   <div class='ocr_carea' id='block_1_88' title="bbox 2289 4282 3869 4353">
    <p class='ocr_par' dir='ltr' id='par_1_88' title="bbox 2289 4282 3869 4353">
     <span class='ocr_line' id='line_1_88' title="bbox 2289 4282 3869 4353; baseline -0.013 -3"><span class='ocrx_word' id='word_1_645' title='bbox 2289 4294 2458 4350; x_wconf 87' lang='lat' dir='ltr'><strong>calice</strong></span> <span class='ocrx_word' id='word_1_646' title='bbox 2501 4295 2569 4348; x_wconf 87' lang='lat' dir='ltr'><strong>de</strong></span> <span class='ocrx_word' id='word_1_647' title='bbox 2615 4307 2774 4346; x_wconf 90' lang='lat' dir='ltr'><strong>manu</strong></span> <span class='ocrx_word' id='word_1_648' title='bbox 2825 4292 3066 4344; x_wconf 62' lang='lat' dir='ltr'><strong>sacristaa</strong></span> <span class='ocrx_word' id='word_1_649' title='bbox 3112 4284 3196 4339; x_wconf 84' lang='lat' dir='ltr'><strong>vel</strong></span> <span class='ocrx_word' id='word_1_650' title='bbox 3246 4283 3489 4353; x_wconf 79' lang='lat' dir='ltr'><strong>acolythi</strong></span> <span class='ocrx_word' id='word_1_651' title='bbox 3538 4282 3767 4335; x_wconf 85' lang='lat' dir='ltr'><strong>caIicem</strong></span> <span class='ocrx_word' id='word_1_652' title='bbox 3809 4289 3869 4331; x_wconf 84' lang='lat' dir='ltr'><strong>te-</strong></span> 
     </span>
    </p>
   </div>
   <div class='ocr_carea' id='block_1_89' title="bbox 2290 4386 2488 4440">
    <p class='ocr_par' dir='ltr' id='par_1_89' title="bbox 2290 4386 2488 4440">
     <span class='ocr_line' id='line_1_89' title="bbox 2290 4386 2488 4440; baseline -0.015 0"><span class='ocrx_word' id='word_1_653' title='bbox 2290 4386 2488 4440; x_wconf 85' lang='lat' dir='ltr'><strong>uentis.</strong></span> 
     </span>
    </p>
   </div>
   <div class='ocr_carea' id='block_1_90' title="bbox 2368 4471 3867 4549">
    <p class='ocr_par' dir='ltr' id='par_1_90' title="bbox 2368 4471 3867 4549">
     <span class='ocr_line' id='line_1_90' title="bbox 2368 4471 3867 4549; baseline -0.013 -10"><span class='ocrx_word' id='word_1_654' title='bbox 2368 4484 2668 4539; x_wconf 87' lang='lat' dir='ltr'><strong>Notandum</strong></span> <span class='ocrx_word' id='word_1_655' title='bbox 2709 4479 2849 4549; x_wconf 88' lang='lat' dir='ltr'><strong>quod</strong></span> <span class='ocrx_word' id='word_1_656' title='bbox 2883 4477 3130 4532; x_wconf 80' lang='lat' dir='ltr'><strong>dominus</strong></span> <span class='ocrx_word' id='word_1_657' title='bbox 3160 4485 3339 4528; x_wconf 77' lang='lat' dir='ltr'><strong>noster</strong></span> <span class='ocrx_word' id='word_1_658' title='bbox 3366 4488 3507 4542; x_wconf 88' lang='lat' dir='ltr'><strong>papa</strong></span> <span class='ocrx_word' id='word_1_659' title='bbox 3534 4473 3638 4525; x_wconf 86' lang='lat' dir='ltr'><strong>hac</strong></span> <span class='ocrx_word' id='word_1_660' title='bbox 3676 4471 3761 4523; x_wconf 89' lang='lat' dir='ltr'><strong>die</strong></span> <span class='ocrx_word' id='word_1_661' title='bbox 3783 4482 3867 4521; x_wconf 82' lang='lat' dir='ltr'><strong>non</strong></span> 
     </span>
    </p>
   </div>
   <div class='ocr_carea' id='block_1_91' title="bbox 628 4557 3868 4651">
    <p class='ocr_par' dir='ltr' id='par_1_91' title="bbox 628 4557 3868 4651">
     <span class='ocr_line' id='line_1_91' title="bbox 628 4557 3868 4651; baseline -0.006 -19"><span class='ocrx_word' id='word_1_662' title='bbox 628 4582 777 4635; x_wconf 87' lang='lat' dir='ltr'><strong>mihi.</strong></span> <span class='ocrx_word' id='word_1_663' title='bbox 807 4582 1023 4637; x_wconf 84' lang='lat' dir='ltr'><strong>Scilicet</strong></span> <span class='ocrx_word' id='word_1_664' title='bbox 1061 4584 1197 4651; x_wconf 86' lang='lat' dir='ltr'><strong>quod</strong></span> <span class='ocrx_word' id='word_1_665' title='bbox 1236 4597 1366 4649; x_wconf 84' lang='lat' dir='ltr'><strong>papa</strong></span> <span class='ocrx_word' id='word_1_666' title='bbox 1396 4582 1517 4634; x_wconf 88' lang='lat' dir='ltr'><strong>data</strong></span> <span class='ocrx_word' id='word_1_667' title='bbox 1559 4596 1684 4650; x_wconf 87' lang='lat' dir='ltr'><strong>pacc</strong></span> <span class='ocrx_word' id='word_1_668' title='bbox 1717 4557 1878 4649; x_wconf 81' lang='lat' dir='ltr'><strong>priori</strong></span> <span class='ocrx_word' id='word_1_669' title='bbox 1911 4557 2190 4651; x_wconf 63' lang='lat' dir='ltr'><strong>ep7seopo-</strong></span> <span class='ocrx_word' id='word_1_670' title='bbox 2223 4557 2268 4614; x_wconf 80' lang='grc' dir='ltr'>υ</span> <span class='ocrx_word' id='word_1_671' title='bbox 2300 4572 2979 4639; x_wconf 80' lang='lat' dir='ltr'><strong>consuevitlavaredigitos</strong></span> <span class='ocrx_word' id='word_1_672' title='bbox 3000 4584 3118 4623; x_wconf 88' lang='lat' dir='ltr'><strong>cum</strong></span> <span class='ocrx_word' id='word_1_673' title='bbox 3138 4570 3282 4632; x_wconf 84' lang='lat' dir='ltr'><strong>vino,</strong></span> <span class='ocrx_word' id='word_1_674' title='bbox 3319 4580 3419 4618; x_wconf 89' lang='lat' dir='ltr'><strong>nec</strong></span> <span class='ocrx_word' id='word_1_675' title='bbox 3444 4566 3633 4615; x_wconf 84' lang='lat' dir='ltr'><strong>vinum</strong></span> <span class='ocrx_word' id='word_1_676' title='bbox 3658 4573 3868 4617; x_wconf 73' lang='lat' dir='ltr'><strong>sumere.</strong></span> 
     </span>
    </p>
   </div>
   <div class='ocr_carea' id='block_1_92' title="bbox 626 4673 2191 4740">
    <p class='ocr_par' dir='ltr' id='par_1_92' title="bbox 626 4673 2191 4740">
     <span class='ocr_line' id='line_1_92' title="bbox 626 4673 2191 4740; baseline 0.001 -13"><span class='ocrx_word' id='word_1_677' title='bbox 626 4688 743 4728; x_wconf 88' lang='lat' dir='ltr'><strong>rum</strong></span> <span class='ocrx_word' id='word_1_678' title='bbox 786 4673 1130 4727; x_wconf 80' lang='lat' dir='ltr'><strong>cardinalinm</strong></span> <span class='ocrx_word' id='word_1_679' title='bbox 1172 4673 1261 4740; x_wconf 89' lang='lat' dir='ltr'><strong>qui</strong></span> <span class='ocrx_word' id='word_1_680' title='bbox 1297 4673 1461 4726; x_wconf 84' lang='lat' dir='ltr'><strong>servit</strong></span> <span class='ocrx_word' id='word_1_681' title='bbox 1515 4688 1662 4740; x_wconf 76' lang='lat' dir='ltr'><strong>papa:</strong></span> <span class='ocrx_word' id='word_1_682' title='bbox 1707 4673 1756 4725; x_wconf 92' lang='lat' dir='ltr'><strong>in</strong></span> <span class='ocrx_word' id='word_1_683' title='bbox 1791 4674 1969 4736; x_wconf 83' lang='lat' dir='ltr'><strong>Missa,</strong></span> <span class='ocrx_word' id='word_1_684' title='bbox 2001 4675 2191 4728; x_wconf 86' lang='lat' dir='ltr'><strong>imme-</strong></span> 
     </span>
    </p>
   </div>
   <div class='ocr_carea' id='block_1_93' title="bbox 626 4767 2192 4836">
    <p class='ocr_par' dir='ltr' id='par_1_93' title="bbox 626 4767 2192 4836">
     <span class='ocr_line' id='line_1_93' title="bbox 626 4767 2192 4836; baseline 0.003 -19"><span class='ocrx_word' id='word_1_685' title='bbox 626 4772 768 4822; x_wconf 82' lang='lat' dir='ltr'><strong>diate</strong></span> <span class='ocrx_word' id='word_1_686' title='bbox 811 4783 942 4836; x_wconf 88' lang='lat' dir='ltr'><strong>papa</strong></span> <span class='ocrx_word' id='word_1_687' title='bbox 966 4768 1053 4821; x_wconf 87' lang='lat' dir='ltr'><strong>dat</strong></span> <span class='ocrx_word' id='word_1_688' title='bbox 1087 4782 1267 4835; x_wconf 87' lang='lat' dir='ltr'><strong>pacem</strong></span> <span class='ocrx_word' id='word_1_689' title='bbox 1300 4767 1536 4819; x_wconf 89' lang='lat' dir='ltr'><strong>diaconis</strong></span> <span class='ocrx_word' id='word_1_690' title='bbox 1572 4767 1951 4831; x_wconf 84' lang='lat' dir='ltr'><strong>cardinalibus,</strong></span> <span class='ocrx_word' id='word_1_691' title='bbox 1975 4767 2192 4835; x_wconf 88' lang='lat' dir='ltr'><strong>dempto</strong></span> 
     </span>
    </p>
   </div>
   <div class='ocr_carea' id='block_1_94' title="bbox 627 4855 2193 4927">
    <p class='ocr_par' dir='ltr' id='par_1_94' title="bbox 627 4855 2193 4927">
     <span class='ocr_line' id='line_1_94' title="bbox 627 4855 2193 4927; baseline -0.003 -16"><span class='ocrx_word' id='word_1_692' title='bbox 627 4859 715 4911; x_wconf 88' lang='lat' dir='ltr'><strong>illo</strong></span> <span class='ocrx_word' id='word_1_693' title='bbox 745 4858 832 4925; x_wconf 88' lang='lat' dir='ltr'><strong>qui</strong></span> <span class='ocrx_word' id='word_1_694' title='bbox 865 4856 987 4926; x_wconf 78' lang='lat' dir='ltr'><strong>legit</strong></span> <span class='ocrx_word' id='word_1_695' title='bbox 1018 4858 1362 4927; x_wconf 81' lang='lat' dir='ltr'><strong>Evangelium</strong></span> <span class='ocrx_word' id='word_1_696' title='bbox 1388 4874 1402 4921; x_wconf 92' lang='lat'><strong>;</strong></span> <span class='ocrx_word' id='word_1_697' title='bbox 1427 4867 1475 4910; x_wconf 91' lang='lat' dir='ltr'><strong>et</strong></span> <span class='ocrx_word' id='word_1_698' title='bbox 1514 4855 1601 4908; x_wconf 87' lang='lat' dir='ltr'><strong>ille</strong></span> <span class='ocrx_word' id='word_1_699' title='bbox 1630 4855 1819 4921; x_wconf 76' lang='lat' dir='ltr'><strong>recipit</strong></span> <span class='ocrx_word' id='word_1_700' title='bbox 1839 4855 2014 4907; x_wconf 90' lang='lat' dir='ltr'><strong>statim</strong></span> <span class='ocrx_word' id='word_1_701' title='bbox 2047 4864 2193 4923; x_wconf 83' lang='lat' dir='ltr'><strong>post-</strong></span> 
     </span>
    </p>
   </div>
   <div class='ocr_carea' id='block_1_95' title="bbox 628 4945 2195 5017">
    <p class='ocr_par' dir='ltr' id='par_1_95' title="bbox 628 4945 2195 5017">
     <span class='ocr_line' id='line_1_95' title="bbox 628 4945 2195 5017; baseline -0.003 -14"><span class='ocrx_word' id='word_1_702' title='bbox 628 4964 785 5017; x_wconf 83' lang='lat' dir='ltr'><strong>quam</strong></span> <span class='ocrx_word' id='word_1_703' title='bbox 815 4948 996 5001; x_wconf 85' lang='lat' dir='ltr'><strong>habuit</strong></span> <span class='ocrx_word' id='word_1_704' title='bbox 1024 4947 1074 5000; x_wconf 92' lang='lat' dir='ltr'><strong>in</strong></span> <span class='ocrx_word' id='word_1_705' title='bbox 1111 4961 1204 5000; x_wconf 89' lang='lat' dir='ltr'><strong>ore</strong></span> <span class='ocrx_word' id='word_1_706' title='bbox 1231 4962 1421 5014; x_wconf 90' lang='lat' dir='ltr'><strong>corpus</strong></span> <span class='ocrx_word' id='word_1_707' title='bbox 1444 4945 1638 4999; x_wconf 89' lang='lat' dir='ltr'><strong>Christi</strong></span> <span class='ocrx_word' id='word_1_708' title='bbox 1666 4946 1729 4996; x_wconf 91' lang='lat' dir='ltr'><strong>de</strong></span> <span class='ocrx_word' id='word_1_709' title='bbox 1753 4960 1908 4996; x_wconf 89' lang='lat' dir='ltr'><strong>manu</strong></span> <span class='ocrx_word' id='word_1_710' title='bbox 1937 4959 2102 5012; x_wconf 69' lang='lat' dir='ltr'><strong>papre.</strong></span> <span class='ocrx_word' id='word_1_711' title='bbox 2131 4945 2195 4998; x_wconf 87' lang='lat' dir='ltr'><strong>Et</strong></span> 
     </span>
    </p>
   </div>
   <div class='ocr_carea' id='block_1_96' title="bbox 625 5035 2194 5107">
    <p class='ocr_par' dir='ltr' id='par_1_96' title="bbox 625 5035 2194 5107">
     <span class='ocr_line' id='line_1_96' title="bbox 625 5035 2194 5107; baseline -0.005 -11"><span class='ocrx_word' id='word_1_712' title='bbox 625 5042 750 5096; x_wconf 88' lang='lat' dir='ltr'><strong>data</strong></span> <span class='ocrx_word' id='word_1_713' title='bbox 781 5054 929 5106; x_wconf 89' lang='lat' dir='ltr'><strong>pace,</strong></span> <span class='ocrx_word' id='word_1_714' title='bbox 964 5053 1095 5107; x_wconf 90' lang='lat' dir='ltr'><strong>papa</strong></span> <span class='ocrx_word' id='word_1_715' title='bbox 1132 5038 1372 5091; x_wconf 78' lang='lat' dir='ltr'><strong>ascendit</strong></span> <span class='ocrx_word' id='word_1_716' title='bbox 1399 5052 1639 5105; x_wconf 82' lang='lat' dir='ltr'><strong>magnam</strong></span> <span class='ocrx_word' id='word_1_717' title='bbox 1682 5035 2014 5099; x_wconf 74' lang='lat' dir='ltr'><strong>cathedram,</strong></span> <span class='ocrx_word' id='word_1_718' title='bbox 2046 5049 2194 5088; x_wconf 87' lang='lat' dir='ltr'><strong>asso-</strong></span> 
     </span>
    </p>
   </div>
   <div class='ocr_carea' id='block_1_97' title="bbox 630 5124 2193 5185">
    <p class='ocr_par' dir='ltr' id='par_1_97' title="bbox 630 5124 2193 5185">
     <span class='ocr_line' id='line_1_97' title="bbox 630 5124 2193 5185; baseline -0.004 -1"><span class='ocrx_word' id='word_1_719' title='bbox 630 5130 893 5185; x_wconf 74' lang='lat' dir='ltr'><strong>ciawibus</strong></span> <span class='ocrx_word' id='word_1_720' title='bbox 936 5128 1175 5182; x_wconf 89' lang='lat' dir='ltr'><strong>diaconis</strong></span> <span class='ocrx_word' id='word_1_721' title='bbox 1223 5127 1581 5181; x_wconf 87' lang='lat' dir='ltr'><strong>cardinalibus</strong></span> <span class='ocrx_word' id='word_1_722' title='bbox 1620 5126 1910 5180; x_wconf 85' lang='lat' dir='ltr'><strong>secundum</strong></span> <span class='ocrx_word' id='word_1_723' title='bbox 1955 5124 2193 5177; x_wconf 84' lang='lat' dir='ltr'><strong>ordinem</strong></span> 
     </span>
    </p>
   </div>
   <div class='ocr_carea' id='block_1_98' title="bbox 630 5214 2197 5285">
    <p class='ocr_par' dir='ltr' id='par_1_98' title="bbox 630 5214 2197 5285">
     <span class='ocr_line' id='line_1_98' title="bbox 630 5214 2197 5285; baseline -0.003 -13"><span class='ocrx_word' id='word_1_724' title='bbox 630 5235 825 5282; x_wconf 84' lang='lat' dir='ltr'><strong>suum;</strong></span> <span class='ocrx_word' id='word_1_725' title='bbox 862 5227 916 5272; x_wconf 91' lang='lat' dir='ltr'><strong>et</strong></span> <span class='ocrx_word' id='word_1_726' title='bbox 952 5218 1037 5271; x_wconf 91' lang='lat' dir='ltr'><strong>ille</strong></span> <span class='ocrx_word' id='word_1_727' title='bbox 1064 5217 1149 5285; x_wconf 90' lang='lat' dir='ltr'><strong>qui</strong></span> <span class='ocrx_word' id='word_1_728' title='bbox 1182 5216 1311 5271; x_wconf 85' lang='lat' dir='ltr'><strong>dicit</strong></span> <span class='ocrx_word' id='word_1_729' title='bbox 1357 5216 1697 5283; x_wconf 86' lang='lat' dir='ltr'><strong>Evangelium</strong></span> <span class='ocrx_word' id='word_1_730' title='bbox 1734 5214 1900 5268; x_wconf 82' lang='lat' dir='ltr'><strong>ﬂectit</strong></span> <span class='ocrx_word' id='word_1_731' title='bbox 1927 5229 2120 5283; x_wconf 85' lang='lat' dir='ltr'><strong>genua,</strong></span> <span class='ocrx_word' id='word_1_732' title='bbox 2144 5225 2197 5268; x_wconf 86' lang='lat' dir='ltr'><strong>et</strong></span> 
     </span>
    </p>
   </div>
   <div class='ocr_carea' id='block_1_99' title="bbox 627 5305 2191 5378">
    <p class='ocr_par' dir='ltr' id='par_1_99' title="bbox 627 5305 2191 5378">
     <span class='ocr_line' id='line_1_99' title="bbox 627 5305 2191 5378; baseline -0.003 -15"><span class='ocrx_word' id='word_1_733' title='bbox 627 5308 821 5377; x_wconf 83' lang='lat' dir='ltr'><strong>recipit</strong></span> <span class='ocrx_word' id='word_1_734' title='bbox 851 5317 1094 5378; x_wconf 89' lang='lat' dir='ltr'><strong>patenam</strong></span> <span class='ocrx_word' id='word_1_735' title='bbox 1131 5322 1253 5361; x_wconf 92' lang='lat' dir='ltr'><strong>cum</strong></span> <span class='ocrx_word' id='word_1_736' title='bbox 1304 5321 1530 5375; x_wconf 85' lang='lat' dir='ltr'><strong>corpore</strong></span> <span class='ocrx_word' id='word_1_737' title='bbox 1560 5306 1756 5360; x_wconf 79' lang='lat' dir='ltr'><strong>Christi</strong></span> <span class='ocrx_word' id='word_1_738' title='bbox 1792 5306 1982 5359; x_wconf 89' lang='lat' dir='ltr'><strong>stando</strong></span> <span class='ocrx_word' id='word_1_739' title='bbox 2013 5305 2191 5370; x_wconf 73' lang='lat' dir='ltr'><strong>pedes,</strong></span> 
     </span>
    </p>
   </div>
   <div class='ocr_carea' id='block_1_100' title="bbox 630 5396 2202 5463">
    <p class='ocr_par' dir='ltr' id='par_1_100' title="bbox 630 5396 2202 5463">
     <span class='ocr_line' id='line_1_100' title="bbox 630 5396 2202 5463; baseline -0.004 -9"><span class='ocrx_word' id='word_1_740' title='bbox 630 5410 684 5454; x_wconf 90' lang='lat' dir='ltr'><strong>et</strong></span> <span class='ocrx_word' id='word_1_741' title='bbox 710 5416 827 5455; x_wconf 88' lang='lat' dir='ltr'><strong>eam</strong></span> <span class='ocrx_word' id='word_1_742' title='bbox 859 5401 1051 5462; x_wconf 83' lang='lat' dir='ltr'><strong>elevat,</strong></span> <span class='ocrx_word' id='word_1_743' title='bbox 1077 5398 1306 5453; x_wconf 88' lang='lat' dir='ltr'><strong>tenendo</strong></span> <span class='ocrx_word' id='word_1_744' title='bbox 1337 5398 1502 5463; x_wconf 80' lang='lat' dir='ltr'><strong>ipsam</strong></span> <span class='ocrx_word' id='word_1_745' title='bbox 1535 5397 1793 5451; x_wconf 89' lang='lat' dir='ltr'><strong>ambabus</strong></span> <span class='ocrx_word' id='word_1_746' title='bbox 1826 5396 2068 5449; x_wconf 88' lang='lat' dir='ltr'><strong>manibus</strong></span> <span class='ocrx_word' id='word_1_747' title='bbox 2093 5396 2202 5449; x_wconf 61' lang='lat' dir='ltr'><strong>eleo</strong></span> 
     </span>
    </p>
   </div>
   <div class='ocr_carea' id='block_1_101' title="bbox 633 5487 2197 5557">
    <p class='ocr_par' dir='ltr' id='par_1_101' title="bbox 633 5487 2197 5557">
     <span class='ocr_line' id='line_1_101' title="bbox 633 5487 2197 5557; baseline -0.001 -19"><span class='ocrx_word' id='word_1_748' title='bbox 633 5492 768 5541; x_wconf 84' lang='lat' dir='ltr'><strong>vatis</strong></span> <span class='ocrx_word' id='word_1_749' title='bbox 796 5491 947 5557; x_wconf 89' lang='lat' dir='ltr'><strong>quasi</strong></span> <span class='ocrx_word' id='word_1_750' title='bbox 996 5488 1060 5541; x_wconf 90' lang='lat' dir='ltr'><strong>ad</strong></span> <span class='ocrx_word' id='word_1_751' title='bbox 1098 5504 1224 5543; x_wconf 88' lang='lat' dir='ltr'><strong>suos</strong></span> <span class='ocrx_word' id='word_1_752' title='bbox 1263 5489 1467 5553; x_wconf 87' lang='lat' dir='ltr'><strong>oculos,</strong></span> <span class='ocrx_word' id='word_1_753' title='bbox 1507 5498 1560 5542; x_wconf 92' lang='lat' dir='ltr'><strong>et</strong></span> <span class='ocrx_word' id='word_1_754' title='bbox 1603 5489 1759 5540; x_wconf 74' lang='lat' dir='ltr'><strong>vertit</strong></span> <span class='ocrx_word' id='word_1_755' title='bbox 1800 5502 1859 5540; x_wconf 92' lang='lat' dir='ltr'><strong>se</strong></span> <span class='ocrx_word' id='word_1_756' title='bbox 1897 5487 1960 5539; x_wconf 86' lang='lat' dir='ltr'><strong>ad</strong></span> <span class='ocrx_word' id='word_1_757' title='bbox 1995 5496 2197 5554; x_wconf 87' lang='lat' dir='ltr'><strong>partem</strong></span> 
     </span>
    </p>
   </div>
   <div class='ocr_carea' id='block_1_102' title="bbox 630 5577 2196 5649">
    <p class='ocr_par' dir='ltr' id='par_1_102' title="bbox 630 5577 2196 5649">
     <span class='ocr_line' id='line_1_102' title="bbox 630 5577 2196 5649; baseline -0.004 -18"><span class='ocrx_word' id='word_1_758' title='bbox 630 5583 895 5642; x_wconf 84' lang='lat' dir='ltr'><strong>dextram,</strong></span> <span class='ocrx_word' id='word_1_759' title='bbox 920 5580 1079 5649; x_wconf 75' lang='lat'><strong>506</strong></span> <span class='ocrx_word' id='word_1_760' title='bbox 1109 5595 1171 5633; x_wconf 89' lang='lat' dir='ltr'><strong>ac</strong></span> <span class='ocrx_word' id='word_1_761' title='bbox 1193 5580 1237 5632; x_wconf 91' lang='lat' dir='ltr'><strong>si</strong></span> <span class='ocrx_word' id='word_1_762' title='bbox 1267 5580 1420 5633; x_wconf 89' lang='lat' dir='ltr'><strong>vellet</strong></span> <span class='ocrx_word' id='word_1_763' title='bbox 1446 5580 1619 5633; x_wconf 85' lang='lat' dir='ltr'><strong>dicere</strong></span> <span class='ocrx_word' id='word_1_764' title='bbox 1645 5579 1889 5631; x_wconf 84' lang='lat' dir='ltr'><strong>Dominus</strong></span> <span class='ocrx_word' id='word_1_765' title='bbox 1911 5577 2196 5639; x_wconf 78' lang='lat' dir='ltr'><strong>uobiscum;</strong></span> 
     </span>
    </p>
   </div>
   <div class='ocr_carea' id='block_1_103' title="bbox 633 5666 2197 5734">
    <p class='ocr_par' dir='ltr' id='par_1_103' title="bbox 633 5666 2197 5734">
     <span class='ocr_line' id='line_1_103' title="bbox 633 5666 2197 5734; baseline 0 -15"><span class='ocrx_word' id='word_1_766' title='bbox 633 5679 688 5720; x_wconf 87' lang='lat' dir='ltr'><strong>et</strong></span> <span class='ocrx_word' id='word_1_767' title='bbox 713 5682 804 5732; x_wconf 87' lang='lat' dir='ltr'><strong>per</strong></span> <span class='ocrx_word' id='word_1_768' title='bbox 830 5669 1069 5719; x_wconf 85' lang='lat' dir='ltr'><strong>eamdem</strong></span> <span class='ocrx_word' id='word_1_769' title='bbox 1103 5676 1302 5734; x_wconf 84' lang='lat' dir='ltr'><strong>partem</strong></span> <span class='ocrx_word' id='word_1_770' title='bbox 1337 5668 1646 5731; x_wconf 74' lang='lat' dir='ltr'><strong>revertitur,</strong></span> <span class='ocrx_word' id='word_1_771' title='bbox 1680 5676 1735 5721; x_wconf 89' lang='lat' dir='ltr'><strong>et</strong></span> <span class='ocrx_word' id='word_1_772' title='bbox 1763 5667 1918 5719; x_wconf 88' lang='lat' dir='ltr'><strong>vertit</strong></span> <span class='ocrx_word' id='word_1_773' title='bbox 1951 5681 2010 5721; x_wconf 79' lang='lat' dir='ltr'><strong>se</strong></span> <span class='ocrx_word' id='word_1_774' title='bbox 2037 5666 2197 5721; x_wconf 84' lang='lat' dir='ltr'><strong>simili</strong></span> 
     </span>
    </p>
   </div>
   <div class='ocr_carea' id='block_1_104' title="bbox 638 5755 2199 5828">
    <p class='ocr_par' dir='ltr' id='par_1_104' title="bbox 638 5755 2199 5828">
     <span class='ocr_line' id='line_1_104' title="bbox 638 5755 2199 5828; baseline -0.003 -15"><span class='ocrx_word' id='word_1_775' title='bbox 638 5755 795 5813; x_wconf 80' lang='lat' dir='ltr'><strong>modo</strong></span> <span class='ocrx_word' id='word_1_776' title='bbox 824 5755 887 5809; x_wconf 83' lang='lat' dir='ltr'><strong>ad</strong></span> <span class='ocrx_word' id='word_1_777' title='bbox 920 5765 1120 5825; x_wconf 82' lang='lat' dir='ltr'><strong>partem</strong></span> <span class='ocrx_word' id='word_1_778' title='bbox 1148 5759 1449 5825; x_wconf 87' lang='lat' dir='ltr'><strong>sinistram;</strong></span> <span class='ocrx_word' id='word_1_779' title='bbox 1480 5768 1533 5814; x_wconf 90' lang='lat' dir='ltr'><strong>ct</strong></span> <span class='ocrx_word' id='word_1_780' title='bbox 1561 5758 1895 5828; x_wconf 81' lang='lat' dir='ltr'><strong>genuﬂectit,</strong></span> <span class='ocrx_word' id='word_1_781' title='bbox 1942 5766 1993 5811; x_wconf 88' lang='lat' dir='ltr'><strong>et</strong></span> <span class='ocrx_word' id='word_1_782' title='bbox 2041 5757 2199 5811; x_wconf 81' lang='lat' dir='ltr'><strong>trad;t</strong></span> 
     </span>
    </p>
   </div>
   <div class='ocr_carea' id='block_1_105' title="bbox 2302 4653 3867 4739">
    <p class='ocr_par' dir='ltr' id='par_1_105' title="bbox 2302 4653 3867 4739">
     <span class='ocr_line' id='line_1_105' title="bbox 2302 4653 3867 4739; baseline -0.015 -15"><span class='ocrx_word' id='word_1_783' title='bbox 2302 4678 2459 4739; x_wconf 86' lang='lat' dir='ltr'><strong>prout</strong></span> <span class='ocrx_word' id='word_1_784' title='bbox 2485 4666 2782 4730; x_wconf 59' lang='lat' dir='ltr'><strong>consuevit,</strong></span> <span class='ocrx_word' id='word_1_785' title='bbox 2835 4672 3110 4728; x_wconf 84' lang='lat' dir='ltr'><strong>postquam</strong></span> <span class='ocrx_word' id='word_1_786' title='bbox 3150 4656 3575 4714; x_wconf 78' lang='lat' dir='ltr'><strong>communicavit</strong></span> <span class='ocrx_word' id='word_1_787' title='bbox 3602 4653 3867 4705; x_wconf 80' lang='lat' dir='ltr'><strong>subdiaco-</strong></span> 
     </span>
    </p>
   </div>
   <div class='ocr_carea' id='block_1_106' title="bbox 2302 4744 3869 4827">
    <p class='ocr_par' dir='ltr' id='par_1_106' title="bbox 2302 4744 3869 4827">
     <span class='ocr_line' id='line_1_106' title="bbox 2302 4744 3869 4827; baseline -0.017 -10"><span class='ocrx_word' id='word_1_788' title='bbox 2302 4778 2450 4827; x_wconf 82' lang='lat' dir='ltr'><strong>nunt,</strong></span> <span class='ocrx_word' id='word_1_789' title='bbox 2505 4760 2597 4813; x_wconf 85' lang='lat' dir='ltr'><strong>sed</strong></span> <span class='ocrx_word' id='word_1_790' title='bbox 2631 4769 2755 4812; x_wconf 92' lang='lat' dir='ltr'><strong>tunc</strong></span> <span class='ocrx_word' id='word_1_791' title='bbox 2796 4764 3073 4825; x_wconf 87' lang='lat' dir='ltr'><strong>postquam</strong></span> <span class='ocrx_word' id='word_1_792' title='bbox 3119 4766 3305 4805; x_wconf 89' lang='lat' dir='ltr'><strong>omnes</strong></span> <span class='ocrx_word' id='word_1_793' title='bbox 3344 4744 3869 4802; x_wconf 79' lang='lat' dir='ltr'><strong>communicaveriut,</strong></span> 
     </span>
    </p>
   </div>
   <div class='ocr_carea' id='block_1_107' title="bbox 2303 4834 3869 4917">
    <p class='ocr_par' dir='ltr' id='par_1_107' title="bbox 2303 4834 3869 4917">
     <span class='ocr_line' id='line_1_107' title="bbox 2303 4834 3869 4917; baseline -0.017 -9"><span class='ocrx_word' id='word_1_794' title='bbox 2303 4868 2403 4907; x_wconf 85' lang='lat' dir='ltr'><strong>nec</strong></span> <span class='ocrx_word' id='word_1_795' title='bbox 2452 4854 2519 4904; x_wconf 90' lang='lat' dir='ltr'><strong>ita</strong></span> <span class='ocrx_word' id='word_1_796' title='bbox 2570 4863 2753 4917; x_wconf 81' lang='lat' dir='ltr'><strong>parum</strong></span> <span class='ocrx_word' id='word_1_797' title='bbox 2786 4863 2800 4911; x_wconf 90' lang='lat'><strong>;</strong></span> <span class='ocrx_word' id='word_1_798' title='bbox 2834 4859 2933 4897; x_wconf 88' lang='lat' dir='ltr'><strong>nec</strong></span> <span class='ocrx_word' id='word_1_799' title='bbox 2971 4842 3330 4895; x_wconf 84' lang='lat' dir='ltr'><strong>subdiaconus</strong></span> <span class='ocrx_word' id='word_1_800' title='bbox 3380 4854 3486 4890; x_wconf 90' lang='lat' dir='ltr'><strong>non</strong></span> <span class='ocrx_word' id='word_1_801' title='bbox 3520 4837 3659 4887; x_wconf 88' lang='lat' dir='ltr'><strong>bibit</strong></span> <span class='ocrx_word' id='word_1_802' title='bbox 3691 4834 3869 4887; x_wconf 74' lang='lat' dir='ltr'><strong>viuum.</strong></span> 
     </span>
    </p>
   </div>
   <div class='ocr_carea' id='block_1_108' title="bbox 2302 4923 3869 5010">
    <p class='ocr_par' dir='ltr' id='par_1_108' title="bbox 2302 4923 3869 5010">
     <span class='ocr_line' id='line_1_108' title="bbox 2302 4923 3869 5010; baseline -0.015 -12"><span class='ocrx_word' id='word_1_803' title='bbox 2302 4945 2402 4998; x_wconf 88' lang='lat' dir='ltr'><strong>nisi</strong></span> <span class='ocrx_word' id='word_1_804' title='bbox 2434 4953 2710 5010; x_wconf 79' lang='lat' dir='ltr'><strong>postquam</strong></span> <span class='ocrx_word' id='word_1_805' title='bbox 2743 4952 2929 4990; x_wconf 88' lang='lat' dir='ltr'><strong>omnes</strong></span> <span class='ocrx_word' id='word_1_806' title='bbox 2958 4930 3513 4992; x_wconf 69' lang='lat' dir='ltr'><strong>cunnnunicavcrint;</strong></span> <span class='ocrx_word' id='word_1_807' title='bbox 3560 4937 3615 4981; x_wconf 89' lang='lat' dir='ltr'><strong>et</strong></span> <span class='ocrx_word' id='word_1_808' title='bbox 3646 4941 3717 4979; x_wconf 85' lang='lat' dir='ltr'><strong>eo</strong></span> <span class='ocrx_word' id='word_1_809' title='bbox 3754 4923 3869 4991; x_wconf 83' lang='lat' dir='ltr'><strong>quod</strong></span> 
     </span>
    </p>
   </div>
   <div class='ocr_carea' id='block_1_109' title="bbox 2305 5023 3869 5100">
    <p class='ocr_par' dir='ltr' id='par_1_109' title="bbox 2305 5023 3869 5100">
     <span class='ocr_line' id='line_1_109' title="bbox 2305 5023 3869 5100; baseline -0.015 -14"><span class='ocrx_word' id='word_1_810' title='bbox 2305 5035 2347 5087; x_wconf 87' lang='lat' dir='ltr'><strong>si</strong></span> <span class='ocrx_word' id='word_1_811' title='bbox 2379 5030 2576 5100; x_wconf 84' lang='lat' dir='ltr'><strong>aliquid</strong></span> <span class='ocrx_word' id='word_1_812' title='bbox 2629 5031 2694 5081; x_wconf 84' lang='lat' dir='ltr'><strong>de</strong></span> <span class='ocrx_word' id='word_1_813' title='bbox 2730 5042 2958 5094; x_wconf 89' lang='lat' dir='ltr'><strong>corpore</strong></span> <span class='ocrx_word' id='word_1_814' title='bbox 2986 5023 3187 5077; x_wconf 84' lang='lat' dir='ltr'><strong>Christi</strong></span> <span class='ocrx_word' id='word_1_815' title='bbox 3233 5023 3284 5074; x_wconf 92' lang='lat' dir='ltr'><strong>in</strong></span> <span class='ocrx_word' id='word_1_816' title='bbox 3331 5032 3524 5085; x_wconf 83' lang='lat' dir='ltr'><strong>patena</strong></span> <span class='ocrx_word' id='word_1_817' title='bbox 3560 5025 3869 5071; x_wconf 69' lang='lat' dir='ltr'><strong>remaneret.</strong></span> 
     </span>
    </p>
   </div>
   <div class='ocr_carea' id='block_1_110' title="bbox 2304 5105 3871 5189">
    <p class='ocr_par' dir='ltr' id='par_1_110' title="bbox 2304 5105 3871 5189">
     <span class='ocr_line' id='line_1_110' title="bbox 2304 5105 3871 5189; baseline -0.016 -12"><span class='ocrx_word' id='word_1_818' title='bbox 2304 5125 2449 5177; x_wconf 88' lang='lat' dir='ltr'><strong>solus</strong></span> <span class='ocrx_word' id='word_1_819' title='bbox 2481 5136 2610 5189; x_wconf 76' lang='lat' dir='ltr'><strong>papa</strong></span> <span class='ocrx_word' id='word_1_820' title='bbox 2642 5120 2799 5173; x_wconf 82' lang='lat' dir='ltr'><strong>debet</strong></span> <span class='ocrx_word' id='word_1_821' title='bbox 2827 5132 3069 5179; x_wconf 84' lang='lat' dir='ltr'><strong>sumere;</strong></span> <span class='ocrx_word' id='word_1_822' title='bbox 3101 5124 3155 5167; x_wconf 87' lang='lat' dir='ltr'><strong>et</strong></span> <span class='ocrx_word' id='word_1_823' title='bbox 3192 5114 3233 5164; x_wconf 90' lang='lat' dir='ltr'><strong>si</strong></span> <span class='ocrx_word' id='word_1_824' title='bbox 3280 5108 3481 5177; x_wconf 85' lang='lat' dir='ltr'><strong>aliquid</strong></span> <span class='ocrx_word' id='word_1_825' title='bbox 3521 5108 3593 5161; x_wconf 86' lang='lat' dir='ltr'><strong>de</strong></span> <span class='ocrx_word' id='word_1_826' title='bbox 3631 5105 3871 5173; x_wconf 72' lang='lat' dir='ltr'><strong>sanguine</strong></span> 
     </span>
    </p>
   </div>
   <div class='ocr_carea' id='block_1_111' title="bbox 2304 5196 3871 5271">
    <p class='ocr_par' dir='ltr' id='par_1_111' title="bbox 2304 5196 3871 5271">
     <span class='ocr_line' id='line_1_111' title="bbox 2304 5196 3871 5271; baseline -0.016 -3"><span class='ocrx_word' id='word_1_827' title='bbox 2304 5213 2498 5268; x_wconf 88' lang='lat' dir='ltr'><strong>Christi</strong></span> <span class='ocrx_word' id='word_1_828' title='bbox 2532 5213 2583 5263; x_wconf 84' lang='lat' dir='ltr'><strong>in</strong></span> <span class='ocrx_word' id='word_1_829' title='bbox 2614 5210 2801 5271; x_wconf 81' lang='lat' dir='ltr'><strong>calice,</strong></span> <span class='ocrx_word' id='word_1_830' title='bbox 2826 5206 3183 5259; x_wconf 84' lang='lat' dir='ltr'><strong>subdiaconus</strong></span> <span class='ocrx_word' id='word_1_831' title='bbox 3205 5202 3361 5254; x_wconf 88' lang='lat' dir='ltr'><strong>debet</strong></span> <span class='ocrx_word' id='word_1_832' title='bbox 3388 5212 3631 5251; x_wconf 84' lang='lat' dir='ltr'><strong>sumere.</strong></span> <span class='ocrx_word' id='word_1_833' title='bbox 3662 5196 3729 5248; x_wconf 83' lang='lat' dir='ltr'><strong>Et</strong></span> <span class='ocrx_word' id='word_1_834' title='bbox 3752 5204 3871 5260; x_wconf 64' lang='grc' dir='ltr'><strong>βοει-</strong></span> 
     </span>
    </p>
   </div>
   <div class='ocr_carea' id='block_1_112' title="bbox 2304 5286 3869 5371">
    <p class='ocr_par' dir='ltr' id='par_1_112' title="bbox 2304 5286 3869 5371">
     <span class='ocr_line' id='line_1_112' title="bbox 2304 5286 3869 5371; baseline -0.016 -17"><span class='ocrx_word' id='word_1_835' title='bbox 2304 5318 2461 5371; x_wconf 84' lang='lat' dir='ltr'><strong>quam</strong></span> <span class='ocrx_word' id='word_1_836' title='bbox 2490 5315 2675 5352; x_wconf 81' lang='lat' dir='ltr'><strong>tntiucs</strong></span> <span class='ocrx_word' id='word_1_837' title='bbox 2697 5294 3228 5357; x_wconf 82' lang='lat' dir='ltr'><strong>communicaverint,</strong></span> <span class='ocrx_word' id='word_1_838' title='bbox 3251 5292 3397 5342; x_wconf 82' lang='lat' dir='ltr'><strong>venit</strong></span> <span class='ocrx_word' id='word_1_839' title='bbox 3414 5286 3701 5340; x_wconf 78' lang='lat' dir='ltr'><strong>confessor</strong></span> <span class='ocrx_word' id='word_1_840' title='bbox 3723 5297 3869 5350; x_wconf 61' lang='lat' dir='ltr'><strong>patri,</strong></span> 
     </span>
    </p>
   </div>
   <div class='ocr_carea' id='block_1_113' title="bbox 2306 5371 3870 5456">
    <p class='ocr_par' dir='ltr' id='par_1_113' title="bbox 2306 5371 3870 5456">
     <span class='ocr_line' id='line_1_113' title="bbox 2306 5371 3870 5456; baseline -0.017 -9"><span class='ocrx_word' id='word_1_841' title='bbox 2306 5394 2349 5447; x_wconf 90' lang='lat' dir='ltr'><strong>si</strong></span> <span class='ocrx_word' id='word_1_842' title='bbox 2390 5393 2462 5445; x_wconf 89' lang='lat' dir='ltr'><strong>sit</strong></span> <span class='ocrx_word' id='word_1_843' title='bbox 2507 5388 2827 5456; x_wconf 63' lang='lat' dir='ltr'><strong>episcopus;</strong></span> <span class='ocrx_word' id='word_1_844' title='bbox 2858 5385 2995 5453; x_wconf 87' lang='lat' dir='ltr'><strong>quod</strong></span> <span class='ocrx_word' id='word_1_845' title='bbox 3030 5384 3075 5436; x_wconf 88' lang='lat' dir='ltr'><strong>si</strong></span> <span class='ocrx_word' id='word_1_846' title='bbox 3106 5398 3206 5434; x_wconf 90' lang='lat' dir='ltr'><strong>non</strong></span> <span class='ocrx_word' id='word_1_847' title='bbox 3236 5390 3400 5441; x_wconf 86' lang='lat' dir='ltr'><strong>esset,</strong></span> <span class='ocrx_word' id='word_1_848' title='bbox 3434 5391 3574 5428; x_wconf 80' lang='lat' dir='ltr'>IIIIUS</span> <span class='ocrx_word' id='word_1_849' title='bbox 3604 5375 3749 5425; x_wconf 86' lang='lat' dir='ltr'><strong>alius</strong></span> <span class='ocrx_word' id='word_1_850' title='bbox 3776 5371 3870 5437; x_wconf 65' lang='lat' dir='ltr'><strong>epi-</strong></span> 
     </span>
    </p>
   </div>
   <div class='ocr_carea' id='block_1_114' title="bbox 2304 5472 3864 5549">
    <p class='ocr_par' dir='ltr' id='par_1_114' title="bbox 2304 5472 3864 5549">
     <span class='ocr_line' id='line_1_114' title="bbox 2304 5472 3864 5549; baseline -0.015 -14"><span class='ocrx_word' id='word_1_851' title='bbox 2304 5495 2500 5549; x_wconf 85' lang='lat' dir='ltr'><strong>scopus</strong></span> <span class='ocrx_word' id='word_1_852' title='bbox 2524 5480 2590 5533; x_wconf 88' lang='lat' dir='ltr'><strong>de</strong></span> <span class='ocrx_word' id='word_1_853' title='bbox 2625 5479 2786 5532; x_wconf 79' lang='lat' dir='ltr'><strong>domo</strong></span> <span class='ocrx_word' id='word_1_854' title='bbox 2810 5490 2958 5545; x_wconf 63' lang='lat' dir='ltr'><strong>papae</strong></span> <span class='ocrx_word' id='word_1_855' title='bbox 2989 5484 3157 5541; x_wconf 78' lang='lat' dir='ltr'><strong>portat</strong></span> <span class='ocrx_word' id='word_1_856' title='bbox 3184 5472 3404 5526; x_wconf 89' lang='lat' dir='ltr'><strong>calicem</strong></span> <span class='ocrx_word' id='word_1_857' title='bbox 3432 5477 3864 5537; x_wconf 79' lang='lat' dir='ltr'><strong>coopertumcum</strong></span> 
     </span>
    </p>
   </div>
   <div class='ocr_carea' id='block_1_115' title="bbox 2306 5560 3867 5640">
    <p class='ocr_par' dir='ltr' id='par_1_115' title="bbox 2306 5560 3867 5640">
     <span class='ocr_line' id='line_1_115' title="bbox 2306 5560 3867 5640; baseline -0.012 -14"><span class='ocrx_word' id='word_1_858' title='bbox 2306 5573 2479 5640; x_wconf 88' lang='lat' dir='ltr'><strong>capite</strong></span> <span class='ocrx_word' id='word_1_859' title='bbox 2506 5570 2729 5622; x_wconf 72' lang='lat' dir='ltr'><strong>tobalea:</strong></span> <span class='ocrx_word' id='word_1_860' title='bbox 2750 5567 2817 5620; x_wconf 90' lang='lat' dir='ltr'><strong>de</strong></span> <span class='ocrx_word' id='word_1_861' title='bbox 2836 5581 2987 5629; x_wconf 89' lang='lat' dir='ltr'><strong>auro,</strong></span> <span class='ocrx_word' id='word_1_862' title='bbox 3011 5573 3065 5620; x_wconf 87' lang='lat' dir='ltr'><strong>et</strong></span> <span class='ocrx_word' id='word_1_863' title='bbox 3094 5565 3199 5617; x_wconf 90' lang='lat' dir='ltr'><strong>alio</strong></span> <span class='ocrx_word' id='word_1_864' title='bbox 3225 5562 3396 5628; x_wconf 76' lang='lat' dir='ltr'><strong>capite</strong></span> <span class='ocrx_word' id='word_1_865' title='bbox 3430 5560 3708 5627; x_wconf 82' lang='lat' dir='ltr'><strong>pendente</strong></span> <span class='ocrx_word' id='word_1_866' title='bbox 3728 5568 3867 5619; x_wconf 71' lang='lat' dir='ltr'><strong>soptr</strong></span> 
     </span>
    </p>
   </div>
   <div class='ocr_carea' id='block_1_116' title="bbox 2304 5646 3867 5725">
    <p class='ocr_par' dir='ltr' id='par_1_116' title="bbox 2304 5646 3867 5725">
     <span class='ocr_line' id='line_1_116' title="bbox 2304 5646 3867 5725; baseline -0.013 -8"><span class='ocrx_word' id='word_1_867' title='bbox 2304 5664 2583 5717; x_wconf 84' lang='lat' dir='ltr'><strong>humerum</strong></span> <span class='ocrx_word' id='word_1_868' title='bbox 2624 5659 2915 5721; x_wconf 88' lang='lat' dir='ltr'><strong>sinistrum,</strong></span> <span class='ocrx_word' id='word_1_869' title='bbox 2964 5668 3115 5725; x_wconf 86' lang='lat' dir='ltr'><strong>prout</strong></span> <span class='ocrx_word' id='word_1_870' title='bbox 3145 5655 3308 5709; x_wconf 79' lang='lat' dir='ltr'><strong>moris</strong></span> <span class='ocrx_word' id='word_1_871' title='bbox 3336 5664 3455 5715; x_wconf 84' lang='lat' dir='ltr'><strong>est;</strong></span> <span class='ocrx_word' id='word_1_872' title='bbox 3510 5661 3568 5706; x_wconf 87' lang='lat' dir='ltr'><strong>et</strong></span> <span class='ocrx_word' id='word_1_873' title='bbox 3608 5646 3867 5717; x_wconf 68' lang='lat' dir='ltr'><strong>antiquior</strong></span> 
     </span>
    </p>
   </div>
   <div class='ocr_carea' id='block_1_117' title="bbox 2304 5738 3871 5822">
    <p class='ocr_par' dir='ltr' id='par_1_117' title="bbox 2304 5738 3871 5822">
     <span class='ocr_line' id='line_1_117' title="bbox 2304 5738 3871 5822; baseline -0.01 -15"><span class='ocrx_word' id='word_1_874' title='bbox 2304 5751 2680 5822; x_wconf 62' lang='grc' dir='ltr'><strong>ωοιμιιοῐυιιι</strong></span> <span class='ocrx_word' id='word_1_875' title='bbox 2703 5757 2820 5819; x_wconf 89' lang='lat' dir='ltr'><strong>post</strong></span> <span class='ocrx_word' id='word_1_876' title='bbox 2854 5748 3023 5817; x_wconf 87' lang='lat' dir='ltr'><strong>ipsum</strong></span> <span class='ocrx_word' id='word_1_877' title='bbox 3052 5748 3357 5816; x_wconf 82' lang='lat' dir='ltr'><strong>episcopum</strong></span> <span class='ocrx_word' id='word_1_878' title='bbox 3385 5744 3586 5816; x_wconf 60' lang='lat' dir='ltr'><strong>baiulat</strong></span> <span class='ocrx_word' id='word_1_879' title='bbox 3616 5738 3871 5811; x_wconf 66' lang='lat' dir='ltr'><strong>ampulla:</strong></span> 
     </span>
    </p>
   </div>
  </div>
