3990 6302
198 345 320 403 I333
1356 336 1611 392 ROMANI
1650 334 1965 390 ORDINES.
2009 361 2076 370 —
2119 331 2228 384 XV.
3296 332 3431 385 153.5

195 474 304 515 cum
329 457 457 511 vino
488 465 544 507 et
583 468 745 523 aqua,
786 462 841 507 et
879 451 1084 505 duabus
1113 449 1300 512 taxeis,
1332 459 1614 515 cooperlas
1634 462 1754 501 cum
1785 454 1833 507 A
1864 452 2163 496 νοτιιιηίυτο
2204 442 2269 496 El
2312 454 2442 509 βαίη
2480 439 2666 506 recilM
2692 452 2981 507 C'P‘wc‘m‘
3008 447 3063 491 0"
3101 437 3434 507 “"hmydel“

196 561 354 619 panno
380 545 495 606 illo,
521 559 641 597 eum
669 558 773 609 quo
794 543 1105 609 cooperitur
1124 541 1369 609 pallium;
1399 550 1454 594 et
1474 540 1755 608 episcopus
1860 534 1926 587 de
1945 533 2194 585 scarletto
2220 531 2360 595 albo,
2390 530 2581 599 quibus
2613 529 2775 580 utitur
2820 543 2913 593 per
2951 536 3113 579 totam
3145 528 3425 594 Octivatn,

197 640 463 710 praedictus
510 636 685 703 pergit
730 650 850 687 cum
903 635 1044 688 dicto
1072 633 1321 703 acolytlto
1368 643 1492 686 ante
1537 647 1750 701 papam,
1859 635 1914 679 et
1941 626 2020 677 sic
2052 624 2194 677 vadit
2221 622 2289 677 ad
2321 638 2579 676 mensam.
2615 620 2863 690 Acolythi
2894 636 3042 684 vero,
3072 630 3128 672 et
3158 622 3357 685 clerici,
3387 632 3442 676 et

193 744 247 785 et
271 729 510 796 subprior
535 727 690 798 507
714 726 1085 795 episcoporum
1118 725 1283 778 abluit
1303 738 1516 792 parvam
1548 734 1755 775 taxeam
1859 717 2105 779 sacrista,
2138 716 2337 783 plicant
2381 715 2469 767 illa
2503 721 2834 782 paramenta,
2881 721 2933 764 et
2965 710 3123 763 hodie
3155 710 3442 765 comedunt

194 824 258 876 de
275 834 401 873 auro
429 832 549 871 cum
595 817 759 880 vino;
799 816 992 870 deinde
1024 814 1253 870 infundit
1278 815 1459 867 vinum
1486 827 1648 881 super
1678 812 1757 865 di-

192 926 317 984 gitos
360 926 532 979 papae,
565 919 620 964 et
655 909 851 963 dictam
905 909 1260 977 perfusionem
1300 907 1583 973 digitorum
1615 905 1757 958 idem

191 1004 427 1071 suliprior
455 1007 631 1068 portat
660 999 724 1051 ad
758 999 946 1061 altare,
994 1014 1152 1067 quam
1196 998 1329 1051 bibit
1355 998 1612 1050 diaconus
1638 1009 1760 1048 car-

192 1093 378 1147 diualis
407 1106 528 1144 cum
557 1088 907 1150 subdiacono,
940 1097 1097 1155 prout
1142 1096 1454 1141 consuetum
1490 1096 1592 1139 est.
1620 1085 1761 1139 Con-

192 1186 369 1246 fessor,
418 1182 604 1236 abluto
648 1180 835 1245 calice,
883 1178 1114 1232 infundit
1138 1177 1338 1240 vinum,
1388 1186 1440 1231 et
1477 1176 1759 1245 acolythus

191 1289 371 1339 aquam
401 1273 539 1324 intra
584 1269 829 1332 calicem,
860 1267 1339 1337 geitnllectentibus
1379 1276 1503 1319 ante
1526 1280 1750 1335 papam;

191 1373 244 1417 et
265 1362 506 1416 dominus
529 1373 659 1427 papa
680 1358 846 1412 abluit
866 1374 949 1421 os,
979 1366 1033 1412 et
1055 1356 1218 1412 sumit
1237 1357 1417 1410 vitunn
1449 1371 1567 1410 cum
1589 1342 1759 1409 calice

191 1452 431 1520 przedicto
449 1466 467 1516 ;
488 1457 543 1504 et
564 1449 606 1502 si
625 1449 822 1517 aliquid
852 1457 1089 1503 remanet
1112 1446 1465 1501 subdiaconus
1486 1445 1743 1500 sumitsu-

190 1556 281 1609 per
304 1543 488 1594 altare.
517 1540 714 1592 Deinde
740 1554 873 1609 papa
899 1538 1038 1592 lavat
1061 1553 1247 1591 manus
1276 1538 1327 1590 in
1346 1539 1552 1606 magnis
1574 1536 1761 1590 ὺπρὶιί-

189 1632 283 1684 bus
309 1631 371 1683 de
389 1642 550 1694 auro;
576 1628 767 1697 quibus
783 1628 923 1693 lotis,
951 1642 1080 1697 papa
1095 1627 1298 1682 accedit
1315 1626 1381 1681 ad
1401 1627 1589 1692 altare,
1610 1636 1664 1681 et
1684 1625 1759 1679 sic

189 1718 390 1788 perlicit
428 1718 645 1772 Missam
691 1731 863 1771 suam.
898 1717 1028 1771 Nota
1069 1717 1209 1786 quod
1238 1717 1412 1772 omnis
1446 1717 1635 1783 homo,
1664 1730 1759 1771 cu-

1864 825 1983 863 cum
2015 823 2173 877 papa,
2207 806 2476 861 auditores
2520 821 2549 858 a
2582 804 2751 857 latere
2802 801 3011 862 dextro,
3059 802 3221 872 508
3269 800 3442 869 primo

1862 912 1999 951 unus
2048 897 2279 962 auditor,
2341 894 2578 948 secundo
2625 906 2762 946 unus
2806 891 3251 957 pmnilentiarius,
3283 898 3337 942 et
3367 889 3444 941 sic

1867 1004 1961 1058 per
1992 989 2268 1052 ordinem;
2313 1002 2340 1039 a
2383 987 2551 1040 latere
2594 985 2814 1038 sinistro
2852 983 3023 1052 primo
3062 983 3441 1043 subdiaconus,

1863 1079 2100 1134 secundo
2127 1093 2263 1131 unus
2288 1076 2691 1141 commensalis,
2720 1073 2810 1143 ‘qui
2834 1086 2918 1128 est
2949 1073 3204 1141 magister
3236 1074 3438 1142 palatii,

1862 1170 1943 1223 vel
1978 1183 2111 1221 unus
2137 1168 2294 1229 alius,
2324 1167 2483 1219 tertio
2505 1179 2643 1219 unus
2667 1165 2970 1234 acolythus,
2991 1173 3046 1217 et;
3066 1164 3143 1217 sic
3165 1165 3439 1232 deinceps.

1865 1262 1929 1315 Et
1957 1262 2114 1315 datur
2143 1260 2292 1326 piper
2318 1260 2367 1311 in
2391 1257 2673 1311 collatione
2698 1266 2813 1324 post
2848 1256 3150 1323 prandium.

2028 1348 2314 1402 LXXXVI.
2359 1348 2432 1398 De
2457 1348 2693 1399 secundis
2724 1346 2961 1415 VeSperis
2991 1345 3165 1396 eodem
3190 1345 3290 1395 die.

1936 1439 1991 1493 In
2019 1437 2271 1492 secundis
2305 1436 2554 1501 Vcsperis
2587 1450 2720 1503 papa
2752 1434 2898 1489 venit
2926 1449 3043 1487 cum
3077 1432 3289 1501 pluviali
3323 1432 3445 1486 albo

1863 1540 1919 1587 et
1948 1529 2103 1584 tuitra
2132 1524 2452 1581 aurifrisiata
2483 1524 2864 1579 consistoriali.

1975 1617 2285 1673 LXXXVII.
2314 1615 2392 1670 De
2418 1615 2593 1669 diebus
2622 1614 2785 1667 Lume
2815 1624 2859 1667 et
2893 1613 3075 1667 Martis
3106 1611 3341 1667 Pascha.

1938 1714 2067 1767 Item
2115 1711 2204 1765 die
2246 1711 2409 1763 Luna:
2460 1723 2561 1762 nec
2597 1708 2685 1761 die
2733 1706 2918 1761 Martis
2957 1721 3063 1760 non
3108 1712 3193 1760 est
3245 1721 3442 1768 sermo,

185 1808 476 1878 iuscunque
515 1806 835 1861 conditionis
858 1817 913 1861 et
940 1817 1111 1861 status
1151 1806 1367 1875 existat,
1399 1807 1489 1876 qui
1539 1806 1609 1861 sit
1634 1819 1762 1860 vere
1792 1806 1840 1867 Β
1870 1817 2042 1870 neque
2067 1801 2225 1856 Missa
2258 1798 2484 1869 papalis,
2515 1812 2612 1852 nec
2642 1811 2777 1865 papa
2808 1797 2956 1851 venit
2982 1796 3045 1850 ad
3086 1797 3443 1864 Vesperashis

185 1899 460 1955 confessus
504 1908 558 1954 et
597 1914 723 1954 vere
770 1900 1034 1968 paenitens
1062 1901 1222 1954 corde
1249 1901 1531 1963 contritus,
1561 1899 1761 1966 absque

186 1990 392 2044 licentia
421 1992 658 2060 episcopi
684 1999 735 2058 κ,
770 1990 982 2057 plebani
1018 1991 1099 2044 vel
1144 1990 1362 2044 alterius
1390 1988 1631 2056 majoris,
1665 1988 1760 2041 bo-

184 2080 272 2135 die
300 2089 477 2149 potest
508 2081 747 2147 recipere
773 2095 967 2149 corpus
994 2080 1197 2135 Christi
1229 2081 1295 2135 de
1316 2080 1559 2134 manibus
1588 2093 1758 2148 papze.

258 2170 551 2223 Notandum
602 2170 744 2239 quod
797 2170 1099 2224 buticularii
1144 2186 1292 2239 papae
1322 2170 1521 2224 debent
1548 2178 1760 2237 portare

185 2269 295 2312 tres
320 2260 401 2312 vel
425 2271 654 2328 quatuor
686 2275 904 2329 magnas
934 2273 1150 2329 quartas
1197 2261 1302 2315 vini
1353 2262 1469 2330 puri
1498 2270 1554 2316 et
1573 2259 1751 2331 optimi

188 2366 283 2418 pro
309 2351 706 2403 communione.
740 2351 935 2404 Vinum
966 2367 1093 2406 vero
1138 2352 1277 2420 quod
1300 2360 1539 2406 remanet
1567 2363 1671 2405 tam
1705 2353 1759 2405 in

181 2441 381 2508 magnis
407 2440 581 2495 Missis
610 2456 769 2509 quam
802 2442 854 2495 in
891 2443 1073 2510 parvis
1102 2442 1400 2511 papalibus,
1432 2456 1646 2510 semper
1676 2448 1761 2495 est

180 2531 440 2595 r-acristze;
490 2542 684 2584 etcum
715 2545 903 2585 omnes
932 2533 1395 2586 communicantes
1445 2532 1758 2600 sanguinem

182 2629 543 2689 smnpserunt,
574 2621 824 2676 dominus
844 2622 1104 2676 diaconus
1128 2623 1218 2675 dat
1246 2623 1474 2675 fistulam
1499 2637 1591 2676 seu
1621 2621 1762 2676 calar

183 2727 326 2763 mum
352 2711 416 2763 ad
448 2711 746 2781 sugendum
788 2714 855 2765 ab
886 2722 1110 2783 utroque
1131 2714 1305 2783 capite
1333 2713 1679 2778 subdiacouo,
1706 2722 1761 2766 et

183 2808 367 2867 postea
394 2800 612 2854 calicem
637 2802 702 2853 ad
730 2803 1049 2857 sumendum
1083 2804 1212 2858 illud
1241 2806 1381 2874 quod
1423 2816 1667 2874 superest
1691 2807 1757 2862 de

182 2893 440 2960 sanguine
465 2889 687 2943 Christi.
732 2890 936 2956 Quibus
966 2893 1142 2962 factis,
1175 2896 1429 2950 diaconus
1458 2897 1614 2964 plicat
1640 2912 1758 2952 corv

176 2978 402 3045 poralia,
427 2987 481 3032 et
503 2978 769 3033 tobaleam
798 2994 960 3048 super
981 2981 1147 3036 altare
1170 2986 1396 3053 positam
1423 2986 1584 3040 etiam
1607 3001 1756 3040 amo-

176 3082 285 3123 vet.
320 3071 517 3127 Deinde
560 3087 693 3142 papa
739 3071 987 3128 veniente
1030 3073 1098 3128 ad
1140 3075 1326 3138 altare,
1371 3076 1581 3129 mitram
1613 3056 1753 3133 idem

1865 1895 2070 1949 duabus
2097 1892 2309 1958 diebus,
2341 1890 2481 1945 sicut
2509 1889 2635 1943 facit
2657 1889 2707 1943 in
2732 1888 3015 1943 Nativitate
3041 1889 3269 1953 Domini,
3291 1904 3355 1942 ex
3383 1904 3446 1943 eo

1863 1986 1988 2054 quia
2034 1998 2140 2038 non
2184 1991 2266 2037 est
2297 1980 2455 2036 Missa
2495 1979 2729 2049 papalis;
2760 1993 2855 2033 nec
2883 1982 3028 2035 venit
3057 1979 3121 2033 ad
3158 1978 3442 2049 Vesperas,

1864 2090 1962 2131 nec
1987 2084 2065 2130 est
2089 2086 2290 2128 sermo.

2007 2162 2335 2218 LXXXVIII.
2366 2160 2440 2214 De
2465 2160 2547 2214 die
2574 2159 2784 2216 Sabbati
2810 2160 2866 2212 in
2896 2156 3040 2211 Albis
3067 2158 3293 2211 rubrica.

1848 2292 1860 2302 -
1936 2256 2169 2312 Sabbato
2200 2256 2374 2323 primo
2402 2260 2523 2319 post
2546 2251 2769 2316 Pascha,
2794 2249 2931 2319 quod
2966 2249 3158 2302 dicitur
3187 2248 3239 2301 in
3270 2248 3439 2310 Albis,

1869 2347 2166 2417 antiquitus
2216 2343 2501 2397 consuevit
2552 2342 2825 2396 celebrare
2874 2354 3053 2392 coram
3110 2352 3245 2406 papa
3297 2339 3442 2403 prit‘l‘

1864 2437 2235 2505 episcoporum
2265 2431 2641 2495 cardinalium,
2679 2430 2760 2483 vel
2800 2430 2937 2481 alius
2981 2427 3286 2490 cardinalis,
3318 2426 3442 2481 licet

1864 2543 1999 2597 papa
2027 2528 2095 2581 de
2116 2524 2386 2580 communi
2416 2537 2574 2577 cursu
2604 2522 2704 2575 hac
2726 2521 2812 2574 die
2837 2518 3113 2573 celebrare
3140 2521 3437 2571 consuevit.

1866 2618 2146 2673 Perﬁcitur
2167 2616 2326 2683 igitur
2353 2613 2511 2667 Missa
2538 2611 3021 2681 quomodocunque
3050 2609 3441 2675 dicaturusqne

1863 2711 1930 2766 ad
1964 2710 2137 2780 Agnus
2161 2708 2279 2761 Dei.
2312 2707 2429 2771 Quo
2449 2704 2612 2770 dicto,
2641 2710 2895 2772 parantur
2918 2700 3219 2754 cardinales
3249 2711 3439 2752 secun-

1865 2808 1991 2862 dum
2034 2800 2247 2855 modum
2286 2811 2466 2862 suum,
2511 2796 2553 2848 si
2606 2809 2740 2863 papa
2773 2808 2877 2846 non
2909 2791 3165 2857 celebret,
3196 2797 3251 2843 et
3278 2789 3328 2841 in
3352 2802 3441 2841 or-

1867 2900 1993 2953 dine
2025 2897 2349 2967 paramentis
2376 2889 2489 2949 suis
2514 2886 2677 2950 albis,
2708 2893 2763 2938 et
2788 2884 2982 2939 dicitur
3003 2884 3179 2952 Agnus
3207 2881 3322 2960 Dei,
3347 2895 3442 2949 per

1865 2991 2141 3043 dominum
2171 3002 2360 3056 papam
2388 3001 2508 3040 cum
2532 2976 2890 3037 cardinalibns
2919 2975 3146 3037 czrteris,
3177 2982 3283 3026 tam
3309 2986 3441 3041 praes

1868 3081 1989 3134 latis
2015 3095 2173 3149 quam
2205 3078 2358 3142 aliis;
2391 3086 2445 3130 et
2474 3084 2655 3143 postca
2688 3076 2917 3128 servitur
2948 3074 3104 3126 Missa
3136 3078 3286 3119 more
3314 3077 3442 3117 con-

175 3160 436 3215 diaconus
462 3162 682 3231 deponit
710 3164 783 3231 ei,
828 3174 884 3219 et
913 3165 1250 3233 postmodum
1295 3163 1363 3219 ad
1390 3165 1563 3220 locum
1594 3166 1751 3226 redit,
1783 3177 1829 3237 ο
1862 3180 2036 3224 sueto.
2087 3168 2375 3224 Sciendum
2423 3166 2561 3235 quod
2611 3166 2711 3219 ista
2768 3164 3079 3218 solemnitas
3109 3177 3214 3215 non
3253 3163 3310 3212 lit
3335 3160 3442 3218 ntsl

171 3260 231 3305 et
260 3267 391 3321 papa
424 3256 663 3322 compli-t
705 3255 917 3309 Missam
947 3271 1122 3323 suam,
1154 3265 1209 3310 ct
1236 3254 1491 3310 diaconus
1518 3255 1643 3311 dicit
1671 3257 1754 3310 lle

169 3340 341 3394 Missa
394 3354 487 3410 est,
530 3359 649 3397 cum
697 3344 895 3414 duplici
925 3347 1170 3401 Alleluia.
1215 3346 1417 3402 Deinde
1442 3346 1562 3400 data
1587 3346 1755 3400 Bene-

164 3432 411 3485 dictioue
445 3448 540 3498 per
573 3449 651 3499 pa;
674 3450 756 3486 am
784 3451 931 3490 more
956 3437 1137 3501 solito,
1166 3437 1446 3506 episcopus
1473 3437 1754 3493 cardinalis

162 3523 267 3587 qui
304 3521 519 3573 servivit
551 3536 702 3588 μτιιω
722 3523 787 3576 de
815 3524 952 3578 libro
986 3526 1036 3577 in
1068 3527 1227 3579 missa
1257 3527 1558 3594 pronuntiat
1584 3526 1757 3581 Indul-

160 3612 409 3680 gentiatn
435 3614 500 3665 de
526 3611 777 3665 mandato
804 3623 858 3667 et
877 3615 1191 3669 auctoritate
1221 3630 1368 3683 papae
1389 3632 1459 3669 vn
1481 3633 1741 3671 annorum

164 3712 229 3758 et
273 3716 348 3755 vn
387 3704 864 3769 quadragt-narum.
900 3704 1011 3769 Qua
1037 3704 1364 3774 Indulgentia
1393 3708 1751 3774 pronuntiata,

166 3810 315 3863 papa
346 3803 485 3848 totus
509 3808 723 3862 paratus
755 3805 813 3848 ut
850 3794 901 3848 in
943 3796 1102 3850 Missa
1162 3796 1291 3861 fuit,
1335 3798 1757 3865 prtecedentibus

165 3886 295 3954 ejus
322 3886 609 3953 capellanis
639 3888 977 3952 portantibus
1022 3901 1209 3941 cereos
1240 3902 1527 3953 accensos,
1558 3888 1757 3942 deinde

163 3990 364 4041 cruce,
392 3984 448 4028 et
485 3974 735 4029 omnibus
782 3976 1147 4030 cardinalibns
1196 3977 1391 4044 paratis
1421 3987 1477 4033 ut
1515 3978 1569 4032 in
1599 3978 1756 4032 Missa

168 4068 415 4131 fuerunt,
464 4078 518 4121 et
561 4084 679 4122 cum
713 4070 970 4124 ministris
1019 4070 1130 4124 suis
1178 4071 1471 4126 secundum
1512 4073 1755 4127 ordinem

163 4174 336 4213 suum
367 4173 546 4212 coram
575 4173 640 4214 eo
666 4160 803 4213 binis
827 4169 881 4215 et
910 4161 1051 4215 binis
1093 4161 1487 4229 incedentibus,
1523 4164 1757 4232 juniori-

162 4249 278 4301 bus
321 4258 493 4303 tamen
547 4250 907 4305 cardinalibns
961 4253 1252 4306 secundum
1305 4253 1548 4308 ordinem
1602 4268 1755 4308 suum

162 4340 628 4409 pra‘icedentibus,
680 4352 735 4396 et
784 4343 992 4399 duobus
1042 4344 1351 4399 diaconibus
1399 4346 1754 4403 cardinalibns

162 4430 267 4496 qui
291 4430 341 4483 ei
372 4430 420 4482 in
456 4430 610 4484 Missa
641 4433 919 4487 astiterunt
954 4444 1076 4488 tunc
1106 4449 1223 4488 cum
1265 4449 1329 4488 co
1358 4438 1750 4504 assistentibus,

1859 3259 2072 3328 quando
2092 3258 2286 3312 dantur
2313 3255 2343 3295 δ
2369 3270 2538 3325 agnus
2566 3255 2683 3321 Dei,
2728 3252 2980 3307 videlicet
3012 3251 3064 3305 in
3098 3251 3266 3317 primo
3296 3262 3437 3302 anno

1858 3359 1914 3404 et
1942 3351 1993 3404 in
2025 3350 2274 3415 septimo.
2303 3347 2455 3413 Quod
2479 3346 2524 3400 si
2548 3361 2679 3416 papa
2709 3344 2967 3412 celebret,
2995 3351 3119 3397 tunc
3139 3339 3438 3395 cardinales

1859 3449 1910 3493 ct
1966 3438 2169 3506 prmlati
2227 3452 2415 3492 omnes
2463 3438 2685 3489 induunt
2733 3449 2791 3489 se
2832 3432 3157 3503 paramentis
3204 3430 3338 3484 albis
3383 3428 3435 3481 in

1862 3531 2126 3601 principio
2161 3530 2355 3593 Missae,
2381 3538 2435 3582 ut
2465 3528 2515 3582 in
2546 3528 2665 3581 aliis
2694 3527 2866 3580 Missis
2892 3524 3166 3593 papalibus
3189 3530 3270 3575 est
3306 3535 3436 3573 cnn-

1860 3632 2071 3676 suetum
2115 3621 2248 3674 fieri.
2299 3621 2354 3673 Si
2398 3631 2577 3673 autem
2623 3619 2757 3671 alius
2803 3615 3036 3671 celebrat
3063 3627 3243 3667 coram
3279 3626 3434 3679 papa,

1860 3714 1974 3766 sive
2025 3715 2097 3766 sit
2142 3712 2453 3776 cardinalis,
2502 3710 2617 3765 sive
2659 3709 2931 3778 pra-latus,
2978 3706 3155 3761 nullus
3193 3704 3353 3757 debet
3382 3716 3440 3755 se

1864 3816 2073 3870 parare,
2105 3815 2381 3869 quousque
2433 3800 2590 3854 fuerit
2636 3799 2756 3852 data
2788 3814 2891 3867 pax
2923 3797 3188 3860 omnibus,
3220 3805 3273 3849 et
3301 3793 3439 3846 facta

1863 3888 2241 3942 Communione
2272 3888 2325 3939 in
2370 3888 2525 3941 altari
2568 3901 2662 3955 per
2704 3887 3086 3941 celebrantem.
3137 3883 3436 3937 Notandum

1862 3992 2076 4047 quoque
2101 3976 2241 4043 quod
2272 3974 2325 4029 in
2352 3975 2451 4028 hac
2473 3975 2626 4029 Missa
2658 3990 2760 4030 non
2799 3978 3073 4029 consuevit
3096 3989 3215 4027 esse
3239 3988 3434 4035 sermo,

1863 4069 1958 4123 sed
1988 4068 2104 4121 sola
2132 4068 2287 4120 Missa
2319 4066 2626 4130 mandatur,
2675 4081 2772 4120 nec
2803 4066 2961 4120 habet
3004 4065 3270 4134 Vesperos
3307 4078 3436 4131 prte-

1863 4159 2116 4212 cedeutes
2142 4156 2374 4225 papales.

1866 4266 2151 4323 LXXXIX.
2178 4266 2255 4319 De
2281 4266 2361 4319 his
2387 4280 2503 4335 qua:
2526 4264 2703 4318 debent
2750 4264 2866 4335 ﬁeri
2888 4264 2941 4316 in
2971 4264 3147 4318 eadem
3191 4261 3439 4327 Sabbato,

2271 4333 2479 4406 quando
2506 4352 2641 4406 papa
2672 4351 2772 4388 non
2792 4333 3026 4390 celebrat.

1935 4427 2220 4483 Sciendum
2258 4436 2435 4481 tamen
2463 4438 2545 4480 est
2586 4426 2726 4495 quod
2758 4424 2970 4494 quando
3002 4438 3132 4492 papa
3164 4438 3270 4476 non
3296 4422 3436 4476 cele-

159 4519 323 4571 vadit
353 4519 416 4572 ad
451 4519 735 4576 fenestram
780 4523 846 4577 ad
891 4524 1122 4579 dandum
1156 4528 1348 4595 papulo
1379 4526 1755 4596 indulgentiam
1792 4541 1838 4599 ι)
1864 4521 2006 4583 brat,
2047 4520 2135 4573 illa
2163 4519 2250 4573 die
2277 4518 2455 4572 audita
2509 4532 2668 4586 parva
2701 4517 2882 4580 Missa,
2914 4517 3027 4583 ipse
3054 4513 3196 4569 venit
3224 4522 3440 4582 paratus

154 4610 236 4663 de
266 4624 338 4662 vn
366 4610 519 4665 annis
566 4620 620 4665 et
664 4628 733 4666 vit
765 4613 1138 4684 quadragenis.
1189 4617 1387 4671 Deinde
1434 4619 1593 4672 modo
1620 4633 1757 4688 prte-

153 4697 326 4751 tlicto
356 4698 500 4752 vadit
525 4701 589 4751 ad
621 4716 886 4756 cameram
931 4718 1105 4769 suam,
1138 4705 1225 4759 ubi
1251 4707 1410 4762 debet
1429 4723 1550 4763 esse
1577 4710 1760 4763 cathe-

155 4787 273 4840 dra
302 4801 424 4839 cum
453 4788 684 4844 scabello
714 4801 934 4860 parata;
978 4804 1033 4849 et
1059 4808 1179 4849 cum
1210 4810 1342 4865 papa
1380 4799 1602 4861 venerit,
1635 4799 1760 4852 dia-

146 4894 346 4932 conus
367 4880 455 4948 qui
479 4881 527 4933 ei
552 4881 793 4947 servivit,
839 4884 1046 4938 traditis
1077 4888 1221 4954 prius
1250 4889 1459 4942 aunttlis
1504 4890 1756 4957 episcopo

144 4967 435 5022 cardinali
464 4969 553 5038 qui
586 4970 635 5025 ei
660 4971 727 5027 de
757 4973 895 5027 libro
931 4976 1168 5042 servivit,
1209 4980 1357 5033 exuit
1385 4979 1555 5048 ipsum
1585 4980 1757 5034 domi-

150 5072 308 5111 num
360 5074 546 5127 papam
572 5063 820 5118 omnibus
850 5068 1171 5134 paramentis
1194 5069 1303 5124 suis
1330 5086 1445 5139 quae
1477 5086 1570 5138 pro
1599 5073 1756 5127 Missa

1871 4626 1992 4665 cum
2023 4608 2237 4679 pluviali
2284 4600 2441 4676 plano
2480 4606 2604 4661 albo
2634 4622 2755 4661 cum
2803 4605 3086 4659 aurifrisiis
3117 4614 3343 4668 tantum,
3387 4611 3443 4657 et

1865 4701 2022 4756 mitra
2050 4700 2172 4753 alba
2210 4713 2331 4754 cum
2368 4697 2530 4766 periis
2552 4697 2907 4751 consistortali
2935 4714 2948 4759 ;
2979 4705 3035 4751 et
3058 4696 3146 4750 illa
3171 4695 3258 4749 die
3278 4694 3443 4749 seriit

1870 4808 2022 4863 papae
2055 4793 2200 4863 prior
2241 4792 2674 4860 presbyterorum
2706 4789 3053 4844 cardinalium
3092 4803 3214 4842 cum
3256 4800 3443 4854 super—

1869 4884 2062 4952 pliciis,
2112 4883 2311 4938 amictu
2360 4882 2491 4947 lato,
2540 4890 2595 4937 et
2640 4880 2889 4951 pluviali;
2951 4881 3231 4950 presbyter
3260 4880 3441 4945 etiam,

1868 4977 1961 5031 sed
1992 4991 2113 5031 cum
2138 4976 2374 5046 planeta.
2403 4983 2457 5051 et
2485 4990 2592 5029 non
2623 4975 2870 5044 pluviali;
2904 4975 3112 5028 diaconi
3144 4973 3443 5028 cardinales

1864 5085 1983 5125 cum
2014 5069 2213 5123 amictu
2241 5068 2452 5134 stricto,
2494 5067 2854 5137 supcrpliciis,
2904 5067 3170 5131 tunicella,
3227 5075 3277 5120 et
3333 5064 3443 5118 dal-

1866 5159 2056 5213 matica
2080 5175 2094 5223 ;
2123 5168 2177 5212 et
2208 5159 2367 5229 509
2387 5173 2573 5212 omnes
2601 5157 2690 5211 alii
2744 5156 2941 5224 pra-lati
2972 5158 3130 5210 etiam
3175 5170 3295 5208 cum
3324 5156 3443 5223 plu-

1867 5255 2026 5318 viaIi;
2058 5263 2112 5307 et
2140 5255 2217 5308 sic
2257 5255 2474 5308 veniunt
2504 5269 2622 5307 cum
2664 5255 2837 5307 mitris
2868 5254 2933 5306 ad
2993 5269 3219 5322 papam;
3266 5263 3319 5307 et
3348 5269 3444 5306 cx-

1869 5356 2038 5401 tracta
2067 5345 2244 5409 mitra,
2268 5359 2446 5398 coram
2482 5360 2613 5414 papa
2654 5346 3036 5413 genuﬂectunt,
3066 5356 3119 5399 et
3155 5345 3269 5413 ipse
3294 5345 3443 5398 (aiili~

1874 5438 1961 5497 bet
2003 5437 2151 5503 ponit
2179 5436 2230 5488 in
2260 5436 2434 5503 mitra,
2467 5450 2624 5504 quam
2680 5445 2821 5490 tenet
2853 5436 2903 5489 in
2935 5453 3112 5501 manu,
3149 5450 3317 5504 agnus
3356 5434 3447 5492 Dei

1878 5528 2001 5585 duo.
2032 5525 2235 5593 Quibus
2279 5525 2355 5579 sic
2406 5526 2664 5593 receptis,
2699 5526 3007 5581 osculantur
3034 5541 3171 5597 genu
3202 5526 3447 5580 dextrum

140 5148 403 5203 dicenda
455 5154 762 5220 sumpserit,
813 5164 867 5209 et
921 5172 1017 5224 per
1068 5160 1310 5214 ordinem
1362 5163 1452 5217 dat
1501 5179 1647 5232 papa:
1686 5163 1753 5217 ad

134 5241 523 5297 osenlandum
562 5244 773 5309 stolam,
811 5247 1014 5315 fanum,
1043 5264 1256 5305 crucem
1308 5256 1669 5321 pasmralem;
1701 5264 1757 5310 et

131 5348 289 5387 cum
363 5337 538 5387 omnia
589 5350 897 5404 paramenta
926 5340 1256 5409 deposuerit,
1302 5344 1473 5397 dictus
1502 5345 1756 5400 diaconus

130 5421 459 5476 cardinalis
490 5436 795 5492 paratnenta
827 5429 1061 5497 deponi',
1112 5444 1166 5488 et
1219 5449 1408 5488 omnes
1456 5437 1755 5492 cardinales

132 5510 439 5581 recipiunt
484 5525 662 5571 vestes
703 5520 1058 5587 quotidianas,
1089 5532 1142 5577 et
1168 5523 1246 5578 sic
1286 5524 1352 5579 ad
1406 5528 1619 5597 propria
1668 5544 1755 5585 re-

222 5645 354 5732 tj'hlil
386 5646 723 5729 observatum
749 5653 819 5705 ob
845 5654 1011 5732 legem
1043 5659 1437 5732 communionis
1461 5665 1760 5732 paschalis,
1942 5656 1972 5697 ι’
2005 5657 2136 5713 Vide
2163 5672 2340 5727 supra,
2375 5670 2492 5726 cap,
2518 5653 2606 5726 6i,
2636 5657 2807 5713 initio.

119 5715 195 5772 iu
225 5719 459 5786 propria
485 5718 742 5791 cujusque
771 5715 997 5781 ecclésia
1029 5730 1322 5785 sumenda‘.
