3990 6300
549 290 687 346 1555

1221 290 1565 344 APPI’NDIX
1605 294 1695 345 AD
1738 294 1796 349 S.
1840 293 2167 351 GREGORII
2209 298 2424 356 MAGNI
2467 302 2840 381 LITURGICA
2876 307 3126 365 OPEIlA.

3680 322 3817 378 i530

544 421 718 476 papa).
760 416 813 461 et
855 405 1287 507 revertuntur'ad
1320 405 1435 457 loca
1468 420 1590 473 sua,
1632 418 1684 460 et
1730 409 2005 476 deponunt
2032 426 2124 480 pa-
2152 414 2199 473 A
2232 412 2453 471 Versum
2484 435 2497 471 :
2532 419 2868 477 Sanctissime
2899 422 3074 490 Pater,
3100 427 3187 480 isti
3208 440 3327 483 sunt
3352 435 3476 503 agni
3515 436 3707 491 novelli
3731 441 3820 507 qui

544 506 811 560 ramenta,
861 494 1248 551 rcassumcudo
1281 510 1479 562 cappas
1529 498 1731 552 laneas.
1784 500 2041 556 Similiter
2071 510 2127 557 et

542 587 629 639 alii
682 585 883 654 [περιτιιὶ
929 584 1151 636 veniunt
1214 586 1381 651 parati
1434 585 1500 638 ad
1556 588 1915 655 recipiendum
1957 605 2124 658 agnus

544 678 659 743 Dei,
704 692 808 729 non
844 685 1017 727 tamen
1049 691 1168 729 cum
1213 676 1393 730 mitrist
1428 676 1479 729 in
1513 678 1707 746 capite,
1741 679 1834 732 sed
1870 680 1923 733 in
1960 697 2121 735 manu

540 786 631 823 eas
656 769 921 829 deferunt,
957 784 1057 822 nec
1078 786 1214 837 genu
1238 770 1483 823 dextrum
1523 773 1860 840 osculantur;
1885 776 1972 828 alii
1997 793 2123 831 vero

539 874 644 912 non
681 859 848 911 induti
882 864 1101 925 pedem;
1130 862 1310 913 cwteri
1348 862 1571 925 praluti,
1600 874 1657 917 et
1697 879 1883 919 omnes
1912 867 2003 920 alii
2031 871 2118 937 qui

536 952 602 1004 ad
644 967 765 1006 emn
806 953 1027 1007 veniunt
1056 969 1154 1023 pro
1180 957 1490 1024 accipiendo
1515 972 1686 1028 agnus
1722 960 1840 1026 Dei,
1874 962 2118 1018 dextrum

536 1058 687 1113 papa:
722 1043 909 1112 pedem
941 1047 1272 1112 osculantur,
1314 1056 1492 1103 etnon
1543 1064 1711 1119 genu;
1744 1054 1951 1107 etiamsi
1977 1064 2122 1109 esset

542 1149 665 1198 rex,
705 1134 1015 1189 immediate
1064 1145 1186 1205 post
1229 1138 1555 1193 cardinalem
1589 1143 1733 1196 venit
1760 1142 1825 1197 ad
1856 1142 2121 1213 recipien-

539 1223 664 1276 dum
695 1224 1063 1293 candelarum,
1097 1228 1360 1293 cinerum,
1394 1230 1727 1297 palmarum,‘
1755 1247 2019 1303 agnorum
2063 1244 2121 1290 et

538 1327 820 1391 cereorum
852 1316 918 1370 ad
951 1317 1074 1370 talia
1096 1333 1187 1371 seu
1217 1319 1525 1374 consimiles
1543 1331 1694 1376 actus
1716 1325 2115 1391 pertinentium.

538 1408 608 1462 Et
630 1408 824 1462 dantur
843 1410 949 1464 duo
979 1424 1147 1478 agnus
1186 1412 1281 1465 Dei
1313 1413 1531 1468 cuilibet
1573 1418 1817 1483 praelato;
1846 1418 1963 1472 aliis
1993 1434 2119 1473 vero

537 1515 699 1555 unum
753 1509 859 1553 tam
891 1498 1102 1556 clericis
1131 1517 1288 1571 quam
1319 1502 1485 1557 laieis.

607 1592 909 1648 Notandum
954 1602 1131 1650 tamen
1176 1595 1315 1665 quod
1346 1605 1631 1666 antequam
1663 1599 1809 1666 prior
1838 1602 2117 1672 presbyte-

534 1697 713 1738 rorum
737 1686 1090 1742 eardinalium
1116 1689 1338 1755 recipiat
1362 1701 1690 1758 paramenta,
1715 1694 1904 1761 recipit
1929 1710 2110 1763 pacem

2229 509 2653 563 annuntiaverunt
2682 514 2827 567 nobis
2845 554 2861 578 ,
2892 514 3123 580 alleluia,
3155 522 3305 572 modo
3334 537 3581 577 venerunt
3604 534 3679 579 ad
3693 530 3821 598 [on-

2229 604 2350 661 tem,
2380 606 2429 650 et
2452 600 2638 669 repleti
2666 613 2785 655 sunt
2807 604 3062 673 claritate,
3106 608 3352 673 alleluia;
3382 627 3440 667 et.
3465 616 3669 671 chorus
3696 634 3816 676 res-

2229 687 2413 753 pondit
2441 688 2545 743 Deo
2577 691 2794 758 gratias,
2825 695 3059 751 alleluia.
3092 697 3157 750 Et
3183 700 3373 755 iterum
3398 708 3640 759 secundo
3664 724 3816 762 eum-

2225 780 2346 833 dem
2377 782 2591 835 mOIIUlIl
2621 784 2811 849 tenuit,
2842 802 2963 841 cum
3001 792 3244 856 pervenit
3273 803 3395 847 ante
3422 798 3565 851 fores
3588 802 3817 867 capellas

2225 883 2320 923 seu
2350 872 2523 938 chori,
2550 875 2711 929 altius
2742 877 3069 945 inchoando;
3097 884 3252 937 tertio
3273 899 3395 939 cum
3423 854 3671 956 pervenii
3686 854 3831 944 ειη.ερ

2224 958 2393 1014 altare
2424 977 2579 1031 papa,
2612 980 2828 1034 semper
2853 968 3093 1023 sedendo
3120 971 3172 1025 in
3194 975 3449 1029 cathedra
3472 992 3565 1031 sua
3592 995 3807 1049 magna,

2224 1050 2469 1104 etundem
2522 1054 2736 1110 modum
2786 1059 2975 1124 tenuit,
3025 1061 3121 1114 sed
3168 1062 3330 1115 altius
3380 1067 3708 1129 inchoando,
3747 1079 3805 1119 et

2224 1139 2462 1207 qualibet
2489 1143 2604 1198 vice
2635 1146 2801 1200 ﬂectit
2827 1162 3018 1214 genua.
3054 1148 3119 1202 Et
3146 1162 3365 1205 extensa
3401 1156 3609 1209 tubaIea
3644 1174 3806 1225 super

2222 1244 2360 1298 genu
2407 1246 2579 1301 papas,
2632 1236 2919 1303 praedictus
2947 1239 3323 1308 subdiacohus,
3367 1244 3521 1297 flexis
3551 1248 3804 1313 genibus,

2222 1334 2436 1387 semper
2467 1330 2611 1376 tenet
2661 1325 2933 1392 platellum
2980 1343 3102 1382 cum
3132 1344 3302 1399 agnus
3348 1345 3476 1387 ante
3508 1348 3723 1402 papam,
3753 1350 3809 1392 et

2223 1427 2356 1481 papa
2386 1414 2532 1469 dedit
2555 1417 2776 1472 cuilibet
2799 1419 3056 1480 cardinali
3090 1431 3220 1487 tres,
3251 1433 3307 1478 et
3329 1427 3555 1481 cuilibet
3586 1430 3802 1496 prauam

2222 1504 2350 1568 dno,
2397 1505 2517 1560 aliis
2560 1521 2689 1560 vero
2714 1508 2927 1564 clericis
2960 1521 3012 1564 et
3057 1512 3207 1565 laicis
3235 1529 3423 1567 unum.
3474 1515 3687 1582 Quibus
3726 1520 3801 1574 sic

2221 1594 2551 1660 distributis,
2585 1598 2714 1650 lavit
2758 1614 2971 1663 manus,
3014 1610 3069 1654 et
3110 1602 3331 1669 perfecit
3372 1603 3590 1658 Missam
3632 1621 3799 1663 suam.

2223 1685 2489 1752 Depositis
2515 1687 2719 1757 magnis
2744 1691 3068 1753 paramentis
3094 1693 3282 1754 sacris,
3311 1694 3668 1760 reassumptis
3690 1696 3798 1762 plu-

535 1789 565 1827 ε
589 1774 1123 1842 pra-latocelebmme
1142 1777 1227 1830 illa
1246 1778 1336 1833 die
1356 1792 1534 1833 coram
1558 1795 1716 1848 papa,
1740 1790 1795 1836 ει
1813 1783 1904 1837 (ιθι
1926 1800 2110 1853 pacem
2144 1780 2192 1841 Β
2222 1772 2341 1826 viali
2371 1783 2425 1827 et
2453 1774 2609 1828 mitra
2638 1775 2982 1843 anrifrisiata,
3017 1779 3469 1833 consistorialiter
3498 1782 3641 1835 sedit
3672 1782 3799 1835 infra

537 1878 716 1931 papze;
754 1873 809 1918 et
839 1864 952 1933 ipsa
982 1864 1125 1931 data,
1156 1865 1299 1920 vadit
1322 1867 1386 1920 ad
1416 1868 1708 1936 parandum
1745 1885 1806 1925 se
1834 1882 1992 1940 prout
2034 1884 2117 1930 est

534 1954 755 2009 dictum.

611 2046 676 2098 Et
702 2047 977 2100 sciendum
1000 2046 1139 2114 quod
1162 2046 1413 2102 dominus
1432 2048 1682 2106 Clemens
1705 2066 1838 2121 papa
1868 2052 1955 2121 VI,
1981 2068 2114 2123 pon-

533 2135 765 2189 tillcalus
792 2137 875 2189 sui
905 2150 1045 2190 anno
1066 2136 1120 2204 7,
1144 2152 1286 2191 anno
1308 2138 1519 2195 Domini
1544 2141 1705 2207 1550,
1726 2143 1872 2199 dedit
1898 2145 2114 2200 cuilibet

532 2224 788 2278 cardinali
813 2235 1099 2294 tresagnus
1124 2226 1237 2294 Dei,
1263 2227 1391 2282 licet
1412 2238 1652 2298 tempore
1671 2232 1869 2285 domini
1891 2233 2113 2289 Joannis

530 2333 681 2391 νίψω
701 2320 842 2375 XXII
865 2321 1209 2383 et,Benedicti
1236 2321 1324 2376 XII
1348 2338 1453 2377 non
1477 2333 1621 2380 esset
1641 2337 1957 2382 consuetum
1980 2327 2113 2385 dare

534 2413 641 2466 nisi
670 2412 776 2466 duo
806 2412 1171 2467 cardinalibus
1216 2422 1271 2467 et
1310 2415 1570 2483 prazlatis,
1606 2416 1724 2471 aliis
1754 2432 1881 2472 vero
1921 2434 2108 2475 unum.

530 2507 681 2563 Datis
725 2509 975 2564 omnibus
1022 2512 1379 2567 existentibus
1405 2515 1457 2568 in
1484 2516 1689 2584 capella
1724 2515 1863 2570 infra
1899 2517 2109 2586 regias,

532 2614 670 2669 papa
710 2600 877 2655 abluit
922 2601 1310 2671 aliquantulum
1361 2619 1552 2658 manus
1588 2620 1714 2660 suas
1754 2606 1807 2661 in
1833 2607 2108 2665 cathedra.

532 2690 724 2745 Postea
754 2702 995 2745 cantatur
1026 2708 1121 2761 per
1144 2702 1394 2748 cantores
1423 2694 1877 2762 Postcommunio,
1907 2707 1963 2752 et
1982 2698 2112 2752 fini-

531 2789 620 2834 tur
669 2781 851 2836 Missa.
903 2782 1108 2837 Deinde
1156 2784 1540 2839 Benedictione
1590 2786 1723 2838 facta
1776 2800 1870 2853 per
1897 2800 2109 2854 papam,

529 2872 783 2938 praelatus
805 2873 894 2941 qui
925 2873 1053 2927 facit
1080 2875 1315 2930 ofﬁcium
1347 2875 1523 2931 Missa:
1545 2877 1633 2931 illa
1655 2876 1742 2932 die
1767 2878 1838 2932 de
1859 2879 2110 2930 mandato

534 2980 685 3032 papa:
708 2967 1014 3032 pronuntiat
1034 2967 1412 3034 indulgentiam
1434 2981 1505 3019 vn
1527 2981 1786 3019 annorum
1809 2973 1864 3020 et
1884 2982 1956 3020 vn
1982 2982 2111 3035 qna-

530 3055 908 3124 dragenarum,
941 3058 1062 3124 quia
1093 3070 1198 3108 non
1229 3055 1503 3109 consuevit
1528 3068 1651 3108 esse
1675 3069 1853 3109 sermo
1878 3056 1971 3110 illa
1997 3055 2105 3110 die.

905 3164 1012 3218 XC.
1058 3163 1275 3230 Quando
1298 3180 1431 3234 papa
1469 3163 1688 3218 celebrat

600 3272 733 3328 Nota
764 3274 921 3327 etiam
953 3272 1091 3342 quod
1126 3272 1168 3325 si
1208 3286 1340 3341 papa
1380 3272 1696 3341 celebraret,
1738 3273 1878 3341 quod
1926 3283 2103 3332 tamen

529 3365 804 3419 modernis
826 3365 1156 3434 temporibus
1181 3380 1285 3418 nou
1311 3376 1394 3419 est
1417 3375 1729 3420 consuetum
1752 3369 1889 3433 lieri,
1914 3368 2108 3423 dantur

525 3471 694 3525 agnus
722 3456 814 3511 Dei
845 3457 982 3519 loco,
1018 3466 1257 3523 tempore
1302 3465 1358 3510 et
1406 3456 1567 3509 modo
1606 3457 1935 3524 supradicto.
1966 3459 2107 3513 Prte-

526 3556 671 3600 terca
703 3547 976 3600 sciendum
1009 3546 1150 3614 quod
1184 3546 1407 3599 Romani
1441 3546 1721 3615 pontifices
1754 3563 1856 3600 non
1881 3563 2106 3604 consue-

523 3650 716 3691 verunt
746 3638 922 3691 facere
957 3639 1102 3691 illam
1137 3638 1528 3691 solemnitatem
1556 3639 1605 3691 in
1638 3639 1735 3692 hac
1760 3640 1869 3697 die.
1894 3656 1993 3695 nec
2012 3658 2105 3708 per

522 3741 605 3794 se,
629 3742 726 3780 uec
742 3742 833 3794 per
845 3727 1028 3796 alium,
1055 3727 1152 3781 nisi
1178 3728 1227 3779 in
1252 3731 1425 3796 primo
1448 3743 1587 3781 anno
1610 3744 1721 3782 sua:
1743 3732 2028 3784 creationis
2050 3743 2105 3786 et

521 3824 576 3874 in
602 3823 831 3889 septimo
861 3836 1025 3886 anno,
1066 3830 1119 3876 et
1152 3824 1406 3892 deinceps
1445 3825 1523 3878 sic
1546 3823 1613 3878 de
1639 3840 1710 3879 vlt
1744 3829 1793 3878 iu
1820 3842 1890 3879 v11
1927 3828 2101 3883 annis.

522 3914 589 3965 Iit
612 3912 747 3966 bene
771 3927 953 3967 verum
971 3913 1111 3980 quod
1136 3915 1188 3966 in
1214 3914 1384 3980 primo
1402 3930 1542 3968 anno
1566 3915 1616 3968 in
1638 3917 1851 3985 propria
1877 3933 2101 3985 persona

519 4012 765 4057 tenentur
782 4005 957 4058 facere
981 4003 1216 4058 ollicium
1233 4005 1331 4057 hac
1353 4002 1461 4059 die.
1484 4004 1624 4059 Idem
1652 4005 1892 4060 fecerunt
1916 4008 2099 4062 Ponti-

522 4095 648 4147 ﬁces
683 4092 924 4148 Urbanus
957 4094 1022 4160 V,
1056 4093 1343 4164 Gregorius
1372 4095 1439 4148 XI
1466 4097 1515 4148 in
1548 4096 1826 4163 Atinione,
1851 4107 1904 4152 ct
1929 4098 2101 4154 dOmi-

522 4202 624 4240 nus
656 4187 899 4242 Urbanus
921 4186 985 4241 VI
1013 4188 1193 4240 Roma:
1223 4190 1275 4241 in
1300 4198 1480 4241 sancta
1506 4189 1665 4242 Maria
1691 4190 2098 4244 Transtiberim.

521 4280 718 4334 Verum
750 4280 888 4349 quod
923 4280 1025 4333 iste
1067 4278 1213 4333 dedit
1257 4279 1415 4332 etiam
1446 4288 1567 4348 post
1613 4280 1889 4346 prandium
1933 4294 2099 4350 agnus

524 4375 621 4429 Dei
660 4375 801 4428 οηιηί
823 4373 1053 4439 volenti,
1076 4381 1131 4427 et
1161 4372 1307 4425 misit
1332 4387 1451 4425 eum
1493 4372 1798 4439 parionibus
1824 4373 2099 4442 regionum

523 4474 579 4519 et
604 4465 918 4519 ofticialibus
951 4464 1105 4518 Urbis
1130 4478 1272 4516 anno
1302 4462 1515 4516 Domini
1548 4463 1708 4517 1378.

592 4555 877 4611 Sciendum
911 4552 1053 4624 quod
1082 4568 1223 4607 anno
1255 4554 1463 4607 Domini
1489 4552 1626 4607 1578
1651 4554 1900 4609 dominus
1924 4551 2096 4609 Urba-

520 4661 621 4701 nus
654 4644 718 4700 VI
748 4646 931 4700 llomze
974 4649 1025 4699 in
1066 4644 1290 4698 ecclesia
1329 4654 1527 4698 sanctae
1570 4643 1747 4698 Marias
1794 4645 2101 4700 Transtibe-

522 4739 646 4803 rim,
679 4741 730 4792 in
760 4738 997 4793 secundo
1022 4753 1164 4791 anno
1206 4752 1316 4791 suae
1342 4738 1629 4791 creationis
1657 4736 1819 4799 dedit,
1851 4736 2100 4806 quoniam

524 4831 578 4883 in
609 4831 781 4900 primo
803 4845 908 4883 non
934 4828 1125 4897 potuit,
1150 4827 1272 4897 quia
1298 4844 1400 4881 non
1427 4828 1599 4881 fuerat
1623 4836 1747 4881 ante
1776 4827 1979 4882 electus
1999 4827 2104 4883 nisi

522 4938 620 4992 per
649 4935 755 4978 tres
785 4923 1149 4994 septimanas;
1178 4930 1233 4975 et
1257 4938 1317 4975 ca
1350 4921 1494 4975 dedit
1523 4923 1796 4975 Dominica
1828 4922 1881 4975 in
1922 4923 2098 4988 Albis,

524 5031 630 5068 non
676 5014 951 5081 Sabbato,
997 5024 1049 5067 ct
1090 5013 1381 5067 celebravit
1427 5016 1478 5066 in
1523 5013 1956 5080 pontificalibus;
2003 5029 2102 5068 nec

519 5105 619 5159 fuit
643 5121 822 5161 sermo
848 5106 901 5160 in
927 5106 1090 5179 510
1118 5106 1296 5169 Missa,
1333 5104 1384 5158 iu
1414 5118 1518 5174 qua
1550 5104 1709 5157 ismm
1739 5105 1897 5158 riznm
1930 5105 2099 5159 tenuit

520 5207 574 5250 et
599 5198 923 5253 observavit.
958 5198 1111 5251 D.cto
1135 5199 1312 5268 Agnus
1350 5195 1465 5260 Dei,
1501 5202 1755 5264 cooperto
1781 5204 1805 5231 α
1834 5211 1955 5248 cuin
1994 5211 2099 5249 uno

521 5287 644 5340 velo
662 5289 835 5342 serico
857 5287 1075 5355 pulchro
1097 5287 1428 5352 tenuissimo,
1454 5286 1678 5340 accessit
1699 5285 1837 5339 circa
1867 5286 2097 5341 medium

520 5380 785 5444 ecclesias,
817 5398 973 5451 quem
1003 5380 1354 5435 antecedebat
1384 5378 1738 5434 subdiaconus
1765 5395 1885 5433 cum
1915 5395 2096 5444 cruce,

523 5469 839 5525 cerolerarii
869 5487 961 5525 seu
990 5472 1223 5540 acolytbi
1249 5486 1368 5525 cum
1411 5470 1747 5524 candelabris
1776 5479 1828 5524 ct
1866 5469 2101 5524 candelis

528 5563 803 5628 accensis,
854 5564 942 5617 ubi
993 5565 1349 5619 subdiaconus
1398 5563 1619 5633 inempit
1667 5572 1885 5619 cantare
1940 5565 2097 5620 istum

596 5706 621 5733 ⁰
664 5698 865 5768 Sttpple
896 5706 1065 5765 altari,
1104 5700 1180 5753 \‘el
1207 5701 1380 5752 calice.

2126 4521 2180 4581 D

2221 1865 2524 1917 cancellum
2552 1866 2795 1934 capellas,
2836 1878 2886 1920 et
2916 1883 3079 1921 unum
3112 1870 3303 1935 pedem
3338 1882 3496 1924 extra
3528 1872 3707 1938 regias
3727 1883 3800 1927 te-

2218 1952 2401 2019 nebat,
2445 1963 2500 2008 et
2540 1956 2688 2009 omni
2728 1956 2962 2010 venienti
3007 1956 3157 2011 dedit
3184 1975 3349 2011 unum
3382 1974 3556 2029 agnus
3586 1959 3717 2024 Dei;
3749 1971 3799 2017 et

2216 2044 2440 2110 quilibet
2484 2046 2757 2098 osculatur
2800 2045 2900 2101 sibi
2950 2062 3112 2101 unum
3156 2048 3370 2116 pedem,
3420 2050 3799 2107 caiditialeset

2216 2135 2423 2203 praelati
2447 2135 2613 2188 induti
2642 2145 2698 2189 ut
2723 2136 2778 2190 in
2803 2137 3072 2192 Candelis.

2286 2226 2415 2279 Post
2445 2226 2724 2294 prandium
2758 2242 2883 2281 vero
2910 2230 3133 2282 redditis
3154 2228 3339 2296 gratiis
3362 2241 3635 2282 venerunt
3660 2233 3796 2282 cimi-

2216 2315 2403 2369 cularii
2432 2330 2551 2370 cum
2579 2331 2773 2383 magno
2803 2318 3023 2385 platello
3049 2334 3170 2372 cum
3199 2332 3369 2386 agnus
3403 2319 3525 2382 Dei,
3572 2329 3629 2372 et
3673 2334 3795 2387 papa

2214 2405 2363 2460 dedit
2407 2407 2764 2461 servituribus
2794 2418 2849 2462 et
2879 2408 3225 2462 familiaribus
3268 2412 3381 2462 suis
3410 2410 3644 2464 cuilibet
3672 2414 3794 2466 duos

2214 2510 2381 2565 agnus
2408 2497 2521 2552 Uri.
2555 2498 2787 2551 Fuerunt
2806 2499 2929 2553 facti
2954 2501 3043 2552 illo
3067 2514 3209 2552 anno
3224 2516 3317 2566 per
3338 2500 3567 2553 fratrem
3590 2500 3795 2557 Petrum

2212 2590 2521 2658 episcopum
2552 2590 2987 2659 Senegaliensem
3016 2592 3295 2646 sacristam
3328 2607 3476 2645 xxiv.

2284 2703 2572 2759 Sciendum
2602 2704 2871 2771 quomodo
2894 2705 3067 2758 dictus
3096 2703 3262 2758 frater
3292 2705 3489 2758 Petrus
3519 2704 3791 2772 episcopus

2213 2795 2335 2847 fecit
2357 2795 2527 2847 dictos
2555 2809 2722 2862 agnus
2758 2794 2871 2847 Dei.
2904 2794 3083 2847 Primo
3115 2809 3342 2859 namque
3366 2809 3491 2847 cera
3530 2795 3723 2847 munda
3746 2802 3792 2849 et

2211 2886 2485 2938 albissima
2511 2884 2602 2938 fuit
2632 2887 2801 2952 posita
2828 2902 2986 2953 supra
3009 2888 3175 2939 altare
3209 2886 3347 2938 beati
3374 2885 3519 2938 Petri
3552 2886 3787 2953 apostoli.

2213 2975 2412 3029 Deinde
2441 2976 2540 3028 sibi
2574 2978 2769 3030 tradita
2815 2992 2907 3045 per
2934 2977 3159 3033 clericos
3194 2993 3427 3031 camera:
3470 2988 3529 3031 et
3566 2994 3659 3046 per
3693 2994 3788 3031 mae

2210 3065 2432 3129 pistrum
2455 3080 2626 3121 cerere
2650 3082 2818 3135 papte.
2846 3068 2955 3132 Qua
2978 3079 3207 3134 recepta.
3229 3066 3464 3121 confecit
3491 3068 3639 3121 illam
3662 3069 3784 3124 dicm

2138 3153 2184 3214 C
2215 3170 2334 3209 cum
2363 3155 2653 3210 chrismate
2682 3156 2902 3225 antiquo
2929 3158 3067 3224 Quod
3097 3160 3355 3210 remansit
3386 3160 3454 3209 de
3476 3174 3624 3210 anno
3657 3174 3777 3226 pra:-

2216 3246 2393 3299 terito.
2445 3247 2637 3301 Verum
2677 3247 2819 3315 quod
2862 3248 3021 3301 etiam
3064 3249 3277 3300 miscuit
3325 3264 3450 3301 cum
3504 3252 3784 3303 chrismate

2214 3354 2354 3392 novo
2381 3351 2600 3407 propter
2617 3342 2872 3407 majorem
2899 3342 3264 3407 devotionem,
3286 3354 3335 3396 et
3357 3343 3637 3410 impressit
3659 3344 3785 3395 illam

2212 3431 2265 3483 in
2295 3431 2399 3484 illis
2448 3432 2641 3500 sigillis
2670 3447 2764 3486 seu
2808 3432 3047 3487 formulis
3093 3432 3157 3485 ad
3202 3433 3302 3485 hoc
3333 3433 3574 3494 deditis;
3608 3433 3790 3485 deinde

2210 3522 2500 3589 benedixit,
2535 3521 2670 3575 sicut
2696 3522 3087 3575 benedicuntur
3115 3521 3354 3575 catulelte
3384 3522 3439 3574 in
3471 3521 3561 3574 die
3589 3523 3786 3575 Cande—

2210 3616 2405 3683 Iarum,
2451 3616 2675 3669 mutatis
2719 3615 3271 3681 vocabulis;‘demum
3311 3630 3409 3668 eos
3454 3616 3715 3671 immersit
3741 3616 3789 3668 in

2208 3724 2399 3776 aquam
2434 3707 2789 3762 benedictam.

2278 3817 2543 3871 Praeterea
2566 3818 2843 3871 sciendum
2872 3827 2953 3871 est
2969 3817 3108 3887 quod
3130 3832 3264 3887 papa
3281 3818 3569 3873 consuevit
3589 3817 3793 3872 deterre

2206 3911 2378 3965 albam
2414 3912 2680 3979 planetam
2713 3913 2828 3965 sine
2861 3914 3183 3980 paramentis
3214 3920 3269 3965 et
3297 3913 3417 3965 sine
3446 3911 3631 3975 aliquo
3662 3912 3794 3965 auri-

2205 4003 2381 4074 frigio,
2413 4005 2560 4059 on'iui
2586 4015 2847 4073 tempore,
2872 4007 2987 4060 sive
3012 4006 3062 4058 in
3089 4005 3266 4070 MiSSa,
3303 4005 3417 4057 sive
3441 4005 3491 4057 in
3521 4004 3792 4070 Vesperis,

2205 4097 2289 4150 Vel
2336 4098 2490 4163 alias,
2543 4098 2972 4166 quandocunque
3020 4106 3103 4150 est
3166 4096 3323 4148 Missa
3379 4095 3698 4162 principalis
3744 4105 3797 4149 et

2211 4189 2486 4257 Vesperae,
2512 4199 2566 4243 ct
2596 4188 3023 4259 quandocunque
3055 4189 3211 4242 fuerit
3238 4202 3551 4256 processus,
3576 4187 3797 4242 etvenit

2205 4276 2269 4330 ad
2308 4276 2597 4345 publicum.

2273 4386 2537 4440 Caeterum
2571 4387 2621 4440 in
2645 4385 2733 4440 die
2761 4386 2910 4439 lovis
2948 4394 3153 4448 sancta,
3200 4400 3303 4439 nec
3334 4388 3385 4438 in
3429 4385 3521 4439 die
3554 4383 3791 4442 Paschaz.

2206 4494 2304 4532 nec
2332 4480 2384 4532 in
2419 4480 2623 4547 vigilia,
2646 4494 2748 4535 nec
2770 4482 2821 4533 in
2847 4479 3081 4534 Sabbato
3113 4480 3168 4533 in
3212 4479 3401 4545 Albis,
3440 4495 3543 4534 nec
3575 4482 3629 4532 in
3662 4479 3793 4534 festo

2204 4571 2405 4626 Natalis
2435 4571 2643 4625 Domini
2674 4572 2955 4626 consuevit
2981 4586 3102 4625 esse
3134 4585 3340 4638 sermo,
3376 4585 3480 4625 uec
3516 4572 3573 4623 in
3612 4571 3795 4623 l’uritl-

2202 4662 2418 4718 catioue
2451 4662 2619 4715 beata:
2653 4662 2833 4716 Maria:
2860 4662 3106 4729 virginis,
3134 4676 3234 4716 nec
3257 4661 3310 4714 in
3340 4661 3432 4713 die
3462 4659 3793 4715 Palmarutn.

2365 4771 2498 4826 XCI.
2544 4772 2617 4825 De
2646 4774 2775 4843 festo
2804 4772 3128 4827 Ascensia'nis
3163 4771 3375 4825 Domini
3399 4772 3635 4824 rubrica.

2278 4877 2335 4936 In
2366 4883 2456 4937 die
2497 4881 2846 4936 Ascensiouis
2878 4882 3084 4935 Domini
3133 4896 3311 4935 sermo
3340 4888 3396 4935 et
3442 4880 3609 4934 Missa
3643 4893 3796 4932 man-

2207 4973 2426 5038 dantur,
2459 4990 2562 5027 uon
2596 4982 2769 5026 tamen
2829 4970 3100 5040 Vesperm,
3135 4972 3259 5024 licet
3300 4983 3435 5036 papa
3464 4969 3648 5022 veniat
3673 4982 3796 5020 cum

2211 5066 2423 5134 pluviali
2451 5064 2617 5119 rubeo
2644 5064 2711 5117 de
2739 5064 2952 5129 samita,
2984 5074 3036 5117 et
3069 5064 3224 5117 mitra
3252 5061 3580 5115 auriirisiata
3620 5059 3796 5113 consi-

2208 5154 2446 5220 storiali;
2478 5166 2530 5208 et
2552 5153 2851 5207 cardinales
2882 5154 3042 5207 etiam
3073 5153 3266 5206 debent
3302 5150 3487 5205 venire
3516 5165 3643 5204 cum
3667 5151 3797 5217 pln-

2206 5243 2431 5299 vialibus
2485 5245 2643 5315 511
2672 5243 2776 5296 albi
2801 5243 3018 5305 coloris,
3065 5253 3119 5296 et
3148 5241 3483 5310 Antipbouas
3530 5242 3795 5311 incipiunt

2211 5349 2367 5408 prout
2400 5337 2560 5391 estin
2586 5336 2707 5390 aliis
2737 5336 3006 5405 \‘espcris.

2277 5448 2410 5502 Nota
2437 5446 2579 5516 quod
2611 5447 2710 5501 ista
2741 5445 2828 5500 die
2872 5452 3095 5514 possunt
3136 5452 3190 5497 et
3233 5451 3636 5498 consueverunt
3677 5441 3791 5495 ﬁeri

2212 5538 2587 5597 Processiones
2609 5539 2908 5609 generales,
2932 5546 2984 5593 et
3015 5535 3298 5607 speciales,
3324 5534 3625 5593 secundum
3648 5530 3795 5602 quid

3942 294 3970 1053 l

3962 1348 3970 1807 l
