  <div class='ocr_page' id='page_1' title='image "/cluster/home/n/w/nwhite01/storage/ocr_20150623/78/uva.x000827090/676.png"; bbox 0 0 3990 6292; ppageno 0'>
   <div class='ocr_carea' id='block_1_1' title="bbox 1360 299 2243 354">
    <p class='ocr_par' dir='ltr' id='par_1_1' title="bbox 1360 299 2243 354">
     <span class='ocr_line' id='line_1_1' title="bbox 1360 299 2243 354; baseline 0 -2"><span class='ocrx_word' id='word_1_1' title='bbox 1360 299 1617 353; x_wconf 73' lang='lat' dir='ltr'><strong>IIO‘JANI</strong></span> <span class='ocrx_word' id='word_1_2' title='bbox 1659 299 1958 354; x_wconf 68' lang='lat' dir='ltr'><strong>OIKDINES</strong></span> <span class='ocrx_word' id='word_1_3' title='bbox 2020 328 2088 338; x_wconf 89' lang='lat'><strong>—-—</strong></span> <span class='ocrx_word' id='word_1_4' title='bbox 2133 300 2243 352; x_wconf 88' lang='lat' dir='ltr'><strong>XV.</strong></span> 
     </span>
    </p>
   </div>
   <div class='ocr_carea' id='block_1_2' title="bbox 3276 308 3414 363">
    <p class='ocr_par' dir='ltr' id='par_1_2' title="bbox 3276 308 3414 363">
     <span class='ocr_line' id='line_1_2' title="bbox 3276 308 3414 363; baseline 0.007 -3"><span class='ocrx_word' id='word_1_5' title='bbox 3276 308 3414 363; x_wconf 65' lang='lat'><strong>1538</strong></span> 
     </span>
    </p>
   </div>
   <div class='ocr_carea' id='block_1_3' title="bbox 177 410 3418 481">
    <p class='ocr_par' dir='ltr' id='par_1_3' title="bbox 177 410 3418 481">
     <span class='ocr_line' id='line_1_3' title="bbox 177 410 3418 481; baseline -0.003 -8"><span class='ocrx_word' id='word_1_6' title='bbox 177 420 458 481; x_wconf 69' lang='lat' dir='ltr'><strong>necessitas</strong></span> <span class='ocrx_word' id='word_1_7' title='bbox 494 413 693 480; x_wconf 74' lang='lat' dir='ltr'><strong>exigit,</strong></span> <span class='ocrx_word' id='word_1_8' title='bbox 724 413 791 466; x_wconf 89' lang='lat' dir='ltr'><strong>de</strong></span> <span class='ocrx_word' id='word_1_9' title='bbox 836 425 990 464; x_wconf 91' lang='lat' dir='ltr'><strong>mane</strong></span> <span class='ocrx_word' id='word_1_10' title='bbox 1020 420 1302 478; x_wconf 86' lang='lat' dir='ltr'><strong>antequam</strong></span> <span class='ocrx_word' id='word_1_11' title='bbox 1350 426 1479 477; x_wconf 85' lang='lat' dir='ltr'><strong>papa</strong></span> <span class='ocrx_word' id='word_1_12' title='bbox 1523 413 1729 465; x_wconf 86' lang='lat' dir='ltr'><strong>veniret</strong></span> <span class='ocrx_word' id='word_1_13' title='bbox 1763 422 1805 477; x_wconf 77' lang='grc' dir='ltr'><strong>Α</strong></span> <span class='ocrx_word' id='word_1_14' title='bbox 1837 420 2009 464; x_wconf 80' lang='lat' dir='ltr'><strong>sancte</strong></span> <span class='ocrx_word' id='word_1_15' title='bbox 2039 412 2285 478; x_wconf 83' lang='lat' dir='ltr'><strong>Spiritus.</strong></span> <span class='ocrx_word' id='word_1_16' title='bbox 2324 425 2454 475; x_wconf 83' lang='lat' dir='ltr'><strong>p-ipa</strong></span> <span class='ocrx_word' id='word_1_17' title='bbox 2490 410 2765 463; x_wconf 70' lang='lat' dir='ltr'><strong>descendit</strong></span> <span class='ocrx_word' id='word_1_18' title='bbox 2788 411 2855 463; x_wconf 88' lang='lat' dir='ltr'><strong>de</strong></span> <span class='ocrx_word' id='word_1_19' title='bbox 2881 412 3010 466; x_wconf 86' lang='lat' dir='ltr'><strong>sede</strong></span> <span class='ocrx_word' id='word_1_20' title='bbox 3046 426 3165 474; x_wconf 89' lang='lat' dir='ltr'><strong>sua,</strong></span> <span class='ocrx_word' id='word_1_21' title='bbox 3194 426 3245 463; x_wconf 76' lang='lat' dir='ltr'><strong>et</strong></span> <span class='ocrx_word' id='word_1_22' title='bbox 3275 423 3418 466; x_wconf 66' lang='lat' dir='ltr'><strong>votat</strong></span> 
     </span>
    </p>
   </div>
   <div class='ocr_carea' id='block_1_4' title="bbox 176 513 489 570">
    <p class='ocr_par' dir='ltr' id='par_1_4' title="bbox 176 513 489 570">
     <span class='ocr_line' id='line_1_4' title="bbox 176 513 489 570; baseline -0.022 -4"><span class='ocrx_word' id='word_1_23' title='bbox 176 516 235 570; x_wconf 76' lang='lat' dir='ltr'><strong>ad</strong></span> <span class='ocrx_word' id='word_1_24' title='bbox 260 513 489 566; x_wconf 84' lang='lat' dir='ltr'><strong>Missam.</strong></span> 
     </span>
    </p>
   </div>
   <div class='ocr_carea' id='block_1_5' title="bbox 273 590 1628 661">
    <p class='ocr_par' dir='ltr' id='par_1_5' title="bbox 273 590 1628 661">
     <span class='ocr_line' id='line_1_5' title="bbox 273 590 1628 661; baseline -0.007 -9"><span class='ocrx_word' id='word_1_25' title='bbox 273 600 425 655; x_wconf 77' lang='lat' dir='ltr'><strong>XCII.</strong></span> <span class='ocrx_word' id='word_1_26' title='bbox 459 596 531 646; x_wconf 86' lang='lat' dir='ltr'><strong>De</strong></span> <span class='ocrx_word' id='word_1_27' title='bbox 554 592 729 661; x_wconf 78' lang='lat' dir='ltr'><strong>vigilia</strong></span> <span class='ocrx_word' id='word_1_28' title='bbox 760 592 1102 655; x_wconf 65' lang='lat' dir='ltr'><strong>Pentecostes,</strong></span> <span class='ocrx_word' id='word_1_29' title='bbox 1130 608 1193 644; x_wconf 72' lang='lat' dir='ltr'><strong>ae</strong></span> <span class='ocrx_word' id='word_1_30' title='bbox 1220 590 1381 645; x_wconf 80' lang='lat' dir='ltr'><strong>Missa</strong></span> <span class='ocrx_word' id='word_1_31' title='bbox 1408 591 1628 643; x_wconf 72' lang='lat' dir='ltr'><strong>rubrica.</strong></span> 
     </span>
    </p>
   </div>
   <div class='ocr_carea' id='block_1_6' title="bbox 244 683 1741 757">
    <p class='ocr_par' dir='ltr' id='par_1_6' title="bbox 244 683 1741 757">
     <span class='ocr_line' id='line_1_6' title="bbox 244 683 1741 757; baseline -0.005 -14"><span class='ocrx_word' id='word_1_32' title='bbox 244 691 295 744; x_wconf 92' lang='lat' dir='ltr'><strong>In</strong></span> <span class='ocrx_word' id='word_1_33' title='bbox 329 686 499 755; x_wconf 77' lang='lat' dir='ltr'><strong>vigilia</strong></span> <span class='ocrx_word' id='word_1_34' title='bbox 531 684 897 745; x_wconf 78' lang='lat' dir='ltr'><strong>Pentecostes,</strong></span> <span class='ocrx_word' id='word_1_35' title='bbox 941 683 986 735; x_wconf 87' lang='lat' dir='ltr'><strong>si</strong></span> <span class='ocrx_word' id='word_1_36' title='bbox 1033 698 1165 751; x_wconf 90' lang='lat' dir='ltr'><strong>papa</strong></span> <span class='ocrx_word' id='word_1_37' title='bbox 1197 683 1325 737; x_wconf 91' lang='lat' dir='ltr'><strong>velit</strong></span> <span class='ocrx_word' id='word_1_38' title='bbox 1350 683 1625 757; x_wconf 86' lang='lat' dir='ltr'><strong>celebrare</strong></span> <span class='ocrx_word' id='word_1_39' title='bbox 1654 696 1741 735; x_wconf 77' lang='lat' dir='ltr'><strong>se-</strong></span> 
     </span>
    </p>
   </div>
   <div class='ocr_carea' id='block_1_7' title="bbox 174 774 1739 841">
    <p class='ocr_par' dir='ltr' id='par_1_7' title="bbox 174 774 1739 841">
     <span class='ocr_line' id='line_1_7' title="bbox 174 774 1739 841; baseline -0.008 -4"><span class='ocrx_word' id='word_1_40' title='bbox 174 790 311 836; x_wconf 87' lang='lat' dir='ltr'><strong>crete</strong></span> <span class='ocrx_word' id='word_1_41' title='bbox 337 786 391 830; x_wconf 88' lang='lat' dir='ltr'><strong>et</strong></span> <span class='ocrx_word' id='word_1_42' title='bbox 423 777 575 827; x_wconf 89' lang='lat' dir='ltr'><strong>basse</strong></span> <span class='ocrx_word' id='word_1_43' title='bbox 608 774 821 827; x_wconf 81' lang='lat' dir='ltr'><strong>Missam</strong></span> <span class='ocrx_word' id='word_1_44' title='bbox 854 789 1029 838; x_wconf 89' lang='lat' dir='ltr'><strong>suam,</strong></span> <span class='ocrx_word' id='word_1_45' title='bbox 1063 776 1287 841; x_wconf 88' lang='lat' dir='ltr'><strong>ipsemet</strong></span> <span class='ocrx_word' id='word_1_46' title='bbox 1316 775 1442 840; x_wconf 74' lang='lat' dir='ltr'><strong>legit</strong></span> <span class='ocrx_word' id='word_1_47' title='bbox 1485 774 1739 827; x_wconf 81' lang='lat' dir='ltr'><strong>lectiones</strong></span> 
     </span>
    </p>
   </div>
   <div class='ocr_carea' id='block_1_8' title="bbox 176 864 1741 932">
    <p class='ocr_par' dir='ltr' id='par_1_8' title="bbox 176 864 1741 932">
     <span class='ocr_line' id='line_1_8' title="bbox 176 864 1741 932; baseline -0.006 -6"><span class='ocrx_word' id='word_1_48' title='bbox 176 886 350 926; x_wconf 84' lang='lat' dir='ltr'><strong>omnes</strong></span> <span class='ocrx_word' id='word_1_49' title='bbox 381 869 521 931; x_wconf 89' lang='lat' dir='ltr'><strong>illas,</strong></span> <span class='ocrx_word' id='word_1_50' title='bbox 553 876 707 932; x_wconf 91' lang='lat' dir='ltr'><strong>prout</strong></span> <span class='ocrx_word' id='word_1_51' title='bbox 740 865 791 917; x_wconf 94' lang='lat' dir='ltr'><strong>in</strong></span> <span class='ocrx_word' id='word_1_52' title='bbox 822 864 1013 917; x_wconf 76' lang='lat' dir='ltr'><strong>Missali</strong></span> <span class='ocrx_word' id='word_1_53' title='bbox 1054 864 1293 918; x_wconf 78' lang='lat' dir='ltr'><strong>Romano</strong></span> <span class='ocrx_word' id='word_1_54' title='bbox 1326 865 1657 926; x_wconf 89' lang='lat' dir='ltr'><strong>scribuntur,</strong></span> <span class='ocrx_word' id='word_1_55' title='bbox 1686 871 1741 917; x_wconf 91' lang='lat' dir='ltr'><strong>et</strong></span> 
     </span>
    </p>
   </div>
   <div class='ocr_carea' id='block_1_9' title="bbox 175 956 1742 1027">
    <p class='ocr_par' dir='ltr' id='par_1_9' title="bbox 175 956 1742 1027">
     <span class='ocr_line' id='line_1_9' title="bbox 175 956 1742 1027; baseline -0.006 -10"><span class='ocrx_word' id='word_1_56' title='bbox 175 978 316 1017; x_wconf 87' lang='lat' dir='ltr'><strong>more</strong></span> <span class='ocrx_word' id='word_1_57' title='bbox 342 960 500 1015; x_wconf 89' lang='lat' dir='ltr'><strong>solito</strong></span> <span class='ocrx_word' id='word_1_58' title='bbox 532 957 657 1011; x_wconf 80' lang='lat' dir='ltr'><strong>facit</strong></span> <span class='ocrx_word' id='word_1_59' title='bbox 691 956 1080 1010; x_wconf 89' lang='lat' dir='ltr'><strong>confessionem</strong></span> <span class='ocrx_word' id='word_1_60' title='bbox 1121 967 1248 1011; x_wconf 87' lang='lat' dir='ltr'><strong>ante</strong></span> <span class='ocrx_word' id='word_1_61' title='bbox 1286 958 1510 1027; x_wconf 88' lang='lat' dir='ltr'><strong>primam</strong></span> <span class='ocrx_word' id='word_1_62' title='bbox 1555 956 1742 1009; x_wconf 82' lang='lat' dir='ltr'><strong>lectio-</strong></span> 
     </span>
    </p>
   </div>
   <div class='ocr_carea' id='block_1_10' title="bbox 177 1068 308 1109">
    <p class='ocr_par' dir='ltr' id='par_1_10' title="bbox 177 1068 308 1109">
     <span class='ocr_line' id='line_1_10' title="bbox 177 1068 308 1109; baseline -0.038 0"><span class='ocrx_word' id='word_1_63' title='bbox 177 1068 308 1109; x_wconf 77' lang='lat' dir='ltr'><strong>Item.</strong></span> 
     </span>
    </p>
   </div>
   <div class='ocr_carea' id='block_1_11' title="bbox 242 1136 1741 1205">
    <p class='ocr_par' dir='ltr' id='par_1_11' title="bbox 242 1136 1741 1205">
     <span class='ocr_line' id='line_1_11' title="bbox 242 1136 1741 1205; baseline -0.005 -10"><span class='ocrx_word' id='word_1_64' title='bbox 242 1144 291 1195; x_wconf 94' lang='lat' dir='ltr'><strong>lu</strong></span> <span class='ocrx_word' id='word_1_65' title='bbox 325 1151 511 1205; x_wconf 81' lang='lat' dir='ltr'><strong>magna</strong></span> <span class='ocrx_word' id='word_1_66' title='bbox 544 1136 701 1189; x_wconf 86' lang='lat' dir='ltr'><strong>Missa</strong></span> <span class='ocrx_word' id='word_1_67' title='bbox 736 1150 871 1203; x_wconf 84' lang='lat' dir='ltr'><strong>papa</strong></span> <span class='ocrx_word' id='word_1_68' title='bbox 912 1136 1048 1187; x_wconf 89' lang='lat' dir='ltr'><strong>facta</strong></span> <span class='ocrx_word' id='word_1_69' title='bbox 1083 1137 1385 1188; x_wconf 86' lang='lat' dir='ltr'><strong>reverentia</strong></span> <span class='ocrx_word' id='word_1_70' title='bbox 1417 1144 1541 1188; x_wconf 84' lang='lat' dir='ltr'><strong>ante</strong></span> <span class='ocrx_word' id='word_1_71' title='bbox 1573 1136 1741 1187; x_wconf 85' lang='lat' dir='ltr'><strong>altare</strong></span> 
     </span>
    </p>
   </div>
   <div class='ocr_carea' id='block_1_12' title="bbox 174 1224 1735 1293">
    <p class='ocr_par' dir='ltr' id='par_1_12' title="bbox 174 1224 1735 1293">
     <span class='ocr_line' id='line_1_12' title="bbox 174 1224 1735 1293; baseline -0.009 -8"><span class='ocrx_word' id='word_1_72' title='bbox 174 1245 315 1285; x_wconf 83' lang='lat' dir='ltr'><strong>inore</strong></span> <span class='ocrx_word' id='word_1_73' title='bbox 342 1226 524 1289; x_wconf 90' lang='lat' dir='ltr'><strong>solito,</strong></span> <span class='ocrx_word' id='word_1_74' title='bbox 572 1240 703 1293; x_wconf 89' lang='lat' dir='ltr'><strong>papa</strong></span> <span class='ocrx_word' id='word_1_75' title='bbox 736 1225 975 1277; x_wconf 83' lang='lat' dir='ltr'><strong>ascendit</strong></span> <span class='ocrx_word' id='word_1_76' title='bbox 1003 1225 1068 1275; x_wconf 90' lang='lat' dir='ltr'><strong>ad</strong></span> <span class='ocrx_word' id='word_1_77' title='bbox 1102 1238 1345 1291; x_wconf 82' lang='lat' dir='ltr'><strong>magnam</strong></span> <span class='ocrx_word' id='word_1_78' title='bbox 1400 1224 1735 1288; x_wconf 83' lang='lat' dir='ltr'><strong>cathedram,</strong></span> 
     </span>
    </p>
   </div>
   <div class='ocr_carea' id='block_1_13' title="bbox 172 1313 1741 1383">
    <p class='ocr_par' dir='ltr' id='par_1_13' title="bbox 172 1313 1741 1383">
     <span class='ocr_line' id='line_1_13' title="bbox 172 1313 1741 1383; baseline -0.008 -8"><span class='ocrx_word' id='word_1_79' title='bbox 172 1332 221 1375; x_wconf 77' lang='lat' dir='ltr'><strong>et</strong></span> <span class='ocrx_word' id='word_1_80' title='bbox 245 1320 420 1382; x_wconf 77' lang='lat' dir='ltr'><strong>sedet;</strong></span> <span class='ocrx_word' id='word_1_81' title='bbox 445 1326 501 1369; x_wconf 90' lang='lat' dir='ltr'><strong>et</strong></span> <span class='ocrx_word' id='word_1_82' title='bbox 529 1326 653 1370; x_wconf 90' lang='lat' dir='ltr'><strong>tunc</strong></span> <span class='ocrx_word' id='word_1_83' title='bbox 683 1316 871 1383; x_wconf 77' lang='lat' dir='ltr'><strong>legitur</strong></span> <span class='ocrx_word' id='word_1_84' title='bbox 902 1316 1070 1382; x_wconf 89' lang='lat' dir='ltr'><strong>prima</strong></span> <span class='ocrx_word' id='word_1_85' title='bbox 1104 1313 1285 1376; x_wconf 73' lang='lat' dir='ltr'><strong>lectio,</strong></span> <span class='ocrx_word' id='word_1_86' title='bbox 1318 1325 1371 1368; x_wconf 90' lang='lat' dir='ltr'><strong>et</strong></span> <span class='ocrx_word' id='word_1_87' title='bbox 1399 1327 1741 1378; x_wconf 89' lang='lat' dir='ltr'><strong>consequen-</strong></span> 
     </span>
    </p>
   </div>
   <div class='ocr_carea' id='block_1_14' title="bbox 173 1401 1738 1474">
    <p class='ocr_par' dir='ltr' id='par_1_14' title="bbox 173 1401 1738 1474">
     <span class='ocr_line' id='line_1_14' title="bbox 173 1401 1738 1474; baseline -0.01 -9"><span class='ocrx_word' id='word_1_88' title='bbox 173 1425 247 1465; x_wconf 94' lang='lat' dir='ltr'><strong>ter</strong></span> <span class='ocrx_word' id='word_1_89' title='bbox 276 1423 485 1464; x_wconf 87' lang='lat' dir='ltr'><strong>omnes.</strong></span> <span class='ocrx_word' id='word_1_90' title='bbox 512 1406 591 1461; x_wconf 85' lang='lat' dir='ltr'><strong>Ad</strong></span> <span class='ocrx_word' id='word_1_91' title='bbox 616 1405 828 1459; x_wconf 85' lang='lat' dir='ltr'><strong>litanias</strong></span> <span class='ocrx_word' id='word_1_92' title='bbox 852 1419 984 1474; x_wconf 90' lang='lat' dir='ltr'><strong>papa</strong></span> <span class='ocrx_word' id='word_1_93' title='bbox 1014 1403 1176 1457; x_wconf 86' lang='lat' dir='ltr'><strong>ﬂectit</strong></span> <span class='ocrx_word' id='word_1_94' title='bbox 1202 1418 1373 1472; x_wconf 80' lang='lat' dir='ltr'><strong>genua</strong></span> <span class='ocrx_word' id='word_1_95' title='bbox 1393 1412 1516 1454; x_wconf 92' lang='lat' dir='ltr'><strong>aute</strong></span> <span class='ocrx_word' id='word_1_96' title='bbox 1542 1401 1738 1463; x_wconf 91' lang='lat' dir='ltr'><strong>altare;</strong></span> 
     </span>
    </p>
   </div>
   <div class='ocr_carea' id='block_1_15' title="bbox 171 1491 1744 1563">
    <p class='ocr_par' dir='ltr' id='par_1_15' title="bbox 171 1491 1744 1563">
     <span class='ocr_line' id='line_1_15' title="bbox 171 1491 1744 1563; baseline -0.008 -7"><span class='ocrx_word' id='word_1_97' title='bbox 171 1514 220 1557; x_wconf 83' lang='lat' dir='ltr'><strong>et</strong></span> <span class='ocrx_word' id='word_1_98' title='bbox 248 1502 367 1554; x_wconf 89' lang='lat' dir='ltr'><strong>dum</strong></span> <span class='ocrx_word' id='word_1_99' title='bbox 398 1498 597 1551; x_wconf 84' lang='lat' dir='ltr'><strong>dicitur</strong></span> <span class='ocrx_word' id='word_1_100' title='bbox 627 1496 951 1560; x_wconf 81' lang='lat' dir='ltr'><strong>Peccatores,</strong></span> <span class='ocrx_word' id='word_1_101' title='bbox 986 1495 1160 1563; x_wconf 77' lang='lat' dir='ltr'><strong>surgit</strong></span> <span class='ocrx_word' id='word_1_102' title='bbox 1187 1502 1244 1548; x_wconf 92' lang='lat' dir='ltr'><strong>et</strong></span> <span class='ocrx_word' id='word_1_103' title='bbox 1281 1495 1405 1549; x_wconf 90' lang='lat' dir='ltr'><strong>facit</strong></span> <span class='ocrx_word' id='word_1_104' title='bbox 1449 1491 1744 1547; x_wconf 75' lang='lat' dir='ltr'><strong>confessio-</strong></span> 
     </span>
    </p>
   </div>
   <div class='ocr_carea' id='block_1_16' title="bbox 172 1580 1741 1655">
    <p class='ocr_par' dir='ltr' id='par_1_16' title="bbox 172 1580 1741 1655">
     <span class='ocr_line' id='line_1_16' title="bbox 172 1580 1741 1655; baseline -0.01 -8"><span class='ocrx_word' id='word_1_105' title='bbox 172 1610 309 1655; x_wconf 88' lang='lat' dir='ltr'><strong>nem,</strong></span> <span class='ocrx_word' id='word_1_106' title='bbox 361 1604 461 1643; x_wconf 89' lang='lat' dir='ltr'><strong>nec</strong></span> <span class='ocrx_word' id='word_1_107' title='bbox 508 1587 802 1642; x_wconf 84' lang='lat' dir='ltr'><strong>descendet</strong></span> <span class='ocrx_word' id='word_1_108' title='bbox 847 1586 912 1640; x_wconf 86' lang='lat' dir='ltr'><strong>ad</strong></span> <span class='ocrx_word' id='word_1_109' title='bbox 961 1587 1242 1639; x_wconf 82' lang='lat' dir='ltr'><strong>Orationes</strong></span> <span class='ocrx_word' id='word_1_110' title='bbox 1292 1585 1356 1636; x_wconf 94' lang='lat' dir='ltr'><strong>ad</strong></span> <span class='ocrx_word' id='word_1_111' title='bbox 1420 1580 1741 1637; x_wconf 83' lang='lat' dir='ltr'><strong>ﬂectendum</strong></span> 
     </span>
    </p>
   </div>
   <div class='ocr_carea' id='block_1_17' title="bbox 169 1673 1740 1750">
    <p class='ocr_par' dir='ltr' id='par_1_17' title="bbox 169 1673 1740 1750">
     <span class='ocr_line' id='line_1_17' title="bbox 169 1673 1740 1750; baseline -0.01 -11"><span class='ocrx_word' id='word_1_112' title='bbox 169 1700 330 1750; x_wconf 71' lang='lat' dir='ltr'><strong>genua</strong></span> <span class='ocrx_word' id='word_1_113' title='bbox 379 1682 523 1734; x_wconf 80' lang='lat' dir='ltr'><strong>sicut</strong></span> <span class='ocrx_word' id='word_1_114' title='bbox 561 1679 806 1733; x_wconf 86' lang='lat' dir='ltr'><strong>inferius.</strong></span> <span class='ocrx_word' id='word_1_115' title='bbox 849 1678 978 1731; x_wconf 89' lang='lat' dir='ltr'><strong>Item</strong></span> <span class='ocrx_word' id='word_1_116' title='bbox 1023 1675 1426 1744; x_wconf 83' lang='lat' dir='ltr'><strong>suntVesperae</strong></span> <span class='ocrx_word' id='word_1_117' title='bbox 1455 1673 1740 1739; x_wconf 60' lang='lat' dir='ltr'><strong>mandatae,</strong></span> 
     </span>
    </p>
   </div>
   <div class='ocr_carea' id='block_1_18' title="bbox 167 1764 1743 1843">
    <p class='ocr_par' dir='ltr' id='par_1_18' title="bbox 167 1764 1743 1843">
     <span class='ocr_line' id='line_1_18' title="bbox 167 1764 1743 1843; baseline -0.009 -15"><span class='ocrx_word' id='word_1_118' title='bbox 167 1784 219 1828; x_wconf 90' lang='lat' dir='ltr'><strong>et</strong></span> <span class='ocrx_word' id='word_1_119' title='bbox 251 1780 402 1843; x_wconf 84' lang='lat' dir='ltr'><strong>potus</strong></span> <span class='ocrx_word' id='word_1_120' title='bbox 451 1771 507 1824; x_wconf 91' lang='lat' dir='ltr'><strong>in</strong></span> <span class='ocrx_word' id='word_1_121' title='bbox 542 1771 683 1833; x_wconf 86' lang='lat' dir='ltr'><strong>aula,</strong></span> <span class='ocrx_word' id='word_1_122' title='bbox 712 1770 765 1822; x_wconf 88' lang='lat' dir='ltr'><strong>in</strong></span> <span class='ocrx_word' id='word_1_123' title='bbox 810 1768 1003 1837; x_wconf 85' lang='lat' dir='ltr'><strong>quibus</strong></span> <span class='ocrx_word' id='word_1_124' title='bbox 1030 1782 1169 1836; x_wconf 90' lang='lat' dir='ltr'><strong>papa</strong></span> <span class='ocrx_word' id='word_1_125' title='bbox 1193 1768 1336 1820; x_wconf 80' lang='lat' dir='ltr'><strong>venit</strong></span> <span class='ocrx_word' id='word_1_126' title='bbox 1365 1780 1486 1820; x_wconf 90' lang='lat' dir='ltr'><strong>cum</strong></span> <span class='ocrx_word' id='word_1_127' title='bbox 1522 1764 1743 1832; x_wconf 76' lang='lat' dir='ltr'><strong>pulchro</strong></span> 
     </span>
    </p>
   </div>
   <div class='ocr_carea' id='block_1_19' title="bbox 167 1856 1741 1934">
    <p class='ocr_par' dir='ltr' id='par_1_19' title="bbox 167 1856 1741 1934">
     <span class='ocr_line' id='line_1_19' title="bbox 167 1856 1741 1934; baseline -0.006 -18"><span class='ocrx_word' id='word_1_128' title='bbox 167 1864 371 1934; x_wconf 83' lang='lat' dir='ltr'><strong>pluviali</strong></span> <span class='ocrx_word' id='word_1_129' title='bbox 404 1864 574 1916; x_wconf 90' lang='lat' dir='ltr'><strong>ruben</strong></span> <span class='ocrx_word' id='word_1_130' title='bbox 604 1875 722 1914; x_wconf 90' lang='lat' dir='ltr'><strong>cum</strong></span> <span class='ocrx_word' id='word_1_131' title='bbox 742 1860 903 1929; x_wconf 88' lang='lat' dir='ltr'><strong>periis</strong></span> <span class='ocrx_word' id='word_1_132' title='bbox 925 1868 981 1913; x_wconf 90' lang='lat' dir='ltr'><strong>et</strong></span> <span class='ocrx_word' id='word_1_133' title='bbox 1012 1859 1418 1925; x_wconf 75' lang='lat' dir='ltr'><strong>imaginibus,ct</strong></span> <span class='ocrx_word' id='word_1_134' title='bbox 1441 1874 1560 1911; x_wconf 87' lang='lat' dir='ltr'><strong>cum</strong></span> <span class='ocrx_word' id='word_1_135' title='bbox 1588 1856 1741 1909; x_wconf 87' lang='lat' dir='ltr'><strong>mitra</strong></span> 
     </span>
    </p>
   </div>
   <div class='ocr_carea' id='block_1_20' title="bbox 166 1944 1745 2023">
    <p class='ocr_par' dir='ltr' id='par_1_20' title="bbox 166 1944 1745 2023">
     <span class='ocr_line' id='line_1_20' title="bbox 166 1944 1745 2023; baseline -0.005 -18"><span class='ocrx_word' id='word_1_136' title='bbox 166 1956 389 2023; x_wconf 86' lang='lat' dir='ltr'><strong>pretiosa</strong></span> <span class='ocrx_word' id='word_1_137' title='bbox 434 1962 494 2005; x_wconf 89' lang='lat' dir='ltr'><strong>et</strong></span> <span class='ocrx_word' id='word_1_138' title='bbox 533 1948 788 2013; x_wconf 89' lang='lat' dir='ltr'><strong>solemni;</strong></span> <span class='ocrx_word' id='word_1_139' title='bbox 840 1957 896 2002; x_wconf 87' lang='lat' dir='ltr'><strong>et</strong></span> <span class='ocrx_word' id='word_1_140' title='bbox 942 1963 1064 2003; x_wconf 90' lang='lat' dir='ltr'><strong>cum</strong></span> <span class='ocrx_word' id='word_1_141' title='bbox 1118 1948 1170 2002; x_wconf 92' lang='lat' dir='ltr'><strong>in</strong></span> <span class='ocrx_word' id='word_1_142' title='bbox 1210 1948 1465 2002; x_wconf 87' lang='lat' dir='ltr'><strong>secundis</strong></span> <span class='ocrx_word' id='word_1_143' title='bbox 1494 1944 1745 2012; x_wconf 89' lang='lat' dir='ltr'><strong>Vesperis</strong></span> 
     </span>
    </p>
   </div>
   <div class='ocr_carea' id='block_1_21' title="bbox 165 2034 1743 2111">
    <p class='ocr_par' dir='ltr' id='par_1_21' title="bbox 165 2034 1743 2111">
     <span class='ocr_line' id='line_1_21' title="bbox 165 2034 1743 2111; baseline -0.003 -16"><span class='ocrx_word' id='word_1_144' title='bbox 165 2045 322 2109; x_wconf 86' lang='lat' dir='ltr'><strong>venit,</strong></span> <span class='ocrx_word' id='word_1_145' title='bbox 355 2034 676 2111; x_wconf 80' lang='lat' dir='ltr'><strong>simpliciter</strong></span> <span class='ocrx_word' id='word_1_146' title='bbox 700 2040 920 2095; x_wconf 90' lang='lat' dir='ltr'><strong>veniunt</strong></span> <span class='ocrx_word' id='word_1_147' title='bbox 967 2042 1020 2095; x_wconf 94' lang='lat' dir='ltr'><strong>in</strong></span> <span class='ocrx_word' id='word_1_148' title='bbox 1069 2039 1256 2109; x_wconf 79' lang='lat' dir='ltr'><strong>primis</strong></span> <span class='ocrx_word' id='word_1_149' title='bbox 1286 2039 1592 2094; x_wconf 85' lang='lat' dir='ltr'><strong>cardinales</strong></span> <span class='ocrx_word' id='word_1_150' title='bbox 1622 2053 1743 2091; x_wconf 91' lang='lat' dir='ltr'><strong>cum</strong></span> 
     </span>
    </p>
   </div>
   <div class='ocr_carea' id='block_1_22' title="bbox 166 2134 1747 2204">
    <p class='ocr_par' dir='ltr' id='par_1_22' title="bbox 166 2134 1747 2204">
     <span class='ocr_line' id='line_1_22' title="bbox 166 2134 1747 2204; baseline 0.001 -19"><span class='ocrx_word' id='word_1_151' title='bbox 166 2136 486 2204; x_wconf 86' lang='lat' dir='ltr'><strong>pluv:alihus</strong></span> <span class='ocrx_word' id='word_1_152' title='bbox 516 2135 666 2189; x_wconf 91' lang='lat' dir='ltr'><strong>rubei</strong></span> <span class='ocrx_word' id='word_1_153' title='bbox 694 2134 913 2189; x_wconf 90' lang='lat' dir='ltr'><strong>coloris.</strong></span> <span class='ocrx_word' id='word_1_154' title='bbox 944 2134 1103 2190; x_wconf 87' lang='lat' dir='ltr'><strong>Missa</strong></span> <span class='ocrx_word' id='word_1_155' title='bbox 1132 2142 1189 2189; x_wconf 88' lang='lat' dir='ltr'><strong>et</strong></span> <span class='ocrx_word' id='word_1_156' title='bbox 1213 2148 1391 2188; x_wconf 88' lang='lat' dir='ltr'><strong>sermo</strong></span> <span class='ocrx_word' id='word_1_157' title='bbox 1410 2134 1570 2187; x_wconf 89' lang='lat' dir='ltr'><strong>etiam</strong></span> <span class='ocrx_word' id='word_1_158' title='bbox 1597 2146 1747 2187; x_wconf 85' lang='lat' dir='ltr'><strong>man-</strong></span> 
     </span>
    </p>
   </div>
   <div class='ocr_carea' id='block_1_23' title="bbox 164 2232 372 2283">
    <p class='ocr_par' dir='ltr' id='par_1_23' title="bbox 164 2232 372 2283">
     <span class='ocr_line' id='line_1_23' title="bbox 164 2232 372 2283; baseline -0.014 0"><span class='ocrx_word' id='word_1_159' title='bbox 164 2232 372 2283; x_wconf 86' lang='lat' dir='ltr'><strong>dantur.</strong></span> 
     </span>
    </p>
   </div>
   <div class='ocr_carea' id='block_1_24' title="bbox 363 2312 1536 2385">
    <p class='ocr_par' dir='ltr' id='par_1_24' title="bbox 363 2312 1536 2385">
     <span class='ocr_line' id='line_1_24' title="bbox 363 2312 1536 2385; baseline -0.003 -15"><span class='ocrx_word' id='word_1_160' title='bbox 363 2316 551 2372; x_wconf 84' lang='lat' dir='ltr'><strong>XCIII.</strong></span> <span class='ocrx_word' id='word_1_161' title='bbox 593 2313 670 2367; x_wconf 87' lang='lat' dir='ltr'><strong>De</strong></span> <span class='ocrx_word' id='word_1_162' title='bbox 700 2313 876 2385; x_wconf 79' lang='lat' dir='ltr'><strong>primis</strong></span> <span class='ocrx_word' id='word_1_163' title='bbox 908 2313 1140 2384; x_wconf 77' lang='lat' dir='ltr'><strong>Vespeiis</strong></span> <span class='ocrx_word' id='word_1_164' title='bbox 1168 2321 1214 2367; x_wconf 85' lang='lat' dir='ltr'><strong>et</strong></span> <span class='ocrx_word' id='word_1_165' title='bbox 1245 2312 1536 2367; x_wconf 78' lang='lat' dir='ltr'><strong>Matutinis.</strong></span> 
     </span>
    </p>
   </div>
   <div class='ocr_carea' id='block_1_25' title="bbox 234 2403 1747 2475">
    <p class='ocr_par' dir='ltr' id='par_1_25' title="bbox 234 2403 1747 2475">
     <span class='ocr_line' id='line_1_25' title="bbox 234 2403 1747 2475; baseline -0.001 -17"><span class='ocrx_word' id='word_1_166' title='bbox 234 2407 287 2460; x_wconf 93' lang='lat' dir='ltr'><strong>In</strong></span> <span class='ocrx_word' id='word_1_167' title='bbox 316 2406 514 2475; x_wconf 78' lang='lat' dir='ltr'><strong>primis</strong></span> <span class='ocrx_word' id='word_1_168' title='bbox 546 2405 797 2474; x_wconf 86' lang='lat' dir='ltr'><strong>Vesperis</strong></span> <span class='ocrx_word' id='word_1_169' title='bbox 838 2406 1084 2459; x_wconf 90' lang='lat' dir='ltr'><strong>dominus</strong></span> <span class='ocrx_word' id='word_1_170' title='bbox 1132 2420 1265 2473; x_wconf 91' lang='lat' dir='ltr'><strong>papa</strong></span> <span class='ocrx_word' id='word_1_171' title='bbox 1296 2406 1481 2473; x_wconf 88' lang='lat' dir='ltr'><strong>incipit</strong></span> <span class='ocrx_word' id='word_1_172' title='bbox 1522 2403 1747 2472; x_wconf 88' lang='lat' dir='ltr'><strong>primam</strong></span> 
     </span>
    </p>
   </div>
   <div class='ocr_carea' id='block_1_26' title="bbox 162 2496 1750 2567">
    <p class='ocr_par' dir='ltr' id='par_1_26' title="bbox 162 2496 1750 2567">
     <span class='ocr_line' id='line_1_26' title="bbox 162 2496 1750 2567; baseline -0.004 -13"><span class='ocrx_word' id='word_1_173' title='bbox 162 2499 552 2567; x_wconf 85' lang='lat' dir='ltr'><strong>Antiplionam,</strong></span> <span class='ocrx_word' id='word_1_174' title='bbox 580 2498 867 2567; x_wconf 86' lang='lat' dir='ltr'><strong>llyuinum,</strong></span> <span class='ocrx_word' id='word_1_175' title='bbox 896 2508 949 2551; x_wconf 85' lang='lat' dir='ltr'><strong>et</strong></span> <span class='ocrx_word' id='word_1_176' title='bbox 982 2497 1127 2550; x_wconf 88' lang='lat' dir='ltr'><strong>illam</strong></span> <span class='ocrx_word' id='word_1_177' title='bbox 1161 2496 1226 2549; x_wconf 89' lang='lat' dir='ltr'><strong>ad</strong></span> <span class='ocrx_word' id='word_1_178' title='bbox 1262 2497 1582 2566; x_wconf 74' lang='lat' dir='ltr'><strong>Magni/icui.</strong></span> <span class='ocrx_word' id='word_1_179' title='bbox 1613 2496 1750 2548; x_wconf 75' lang='lat' dir='ltr'><strong>(Iar—</strong></span> 
     </span>
    </p>
   </div>
   <div class='ocr_carea' id='block_1_27' title="bbox 161 2585 1744 2655">
    <p class='ocr_par' dir='ltr' id='par_1_27' title="bbox 161 2585 1744 2655">
     <span class='ocr_line' id='line_1_27' title="bbox 161 2585 1744 2655; baseline -0.001 -15"><span class='ocrx_word' id='word_1_180' title='bbox 161 2591 366 2645; x_wconf 84' lang='lat' dir='ltr'><strong>iIiuaIes</strong></span> <span class='ocrx_word' id='word_1_181' title='bbox 420 2603 553 2643; x_wconf 88' lang='lat' dir='ltr'><strong>vero</strong></span> <span class='ocrx_word' id='word_1_182' title='bbox 594 2589 876 2655; x_wconf 81' lang='lat' dir='ltr'><strong>incipiunt,</strong></span> <span class='ocrx_word' id='word_1_183' title='bbox 919 2588 1050 2641; x_wconf 88' lang='lat' dir='ltr'><strong>alias</strong></span> <span class='ocrx_word' id='word_1_184' title='bbox 1098 2587 1451 2654; x_wconf 77' lang='lat' dir='ltr'><strong>Antipltonas.</strong></span> <span class='ocrx_word' id='word_1_185' title='bbox 1504 2585 1744 2651; x_wconf 66' lang='lat' dir='ltr'><strong>lucazpto</strong></span> 
     </span>
    </p>
   </div>
   <div class='ocr_carea' id='block_1_28' title="bbox 160 2674 1750 2747">
    <p class='ocr_par' dir='ltr' id='par_1_28' title="bbox 160 2674 1750 2747">
     <span class='ocr_line' id='line_1_28' title="bbox 160 2674 1750 2747; baseline -0.006 -14"><span class='ocrx_word' id='word_1_186' title='bbox 160 2693 375 2747; x_wconf 80' lang='lat' dir='ltr'><strong>semper</strong></span> <span class='ocrx_word' id='word_1_187' title='bbox 416 2676 565 2740; x_wconf 81' lang='lat' dir='ltr'><strong>Veni,</strong></span> <span class='ocrx_word' id='word_1_188' title='bbox 590 2686 787 2728; x_wconf 70' lang='lat' dir='ltr'><strong>creator</strong></span> <span class='ocrx_word' id='word_1_189' title='bbox 808 2674 1068 2741; x_wconf 85' lang='lat' dir='ltr'><strong>Spiritus,</strong></span> <span class='ocrx_word' id='word_1_190' title='bbox 1103 2686 1227 2728; x_wconf 89' lang='lat' dir='ltr'><strong>ante</strong></span> <span class='ocrx_word' id='word_1_191' title='bbox 1258 2688 1443 2742; x_wconf 86' lang='lat' dir='ltr'><strong>papam</strong></span> <span class='ocrx_word' id='word_1_192' title='bbox 1474 2688 1567 2741; x_wconf 88' lang='lat' dir='ltr'><strong>per</strong></span> <span class='ocrx_word' id='word_1_193' title='bbox 1588 2688 1750 2725; x_wconf 90' lang='lat' dir='ltr'><strong>unum</strong></span> 
     </span>
    </p>
   </div>
   <div class='ocr_carea' id='block_1_29' title="bbox 161 2762 1748 2835">
    <p class='ocr_par' dir='ltr' id='par_1_29' title="bbox 161 2762 1748 2835">
     <span class='ocr_line' id='line_1_29' title="bbox 161 2762 1748 2835; baseline -0.002 -15"><span class='ocrx_word' id='word_1_194' title='bbox 161 2762 227 2822; x_wconf 82' lang='lat' dir='ltr'><strong>de</strong></span> <span class='ocrx_word' id='word_1_195' title='bbox 257 2767 594 2835; x_wconf 81' lang='lat' dir='ltr'><strong>eapullanis;</strong></span> <span class='ocrx_word' id='word_1_196' title='bbox 625 2779 756 2832; x_wconf 86' lang='lat' dir='ltr'><strong>papa</strong></span> <span class='ocrx_word' id='word_1_197' title='bbox 786 2764 1033 2833; x_wconf 87' lang='lat' dir='ltr'><strong>reincipit</strong></span> <span class='ocrx_word' id='word_1_198' title='bbox 1069 2764 1214 2829; x_wconf 82' lang='lat' dir='ltr'><strong>Veni,</strong></span> <span class='ocrx_word' id='word_1_199' title='bbox 1254 2764 1465 2817; x_wconf 82' lang='lat' dir='ltr'><strong>Creator</strong></span> <span class='ocrx_word' id='word_1_200' title='bbox 1497 2763 1748 2831; x_wconf 75' lang='lat' dir='ltr'><strong>Spiritus.</strong></span> 
     </span>
    </p>
   </div>
   <div class='ocr_carea' id='block_1_30' title="bbox 164 2852 1755 2925">
    <p class='ocr_par' dir='ltr' id='par_1_30' title="bbox 164 2852 1755 2925">
     <span class='ocr_line' id='line_1_30' title="bbox 164 2852 1755 2925; baseline -0.003 -14"><span class='ocrx_word' id='word_1_201' title='bbox 164 2858 283 2922; x_wconf 83' lang='lat' dir='ltr'><strong>Quo</strong></span> <span class='ocrx_word' id='word_1_202' title='bbox 307 2859 571 2925; x_wconf 63' lang='lat' dir='ltr'><strong>incepto,</strong></span> <span class='ocrx_word' id='word_1_203' title='bbox 589 2871 722 2925; x_wconf 87' lang='lat' dir='ltr'><strong>papa</strong></span> <span class='ocrx_word' id='word_1_204' title='bbox 750 2854 1023 2908; x_wconf 85' lang='lat' dir='ltr'><strong>de-cendit</strong></span> <span class='ocrx_word' id='word_1_205' title='bbox 1038 2855 1241 2908; x_wconf 87' lang='lat' dir='ltr'><strong>desede</strong></span> <span class='ocrx_word' id='word_1_206' title='bbox 1261 2868 1377 2917; x_wconf 88' lang='lat' dir='ltr'><strong>sua,</strong></span> <span class='ocrx_word' id='word_1_207' title='bbox 1396 2863 1449 2907; x_wconf 85' lang='lat' dir='ltr'><strong>et</strong></span> <span class='ocrx_word' id='word_1_208' title='bbox 1473 2852 1616 2904; x_wconf 82' lang='lat' dir='ltr'><strong>vadit</strong></span> <span class='ocrx_word' id='word_1_209' title='bbox 1632 2861 1755 2906; x_wconf 84' lang='lat' dir='ltr'><strong>ante</strong></span> 
     </span>
    </p>
   </div>
   <div class='ocr_carea' id='block_1_31' title="bbox 162 2940 1753 3011">
    <p class='ocr_par' dir='ltr' id='par_1_31' title="bbox 162 2940 1753 3011">
     <span class='ocr_line' id='line_1_31' title="bbox 162 2940 1753 3011; baseline -0.006 -10"><span class='ocrx_word' id='word_1_210' title='bbox 162 2949 478 3002; x_wconf 80' lang='lat' dir='ltr'><strong>cathedram</strong></span> <span class='ocrx_word' id='word_1_211' title='bbox 516 2961 694 2999; x_wconf 89' lang='lat' dir='ltr'><strong>curam</strong></span> <span class='ocrx_word' id='word_1_212' title='bbox 741 2944 892 2996; x_wconf 85' lang='lat' dir='ltr'><strong>altari</strong></span> <span class='ocrx_word' id='word_1_213' title='bbox 938 2954 1198 3011; x_wconf 83' lang='lat' dir='ltr'><strong>paratam,</strong></span> <span class='ocrx_word' id='word_1_214' title='bbox 1225 2953 1279 2996; x_wconf 91' lang='lat' dir='ltr'><strong>et</strong></span> <span class='ocrx_word' id='word_1_215' title='bbox 1318 2942 1389 2995; x_wconf 89' lang='lat' dir='ltr'><strong>ibi</strong></span> <span class='ocrx_word' id='word_1_216' title='bbox 1412 2940 1753 3009; x_wconf 83' lang='lat' dir='ltr'><strong>genuﬂectit,</strong></span> 
     </span>
    </p>
   </div>
   <div class='ocr_carea' id='block_1_32' title="bbox 163 3032 1757 3105">
    <p class='ocr_par' dir='ltr' id='par_1_32' title="bbox 163 3032 1757 3105">
     <span class='ocr_line' id='line_1_32' title="bbox 163 3032 1757 3105; baseline -0.006 -12"><span class='ocrx_word' id='word_1_217' title='bbox 163 3049 217 3093; x_wconf 86' lang='lat' dir='ltr'><strong>et</strong></span> <span class='ocrx_word' id='word_1_218' title='bbox 257 3048 365 3090; x_wconf 85' lang='lat' dir='ltr'><strong>stat</strong></span> <span class='ocrx_word' id='word_1_219' title='bbox 416 3037 643 3105; x_wconf 79' lang='lat' dir='ltr'><strong>genibus</strong></span> <span class='ocrx_word' id='word_1_220' title='bbox 688 3036 840 3088; x_wconf 80' lang='lat' dir='ltr'><strong>flexis</strong></span> <span class='ocrx_word' id='word_1_221' title='bbox 886 3038 1003 3087; x_wconf 83' lang='lat' dir='ltr'><strong>sine</strong></span> <span class='ocrx_word' id='word_1_222' title='bbox 1041 3035 1197 3087; x_wconf 90' lang='lat' dir='ltr'><strong>mitra</strong></span> <span class='ocrx_word' id='word_1_223' title='bbox 1229 3075 1244 3099; x_wconf 93' lang='lat'><strong>,</strong></span> <span class='ocrx_word' id='word_1_224' title='bbox 1291 3032 1522 3101; x_wconf 90' lang='lat' dir='ltr'><strong>quandiu</strong></span> <span class='ocrx_word' id='word_1_225' title='bbox 1573 3042 1757 3085; x_wconf 86' lang='lat' dir='ltr'><strong>canta-</strong></span> 
     </span>
    </p>
   </div>
   <div class='ocr_carea' id='block_1_33' title="bbox 160 3124 1755 3200">
    <p class='ocr_par' dir='ltr' id='par_1_33' title="bbox 160 3124 1755 3200">
     <span class='ocr_line' id='line_1_33' title="bbox 160 3124 1755 3200; baseline -0.005 -16"><span class='ocrx_word' id='word_1_226' title='bbox 160 3141 249 3184; x_wconf 88' lang='lat' dir='ltr'><strong>tur</strong></span> <span class='ocrx_word' id='word_1_227' title='bbox 298 3130 512 3200; x_wconf 85' lang='lat' dir='ltr'><strong>primus</strong></span> <span class='ocrx_word' id='word_1_228' title='bbox 560 3129 756 3182; x_wconf 61' lang='lat' dir='ltr'><strong>Versus</strong></span> <span class='ocrx_word' id='word_1_229' title='bbox 793 3126 983 3196; x_wconf 82' lang='lat' dir='ltr'><strong>IIymni</strong></span> <span class='ocrx_word' id='word_1_230' title='bbox 1021 3142 1113 3195; x_wconf 87' lang='lat' dir='ltr'><strong>per</strong></span> <span class='ocrx_word' id='word_1_231' title='bbox 1149 3141 1268 3180; x_wconf 89' lang='lat' dir='ltr'><strong>eum</strong></span> <span class='ocrx_word' id='word_1_232' title='bbox 1304 3124 1547 3194; x_wconf 73' lang='lat' dir='ltr'><strong>incthti;</strong></span> <span class='ocrx_word' id='word_1_233' title='bbox 1581 3138 1755 3193; x_wconf 54' lang='lat' dir='ltr'><strong>primo</strong></span> 
     </span>
    </p>
   </div>
   <div class='ocr_carea' id='block_1_34' title="bbox 163 3216 1754 3281">
    <p class='ocr_par' dir='ltr' id='par_1_34' title="bbox 163 3216 1754 3281">
     <span class='ocr_line' id='line_1_34' title="bbox 163 3216 1754 3281; baseline -0.004 -7"><span class='ocrx_word' id='word_1_234' title='bbox 163 3222 337 3274; x_wconf 64' lang='lat' dir='ltr'><strong>Versu</strong></span> <span class='ocrx_word' id='word_1_235' title='bbox 374 3221 547 3281; x_wconf 85' lang='lat' dir='ltr'><strong>finito,</strong></span> <span class='ocrx_word' id='word_1_236' title='bbox 590 3216 727 3272; x_wconf 88' lang='lat' dir='ltr'><strong>redit</strong></span> <span class='ocrx_word' id='word_1_237' title='bbox 758 3216 824 3271; x_wconf 86' lang='lat' dir='ltr'><strong>ad</strong></span> <span class='ocrx_word' id='word_1_238' title='bbox 852 3217 1035 3271; x_wconf 80' lang='lat' dir='ltr'><strong>sedem</strong></span> <span class='ocrx_word' id='word_1_239' title='bbox 1064 3232 1237 3271; x_wconf 87' lang='lat' dir='ltr'><strong>suam.</strong></span> <span class='ocrx_word' id='word_1_240' title='bbox 1265 3216 1454 3270; x_wconf 88' lang='lat' dir='ltr'><strong>Omnia</strong></span> <span class='ocrx_word' id='word_1_241' title='bbox 1483 3216 1587 3269; x_wconf 87' lang='lat' dir='ltr'><strong>alia</strong></span> <span class='ocrx_word' id='word_1_242' title='bbox 1620 3217 1754 3268; x_wconf 86' lang='lat' dir='ltr'><strong>fiunt</strong></span> 
     </span>
    </p>
   </div>
   <div class='ocr_carea' id='block_1_35' title="bbox 158 3306 1750 3379">
    <p class='ocr_par' dir='ltr' id='par_1_35' title="bbox 158 3306 1750 3379">
     <span class='ocr_line' id='line_1_35' title="bbox 158 3306 1750 3379; baseline -0.001 -19"><span class='ocrx_word' id='word_1_243' title='bbox 158 3320 324 3379; x_wconf 87' lang='lat' dir='ltr'><strong>prout</strong></span> <span class='ocrx_word' id='word_1_244' title='bbox 350 3312 405 3363; x_wconf 89' lang='lat' dir='ltr'><strong>in</strong></span> <span class='ocrx_word' id='word_1_245' title='bbox 429 3310 547 3361; x_wconf 88' lang='lat' dir='ltr'><strong>aliis</strong></span> <span class='ocrx_word' id='word_1_246' title='bbox 568 3307 815 3374; x_wconf 87' lang='lat' dir='ltr'><strong>Vesperis</strong></span> <span class='ocrx_word' id='word_1_247' title='bbox 836 3306 1165 3361; x_wconf 84' lang='lat' dir='ltr'><strong>solemnibus</strong></span> <span class='ocrx_word' id='word_1_248' title='bbox 1184 3314 1268 3361; x_wconf 89' lang='lat' dir='ltr'><strong>est</strong></span> <span class='ocrx_word' id='word_1_249' title='bbox 1283 3306 1395 3360; x_wconf 90' lang='lat' dir='ltr'><strong>lieri</strong></span> <span class='ocrx_word' id='word_1_250' title='bbox 1417 3316 1750 3360; x_wconf 89' lang='lat' dir='ltr'><strong>consuetum.</strong></span> 
     </span>
    </p>
   </div>
   <div class='ocr_carea' id='block_1_36' title="bbox 232 3397 1753 3465">
    <p class='ocr_par' dir='ltr' id='par_1_36' title="bbox 232 3397 1753 3465">
     <span class='ocr_line' id='line_1_36' title="bbox 232 3397 1753 3465; baseline -0.004 -12"><span class='ocrx_word' id='word_1_251' title='bbox 232 3404 289 3455; x_wconf 92' lang='lat' dir='ltr'><strong>In</strong></span> <span class='ocrx_word' id='word_1_252' title='bbox 339 3398 621 3454; x_wconf 87' lang='lat' dir='ltr'><strong>Matutinis</strong></span> <span class='ocrx_word' id='word_1_253' title='bbox 666 3415 782 3465; x_wconf 68' lang='lat' dir='ltr'><strong>qua:</strong></span> <span class='ocrx_word' id='word_1_254' title='bbox 815 3409 1095 3452; x_wconf 85' lang='lat' dir='ltr'><strong>eantantur</strong></span> <span class='ocrx_word' id='word_1_255' title='bbox 1140 3399 1207 3455; x_wconf 87' lang='lat' dir='ltr'><strong>de</strong></span> <span class='ocrx_word' id='word_1_256' title='bbox 1257 3413 1380 3453; x_wconf 87' lang='lat' dir='ltr'><strong>sero</strong></span> <span class='ocrx_word' id='word_1_257' title='bbox 1430 3398 1567 3450; x_wconf 91' lang='lat' dir='ltr'><strong>bona</strong></span> <span class='ocrx_word' id='word_1_258' title='bbox 1600 3397 1753 3462; x_wconf 90' lang='lat' dir='ltr'><strong>hora,</strong></span> 
     </span>
    </p>
   </div>
   <div class='ocr_carea' id='block_1_37' title="bbox 152 3489 1754 3559">
    <p class='ocr_par' dir='ltr' id='par_1_37' title="bbox 152 3489 1754 3559">
     <span class='ocr_line' id='line_1_37' title="bbox 152 3489 1754 3559; baseline -0.003 -12"><span class='ocrx_word' id='word_1_259' title='bbox 152 3493 425 3547; x_wconf 88' lang='lat' dir='ltr'><strong>dominus</strong></span> <span class='ocrx_word' id='word_1_260' title='bbox 458 3504 591 3557; x_wconf 86' lang='lat' dir='ltr'><strong>papa</strong></span> <span class='ocrx_word' id='word_1_261' title='bbox 625 3490 771 3542; x_wconf 89' lang='lat' dir='ltr'><strong>venit</strong></span> <span class='ocrx_word' id='word_1_262' title='bbox 796 3491 911 3542; x_wconf 73' lang='lat' dir='ltr'><strong>sine</strong></span> <span class='ocrx_word' id='word_1_263' title='bbox 944 3493 1101 3542; x_wconf 85' lang='lat' dir='ltr'><strong>mitra</strong></span> <span class='ocrx_word' id='word_1_264' title='bbox 1133 3500 1187 3544; x_wconf 93' lang='lat' dir='ltr'><strong>et</strong></span> <span class='ocrx_word' id='word_1_265' title='bbox 1215 3490 1330 3545; x_wconf 88' lang='lat' dir='ltr'><strong>sine</strong></span> <span class='ocrx_word' id='word_1_266' title='bbox 1362 3490 1600 3559; x_wconf 87' lang='lat' dir='ltr'><strong>pluviali.</strong></span> <span class='ocrx_word' id='word_1_267' title='bbox 1633 3489 1754 3556; x_wconf 86' lang='lat' dir='ltr'><strong>Ipse</strong></span> 
     </span>
    </p>
   </div>
   <div class='ocr_carea' id='block_1_38' title="bbox 152 3578 1755 3651">
    <p class='ocr_par' dir='ltr' id='par_1_38' title="bbox 152 3578 1755 3651">
     <span class='ocr_line' id='line_1_38' title="bbox 152 3578 1755 3651; baseline -0.003 -14"><span class='ocrx_word' id='word_1_268' title='bbox 152 3583 356 3651; x_wconf 85' lang='lat' dir='ltr'><strong>incipit</strong></span> <span class='ocrx_word' id='word_1_269' title='bbox 390 3582 476 3632; x_wconf 87' lang='lat' dir='ltr'><strong>Ma</strong></span> <span class='ocrx_word' id='word_1_270' title='bbox 507 3581 699 3644; x_wconf 84' lang='lat' dir='ltr'><strong>ntinas,</strong></span> <span class='ocrx_word' id='word_1_271' title='bbox 731 3586 787 3631; x_wconf 90' lang='lat' dir='ltr'><strong>et</strong></span> <span class='ocrx_word' id='word_1_272' title='bbox 817 3578 907 3632; x_wconf 89' lang='lat' dir='ltr'><strong>dat</strong></span> <span class='ocrx_word' id='word_1_273' title='bbox 935 3578 1046 3633; x_wconf 89' lang='lat' dir='ltr'><strong>illis</strong></span> <span class='ocrx_word' id='word_1_274' title='bbox 1079 3580 1483 3634; x_wconf 82' lang='lat' dir='ltr'><strong>Betiedictiones</strong></span> <span class='ocrx_word' id='word_1_275' title='bbox 1527 3580 1581 3633; x_wconf 90' lang='lat' dir='ltr'><strong>in</strong></span> <span class='ocrx_word' id='word_1_276' title='bbox 1614 3583 1755 3648; x_wconf 87' lang='lat' dir='ltr'><strong>prin-</strong></span> 
     </span>
    </p>
   </div>
   <div class='ocr_carea' id='block_1_39' title="bbox 152 3670 1608 3746">
    <p class='ocr_par' dir='ltr' id='par_1_39' title="bbox 152 3670 1608 3746">
     <span class='ocr_line' id='line_1_39' title="bbox 152 3670 1608 3746; baseline -0.006 -15"><span class='ocrx_word' id='word_1_277' title='bbox 152 3677 304 3746; x_wconf 90' lang='lat' dir='ltr'><strong>cipio</strong></span> <span class='ocrx_word' id='word_1_278' title='bbox 332 3673 653 3734; x_wconf 78' lang='lat' dir='ltr'><strong>lectionum,</strong></span> <span class='ocrx_word' id='word_1_279' title='bbox 688 3680 741 3725; x_wconf 90' lang='lat' dir='ltr'><strong>et</strong></span> <span class='ocrx_word' id='word_1_280' title='bbox 767 3671 897 3724; x_wconf 87' lang='lat' dir='ltr'><strong>dicit</strong></span> <span class='ocrx_word' id='word_1_281' title='bbox 922 3670 1253 3734; x_wconf 89' lang='lat' dir='ltr'><strong>Orationem,</strong></span> <span class='ocrx_word' id='word_1_282' title='bbox 1283 3680 1337 3724; x_wconf 91' lang='lat' dir='ltr'><strong>et</strong></span> <span class='ocrx_word' id='word_1_283' title='bbox 1366 3672 1438 3725; x_wconf 90' lang='lat' dir='ltr'><strong>nil</strong></span> <span class='ocrx_word' id='word_1_284' title='bbox 1469 3672 1608 3739; x_wconf 88' lang='lat' dir='ltr'><strong>plus.</strong></span> 
     </span>
    </p>
   </div>
   <div class='ocr_carea' id='block_1_40' title="bbox 228 3760 1752 3832">
    <p class='ocr_par' dir='ltr' id='par_1_40' title="bbox 228 3760 1752 3832">
     <span class='ocr_line' id='line_1_40' title="bbox 228 3760 1752 3832; baseline -0.005 -12"><span class='ocrx_word' id='word_1_285' title='bbox 228 3767 375 3820; x_wconf 74' lang='lat' dir='ltr'><strong>Non</strong></span> <span class='ocrx_word' id='word_1_286' title='bbox 409 3762 556 3832; x_wconf 91' lang='lat' dir='ltr'><strong>quod</strong></span> <span class='ocrx_word' id='word_1_287' title='bbox 586 3761 787 3815; x_wconf 85' lang='lat' dir='ltr'><strong>domini</strong></span> <span class='ocrx_word' id='word_1_288' title='bbox 816 3762 1016 3828; x_wconf 76' lang='lat' dir='ltr'><strong>prtelati</strong></span> <span class='ocrx_word' id='word_1_289' title='bbox 1046 3770 1190 3814; x_wconf 89' lang='lat' dir='ltr'><strong>stant</strong></span> <span class='ocrx_word' id='word_1_290' title='bbox 1209 3760 1360 3829; x_wconf 82' lang='lat' dir='ltr'><strong>juxta</strong></span> <span class='ocrx_word' id='word_1_291' title='bbox 1394 3776 1541 3822; x_wconf 90' lang='lat' dir='ltr'><strong>eum,</strong></span> <span class='ocrx_word' id='word_1_292' title='bbox 1572 3772 1625 3813; x_wconf 90' lang='lat' dir='ltr'><strong>et</strong></span> <span class='ocrx_word' id='word_1_293' title='bbox 1656 3777 1752 3813; x_wconf 85' lang='lat' dir='ltr'><strong>an-</strong></span> 
     </span>
    </p>
   </div>
   <div class='ocr_carea' id='block_1_41' title="bbox 155 3852 1754 3929">
    <p class='ocr_par' dir='ltr' id='par_1_41' title="bbox 155 3852 1754 3929">
     <span class='ocr_line' id='line_1_41' title="bbox 155 3852 1754 3929; baseline -0.007 -15"><span class='ocrx_word' id='word_1_294' title='bbox 155 3858 368 3929; x_wconf 84' lang='lat' dir='ltr'><strong>tiquior</strong></span> <span class='ocrx_word' id='word_1_295' title='bbox 401 3855 573 3909; x_wconf 85' lang='lat' dir='ltr'><strong>servit</strong></span> <span class='ocrx_word' id='word_1_296' title='bbox 599 3854 697 3906; x_wconf 89' lang='lat' dir='ltr'><strong>sibi</strong></span> <span class='ocrx_word' id='word_1_297' title='bbox 744 3852 813 3906; x_wconf 90' lang='lat' dir='ltr'><strong>de</strong></span> <span class='ocrx_word' id='word_1_298' title='bbox 842 3852 976 3905; x_wconf 87' lang='lat' dir='ltr'><strong>libro</strong></span> <span class='ocrx_word' id='word_1_299' title='bbox 1005 3861 1059 3905; x_wconf 88' lang='lat' dir='ltr'><strong>et</strong></span> <span class='ocrx_word' id='word_1_300' title='bbox 1089 3853 1308 3905; x_wconf 89' lang='lat' dir='ltr'><strong>incenso</strong></span> <span class='ocrx_word' id='word_1_301' title='bbox 1338 3852 1404 3906; x_wconf 89' lang='lat' dir='ltr'><strong>ad</strong></span> <span class='ocrx_word' id='word_1_302' title='bbox 1448 3852 1754 3919; x_wconf 89' lang='lat' dir='ltr'><strong>ponendum</strong></span> 
     </span>
    </p>
   </div>
   <div class='ocr_carea' id='block_1_42' title="bbox 156 3940 1759 4011">
    <p class='ocr_par' dir='ltr' id='par_1_42' title="bbox 156 3940 1759 4011">
     <span class='ocr_line' id='line_1_42' title="bbox 156 3940 1759 4011; baseline -0.006 -6"><span class='ocrx_word' id='word_1_303' title='bbox 156 3951 209 4005; x_wconf 83' lang='lat' dir='ltr'><strong>in</strong></span> <span class='ocrx_word' id='word_1_304' title='bbox 243 3947 496 4003; x_wconf 87' lang='lat' dir='ltr'><strong>thuribnl</strong></span> <span class='ocrx_word' id='word_1_305' title='bbox 523 3966 556 4011; x_wconf 75' lang='grc' dir='ltr'><strong>ι,</strong></span> <span class='ocrx_word' id='word_1_306' title='bbox 587 3945 713 3998; x_wconf 86' lang='lat' dir='ltr'><strong>dato</strong></span> <span class='ocrx_word' id='word_1_307' title='bbox 742 3943 885 4011; x_wconf 88' lang='lat' dir='ltr'><strong>quod</strong></span> <span class='ocrx_word' id='word_1_308' title='bbox 916 3959 1020 3995; x_wconf 89' lang='lat' dir='ltr'><strong>non</strong></span> <span class='ocrx_word' id='word_1_309' title='bbox 1068 3954 1249 3999; x_wconf 88' lang='lat' dir='ltr'><strong>essent</strong></span> <span class='ocrx_word' id='word_1_310' title='bbox 1296 3943 1367 3997; x_wconf 90' lang='lat' dir='ltr'><strong>ibi</strong></span> <span class='ocrx_word' id='word_1_311' title='bbox 1400 3942 1490 3996; x_wconf 86' lang='lat' dir='ltr'><strong>alii</strong></span> <span class='ocrx_word' id='word_1_312' title='bbox 1525 3940 1759 4011; x_wconf 84' lang='lat' dir='ltr'><strong>majores</strong></span> 
     </span>
    </p>
   </div>
   <div class='ocr_carea' id='block_1_43' title="bbox 161 4033 1095 4107">
    <p class='ocr_par' dir='ltr' id='par_1_43' title="bbox 161 4033 1095 4107">
     <span class='ocr_line' id='line_1_43' title="bbox 161 4033 1095 4107; baseline -0.011 -10"><span class='ocrx_word' id='word_1_313' title='bbox 161 4043 280 4107; x_wconf 89' lang='lat' dir='ltr'><strong>illo,</strong></span> <span class='ocrx_word' id='word_1_314' title='bbox 315 4040 439 4092; x_wconf 89' lang='lat' dir='ltr'><strong>sive</strong></span> <span class='ocrx_word' id='word_1_315' title='bbox 473 4033 844 4102; x_wconf 82' lang='lat' dir='ltr'><strong>protountarii,</strong></span> <span class='ocrx_word' id='word_1_316' title='bbox 866 4042 957 4086; x_wconf 86' lang='lat' dir='ltr'><strong>aut</strong></span> <span class='ocrx_word' id='word_1_317' title='bbox 981 4033 1095 4087; x_wconf 90' lang='lat' dir='ltr'><strong>alii.</strong></span> 
     </span>
    </p>
   </div>
   <div class='ocr_carea' id='block_1_44' title="bbox 276 4122 1627 4195">
    <p class='ocr_par' dir='ltr' id='par_1_44' title="bbox 276 4122 1627 4195">
     <span class='ocr_line' id='line_1_44' title="bbox 276 4122 1627 4195; baseline -0.008 -9"><span class='ocrx_word' id='word_1_318' title='bbox 276 4130 474 4186; x_wconf 73' lang='lat' dir='ltr'><strong>XCIV.</strong></span> <span class='ocrx_word' id='word_1_319' title='bbox 518 4128 592 4180; x_wconf 82' lang='lat' dir='ltr'><strong>De</strong></span> <span class='ocrx_word' id='word_1_320' title='bbox 612 4127 771 4195; x_wconf 74' lang='lat' dir='ltr'><strong>oﬁicio</strong></span> <span class='ocrx_word' id='word_1_321' title='bbox 802 4128 853 4178; x_wconf 89' lang='lat' dir='ltr'><strong>in</strong></span> <span class='ocrx_word' id='word_1_322' title='bbox 884 4127 1010 4195; x_wconf 76' lang='lat' dir='ltr'><strong>festo</strong></span> <span class='ocrx_word' id='word_1_323' title='bbox 1060 4124 1381 4177; x_wconf 78' lang='lat' dir='ltr'><strong>Pentecostes</strong></span> <span class='ocrx_word' id='word_1_324' title='bbox 1408 4122 1627 4177; x_wconf 83' lang='lat' dir='ltr'><strong>rubrica.</strong></span> 
     </span>
    </p>
   </div>
   <div class='ocr_carea' id='block_1_45' title="bbox 238 4214 1757 4283">
    <p class='ocr_par' dir='ltr' id='par_1_45' title="bbox 238 4214 1757 4283">
     <span class='ocr_line' id='line_1_45' title="bbox 238 4214 1757 4283; baseline -0.009 -6"><span class='ocrx_word' id='word_1_325' title='bbox 238 4222 298 4277; x_wconf 94' lang='lat' dir='ltr'><strong>In</strong></span> <span class='ocrx_word' id='word_1_326' title='bbox 333 4220 481 4274; x_wconf 81' lang='lat' dir='ltr'><strong>festo</strong></span> <span class='ocrx_word' id='word_1_327' title='bbox 529 4218 906 4280; x_wconf 81' lang='lat' dir='ltr'><strong>Pentecostes,</strong></span> <span class='ocrx_word' id='word_1_328' title='bbox 950 4216 993 4268; x_wconf 87' lang='lat' dir='ltr'><strong>si</strong></span> <span class='ocrx_word' id='word_1_329' title='bbox 1032 4216 1278 4269; x_wconf 90' lang='lat' dir='ltr'><strong>dominus</strong></span> <span class='ocrx_word' id='word_1_330' title='bbox 1322 4229 1455 4283; x_wconf 86' lang='lat' dir='ltr'><strong>papa</strong></span> <span class='ocrx_word' id='word_1_331' title='bbox 1494 4214 1757 4277; x_wconf 89' lang='lat' dir='ltr'><strong>celebrat,</strong></span> 
     </span>
    </p>
   </div>
   <div class='ocr_carea' id='block_1_46' title="bbox 160 4305 1762 4381">
    <p class='ocr_par' dir='ltr' id='par_1_46' title="bbox 160 4305 1762 4381">
     <span class='ocr_line' id='line_1_46' title="bbox 160 4305 1762 4381; baseline -0.002 -18"><span class='ocrx_word' id='word_1_332' title='bbox 160 4314 285 4381; x_wconf 83' lang='lat' dir='ltr'><strong>ipse</strong></span> <span class='ocrx_word' id='word_1_333' title='bbox 338 4309 534 4378; x_wconf 90' lang='lat' dir='ltr'><strong>incipit</strong></span> <span class='ocrx_word' id='word_1_334' title='bbox 579 4308 812 4363; x_wconf 62' lang='lat' dir='ltr'><strong>Tertiam</strong></span> <span class='ocrx_word' id='word_1_335' title='bbox 851 4307 1114 4360; x_wconf 87' lang='lat' dir='ltr'><strong>cantando</strong></span> <span class='ocrx_word' id='word_1_336' title='bbox 1157 4305 1296 4359; x_wconf 86' lang='lat' dir='ltr'><strong>Deus</strong></span> <span class='ocrx_word' id='word_1_337' title='bbox 1342 4308 1395 4359; x_wconf 89' lang='lat' dir='ltr'><strong>in</strong></span> <span class='ocrx_word' id='word_1_338' title='bbox 1442 4308 1762 4376; x_wconf 87' lang='lat' dir='ltr'><strong>adjutorium</strong></span> 
     </span>
    </p>
   </div>
   <div class='ocr_carea' id='block_1_47' title="bbox 162 4399 1760 4467">
    <p class='ocr_par' dir='ltr' id='par_1_47' title="bbox 162 4399 1760 4467">
     <span class='ocr_line' id='line_1_47' title="bbox 162 4399 1760 4467; baseline -0.003 -12"><span class='ocrx_word' id='word_1_339' title='bbox 162 4421 339 4457; x_wconf 83' lang='lat' dir='ltr'><strong>meum</strong></span> <span class='ocrx_word' id='word_1_340' title='bbox 375 4399 608 4454; x_wconf 81' lang='lat' dir='ltr'><strong>intende.</strong></span> <span class='ocrx_word' id='word_1_341' title='bbox 666 4400 964 4467; x_wconf 69' lang='lat' dir='ltr'><strong>Antequam</strong></span> <span class='ocrx_word' id='word_1_342' title='bbox 992 4399 1214 4466; x_wconf 90' lang='lat' dir='ltr'><strong>recipiat</strong></span> <span class='ocrx_word' id='word_1_343' title='bbox 1242 4409 1549 4465; x_wconf 85' lang='lat' dir='ltr'><strong>paramenta</strong></span> <span class='ocrx_word' id='word_1_344' title='bbox 1584 4399 1760 4466; x_wconf 91' lang='lat' dir='ltr'><strong>ponti-</strong></span> 
     </span>
    </p>
   </div>
   <div class='ocr_carea' id='block_1_48' title="bbox 160 4490 1847 4585">
    <p class='ocr_par' dir='ltr' id='par_1_48' title="bbox 160 4490 1847 4585">
     <span class='ocr_line' id='line_1_48' title="bbox 160 4490 1847 4585; baseline -0.005 -36"><span class='ocrx_word' id='word_1_345' title='bbox 160 4493 375 4560; x_wconf 80' lang='lat' dir='ltr'><strong>ficalia,</strong></span> <span class='ocrx_word' id='word_1_346' title='bbox 413 4491 605 4559; x_wconf 89' lang='lat' dir='ltr'><strong>incipit</strong></span> <span class='ocrx_word' id='word_1_347' title='bbox 638 4490 900 4560; x_wconf 88' lang='lat' dir='ltr'><strong>llymnum</strong></span> <span class='ocrx_word' id='word_1_348' title='bbox 930 4499 983 4544; x_wconf 91' lang='lat' dir='ltr'><strong>et</strong></span> <span class='ocrx_word' id='word_1_349' title='bbox 1015 4492 1396 4558; x_wconf 70' lang='lat' dir='ltr'><strong>Antiphonem,</strong></span> <span class='ocrx_word' id='word_1_350' title='bbox 1450 4499 1567 4559; x_wconf 90' lang='lat' dir='ltr'><strong>post</strong></span> <span class='ocrx_word' id='word_1_351' title='bbox 1602 4505 1759 4557; x_wconf 92' lang='lat' dir='ltr'><strong>quam</strong></span> <span class='ocrx_word' id='word_1_352' title='bbox 1794 4526 1847 4585; x_wconf 82' lang='lat' dir='ltr'>D</span> 
     </span>
    </p>
   </div>
   <div class='ocr_carea' id='block_1_49' title="bbox 159 4582 1761 4656">
    <p class='ocr_par' dir='ltr' id='par_1_49' title="bbox 159 4582 1761 4656">
     <span class='ocr_line' id='line_1_49' title="bbox 159 4582 1761 4656; baseline -0.003 -16"><span class='ocrx_word' id='word_1_353' title='bbox 159 4585 465 4656; x_wconf 71' lang='lat' dir='ltr'><strong>acolythus</strong></span> <span class='ocrx_word' id='word_1_354' title='bbox 492 4582 755 4636; x_wconf 85' lang='lat' dir='ltr'><strong>cantando</strong></span> <span class='ocrx_word' id='word_1_355' title='bbox 805 4597 903 4648; x_wconf 88' lang='lat' dir='ltr'><strong>per</strong></span> <span class='ocrx_word' id='word_1_356' title='bbox 949 4582 1257 4649; x_wconf 86' lang='lat' dir='ltr'><strong>capellanos</strong></span> <span class='ocrx_word' id='word_1_357' title='bbox 1298 4590 1354 4635; x_wconf 85' lang='lat' dir='ltr'><strong>et</strong></span> <span class='ocrx_word' id='word_1_358' title='bbox 1395 4590 1679 4647; x_wconf 87' lang='lat' dir='ltr'><strong>cantores;</strong></span> <span class='ocrx_word' id='word_1_359' title='bbox 1706 4588 1761 4635; x_wconf 90' lang='lat' dir='ltr'><strong>et</strong></span> 
     </span>
    </p>
   </div>
   <div class='ocr_carea' id='block_1_50' title="bbox 164 4672 1761 4745">
    <p class='ocr_par' dir='ltr' id='par_1_50' title="bbox 164 4672 1761 4745">
     <span class='ocr_line' id='line_1_50' title="bbox 164 4672 1761 4745; baseline 0.001 -20"><span class='ocrx_word' id='word_1_360' title='bbox 164 4693 338 4745; x_wconf 84' lang='lat' dir='ltr'><strong>papa,</strong></span> <span class='ocrx_word' id='word_1_361' title='bbox 390 4673 640 4738; x_wconf 88' lang='lat' dir='ltr'><strong>deposita</strong></span> <span class='ocrx_word' id='word_1_362' title='bbox 692 4674 847 4726; x_wconf 87' lang='lat' dir='ltr'><strong>mitra</strong></span> <span class='ocrx_word' id='word_1_363' title='bbox 897 4687 993 4741; x_wconf 88' lang='lat' dir='ltr'><strong>per</strong></span> <span class='ocrx_word' id='word_1_364' title='bbox 1032 4672 1314 4725; x_wconf 84' lang='lat' dir='ltr'><strong>diaconum</strong></span> <span class='ocrx_word' id='word_1_365' title='bbox 1363 4673 1685 4727; x_wconf 86' lang='lat' dir='ltr'><strong>cardinalein</strong></span> <span class='ocrx_word' id='word_1_366' title='bbox 1732 4690 1761 4727; x_wconf 93' lang='lat' dir='ltr'><strong>a</strong></span> 
     </span>
    </p>
   </div>
   <div class='ocr_carea' id='block_1_51' title="bbox 164 4762 1761 4835">
    <p class='ocr_par' dir='ltr' id='par_1_51' title="bbox 164 4762 1761 4835">
     <span class='ocr_line' id='line_1_51' title="bbox 164 4762 1761 4835; baseline -0.004 -16"><span class='ocrx_word' id='word_1_367' title='bbox 164 4767 385 4819; x_wconf 66' lang='lat' dir='ltr'><strong>dextris</strong></span> <span class='ocrx_word' id='word_1_368' title='bbox 418 4762 925 4825; x_wconf 78' lang='lat' dir='ltr'><strong>assistentem,dicit</strong></span> <span class='ocrx_word' id='word_1_369' title='bbox 949 4763 1216 4817; x_wconf 88' lang='lat' dir='ltr'><strong>cantando</strong></span> <span class='ocrx_word' id='word_1_370' title='bbox 1244 4764 1572 4817; x_wconf 88' lang='lat' dir='ltr'><strong>Orationem.</strong></span> <span class='ocrx_word' id='word_1_371' title='bbox 1600 4767 1761 4835; x_wconf 77' lang='lat'><strong>512</strong></span> 
     </span>
    </p>
   </div>
   <div class='ocr_carea' id='block_1_52' title="bbox 166 4853 1764 4923">
    <p class='ocr_par' dir='ltr' id='par_1_52' title="bbox 166 4853 1764 4923">
     <span class='ocr_line' id='line_1_52' title="bbox 166 4853 1764 4923; baseline 0.001 -16"><span class='ocrx_word' id='word_1_372' title='bbox 166 4858 286 4923; x_wconf 84' lang='lat' dir='ltr'><strong>Qua</strong></span> <span class='ocrx_word' id='word_1_373' title='bbox 323 4856 498 4918; x_wconf 87' lang='lat' dir='ltr'><strong>dicta,</strong></span> <span class='ocrx_word' id='word_1_374' title='bbox 528 4853 802 4920; x_wconf 89' lang='lat' dir='ltr'><strong>reponitur</strong></span> <span class='ocrx_word' id='word_1_375' title='bbox 837 4854 884 4906; x_wconf 91' lang='lat' dir='ltr'><strong>ei</strong></span> <span class='ocrx_word' id='word_1_376' title='bbox 927 4855 1079 4906; x_wconf 89' lang='lat' dir='ltr'><strong>mitra</strong></span> <span class='ocrx_word' id='word_1_377' title='bbox 1114 4854 1162 4905; x_wconf 92' lang='lat' dir='ltr'><strong>in</strong></span> <span class='ocrx_word' id='word_1_378' title='bbox 1194 4854 1371 4922; x_wconf 89' lang='lat' dir='ltr'><strong>capite</strong></span> <span class='ocrx_word' id='word_1_379' title='bbox 1400 4870 1493 4921; x_wconf 84' lang='lat' dir='ltr'><strong>per</strong></span> <span class='ocrx_word' id='word_1_380' title='bbox 1520 4856 1764 4908; x_wconf 79' lang='lat' dir='ltr'><strong>eumdem</strong></span> 
     </span>
    </p>
   </div>
   <div class='ocr_carea' id='block_1_53' title="bbox 164 4943 1761 5011">
    <p class='ocr_par' dir='ltr' id='par_1_53' title="bbox 164 4943 1761 5011">
     <span class='ocr_line' id='line_1_53' title="bbox 164 4943 1761 5011; baseline -0.001 -13"><span class='ocrx_word' id='word_1_381' title='bbox 164 4946 472 4999; x_wconf 79' lang='lat' dir='ltr'><strong>diaconum</strong></span> <span class='ocrx_word' id='word_1_382' title='bbox 500 4944 919 5008; x_wconf 73' lang='lat' dir='ltr'><strong>cardinalem,t&#39;t</strong></span> <span class='ocrx_word' id='word_1_383' title='bbox 944 4944 1072 4997; x_wconf 90' lang='lat' dir='ltr'><strong>dicit</strong></span> <span class='ocrx_word' id='word_1_384' title='bbox 1103 4943 1337 5005; x_wconf 84' lang='lat' dir='ltr'><strong>sedendo</strong></span> <span class='ocrx_word' id='word_1_385' title='bbox 1366 4946 1531 5011; x_wconf 82' lang='lat' dir='ltr'><strong>Quam</strong></span> <span class='ocrx_word' id='word_1_386' title='bbox 1553 4946 1761 5009; x_wconf 81' lang='lat' dir='ltr'><strong>dilecta,</strong></span> 
     </span>
    </p>
   </div>
   <div class='ocr_carea' id='block_1_54' title="bbox 165 5034 1765 5105">
    <p class='ocr_par' dir='ltr' id='par_1_54' title="bbox 165 5034 1765 5105">
     <span class='ocr_line' id='line_1_54' title="bbox 165 5034 1765 5105; baseline -0.002 -13"><span class='ocrx_word' id='word_1_387' title='bbox 165 5048 312 5105; x_wconf 85' lang='lat' dir='ltr'><strong>etc.,</strong></span> <span class='ocrx_word' id='word_1_388' title='bbox 338 5046 398 5089; x_wconf 92' lang='lat' dir='ltr'><strong>et</strong></span> <span class='ocrx_word' id='word_1_389' title='bbox 427 5036 545 5088; x_wconf 88' lang='lat' dir='ltr'><strong>illas</strong></span> <span class='ocrx_word' id='word_1_390' title='bbox 567 5035 867 5099; x_wconf 89' lang='lat' dir='ltr'><strong>Orationes,</strong></span> <span class='ocrx_word' id='word_1_391' title='bbox 890 5044 945 5088; x_wconf 91' lang='lat' dir='ltr'><strong>et</strong></span> <span class='ocrx_word' id='word_1_392' title='bbox 962 5034 1173 5087; x_wconf 91' lang='lat' dir='ltr'><strong>interim</strong></span> <span class='ocrx_word' id='word_1_393' title='bbox 1198 5036 1471 5089; x_wconf 88' lang='lat' dir='ltr'><strong>calceatur</strong></span> <span class='ocrx_word' id='word_1_394' title='bbox 1487 5036 1765 5089; x_wconf 84' lang='lat' dir='ltr'><strong>sandaliis.</strong></span> 
     </span>
    </p>
   </div>
   <div class='ocr_carea' id='block_1_55' title="bbox 400 5125 1555 5194">
    <p class='ocr_par' dir='ltr' id='par_1_55' title="bbox 400 5125 1555 5194">
     <span class='ocr_line' id='line_1_55' title="bbox 400 5125 1555 5194; baseline -0.002 -13"><span class='ocrx_word' id='word_1_395' title='bbox 400 5125 563 5181; x_wconf 80' lang='lat' dir='ltr'><strong>XCV.</strong></span> <span class='ocrx_word' id='word_1_396' title='bbox 605 5126 681 5179; x_wconf 88' lang='lat' dir='ltr'><strong>De</strong></span> <span class='ocrx_word' id='word_1_397' title='bbox 706 5125 1034 5180; x_wconf 84' lang='lat' dir='ltr'><strong>Processione</strong></span> <span class='ocrx_word' id='word_1_398' title='bbox 1061 5135 1107 5180; x_wconf 84' lang='lat' dir='ltr'><strong>ct</strong></span> <span class='ocrx_word' id='word_1_399' title='bbox 1135 5126 1296 5181; x_wconf 79' lang='lat' dir='ltr'><strong>Missa</strong></span> <span class='ocrx_word' id='word_1_400' title='bbox 1323 5128 1434 5194; x_wconf 86' lang='lat' dir='ltr'><strong>ipso</strong></span> <span class='ocrx_word' id='word_1_401' title='bbox 1454 5129 1555 5180; x_wconf 79' lang='lat' dir='ltr'><strong>de.</strong></span> 
     </span>
    </p>
   </div>
   <div class='ocr_carea' id='block_1_56' title="bbox 241 5218 1769 5287">
    <p class='ocr_par' dir='ltr' id='par_1_56' title="bbox 241 5218 1769 5287">
     <span class='ocr_line' id='line_1_56' title="bbox 241 5218 1769 5287; baseline 0.005 -18"><span class='ocrx_word' id='word_1_402' title='bbox 241 5219 393 5276; x_wconf 82' lang='lat' dir='ltr'><strong>Nota</strong></span> <span class='ocrx_word' id='word_1_403' title='bbox 427 5218 569 5287; x_wconf 89' lang='lat' dir='ltr'><strong>quod</strong></span> <span class='ocrx_word' id='word_1_404' title='bbox 599 5218 651 5271; x_wconf 91' lang='lat' dir='ltr'><strong>in</strong></span> <span class='ocrx_word' id='word_1_405' title='bbox 685 5218 1034 5272; x_wconf 80' lang='lat' dir='ltr'><strong>Processione</strong></span> <span class='ocrx_word' id='word_1_406' title='bbox 1062 5226 1186 5272; x_wconf 86' lang='lat' dir='ltr'><strong>sunt</strong></span> <span class='ocrx_word' id='word_1_407' title='bbox 1209 5228 1411 5285; x_wconf 86' lang='lat' dir='ltr'><strong>septem</strong></span> <span class='ocrx_word' id='word_1_408' title='bbox 1429 5220 1769 5275; x_wconf 84' lang='lat' dir='ltr'><strong>candelabra.</strong></span> 
     </span>
    </p>
   </div>
   <div class='ocr_carea' id='block_1_57' title="bbox 168 5312 1775 5377">
    <p class='ocr_par' dir='ltr' id='par_1_57' title="bbox 168 5312 1775 5377">
     <span class='ocr_line' id='line_1_57' title="bbox 168 5312 1775 5377; baseline 0.004 -14"><span class='ocrx_word' id='word_1_409' title='bbox 168 5314 378 5369; x_wconf 83' lang='lat' dir='ltr'><strong>Postea</strong></span> <span class='ocrx_word' id='word_1_410' title='bbox 416 5326 548 5365; x_wconf 87' lang='lat' dir='ltr'><strong>vero</strong></span> <span class='ocrx_word' id='word_1_411' title='bbox 580 5312 737 5366; x_wconf 90' lang='lat' dir='ltr'><strong>Missa</strong></span> <span class='ocrx_word' id='word_1_412' title='bbox 786 5312 1056 5377; x_wconf 86' lang='lat' dir='ltr'><strong>incipitur.</strong></span> <span class='ocrx_word' id='word_1_413' title='bbox 1092 5312 1219 5365; x_wconf 77' lang='lat' dir='ltr'><strong>Post</strong></span> <span class='ocrx_word' id='word_1_414' title='bbox 1250 5312 1493 5371; x_wconf 80' lang='lat' dir='ltr'><strong>Alleluia,</strong></span> <span class='ocrx_word' id='word_1_415' title='bbox 1523 5313 1775 5368; x_wconf 83' lang='lat' dir='ltr'><strong>videlicet</strong></span> 
     </span>
    </p>
   </div>
   <div class='ocr_carea' id='block_1_58' title="bbox 168 5400 1769 5471">
    <p class='ocr_par' dir='ltr' id='par_1_58' title="bbox 168 5400 1769 5471">
     <span class='ocr_line' id='line_1_58' title="bbox 168 5400 1769 5471; baseline -0.002 -13"><span class='ocrx_word' id='word_1_416' title='bbox 168 5404 515 5464; x_wconf 85' lang='lat' dir='ltr'><strong>secundum,</strong></span> <span class='ocrx_word' id='word_1_417' title='bbox 543 5402 667 5454; x_wconf 90' lang='lat' dir='ltr'><strong>dum</strong></span> <span class='ocrx_word' id='word_1_418' title='bbox 700 5400 861 5455; x_wconf 85' lang='lat' dir='ltr'><strong>debet</strong></span> <span class='ocrx_word' id='word_1_419' title='bbox 906 5400 1146 5454; x_wconf 88' lang='lat' dir='ltr'><strong>inchoari</strong></span> <span class='ocrx_word' id='word_1_420' title='bbox 1202 5417 1296 5469; x_wconf 89' lang='lat' dir='ltr'><strong>per</strong></span> <span class='ocrx_word' id='word_1_421' title='bbox 1321 5412 1570 5456; x_wconf 87' lang='lat' dir='ltr'><strong>cantores</strong></span> <span class='ocrx_word' id='word_1_422' title='bbox 1607 5403 1769 5471; x_wconf 85' lang='lat' dir='ltr'><strong>Veni,</strong></span> 
     </span>
    </p>
   </div>
   <div class='ocr_carea' id='block_1_59' title="bbox 250 5536 1761 5602">
    <p class='ocr_par' dir='ltr' id='par_1_59' title="bbox 250 5536 1761 5602">
     <span class='ocr_line' id='line_1_59' title="bbox 250 5536 1761 5602; baseline 0.001 -14"><span class='ocrx_word' id='word_1_423' title='bbox 250 5549 279 5574; x_wconf 73' lang='grc' dir='ltr'><strong>ει</strong></span> <span class='ocrx_word' id='word_1_424' title='bbox 329 5536 623 5591; x_wconf 72' lang='lat' dir='ltr'><strong>Mentiosus</strong></span> <span class='ocrx_word' id='word_1_425' title='bbox 671 5536 839 5602; x_wconf 84' lang='lat' dir='ltr'><strong>locus,</strong></span> <span class='ocrx_word' id='word_1_426' title='bbox 887 5536 973 5601; x_wconf 90' lang='lat' dir='ltr'><strong>qui</strong></span> <span class='ocrx_word' id='word_1_427' title='bbox 1005 5536 1213 5590; x_wconf 86' lang='lat' dir='ltr'><strong>videtur</strong></span> <span class='ocrx_word' id='word_1_428' title='bbox 1243 5536 1316 5589; x_wconf 87' lang='lat' dir='ltr'><strong>ita</strong></span> <span class='ocrx_word' id='word_1_429' title='bbox 1366 5537 1761 5591; x_wconf 75' lang='lat' dir='ltr'><strong>restituendus:</strong></span> 
     </span>
    </p>
   </div>
   <div class='ocr_carea' id='block_1_60' title="bbox 170 5605 1767 5674">
    <p class='ocr_par' dir='ltr' id='par_1_60' title="bbox 170 5605 1767 5674">
     <span class='ocr_line' id='line_1_60' title="bbox 170 5605 1767 5674; baseline 0.001 -17"><span class='ocrx_word' id='word_1_430' title='bbox 170 5608 340 5662; x_wconf 79' lang='lat' dir='ltr'><strong>Amm</strong></span> <span class='ocrx_word' id='word_1_431' title='bbox 374 5605 585 5659; x_wconf 74' lang='lat' dir='ltr'><strong>Domini</strong></span> <span class='ocrx_word' id='word_1_432' title='bbox 618 5606 776 5671; x_wconf 71' lang='lat'><strong>1590,</strong></span> <span class='ocrx_word' id='word_1_433' title='bbox 804 5607 965 5671; x_wconf 83' lang='lat' dir='ltr'><strong>primo</strong></span> <span class='ocrx_word' id='word_1_434' title='bbox 988 5607 1313 5673; x_wconf 75' lang='lat' dir='ltr'><strong>pontiﬁcatus</strong></span> <span class='ocrx_word' id='word_1_435' title='bbox 1340 5610 1533 5661; x_wconf 79' lang='lat' dir='ltr'><strong>domini</strong></span> <span class='ocrx_word' id='word_1_436' title='bbox 1556 5608 1767 5674; x_wconf 74' lang='lat' dir='ltr'><strong>Bonifa-</strong></span> 
     </span>
    </p>
   </div>
   <div class='ocr_carea' id='block_1_61' title="bbox 169 5674 1763 5745">
    <p class='ocr_par' dir='ltr' id='par_1_61' title="bbox 169 5674 1763 5745">
     <span class='ocr_line' id='line_1_61' title="bbox 169 5674 1763 5745; baseline -0.001 -11"><span class='ocrx_word' id='word_1_437' title='bbox 169 5678 246 5735; x_wconf 76' lang='lat' dir='ltr'><strong>cii</strong></span> <span class='ocrx_word' id='word_1_438' title='bbox 270 5674 392 5741; x_wconf 75' lang='lat' dir='ltr'><strong>1X,</strong></span> <span class='ocrx_word' id='word_1_439' title='bbox 423 5677 473 5730; x_wconf 86' lang='lat' dir='ltr'><strong>in</strong></span> <span class='ocrx_word' id='word_1_440' title='bbox 502 5678 581 5730; x_wconf 77' lang='lat' dir='ltr'><strong>die</strong></span> <span class='ocrx_word' id='word_1_441' title='bbox 610 5687 795 5730; x_wconf 79' lang='lat' dir='ltr'><strong>sanctic</strong></span> <span class='ocrx_word' id='word_1_442' title='bbox 827 5675 1089 5730; x_wconf 76' lang='lat' dir='ltr'><strong>Trinitatis</strong></span> <span class='ocrx_word' id='word_1_443' title='bbox 1117 5676 1381 5731; x_wconf 73' lang='lat' dir='ltr'><strong>celebravit</strong></span> <span class='ocrx_word' id='word_1_444' title='bbox 1408 5678 1635 5745; x_wconf 74' lang='lat' dir='ltr'><strong>Casum,</strong></span> <span class='ocrx_word' id='word_1_445' title='bbox 1657 5680 1763 5733; x_wconf 81' lang='lat' dir='ltr'><strong>sci-</strong></span> 
     </span>
    </p>
   </div>
   <div class='ocr_carea' id='block_1_62' title="bbox 1842 503 3418 570">
    <p class='ocr_par' dir='ltr' id='par_1_62' title="bbox 1842 503 3418 570">
     <span class='ocr_line' id='line_1_62' title="bbox 1842 503 3418 570; baseline 0.002 -17"><span class='ocrx_word' id='word_1_446' title='bbox 1842 503 1905 553; x_wconf 88' lang='lat' dir='ltr'><strong>ad</strong></span> <span class='ocrx_word' id='word_1_447' title='bbox 1938 504 2248 555; x_wconf 80' lang='lat' dir='ltr'><strong>Catlicdram</strong></span> <span class='ocrx_word' id='word_1_448' title='bbox 2273 516 2450 555; x_wconf 90' lang='lat' dir='ltr'><strong>coram</strong></span> <span class='ocrx_word' id='word_1_449' title='bbox 2481 503 2631 553; x_wconf 87' lang='lat' dir='ltr'><strong>altari</strong></span> <span class='ocrx_word' id='word_1_450' title='bbox 2667 512 2933 568; x_wconf 82' lang='lat' dir='ltr'><strong>paratam;</strong></span> <span class='ocrx_word' id='word_1_451' title='bbox 2967 513 3018 555; x_wconf 90' lang='lat' dir='ltr'><strong>et</strong></span> <span class='ocrx_word' id='word_1_452' title='bbox 3050 504 3117 556; x_wconf 91' lang='lat' dir='ltr'><strong>ibi</strong></span> <span class='ocrx_word' id='word_1_453' title='bbox 3148 504 3418 570; x_wconf 72' lang='lat' dir='ltr'><strong>genuﬂec-</strong></span> 
     </span>
    </p>
   </div>
   <div class='ocr_carea' id='block_1_63' title="bbox 1842 594 3417 663">
    <p class='ocr_par' dir='ltr' id='par_1_63' title="bbox 1842 594 3417 663">
     <span class='ocr_line' id='line_1_63' title="bbox 1842 594 3417 663; baseline 0.001 -16"><span class='ocrx_word' id='word_1_454' title='bbox 1842 596 1925 658; x_wconf 92' lang='lat' dir='ltr'><strong>tit,</strong></span> <span class='ocrx_word' id='word_1_455' title='bbox 1958 604 2009 645; x_wconf 89' lang='lat' dir='ltr'><strong>et</strong></span> <span class='ocrx_word' id='word_1_456' title='bbox 2040 594 2325 655; x_wconf 66' lang='lat' dir='ltr'><strong>deponiiur</strong></span> <span class='ocrx_word' id='word_1_457' title='bbox 2355 594 2401 647; x_wconf 89' lang='lat' dir='ltr'><strong>ci</strong></span> <span class='ocrx_word' id='word_1_458' title='bbox 2438 596 2615 656; x_wconf 88' lang='lat' dir='ltr'><strong>mitra,</strong></span> <span class='ocrx_word' id='word_1_459' title='bbox 2638 603 2815 647; x_wconf 89' lang='lat' dir='ltr'><strong>etstat</strong></span> <span class='ocrx_word' id='word_1_460' title='bbox 2845 595 2913 647; x_wconf 87' lang='lat' dir='ltr'><strong>ilu</strong></span> <span class='ocrx_word' id='word_1_461' title='bbox 2940 611 3105 663; x_wconf 84' lang='lat' dir='ltr'><strong>usque</strong></span> <span class='ocrx_word' id='word_1_462' title='bbox 3130 598 3201 647; x_wconf 88' lang='lat' dir='ltr'><strong>tui</strong></span> <span class='ocrx_word' id='word_1_463' title='bbox 3227 596 3417 648; x_wconf 87' lang='lat' dir='ltr'><strong>amoris</strong></span> 
     </span>
    </p>
   </div>
   <div class='ocr_carea' id='block_1_64' title="bbox 1840 684 3420 752">
    <p class='ocr_par' dir='ltr' id='par_1_64' title="bbox 1840 684 3420 752">
     <span class='ocr_line' id='line_1_64' title="bbox 1840 684 3420 752; baseline -0.001 -15"><span class='ocrx_word' id='word_1_464' title='bbox 1840 686 2056 738; x_wconf 87' lang='lat' dir='ltr'><strong>dicitur.</strong></span> <span class='ocrx_word' id='word_1_465' title='bbox 2100 686 2299 737; x_wconf 83' lang='lat' dir='ltr'><strong>Deinde</strong></span> <span class='ocrx_word' id='word_1_466' title='bbox 2330 687 2452 737; x_wconf 85' lang='lat' dir='ltr'><strong>ilum</strong></span> <span class='ocrx_word' id='word_1_467' title='bbox 2483 684 2639 737; x_wconf 62' lang='lat' dir='ltr'><strong>debet</strong></span> <span class='ocrx_word' id='word_1_468' title='bbox 2672 686 2828 751; x_wconf 88' lang='lat' dir='ltr'><strong>incipi</strong></span> <span class='ocrx_word' id='word_1_469' title='bbox 2866 700 3020 751; x_wconf 86' lang='lat' dir='ltr'><strong>prosa</strong></span> <span class='ocrx_word' id='word_1_470' title='bbox 3053 687 3219 737; x_wconf 86' lang='lat' dir='ltr'><strong>sancti</strong></span> <span class='ocrx_word' id='word_1_471' title='bbox 3258 685 3420 752; x_wconf 85' lang='lat' dir='ltr'><strong>Spiri-</strong></span> 
     </span>
    </p>
   </div>
   <div class='ocr_carea' id='block_1_65' title="bbox 1842 774 3417 844">
    <p class='ocr_par' dir='ltr' id='par_1_65' title="bbox 1842 774 3417 844">
     <span class='ocr_line' id='line_1_65' title="bbox 1842 774 3417 844; baseline -0.002 -16"><span class='ocrx_word' id='word_1_472' title='bbox 1842 784 1951 841; x_wconf 87' lang='lat' dir='ltr'><strong>tus,</strong></span> <span class='ocrx_word' id='word_1_473' title='bbox 1984 790 2116 844; x_wconf 87' lang='lat' dir='ltr'><strong>papa</strong></span> <span class='ocrx_word' id='word_1_474' title='bbox 2144 776 2313 842; x_wconf 88' lang='lat' dir='ltr'><strong>surgit</strong></span> <span class='ocrx_word' id='word_1_475' title='bbox 2343 777 2409 827; x_wconf 86' lang='lat' dir='ltr'><strong>ile</strong></span> <span class='ocrx_word' id='word_1_476' title='bbox 2440 777 2564 828; x_wconf 84' lang='lat' dir='ltr'><strong>sede</strong></span> <span class='ocrx_word' id='word_1_477' title='bbox 2592 789 2708 838; x_wconf 87' lang='lat' dir='ltr'><strong>sua,</strong></span> <span class='ocrx_word' id='word_1_478' title='bbox 2742 787 2791 827; x_wconf 92' lang='lat' dir='ltr'><strong>et</strong></span> <span class='ocrx_word' id='word_1_479' title='bbox 2824 774 2892 825; x_wconf 89' lang='lat' dir='ltr'><strong>ibi</strong></span> <span class='ocrx_word' id='word_1_480' title='bbox 2923 776 3135 837; x_wconf 87' lang='lat' dir='ltr'><strong>stando,</strong></span> <span class='ocrx_word' id='word_1_481' title='bbox 3178 774 3417 842; x_wconf 70' lang='lat' dir='ltr'><strong>deposita</strong></span> 
     </span>
    </p>
   </div>
   <div class='ocr_carea' id='block_1_66' title="bbox 1841 864 3417 931">
    <p class='ocr_par' dir='ltr' id='par_1_66' title="bbox 1841 864 3417 931">
     <span class='ocr_line' id='line_1_66' title="bbox 1841 864 3417 931; baseline -0.001 -13"><span class='ocrx_word' id='word_1_482' title='bbox 1841 864 2021 929; x_wconf 75' lang='lat' dir='ltr'><strong>mitra,</strong></span> <span class='ocrx_word' id='word_1_483' title='bbox 2057 878 2110 918; x_wconf 93' lang='lat' dir='ltr'><strong>et</strong></span> <span class='ocrx_word' id='word_1_484' title='bbox 2142 881 2276 918; x_wconf 89' lang='lat' dir='ltr'><strong>unus</strong></span> <span class='ocrx_word' id='word_1_485' title='bbox 2305 866 2370 917; x_wconf 79' lang='lat' dir='ltr'><strong>tle</strong></span> <span class='ocrx_word' id='word_1_486' title='bbox 2398 865 2689 931; x_wconf 89' lang='lat' dir='ltr'><strong>capellanis</strong></span> <span class='ocrx_word' id='word_1_487' title='bbox 2712 867 2980 918; x_wconf 78' lang='lat' dir='ltr'><strong>cantando</strong></span> <span class='ocrx_word' id='word_1_488' title='bbox 3011 882 3188 917; x_wconf 80' lang='lat' dir='ltr'><strong>eorain</strong></span> <span class='ocrx_word' id='word_1_489' title='bbox 3213 881 3277 918; x_wconf 90' lang='lat' dir='ltr'><strong>eo</strong></span> <span class='ocrx_word' id='word_1_490' title='bbox 3299 882 3417 917; x_wconf 91' lang='lat' dir='ltr'><strong>eam</strong></span> 
     </span>
    </p>
   </div>
   <div class='ocr_carea' id='block_1_67' title="bbox 1843 952 3423 1021">
    <p class='ocr_par' dir='ltr' id='par_1_67' title="bbox 1843 952 3423 1021">
     <span class='ocr_line' id='line_1_67' title="bbox 1843 952 3423 1021; baseline 0.001 -16"><span class='ocrx_word' id='word_1_491' title='bbox 1843 952 2115 1020; x_wconf 82' lang='lat' dir='ltr'><strong>reincipit,</strong></span> <span class='ocrx_word' id='word_1_492' title='bbox 2148 965 2197 1006; x_wconf 86' lang='lat' dir='ltr'><strong>et</strong></span> <span class='ocrx_word' id='word_1_493' title='bbox 2233 968 2364 1021; x_wconf 88' lang='lat' dir='ltr'><strong>papa</strong></span> <span class='ocrx_word' id='word_1_494' title='bbox 2394 956 2661 1006; x_wconf 87' lang='lat' dir='ltr'><strong>cantando</strong></span> <span class='ocrx_word' id='word_1_495' title='bbox 2691 955 2819 1006; x_wconf 86' lang='lat' dir='ltr'><strong>dicit</strong></span> <span class='ocrx_word' id='word_1_496' title='bbox 2860 954 3038 1008; x_wconf 84' lang='lat' dir='ltr'><strong>Sancti</strong></span> <span class='ocrx_word' id='word_1_497' title='bbox 3073 955 3319 1021; x_wconf 70' lang='lat' dir='ltr'><strong>Spioiltts,</strong></span> <span class='ocrx_word' id='word_1_498' title='bbox 3366 965 3423 1007; x_wconf 89' lang='lat' dir='ltr'><strong>et</strong></span> 
     </span>
    </p>
   </div>
   <div class='ocr_carea' id='block_1_68' title="bbox 1844 1030 3420 1111">
    <p class='ocr_par' dir='ltr' id='par_1_68' title="bbox 1844 1030 3420 1111">
     <span class='ocr_line' id='line_1_68' title="bbox 1844 1030 3420 1111; baseline 0.003 -18"><span class='ocrx_word' id='word_1_499' title='bbox 1844 1030 2201 1094; x_wconf 86' lang='lat' dir='ltr'><strong>sedetdeinde</strong></span> <span class='ocrx_word' id='word_1_500' title='bbox 2219 1058 2494 1110; x_wconf 83' lang='lat' dir='ltr'><strong>quousque</strong></span> <span class='ocrx_word' id='word_1_501' title='bbox 2518 1058 2671 1109; x_wconf 87' lang='lat' dir='ltr'><strong>prosa</strong></span> <span class='ocrx_word' id='word_1_502' title='bbox 2697 1044 2765 1094; x_wconf 90' lang='lat' dir='ltr'><strong>sit</strong></span> <span class='ocrx_word' id='word_1_503' title='bbox 2786 1043 2945 1095; x_wconf 86' lang='lat' dir='ltr'><strong>dicta.</strong></span> <span class='ocrx_word' id='word_1_504' title='bbox 2966 1045 3080 1097; x_wconf 82' lang='lat' dir='ltr'><strong>Alia</strong></span> <span class='ocrx_word' id='word_1_505' title='bbox 3109 1046 3237 1096; x_wconf 86' lang='lat' dir='ltr'><strong>fiunt</strong></span> <span class='ocrx_word' id='word_1_506' title='bbox 3264 1055 3420 1111; x_wconf 86' lang='lat' dir='ltr'><strong>prout</strong></span> 
     </span>
    </p>
   </div>
   <div class='ocr_carea' id='block_1_69' title="bbox 1842 1136 3423 1204">
    <p class='ocr_par' dir='ltr' id='par_1_69' title="bbox 1842 1136 3423 1204">
     <span class='ocr_line' id='line_1_69' title="bbox 1842 1136 3423 1204; baseline 0.004 -19"><span class='ocrx_word' id='word_1_507' title='bbox 1842 1146 1922 1186; x_wconf 89' lang='lat' dir='ltr'><strong>cst</strong></span> <span class='ocrx_word' id='word_1_508' title='bbox 1972 1144 2311 1187; x_wconf 85' lang='lat' dir='ltr'><strong>consuetum.</strong></span> <span class='ocrx_word' id='word_1_509' title='bbox 2361 1136 2465 1189; x_wconf 91' lang='lat' dir='ltr'><strong>Sed</strong></span> <span class='ocrx_word' id='word_1_510' title='bbox 2500 1136 2599 1188; x_wconf 90' lang='lat' dir='ltr'><strong>ista</strong></span> <span class='ocrx_word' id='word_1_511' title='bbox 2645 1136 2731 1188; x_wconf 85' lang='lat' dir='ltr'><strong>die</strong></span> <span class='ocrx_word' id='word_1_512' title='bbox 2775 1139 2937 1189; x_wconf 77' lang='lat' dir='ltr'><strong>servit</strong></span> <span class='ocrx_word' id='word_1_513' title='bbox 2986 1154 3133 1204; x_wconf 64' lang='lat' dir='ltr'><strong>papae</strong></span> <span class='ocrx_word' id='word_1_514' title='bbox 3169 1141 3217 1189; x_wconf 93' lang='lat' dir='ltr'><strong>iu</strong></span> <span class='ocrx_word' id='word_1_515' title='bbox 3250 1138 3423 1192; x_wconf 87' lang='lat' dir='ltr'><strong>officio</strong></span> 
     </span>
    </p>
   </div>
   <div class='ocr_carea' id='block_1_70' title="bbox 1844 1226 3421 1292">
    <p class='ocr_par' dir='ltr' id='par_1_70' title="bbox 1844 1226 3421 1292">
     <span class='ocr_line' id='line_1_70' title="bbox 1844 1226 3421 1292; baseline 0.003 -16"><span class='ocrx_word' id='word_1_516' title='bbox 1844 1226 2109 1288; x_wconf 84' lang='lat' dir='ltr'><strong>capellani</strong></span> <span class='ocrx_word' id='word_1_517' title='bbox 2134 1227 2281 1292; x_wconf 86' lang='lat' dir='ltr'><strong>prior</strong></span> <span class='ocrx_word' id='word_1_518' title='bbox 2317 1228 2689 1292; x_wconf 67' lang='lat' dir='ltr'><strong>episcoporum</strong></span> <span class='ocrx_word' id='word_1_519' title='bbox 2733 1229 3101 1281; x_wconf 69' lang='lat' dir='ltr'><strong>caviiiioaliuni.</strong></span> <span class='ocrx_word' id='word_1_520' title='bbox 3135 1230 3421 1283; x_wconf 81' lang='lat' dir='ltr'><strong>Sciendum</strong></span> 
     </span>
    </p>
   </div>
   <div class='ocr_carea' id='block_1_71' title="bbox 1845 1316 3423 1385">
    <p class='ocr_par' dir='ltr' id='par_1_71' title="bbox 1845 1316 3423 1385">
     <span class='ocr_line' id='line_1_71' title="bbox 1845 1316 3423 1385; baseline 0.005 -21"><span class='ocrx_word' id='word_1_521' title='bbox 1845 1328 1939 1380; x_wconf 87' lang='lat' dir='ltr'><strong>per</strong></span> <span class='ocrx_word' id='word_1_522' title='bbox 1968 1323 2131 1365; x_wconf 88' lang='lat' dir='ltr'><strong>totam</strong></span> <span class='ocrx_word' id='word_1_523' title='bbox 2167 1316 2319 1366; x_wconf 88' lang='lat' dir='ltr'><strong>istam</strong></span> <span class='ocrx_word' id='word_1_524' title='bbox 2358 1316 2612 1368; x_wconf 81' lang='lat' dir='ltr'><strong>Oetavam</strong></span> <span class='ocrx_word' id='word_1_525' title='bbox 2660 1318 2799 1385; x_wconf 86' lang='lat' dir='ltr'><strong>quod</strong></span> <span class='ocrx_word' id='word_1_526' title='bbox 2852 1321 3052 1370; x_wconf 90' lang='lat' dir='ltr'><strong>utimur</strong></span> <span class='ocrx_word' id='word_1_527' title='bbox 3102 1323 3423 1384; x_wconf 87' lang='lat' dir='ltr'><strong>paramcntis</strong></span> 
     </span>
    </p>
   </div>
   <div class='ocr_carea' id='block_1_72' title="bbox 1846 1402 3425 1474">
    <p class='ocr_par' dir='ltr' id='par_1_72' title="bbox 1846 1402 3425 1474">
     <span class='ocr_line' id='line_1_72' title="bbox 1846 1402 3425 1474; baseline 0.006 -22"><span class='ocrx_word' id='word_1_528' title='bbox 1846 1402 2044 1467; x_wconf 86' lang='lat' dir='ltr'><strong>rubeis,</strong></span> <span class='ocrx_word' id='word_1_529' title='bbox 2088 1404 2246 1456; x_wconf 89' lang='lat' dir='ltr'><strong>etiam</strong></span> <span class='ocrx_word' id='word_1_530' title='bbox 2294 1406 2380 1457; x_wconf 90' lang='lat' dir='ltr'><strong>die</strong></span> <span class='ocrx_word' id='word_1_531' title='bbox 2424 1405 2695 1470; x_wconf 83' lang='lat' dir='ltr'><strong>Mercurii,</strong></span> <span class='ocrx_word' id='word_1_532' title='bbox 2733 1406 2978 1474; x_wconf 88' lang='lat' dir='ltr'><strong>Veneris,</strong></span> <span class='ocrx_word' id='word_1_533' title='bbox 3016 1418 3069 1460; x_wconf 87' lang='lat' dir='ltr'><strong>et</strong></span> <span class='ocrx_word' id='word_1_534' title='bbox 3109 1408 3341 1461; x_wconf 88' lang='lat' dir='ltr'><strong>Sabbato</strong></span> <span class='ocrx_word' id='word_1_535' title='bbox 3371 1410 3425 1461; x_wconf 90' lang='lat' dir='ltr'><strong>in</strong></span> 
     </span>
    </p>
   </div>
   <div class='ocr_carea' id='block_1_73' title="bbox 1845 1484 3427 1565">
    <p class='ocr_par' dir='ltr' id='par_1_73' title="bbox 1845 1484 3427 1565">
     <span class='ocr_line' id='line_1_73' title="bbox 1845 1484 3427 1565; baseline 0.006 -24"><span class='ocrx_word' id='word_1_536' title='bbox 1845 1489 2040 1551; x_wconf 80' lang='lat' dir='ltr'><strong>Missis,</strong></span> <span class='ocrx_word' id='word_1_537' title='bbox 2067 1500 2538 1560; x_wconf 82' lang='lat' dir='ltr'><strong>quantumcunque</strong></span> <span class='ocrx_word' id='word_1_538' title='bbox 2561 1493 2818 1547; x_wconf 80' lang='lat' dir='ltr'><strong>faciamus</strong></span> <span class='ocrx_word' id='word_1_539' title='bbox 2845 1496 2909 1547; x_wconf 88' lang='lat' dir='ltr'><strong>de</strong></span> <span class='ocrx_word' id='word_1_540' title='bbox 2935 1484 3283 1564; x_wconf 81' lang='lat' dir='ltr'><strong>temporibus.</strong></span> <span class='ocrx_word' id='word_1_541' title='bbox 3310 1499 3427 1565; x_wconf 88' lang='lat' dir='ltr'><strong>Ipsa</strong></span> 
     </span>
    </p>
   </div>
   <div class='ocr_carea' id='block_1_74' title="bbox 1848 1577 3428 1648">
    <p class='ocr_par' dir='ltr' id='par_1_74' title="bbox 1848 1577 3428 1648">
     <span class='ocr_line' id='line_1_74' title="bbox 1848 1577 3428 1648; baseline 0.007 -18"><span class='ocrx_word' id='word_1_542' title='bbox 1848 1577 2006 1645; x_wconf 78' lang='lat' dir='ltr'><strong>igitur</strong></span> <span class='ocrx_word' id='word_1_543' title='bbox 2031 1580 2118 1632; x_wconf 90' lang='lat' dir='ltr'><strong>die</strong></span> <span class='ocrx_word' id='word_1_544' title='bbox 2147 1582 2387 1645; x_wconf 80' lang='lat' dir='ltr'><strong>Sabbati,</strong></span> <span class='ocrx_word' id='word_1_545' title='bbox 2434 1582 2478 1634; x_wconf 82' lang='lat' dir='ltr'><strong>si</strong></span> <span class='ocrx_word' id='word_1_546' title='bbox 2511 1596 2639 1648; x_wconf 89' lang='lat' dir='ltr'><strong>papa</strong></span> <span class='ocrx_word' id='word_1_547' title='bbox 2672 1583 2909 1637; x_wconf 86' lang='lat' dir='ltr'><strong>celebret</strong></span> <span class='ocrx_word' id='word_1_548' title='bbox 2947 1584 3101 1638; x_wconf 91' lang='lat' dir='ltr'><strong>basse</strong></span> <span class='ocrx_word' id='word_1_549' title='bbox 3135 1595 3187 1639; x_wconf 90' lang='lat' dir='ltr'><strong>et</strong></span> <span class='ocrx_word' id='word_1_550' title='bbox 3218 1597 3428 1641; x_wconf 83' lang='lat' dir='ltr'><strong>secrete</strong></span> 
     </span>
    </p>
   </div>
   <div class='ocr_carea' id='block_1_75' title="bbox 1847 1669 3427 1745">
    <p class='ocr_par' dir='ltr' id='par_1_75' title="bbox 1847 1669 3427 1745">
     <span class='ocr_line' id='line_1_75' title="bbox 1847 1669 3427 1745; baseline 0.005 -22"><span class='ocrx_word' id='word_1_551' title='bbox 1847 1669 2060 1724; x_wconf 81' lang='lat' dir='ltr'><strong>Missam</strong></span> <span class='ocrx_word' id='word_1_552' title='bbox 2091 1686 2264 1736; x_wconf 87' lang='lat' dir='ltr'><strong>suam,</strong></span> <span class='ocrx_word' id='word_1_553' title='bbox 2297 1684 2581 1742; x_wconf 90' lang='lat' dir='ltr'><strong>antequam</strong></span> <span class='ocrx_word' id='word_1_554' title='bbox 2613 1675 2773 1730; x_wconf 79' lang='lat' dir='ltr'><strong>faciat</strong></span> <span class='ocrx_word' id='word_1_555' title='bbox 2806 1677 3228 1745; x_wconf 71' lang='lat' dir='ltr'><strong>confes~ionem,</strong></span> <span class='ocrx_word' id='word_1_556' title='bbox 3257 1689 3310 1731; x_wconf 90' lang='lat' dir='ltr'><strong>et</strong></span> <span class='ocrx_word' id='word_1_557' title='bbox 3331 1695 3427 1731; x_wconf 90' lang='lat' dir='ltr'><strong>an-</strong></span> 
     </span>
    </p>
   </div>
   <div class='ocr_carea' id='block_1_76' title="bbox 1774 1764 3431 1858">
    <p class='ocr_par' dir='ltr' id='par_1_76' title="bbox 1774 1764 3431 1858">
     <span class='ocr_line' id='line_1_76' title="bbox 1774 1764 3431 1858; baseline 0.005 -45"><span class='ocrx_word' id='word_1_558' title='bbox 1774 1799 1821 1858; x_wconf 79' lang='lat' dir='ltr'><strong>B</strong></span> <span class='ocrx_word' id='word_1_559' title='bbox 1851 1769 2063 1829; x_wconf 90' lang='lat' dir='ltr'><strong>tequam</strong></span> <span class='ocrx_word' id='word_1_560' title='bbox 2100 1764 2369 1829; x_wconf 79' lang='lat' dir='ltr'><strong>planetam</strong></span> <span class='ocrx_word' id='word_1_561' title='bbox 2395 1766 2644 1834; x_wconf 86' lang='lat' dir='ltr'><strong>recipiat,</strong></span> <span class='ocrx_word' id='word_1_562' title='bbox 2683 1781 2845 1833; x_wconf 90' lang='lat' dir='ltr'><strong>super</strong></span> <span class='ocrx_word' id='word_1_563' title='bbox 2886 1782 3054 1821; x_wconf 89' lang='lat' dir='ltr'><strong>cnrnu</strong></span> <span class='ocrx_word' id='word_1_564' title='bbox 3087 1769 3271 1821; x_wconf 88' lang='lat' dir='ltr'><strong>altaris</strong></span> <span class='ocrx_word' id='word_1_565' title='bbox 3308 1770 3431 1836; x_wconf 62' lang='lat' dir='ltr'><strong>legit</strong></span> 
     </span>
    </p>
   </div>
   <div class='ocr_carea' id='block_1_77' title="bbox 1848 1855 3432 1928">
    <p class='ocr_par' dir='ltr' id='par_1_77' title="bbox 1848 1855 3432 1928">
     <span class='ocr_line' id='line_1_77' title="bbox 1848 1855 3432 1928; baseline 0.005 -25"><span class='ocrx_word' id='word_1_566' title='bbox 1848 1868 2037 1907; x_wconf 90' lang='lat' dir='ltr'><strong>omnes</strong></span> <span class='ocrx_word' id='word_1_567' title='bbox 2070 1855 2187 1907; x_wconf 86' lang='lat' dir='ltr'><strong>illas</strong></span> <span class='ocrx_word' id='word_1_568' title='bbox 2218 1856 2478 1911; x_wconf 89' lang='lat' dir='ltr'><strong>lectiones</strong></span> <span class='ocrx_word' id='word_1_569' title='bbox 2508 1873 2628 1912; x_wconf 87' lang='lat' dir='ltr'><strong>cum</strong></span> <span class='ocrx_word' id='word_1_570' title='bbox 2677 1860 2897 1923; x_wconf 89' lang='lat' dir='ltr'><strong>litaniis,</strong></span> <span class='ocrx_word' id='word_1_571' title='bbox 2946 1870 3104 1928; x_wconf 88' lang='lat' dir='ltr'><strong>prout</strong></span> <span class='ocrx_word' id='word_1_572' title='bbox 3134 1861 3185 1913; x_wconf 93' lang='lat' dir='ltr'><strong>iu</strong></span> <span class='ocrx_word' id='word_1_573' title='bbox 3232 1860 3432 1914; x_wconf 86' lang='lat' dir='ltr'><strong>Missali</strong></span> 
     </span>
    </p>
   </div>
   <div class='ocr_carea' id='block_1_78' title="bbox 1849 1942 3430 2018">
    <p class='ocr_par' dir='ltr' id='par_1_78' title="bbox 1849 1942 3430 2018">
     <span class='ocr_line' id='line_1_78' title="bbox 1849 1942 3430 2018; baseline 0.004 -23"><span class='ocrx_word' id='word_1_574' title='bbox 1849 1942 2093 1997; x_wconf 75' lang='lat' dir='ltr'><strong>Romano</strong></span> <span class='ocrx_word' id='word_1_575' title='bbox 2113 1946 2477 2000; x_wconf 87' lang='lat' dir='ltr'><strong>continentur.</strong></span> <span class='ocrx_word' id='word_1_576' title='bbox 2513 1948 2716 2014; x_wconf 90' lang='lat' dir='ltr'><strong>Quibus</strong></span> <span class='ocrx_word' id='word_1_577' title='bbox 2746 1950 2917 2014; x_wconf 89' lang='lat' dir='ltr'><strong>lectis,</strong></span> <span class='ocrx_word' id='word_1_578' title='bbox 2945 1950 3113 2003; x_wconf 90' lang='lat' dir='ltr'><strong>induit</strong></span> <span class='ocrx_word' id='word_1_579' title='bbox 3140 1952 3430 2018; x_wconf 83' lang='lat' dir='ltr'><strong>planetam,</strong></span> 
     </span>
    </p>
   </div>
   <div class='ocr_carea' id='block_1_79' title="bbox 1847 2035 3433 2105">
    <p class='ocr_par' dir='ltr' id='par_1_79' title="bbox 1847 2035 3433 2105">
     <span class='ocr_line' id='line_1_79' title="bbox 1847 2035 3433 2105; baseline 0.003 -18"><span class='ocrx_word' id='word_1_580' title='bbox 1847 2045 1902 2087; x_wconf 91' lang='lat' dir='ltr'><strong>et</strong></span> <span class='ocrx_word' id='word_1_581' title='bbox 1936 2035 2064 2088; x_wconf 81' lang='lat' dir='ltr'><strong>facit</strong></span> <span class='ocrx_word' id='word_1_582' title='bbox 2091 2035 2488 2092; x_wconf 75' lang='lat' dir='ltr'><strong>conie5sionem</strong></span> <span class='ocrx_word' id='word_1_583' title='bbox 2518 2053 2669 2093; x_wconf 93' lang='lat' dir='ltr'><strong>more</strong></span> <span class='ocrx_word' id='word_1_584' title='bbox 2708 2040 2888 2105; x_wconf 85' lang='lat' dir='ltr'><strong>solito,</strong></span> <span class='ocrx_word' id='word_1_585' title='bbox 2939 2047 2995 2094; x_wconf 91' lang='lat' dir='ltr'><strong>et</strong></span> <span class='ocrx_word' id='word_1_586' title='bbox 3018 2038 3351 2093; x_wconf 82' lang='lat' dir='ltr'><strong>dicitGloria</strong></span> <span class='ocrx_word' id='word_1_587' title='bbox 3380 2040 3433 2091; x_wconf 85' lang='lat' dir='ltr'><strong>in</strong></span> 
     </span>
    </p>
   </div>
   <div class='ocr_carea' id='block_1_80' title="bbox 1848 2128 2061 2179">
    <p class='ocr_par' dir='ltr' id='par_1_80' title="bbox 1848 2128 2061 2179">
     <span class='ocr_line' id='line_1_80' title="bbox 1848 2128 2061 2179; baseline 0.005 -1"><span class='ocrx_word' id='word_1_588' title='bbox 1848 2128 2061 2179; x_wconf 73' lang='lat' dir='ltr'><strong>excelsis</strong></span> 
     </span>
    </p>
   </div>
   <div class='ocr_carea' id='block_1_81' title="bbox 2064 2216 3207 2286">
    <p class='ocr_par' dir='ltr' id='par_1_81' title="bbox 2064 2216 3207 2286">
     <span class='ocr_line' id='line_1_81' title="bbox 2064 2216 3207 2286; baseline 0 -17"><span class='ocrx_word' id='word_1_589' title='bbox 2064 2216 2248 2270; x_wconf 71' lang='lat' dir='ltr'><strong>XCVI.</strong></span> <span class='ocrx_word' id='word_1_590' title='bbox 2292 2217 2367 2271; x_wconf 87' lang='lat' dir='ltr'><strong>De</strong></span> <span class='ocrx_word' id='word_1_591' title='bbox 2393 2220 2521 2286; x_wconf 77' lang='lat' dir='ltr'><strong>festo</strong></span> <span class='ocrx_word' id='word_1_592' title='bbox 2552 2219 2889 2272; x_wconf 77' lang='lat' dir='ltr'><strong>sanctissima:</strong></span> <span class='ocrx_word' id='word_1_593' title='bbox 2922 2218 3207 2271; x_wconf 78' lang='lat' dir='ltr'><strong>Trinitatis.</strong></span> 
     </span>
    </p>
   </div>
   <div class='ocr_carea' id='block_1_82' title="bbox 1926 2307 3431 2378">
    <p class='ocr_par' dir='ltr' id='par_1_82' title="bbox 1926 2307 3431 2378">
     <span class='ocr_line' id='line_1_82' title="bbox 1926 2307 3431 2378; baseline -0.002 -18"><span class='ocrx_word' id='word_1_594' title='bbox 1926 2307 1980 2360; x_wconf 95' lang='lat' dir='ltr'><strong>In</strong></span> <span class='ocrx_word' id='word_1_595' title='bbox 2012 2308 2097 2361; x_wconf 89' lang='lat' dir='ltr'><strong>die</strong></span> <span class='ocrx_word' id='word_1_596' title='bbox 2137 2316 2337 2362; x_wconf 73' lang='lat' dir='ltr'><strong>sancta:</strong></span> <span class='ocrx_word' id='word_1_597' title='bbox 2368 2309 2665 2374; x_wconf 83' lang='lat' dir='ltr'><strong>Trinitatis,</strong></span> <span class='ocrx_word' id='word_1_598' title='bbox 2696 2309 2836 2378; x_wconf 88' lang='lat' dir='ltr'><strong>quod</strong></span> <span class='ocrx_word' id='word_1_599' title='bbox 2868 2318 2950 2363; x_wconf 90' lang='lat' dir='ltr'><strong>est</strong></span> <span class='ocrx_word' id='word_1_600' title='bbox 2980 2310 3029 2362; x_wconf 92' lang='lat' dir='ltr'><strong>iu</strong></span> <span class='ocrx_word' id='word_1_601' title='bbox 3058 2309 3272 2362; x_wconf 83' lang='lat' dir='ltr'><strong>Octavis</strong></span> <span class='ocrx_word' id='word_1_602' title='bbox 3298 2309 3431 2359; x_wconf 83' lang='lat' dir='ltr'><strong>Pen-</strong></span> 
     </span>
    </p>
   </div>
   <div class='ocr_carea' id='block_1_83' title="bbox 1855 2400 3435 2472">
    <p class='ocr_par' dir='ltr' id='par_1_83' title="bbox 1855 2400 3435 2472">
     <span class='ocr_line' id='line_1_83' title="bbox 1855 2400 3435 2472; baseline -0.001 -15"><span class='ocrx_word' id='word_1_603' title='bbox 1855 2413 2107 2466; x_wconf 79' lang='lat' dir='ltr'><strong>tecostes,</strong></span> <span class='ocrx_word' id='word_1_604' title='bbox 2160 2406 2361 2457; x_wconf 86' lang='lat' dir='ltr'><strong>utimur</strong></span> <span class='ocrx_word' id='word_1_605' title='bbox 2406 2405 2731 2472; x_wconf 87' lang='lat' dir='ltr'><strong>paramentis</strong></span> <span class='ocrx_word' id='word_1_606' title='bbox 2770 2404 2930 2459; x_wconf 87' lang='lat' dir='ltr'><strong>albis.</strong></span> <span class='ocrx_word' id='word_1_607' title='bbox 2970 2403 3162 2458; x_wconf 90' lang='lat' dir='ltr'><strong>Sermo</strong></span> <span class='ocrx_word' id='word_1_608' title='bbox 3195 2411 3248 2455; x_wconf 90' lang='lat' dir='ltr'><strong>et</strong></span> <span class='ocrx_word' id='word_1_609' title='bbox 3277 2400 3435 2455; x_wconf 85' lang='lat' dir='ltr'><strong>Missa</strong></span> 
     </span>
    </p>
   </div>
   <div class='ocr_carea' id='block_1_84' title="bbox 1857 2494 3434 2563">
    <p class='ocr_par' dir='ltr' id='par_1_84' title="bbox 1857 2494 3434 2563">
     <span class='ocr_line' id='line_1_84' title="bbox 1857 2494 3434 2563; baseline -0.002 -15"><span class='ocrx_word' id='word_1_610' title='bbox 1857 2496 2196 2549; x_wconf 88' lang='lat' dir='ltr'><strong>mandantur.</strong></span> <span class='ocrx_word' id='word_1_611' title='bbox 2222 2494 2394 2547; x_wconf 82' lang='lat' dir='ltr'><strong>Habet</strong></span> <span class='ocrx_word' id='word_1_612' title='bbox 2424 2494 2685 2562; x_wconf 89' lang='lat' dir='ltr'><strong>Vesperas</strong></span> <span class='ocrx_word' id='word_1_613' title='bbox 2708 2496 3097 2563; x_wconf 74' lang='lat' dir='ltr'><strong>prteceilentes,</strong></span> <span class='ocrx_word' id='word_1_614' title='bbox 3124 2510 3226 2547; x_wconf 92' lang='lat' dir='ltr'><strong>non</strong></span> <span class='ocrx_word' id='word_1_615' title='bbox 3256 2502 3434 2547; x_wconf 88' lang='lat' dir='ltr'><strong>tamen</strong></span> 
     </span>
    </p>
   </div>
   <div class='ocr_carea' id='block_1_85' title="bbox 1856 2584 3438 2649">
    <p class='ocr_par' dir='ltr' id='par_1_85' title="bbox 1856 2584 3438 2649">
     <span class='ocr_line' id='line_1_85' title="bbox 1856 2584 3438 2649; baseline 0 -12"><span class='ocrx_word' id='word_1_616' title='bbox 1856 2585 2154 2647; x_wconf 83' lang='lat' dir='ltr'><strong>mandatas,</strong></span> <span class='ocrx_word' id='word_1_617' title='bbox 2182 2586 2305 2638; x_wconf 86' lang='lat' dir='ltr'><strong>licet</strong></span> <span class='ocrx_word' id='word_1_618' title='bbox 2328 2584 2628 2638; x_wconf 89' lang='lat' dir='ltr'><strong>cardinales</strong></span> <span class='ocrx_word' id='word_1_619' title='bbox 2655 2586 2759 2637; x_wconf 89' lang='lat' dir='ltr'><strong>sint</strong></span> <span class='ocrx_word' id='word_1_620' title='bbox 2782 2584 2950 2638; x_wconf 88' lang='lat' dir='ltr'><strong>induti</strong></span> <span class='ocrx_word' id='word_1_621' title='bbox 2975 2585 3025 2637; x_wconf 90' lang='lat' dir='ltr'><strong>in</strong></span> <span class='ocrx_word' id='word_1_622' title='bbox 3052 2586 3205 2648; x_wconf 88' lang='lat' dir='ltr'><strong>albis,</strong></span> <span class='ocrx_word' id='word_1_623' title='bbox 3230 2592 3282 2635; x_wconf 89' lang='lat' dir='ltr'><strong>ct</strong></span> <span class='ocrx_word' id='word_1_624' title='bbox 3306 2596 3438 2649; x_wconf 81' lang='lat' dir='ltr'><strong>papa</strong></span> 
     </span>
    </p>
   </div>
   <div class='ocr_carea' id='block_1_86' title="bbox 1857 2673 3437 2741">
    <p class='ocr_par' dir='ltr' id='par_1_86' title="bbox 1857 2673 3437 2741">
     <span class='ocr_line' id='line_1_86' title="bbox 1857 2673 3437 2741; baseline -0.001 -14"><span class='ocrx_word' id='word_1_625' title='bbox 1857 2691 1978 2727; x_wconf 91' lang='lat' dir='ltr'><strong>cum</strong></span> <span class='ocrx_word' id='word_1_626' title='bbox 2030 2675 2245 2741; x_wconf 91' lang='lat' dir='ltr'><strong>pluviali</strong></span> <span class='ocrx_word' id='word_1_627' title='bbox 2290 2676 2455 2728; x_wconf 87' lang='lat' dir='ltr'><strong>ruben</strong></span> <span class='ocrx_word' id='word_1_628' title='bbox 2486 2676 2554 2729; x_wconf 87' lang='lat' dir='ltr'><strong>de</strong></span> <span class='ocrx_word' id='word_1_629' title='bbox 2593 2676 2787 2729; x_wconf 89' lang='lat' dir='ltr'><strong>samito</strong></span> <span class='ocrx_word' id='word_1_630' title='bbox 2831 2683 2887 2728; x_wconf 89' lang='lat' dir='ltr'><strong>et</strong></span> <span class='ocrx_word' id='word_1_631' title='bbox 2927 2674 3253 2728; x_wconf 85' lang='lat' dir='ltr'><strong>aurifrisiata</strong></span> <span class='ocrx_word' id='word_1_632' title='bbox 3284 2673 3437 2725; x_wconf 87' lang='lat' dir='ltr'><strong>niitra</strong></span> 
     </span>
    </p>
   </div>
   <div class='ocr_carea' id='block_1_87' title="bbox 1854 2764 2231 2820">
    <p class='ocr_par' dir='ltr' id='par_1_87' title="bbox 1854 2764 2231 2820">
     <span class='ocr_line' id='line_1_87' title="bbox 1854 2764 2231 2820; baseline -0.005 0"><span class='ocrx_word' id='word_1_633' title='bbox 1854 2764 2231 2820; x_wconf 89' lang='lat' dir='ltr'><strong>consistoriali.</strong></span> 
     </span>
    </p>
   </div>
   <div class='ocr_carea' id='block_1_88' title="bbox 2175 2855 3109 2911">
    <p class='ocr_par' dir='ltr' id='par_1_88' title="bbox 2175 2855 3109 2911">
     <span class='ocr_line' id='line_1_88' title="bbox 2175 2855 3109 2911; baseline -0.003 0"><span class='ocrx_word' id='word_1_634' title='bbox 2175 2856 2379 2911; x_wconf 80' lang='lat' dir='ltr'><strong>XCVII.</strong></span> <span class='ocrx_word' id='word_1_635' title='bbox 2422 2857 2496 2911; x_wconf 79' lang='lat' dir='ltr'><strong>De</strong></span> <span class='ocrx_word' id='word_1_636' title='bbox 2540 2856 2812 2911; x_wconf 79' lang='lat' dir='ltr'><strong>Matutinis</strong></span> <span class='ocrx_word' id='word_1_637' title='bbox 2845 2865 2892 2910; x_wconf 87' lang='lat' dir='ltr'><strong>et</strong></span> <span class='ocrx_word' id='word_1_638' title='bbox 2924 2855 3109 2910; x_wconf 82' lang='lat' dir='ltr'><strong>Missa.</strong></span> 
     </span>
    </p>
   </div>
   <div class='ocr_carea' id='block_1_89' title="bbox 1929 2944 3438 3014">
    <p class='ocr_par' dir='ltr' id='par_1_89' title="bbox 1929 2944 3438 3014">
     <span class='ocr_line' id='line_1_89' title="bbox 1929 2944 3438 3014; baseline -0.003 -15"><span class='ocrx_word' id='word_1_639' title='bbox 1929 2947 1985 2999; x_wconf 92' lang='lat' dir='ltr'><strong>In</strong></span> <span class='ocrx_word' id='word_1_640' title='bbox 2019 2947 2291 3001; x_wconf 85' lang='lat' dir='ltr'><strong>Matutinis</strong></span> <span class='ocrx_word' id='word_1_641' title='bbox 2332 2962 2462 3014; x_wconf 89' lang='lat' dir='ltr'><strong>papa</strong></span> <span class='ocrx_word' id='word_1_642' title='bbox 2493 2947 2559 3001; x_wconf 90' lang='lat' dir='ltr'><strong>de</strong></span> <span class='ocrx_word' id='word_1_643' title='bbox 2588 2961 2713 3001; x_wconf 90' lang='lat' dir='ltr'><strong>sero</strong></span> <span class='ocrx_word' id='word_1_644' title='bbox 2742 2962 2863 3001; x_wconf 89' lang='lat' dir='ltr'><strong>cum</strong></span> <span class='ocrx_word' id='word_1_645' title='bbox 2896 2946 3007 3000; x_wconf 89' lang='lat' dir='ltr'><strong>suis</strong></span> <span class='ocrx_word' id='word_1_646' title='bbox 3043 2944 3279 3013; x_wconf 69' lang='lat' dir='ltr'><strong>prmlatis</strong></span> <span class='ocrx_word' id='word_1_647' title='bbox 3307 2958 3438 2997; x_wconf 88' lang='lat' dir='ltr'><strong>cou-</strong></span> 
     </span>
    </p>
   </div>
   <div class='ocr_carea' id='block_1_90' title="bbox 1858 3034 3440 3107">
    <p class='ocr_par' dir='ltr' id='par_1_90' title="bbox 1858 3034 3440 3107">
     <span class='ocr_line' id='line_1_90' title="bbox 1858 3034 3440 3107; baseline -0.004 -15"><span class='ocrx_word' id='word_1_648' title='bbox 1858 3040 2032 3093; x_wconf 90' lang='lat' dir='ltr'><strong>suevit</strong></span> <span class='ocrx_word' id='word_1_649' title='bbox 2075 3040 2261 3092; x_wconf 91' lang='lat' dir='ltr'><strong>audire</strong></span> <span class='ocrx_word' id='word_1_650' title='bbox 2288 3050 2341 3093; x_wconf 85' lang='lat' dir='ltr'><strong>et</strong></span> <span class='ocrx_word' id='word_1_651' title='bbox 2373 3040 2475 3092; x_wconf 90' lang='lat' dir='ltr'><strong>alia</strong></span> <span class='ocrx_word' id='word_1_652' title='bbox 2524 3040 2698 3093; x_wconf 85' lang='lat' dir='ltr'><strong>facere</strong></span> <span class='ocrx_word' id='word_1_653' title='bbox 2726 3046 2888 3107; x_wconf 88' lang='lat' dir='ltr'><strong>prout</strong></span> <span class='ocrx_word' id='word_1_654' title='bbox 2930 3038 2980 3090; x_wconf 91' lang='lat' dir='ltr'><strong>in</strong></span> <span class='ocrx_word' id='word_1_655' title='bbox 3013 3036 3149 3090; x_wconf 90' lang='lat' dir='ltr'><strong>aliis.</strong></span> <span class='ocrx_word' id='word_1_656' title='bbox 3198 3034 3349 3100; x_wconf 84' lang='lat' dir='ltr'><strong>Quod</strong></span> <span class='ocrx_word' id='word_1_657' title='bbox 3397 3035 3440 3086; x_wconf 84' lang='lat' dir='ltr'><strong>si</strong></span> 
     </span>
    </p>
   </div>
   <div class='ocr_carea' id='block_1_91' title="bbox 1860 3122 3443 3198">
    <p class='ocr_par' dir='ltr' id='par_1_91' title="bbox 1860 3122 3443 3198">
     <span class='ocr_line' id='line_1_91' title="bbox 1860 3122 3443 3198; baseline -0.006 -13"><span class='ocrx_word' id='word_1_658' title='bbox 1860 3132 2111 3185; x_wconf 84' lang='lat' dir='ltr'><strong>dominus</strong></span> <span class='ocrx_word' id='word_1_659' title='bbox 2141 3144 2277 3198; x_wconf 88' lang='lat' dir='ltr'><strong>papa</strong></span> <span class='ocrx_word' id='word_1_660' title='bbox 2310 3130 2547 3184; x_wconf 90' lang='lat' dir='ltr'><strong>celebret</strong></span> <span class='ocrx_word' id='word_1_661' title='bbox 2572 3131 2657 3182; x_wconf 88' lang='lat' dir='ltr'><strong>illa</strong></span> <span class='ocrx_word' id='word_1_662' title='bbox 2689 3128 2797 3194; x_wconf 90' lang='lat' dir='ltr'><strong>die,</strong></span> <span class='ocrx_word' id='word_1_663' title='bbox 2828 3128 2993 3182; x_wconf 83' lang='lat' dir='ltr'><strong>servit</strong></span> <span class='ocrx_word' id='word_1_664' title='bbox 3038 3127 3138 3179; x_wconf 90' lang='lat' dir='ltr'><strong>sibi</strong></span> <span class='ocrx_word' id='word_1_665' title='bbox 3170 3123 3222 3177; x_wconf 92' lang='lat' dir='ltr'><strong>in</strong></span> <span class='ocrx_word' id='word_1_666' title='bbox 3269 3122 3443 3177; x_wconf 81' lang='lat' dir='ltr'><strong>ofﬁcio</strong></span> 
     </span>
    </p>
   </div>
   <div class='ocr_carea' id='block_1_92' title="bbox 1861 3218 3106 3290">
    <p class='ocr_par' dir='ltr' id='par_1_92' title="bbox 1861 3218 3106 3290">
     <span class='ocr_line' id='line_1_92' title="bbox 1861 3218 3106 3290; baseline -0.006 -14"><span class='ocrx_word' id='word_1_667' title='bbox 1861 3222 2119 3290; x_wconf 72' lang='lat' dir='ltr'><strong>capel‘ani</strong></span> <span class='ocrx_word' id='word_1_668' title='bbox 2153 3223 2298 3290; x_wconf 79' lang='lat' dir='ltr'><strong>prior</strong></span> <span class='ocrx_word' id='word_1_669' title='bbox 2328 3222 2700 3289; x_wconf 85' lang='lat' dir='ltr'><strong>episcoporum</strong></span> <span class='ocrx_word' id='word_1_670' title='bbox 2730 3218 3106 3272; x_wconf 87' lang='lat' dir='ltr'><strong>cardinalium.</strong></span> 
     </span>
    </p>
   </div>
   <div class='ocr_carea' id='block_1_93' title="bbox 1931 3309 3443 3375">
    <p class='ocr_par' dir='ltr' id='par_1_93' title="bbox 1931 3309 3443 3375">
     <span class='ocr_line' id='line_1_93' title="bbox 1931 3309 3443 3375; baseline -0.006 -8"><span class='ocrx_word' id='word_1_671' title='bbox 1931 3315 1984 3367; x_wconf 92' lang='lat' dir='ltr'><strong>lu</strong></span> <span class='ocrx_word' id='word_1_672' title='bbox 2011 3314 2162 3367; x_wconf 85' lang='lat' dir='ltr'><strong>Missa</strong></span> <span class='ocrx_word' id='word_1_673' title='bbox 2186 3327 2290 3367; x_wconf 90' lang='lat' dir='ltr'><strong>non</strong></span> <span class='ocrx_word' id='word_1_674' title='bbox 2317 3314 2373 3366; x_wconf 87' lang='lat' dir='ltr'><strong>lit</strong></span> <span class='ocrx_word' id='word_1_675' title='bbox 2392 3311 2830 3366; x_wconf 89' lang='lat' dir='ltr'><strong>commemoratio</strong></span> <span class='ocrx_word' id='word_1_676' title='bbox 2851 3311 2917 3364; x_wconf 89' lang='lat' dir='ltr'><strong>de</strong></span> <span class='ocrx_word' id='word_1_677' title='bbox 2942 3309 3238 3372; x_wconf 88' lang='lat' dir='ltr'><strong>Dominica,</strong></span> <span class='ocrx_word' id='word_1_678' title='bbox 3261 3321 3443 3375; x_wconf 86' lang='lat' dir='ltr'><strong>quam-</strong></span> 
     </span>
    </p>
   </div>
   <div class='ocr_carea' id='block_1_94' title="bbox 1858 3398 3440 3473">
    <p class='ocr_par' dir='ltr' id='par_1_94' title="bbox 1858 3398 3440 3473">
     <span class='ocr_line' id='line_1_94' title="bbox 1858 3398 3440 3473; baseline -0.006 -16"><span class='ocrx_word' id='word_1_679' title='bbox 1858 3406 1937 3458; x_wconf 88' lang='lat' dir='ltr'><strong>vis</strong></span> <span class='ocrx_word' id='word_1_680' title='bbox 1962 3406 2013 3457; x_wconf 90' lang='lat' dir='ltr'><strong>in</strong></span> <span class='ocrx_word' id='word_1_681' title='bbox 2045 3404 2234 3473; x_wconf 87' lang='lat' dir='ltr'><strong>primis</strong></span> <span class='ocrx_word' id='word_1_682' title='bbox 2274 3402 2519 3471; x_wconf 82' lang='lat' dir='ltr'><strong>Vesperis</strong></span> <span class='ocrx_word' id='word_1_683' title='bbox 2562 3411 2615 3456; x_wconf 89' lang='lat' dir='ltr'><strong>et</strong></span> <span class='ocrx_word' id='word_1_684' title='bbox 2650 3400 2922 3455; x_wconf 87' lang='lat' dir='ltr'><strong>Matutinis</strong></span> <span class='ocrx_word' id='word_1_685' title='bbox 2969 3400 3058 3452; x_wconf 84' lang='lat' dir='ltr'><strong>ﬁat</strong></span> <span class='ocrx_word' id='word_1_686' title='bbox 3084 3412 3220 3452; x_wconf 91' lang='lat' dir='ltr'><strong>noua</strong></span> <span class='ocrx_word' id='word_1_687' title='bbox 3262 3398 3440 3459; x_wconf 70' lang='lat' dir='ltr'><strong>lcetio,</strong></span> 
     </span>
    </p>
   </div>
   <div class='ocr_carea' id='block_1_95' title="bbox 1858 3488 3440 3557">
    <p class='ocr_par' dir='ltr' id='par_1_95' title="bbox 1858 3488 3440 3557">
     <span class='ocr_line' id='line_1_95' title="bbox 1858 3488 3440 3557; baseline -0.005 -10"><span class='ocrx_word' id='word_1_688' title='bbox 1858 3503 1911 3547; x_wconf 90' lang='lat' dir='ltr'><strong>et</strong></span> <span class='ocrx_word' id='word_1_689' title='bbox 1939 3494 2004 3547; x_wconf 89' lang='lat' dir='ltr'><strong>ad</strong></span> <span class='ocrx_word' id='word_1_690' title='bbox 2038 3494 2475 3549; x_wconf 87' lang='lat' dir='ltr'><strong>Benedictiouem</strong></span> <span class='ocrx_word' id='word_1_691' title='bbox 2505 3492 2968 3557; x_wconf 88' lang='lat' dir='ltr'><strong>commemoratio,</strong></span> <span class='ocrx_word' id='word_1_692' title='bbox 3001 3500 3056 3545; x_wconf 88' lang='lat' dir='ltr'><strong>et</strong></span> <span class='ocrx_word' id='word_1_693' title='bbox 3094 3491 3146 3544; x_wconf 92' lang='lat' dir='ltr'><strong>in</strong></span> <span class='ocrx_word' id='word_1_694' title='bbox 3190 3488 3440 3542; x_wconf 68' lang='lat' dir='ltr'><strong>srcundis</strong></span> 
     </span>
    </p>
   </div>
   <div class='ocr_carea' id='block_1_96' title="bbox 1861 3583 3436 3657">
    <p class='ocr_par' dir='ltr' id='par_1_96' title="bbox 1861 3583 3436 3657">
     <span class='ocr_line' id='line_1_96' title="bbox 1861 3583 3436 3657; baseline -0.001 -21"><span class='ocrx_word' id='word_1_695' title='bbox 1861 3583 2131 3654; x_wconf 88' lang='lat' dir='ltr'><strong>Vesperis.</strong></span> <span class='ocrx_word' id='word_1_696' title='bbox 2158 3584 2301 3641; x_wconf 90' lang='lat' dir='ltr'><strong>Istud</strong></span> <span class='ocrx_word' id='word_1_697' title='bbox 2328 3584 2519 3641; x_wconf 79' lang='lat' dir='ltr'><strong>fesmm</strong></span> <span class='ocrx_word' id='word_1_698' title='bbox 2544 3586 2856 3657; x_wconf 64' lang='lat' dir='ltr'><strong>praedictum</strong></span> <span class='ocrx_word' id='word_1_699' title='bbox 2876 3600 2980 3638; x_wconf 93' lang='lat' dir='ltr'><strong>non</strong></span> <span class='ocrx_word' id='word_1_700' title='bbox 3007 3584 3164 3637; x_wconf 83' lang='lat' dir='ltr'><strong>habet</strong></span> <span class='ocrx_word' id='word_1_701' title='bbox 3187 3584 3436 3636; x_wconf 89' lang='lat' dir='ltr'><strong>Octavas.</strong></span> 
     </span>
    </p>
   </div>
   <div class='ocr_carea' id='block_1_97' title="bbox 1859 3674 3443 3735">
    <p class='ocr_par' dir='ltr' id='par_1_97' title="bbox 1859 3674 3443 3735">
     <span class='ocr_line' id='line_1_97' title="bbox 1859 3674 3443 3735; baseline -0.002 -7"><span class='ocrx_word' id='word_1_702' title='bbox 1859 3674 2217 3728; x_wconf 80' lang='lat' dir='ltr'><strong>Nihilominus</strong></span> <span class='ocrx_word' id='word_1_703' title='bbox 2261 3677 2304 3729; x_wconf 90' lang='lat' dir='ltr'><strong>si</strong></span> <span class='ocrx_word' id='word_1_704' title='bbox 2357 3677 2537 3729; x_wconf 82' lang='lat' dir='ltr'><strong>veniet</strong></span> <span class='ocrx_word' id='word_1_705' title='bbox 2585 3677 2637 3728; x_wconf 90' lang='lat' dir='ltr'><strong>in</strong></span> <span class='ocrx_word' id='word_1_706' title='bbox 2688 3674 2825 3730; x_wconf 81' lang='lat' dir='ltr'><strong>festo</strong></span> <span class='ocrx_word' id='word_1_707' title='bbox 2852 3674 3021 3729; x_wconf 83' lang='lat' dir='ltr'><strong>sancti</strong></span> <span class='ocrx_word' id='word_1_708' title='bbox 3064 3674 3338 3735; x_wconf 72' lang='lat' dir='ltr'><strong>Barnahm,</strong></span> <span class='ocrx_word' id='word_1_709' title='bbox 3375 3674 3443 3725; x_wconf 85' lang='lat' dir='ltr'><strong>de</strong></span> 
     </span>
    </p>
   </div>
   <div class='ocr_carea' id='block_1_98' title="bbox 1863 3763 3445 3829">
    <p class='ocr_par' dir='ltr' id='par_1_98' title="bbox 1863 3763 3445 3829">
     <span class='ocr_line' id='line_1_98' title="bbox 1863 3763 3445 3829; baseline 0.001 -13"><span class='ocrx_word' id='word_1_710' title='bbox 1863 3764 2128 3817; x_wconf 82' lang='lat' dir='ltr'><strong>&#39;l‘rinitate</strong></span> <span class='ocrx_word' id='word_1_711' title='bbox 2158 3763 2440 3829; x_wconf 88' lang='lat' dir='ltr'><strong>faciamus,</strong></span> <span class='ocrx_word' id='word_1_712' title='bbox 2466 3775 2522 3819; x_wconf 90' lang='lat' dir='ltr'><strong>et</strong></span> <span class='ocrx_word' id='word_1_713' title='bbox 2548 3766 2747 3818; x_wconf 90' lang='lat' dir='ltr'><strong>nullam</strong></span> <span class='ocrx_word' id='word_1_714' title='bbox 2781 3767 3342 3820; x_wconf 86' lang='lat' dir='ltr'><strong>commemorationem</strong></span> <span class='ocrx_word' id='word_1_715' title='bbox 3378 3763 3445 3817; x_wconf 87' lang='lat' dir='ltr'><strong>de</strong></span> 
     </span>
    </p>
   </div>
   <div class='ocr_carea' id='block_1_99' title="bbox 1863 3855 2341 3907">
    <p class='ocr_par' dir='ltr' id='par_1_99' title="bbox 1863 3855 2341 3907">
     <span class='ocr_line' id='line_1_99' title="bbox 1863 3855 2341 3907; baseline 0 0"><span class='ocrx_word' id='word_1_716' title='bbox 1863 3864 2049 3907; x_wconf 84' lang='lat' dir='ltr'><strong>sancto</strong></span> <span class='ocrx_word' id='word_1_717' title='bbox 2077 3855 2341 3907; x_wconf 88' lang='lat' dir='ltr'><strong>Barnaha.</strong></span> 
     </span>
    </p>
   </div>
   <div class='ocr_carea' id='block_1_100' title="bbox 1936 3947 3443 4018">
    <p class='ocr_par' dir='ltr' id='par_1_100' title="bbox 1936 3947 3443 4018">
     <span class='ocr_line' id='line_1_100' title="bbox 1936 3947 3443 4018; baseline -0.002 -16"><span class='ocrx_word' id='word_1_718' title='bbox 1936 3950 2067 4002; x_wconf 81' lang='lat' dir='ltr'><strong>Nota</strong></span> <span class='ocrx_word' id='word_1_719' title='bbox 2100 3950 2238 4018; x_wconf 90' lang='lat' dir='ltr'><strong>quod</strong></span> <span class='ocrx_word' id='word_1_720' title='bbox 2268 3964 2411 4001; x_wconf 88' lang='lat' dir='ltr'><strong>anno</strong></span> <span class='ocrx_word' id='word_1_721' title='bbox 2446 3948 2655 4001; x_wconf 85' lang='lat' dir='ltr'><strong>Domini</strong></span> <span class='ocrx_word' id='word_1_722' title='bbox 2692 3948 2823 4000; x_wconf 69' lang='lat' dir='ltr'><strong>I512</strong></span> <span class='ocrx_word' id='word_1_723' title='bbox 2862 3948 3201 4016; x_wconf 83' lang='lat' dir='ltr'><strong>pontiﬁcatus</strong></span> <span class='ocrx_word' id='word_1_724' title='bbox 3240 3947 3443 4000; x_wconf 87' lang='lat' dir='ltr'><strong>domini</strong></span> 
     </span>
    </p>
   </div>
   <div class='ocr_carea' id='block_1_101' title="bbox 1868 4039 3443 4104">
    <p class='ocr_par' dir='ltr' id='par_1_101' title="bbox 1868 4039 3443 4104">
     <span class='ocr_line' id='line_1_101' title="bbox 1868 4039 3443 4104; baseline -0.004 -9"><span class='ocrx_word' id='word_1_725' title='bbox 1868 4042 2123 4095; x_wconf 83' lang='lat' dir='ltr'><strong>Bonifacii</strong></span> <span class='ocrx_word' id='word_1_726' title='bbox 2158 4040 2289 4104; x_wconf 81' lang='lat' dir='ltr'><strong>VIII,</strong></span> <span class='ocrx_word' id='word_1_727' title='bbox 2320 4041 2371 4093; x_wconf 89' lang='lat' dir='ltr'><strong>in</strong></span> <span class='ocrx_word' id='word_1_728' title='bbox 2410 4041 2495 4094; x_wconf 90' lang='lat' dir='ltr'><strong>die</strong></span> <span class='ocrx_word' id='word_1_729' title='bbox 2541 4048 2739 4092; x_wconf 69' lang='lat' dir='ltr'><strong>sancta:</strong></span> <span class='ocrx_word' id='word_1_730' title='bbox 2773 4040 3067 4102; x_wconf 85' lang='lat' dir='ltr'><strong>Trinitatis,</strong></span> <span class='ocrx_word' id='word_1_731' title='bbox 3100 4039 3393 4092; x_wconf 87' lang='lat' dir='ltr'><strong>celebravit</strong></span> <span class='ocrx_word' id='word_1_732' title='bbox 3418 4048 3443 4074; x_wconf 76' lang='grc' dir='ltr'><strong>ιι</strong></span> 
     </span>
    </p>
   </div>
   <div class='ocr_carea' id='block_1_102' title="bbox 1865 4131 3440 4201">
    <p class='ocr_par' dir='ltr' id='par_1_102' title="bbox 1865 4131 3440 4201">
     <span class='ocr_line' id='line_1_102' title="bbox 1865 4131 3440 4201; baseline -0.003 -14"><span class='ocrx_word' id='word_1_733' title='bbox 1865 4148 2043 4187; x_wconf 86' lang='lat' dir='ltr'><strong>coram</strong></span> <span class='ocrx_word' id='word_1_734' title='bbox 2069 4133 2121 4185; x_wconf 88' lang='lat' dir='ltr'><strong>in</strong></span> <span class='ocrx_word' id='word_1_735' title='bbox 2152 4132 2353 4197; x_wconf 88' lang='lat' dir='ltr'><strong>capella</strong></span> <span class='ocrx_word' id='word_1_736' title='bbox 2389 4145 2598 4197; x_wconf 79' lang='lat' dir='ltr'><strong>magna,</strong></span> <span class='ocrx_word' id='word_1_737' title='bbox 2636 4131 2793 4201; x_wconf 77' lang='lat'><strong>513</strong></span> <span class='ocrx_word' id='word_1_738' title='bbox 2815 4131 2933 4199; x_wconf 87' lang='lat' dir='ltr'><strong>quia</strong></span> <span class='ocrx_word' id='word_1_739' title='bbox 2968 4144 3097 4197; x_wconf 89' lang='lat' dir='ltr'><strong>papa</strong></span> <span class='ocrx_word' id='word_1_740' title='bbox 3120 4140 3233 4183; x_wconf 88' lang='lat' dir='ltr'><strong>erat</strong></span> <span class='ocrx_word' id='word_1_741' title='bbox 3262 4143 3440 4182; x_wconf 73' lang='lat' dir='ltr'><strong>manus</strong></span> 
     </span>
    </p>
   </div>
   <div class='ocr_carea' id='block_1_103' title="bbox 1864 4222 2785 4293">
    <p class='ocr_par' dir='ltr' id='par_1_103' title="bbox 1864 4222 2785 4293">
     <span class='ocr_line' id='line_1_103' title="bbox 1864 4222 2785 4293; baseline -0.004 -14"><span class='ocrx_word' id='word_1_742' title='bbox 1864 4226 2004 4281; x_wconf 87' lang='lat' dir='ltr'><strong>bene</strong></span> <span class='ocrx_word' id='word_1_743' title='bbox 2027 4224 2349 4293; x_wconf 87' lang='lat' dir='ltr'><strong>dispositus;</strong></span> <span class='ocrx_word' id='word_1_744' title='bbox 2377 4230 2434 4277; x_wconf 90' lang='lat' dir='ltr'><strong>et</strong></span> <span class='ocrx_word' id='word_1_745' title='bbox 2463 4222 2557 4275; x_wconf 89' lang='lat' dir='ltr'><strong>fuit</strong></span> <span class='ocrx_word' id='word_1_746' title='bbox 2587 4237 2785 4276; x_wconf 80' lang='lat' dir='ltr'><strong>sermo.</strong></span> 
     </span>
    </p>
   </div>
   <div class='ocr_carea' id='block_1_104' title="bbox 2032 4334 3258 4406">
    <p class='ocr_par' dir='ltr' id='par_1_104' title="bbox 2032 4334 3258 4406">
     <span class='ocr_line' id='line_1_104' title="bbox 2032 4334 3258 4406; baseline -0.002 -16"><span class='ocrx_word' id='word_1_747' title='bbox 2032 4334 2258 4390; x_wconf 83' lang='lat' dir='ltr'><strong>XCVIII.</strong></span> <span class='ocrx_word' id='word_1_748' title='bbox 2292 4335 2368 4389; x_wconf 86' lang='lat' dir='ltr'><strong>De</strong></span> <span class='ocrx_word' id='word_1_749' title='bbox 2396 4336 2523 4404; x_wconf 82' lang='lat' dir='ltr'><strong>[esto</strong></span> <span class='ocrx_word' id='word_1_750' title='bbox 2552 4334 2792 4406; x_wconf 79' lang='lat' dir='ltr'><strong>Corporis</strong></span> <span class='ocrx_word' id='word_1_751' title='bbox 2822 4335 3009 4389; x_wconf 82' lang='lat' dir='ltr'><strong>Christi</strong></span> <span class='ocrx_word' id='word_1_752' title='bbox 3037 4335 3258 4387; x_wconf 84' lang='lat' dir='ltr'><strong>rubrica.</strong></span> 
     </span>
    </p>
   </div>
   <div class='ocr_carea' id='block_1_105' title="bbox 1940 4445 3447 4515">
    <p class='ocr_par' dir='ltr' id='par_1_105' title="bbox 1940 4445 3447 4515">
     <span class='ocr_line' id='line_1_105' title="bbox 1940 4445 3447 4515; baseline -0.004 -13"><span class='ocrx_word' id='word_1_753' title='bbox 1940 4449 1997 4503; x_wconf 90' lang='lat' dir='ltr'><strong>In</strong></span> <span class='ocrx_word' id='word_1_754' title='bbox 2027 4450 2112 4502; x_wconf 90' lang='lat' dir='ltr'><strong>die</strong></span> <span class='ocrx_word' id='word_1_755' title='bbox 2141 4446 2394 4515; x_wconf 87' lang='lat' dir='ltr'><strong>Corporis</strong></span> <span class='ocrx_word' id='word_1_756' title='bbox 2419 4446 2615 4500; x_wconf 80' lang='lat' dir='ltr'><strong>Christi</strong></span> <span class='ocrx_word' id='word_1_757' title='bbox 2643 4460 2823 4499; x_wconf 92' lang='lat' dir='ltr'><strong>sermo</strong></span> <span class='ocrx_word' id='word_1_758' title='bbox 2848 4454 2900 4497; x_wconf 81' lang='lat' dir='ltr'><strong>et</strong></span> <span class='ocrx_word' id='word_1_759' title='bbox 2925 4445 3078 4498; x_wconf 84' lang='lat' dir='ltr'><strong>Missa</strong></span> <span class='ocrx_word' id='word_1_760' title='bbox 3104 4445 3447 4497; x_wconf 87' lang='lat' dir='ltr'><strong>mandantur.</strong></span> 
     </span>
    </p>
   </div>
   <div class='ocr_carea' id='block_1_106' title="bbox 1871 4534 3451 4605">
    <p class='ocr_par' dir='ltr' id='par_1_106' title="bbox 1871 4534 3451 4605">
     <span class='ocr_line' id='line_1_106' title="bbox 1871 4534 3451 4605; baseline -0.003 -12"><span class='ocrx_word' id='word_1_761' title='bbox 1871 4541 2277 4593; x_wconf 79' lang='lat' dir='ltr'><strong>Consuevernnt</strong></span> <span class='ocrx_word' id='word_1_762' title='bbox 2350 4536 2596 4605; x_wconf 77' lang='lat' dir='ltr'><strong>Vespera:</strong></span> <span class='ocrx_word' id='word_1_763' title='bbox 2658 4537 3022 4604; x_wconf 68' lang='lat' dir='ltr'><strong>praecedentes</strong></span> <span class='ocrx_word' id='word_1_764' title='bbox 3085 4534 3330 4589; x_wconf 88' lang='lat' dir='ltr'><strong>mandari</strong></span> <span class='ocrx_word' id='word_1_765' title='bbox 3383 4537 3451 4590; x_wconf 79' lang='lat' dir='ltr'><strong>de</strong></span> 
     </span>
    </p>
   </div>
   <div class='ocr_carea' id='block_1_107' title="bbox 1866 4632 3450 4703">
    <p class='ocr_par' dir='ltr' id='par_1_107' title="bbox 1866 4632 3450 4703">
     <span class='ocr_line' id='line_1_107' title="bbox 1866 4632 3450 4703; baseline -0.001 -17"><span class='ocrx_word' id='word_1_766' title='bbox 1866 4636 2038 4703; x_wconf 78' lang='lat' dir='ltr'><strong>gratia</strong></span> <span class='ocrx_word' id='word_1_767' title='bbox 2068 4633 2289 4699; x_wconf 83' lang='lat' dir='ltr'><strong>speciali</strong></span> <span class='ocrx_word' id='word_1_768' title='bbox 2319 4646 2476 4686; x_wconf 89' lang='lat' dir='ltr'><strong>causa</strong></span> <span class='ocrx_word' id='word_1_769' title='bbox 2510 4632 2810 4686; x_wconf 87' lang='lat' dir='ltr'><strong>devotionis</strong></span> <span class='ocrx_word' id='word_1_770' title='bbox 2833 4671 2848 4694; x_wconf 94' lang='lat'><strong>,</strong></span> <span class='ocrx_word' id='word_1_771' title='bbox 2877 4640 2931 4685; x_wconf 91' lang='lat' dir='ltr'><strong>et</strong></span> <span class='ocrx_word' id='word_1_772' title='bbox 2960 4640 3084 4686; x_wconf 91' lang='lat' dir='ltr'><strong>tunc</strong></span> <span class='ocrx_word' id='word_1_773' title='bbox 3127 4646 3260 4700; x_wconf 88' lang='lat' dir='ltr'><strong>papa</strong></span> <span class='ocrx_word' id='word_1_774' title='bbox 3305 4632 3450 4685; x_wconf 85' lang='lat' dir='ltr'><strong>venit</strong></span> 
     </span>
    </p>
   </div>
   <div class='ocr_carea' id='block_1_108' title="bbox 1869 4723 3447 4793">
    <p class='ocr_par' dir='ltr' id='par_1_108' title="bbox 1869 4723 3447 4793">
     <span class='ocr_line' id='line_1_108' title="bbox 1869 4723 3447 4793; baseline -0.002 -15"><span class='ocrx_word' id='word_1_775' title='bbox 1869 4740 1989 4778; x_wconf 91' lang='lat' dir='ltr'><strong>cum</strong></span> <span class='ocrx_word' id='word_1_776' title='bbox 2018 4724 2239 4793; x_wconf 85' lang='lat' dir='ltr'><strong>pulchro</strong></span> <span class='ocrx_word' id='word_1_777' title='bbox 2277 4723 2488 4792; x_wconf 72' lang='lat' dir='ltr'><strong>pluiiali</strong></span> <span class='ocrx_word' id='word_1_778' title='bbox 2518 4731 2574 4778; x_wconf 87' lang='lat' dir='ltr'><strong>et</strong></span> <span class='ocrx_word' id='word_1_779' title='bbox 2618 4724 2775 4776; x_wconf 90' lang='lat' dir='ltr'><strong>mitra</strong></span> <span class='ocrx_word' id='word_1_780' title='bbox 2826 4724 3055 4791; x_wconf 86' lang='lat' dir='ltr'><strong>pretiosa</strong></span> <span class='ocrx_word' id='word_1_781' title='bbox 3101 4732 3155 4777; x_wconf 88' lang='lat' dir='ltr'><strong>et</strong></span> <span class='ocrx_word' id='word_1_782' title='bbox 3196 4723 3447 4778; x_wconf 90' lang='lat' dir='ltr'><strong>solemni.</strong></span> 
     </span>
    </p>
   </div>
   <div class='ocr_carea' id='block_1_109' title="bbox 1870 4814 3448 4883">
    <p class='ocr_par' dir='ltr' id='par_1_109' title="bbox 1870 4814 3448 4883">
     <span class='ocr_line' id='line_1_109' title="bbox 1870 4814 3448 4883; baseline -0.001 -16"><span class='ocrx_word' id='word_1_783' title='bbox 1870 4815 2021 4881; x_wconf 86' lang='lat' dir='ltr'><strong>Quod</strong></span> <span class='ocrx_word' id='word_1_784' title='bbox 2054 4820 2095 4869; x_wconf 92' lang='lat' dir='ltr'><strong>si</strong></span> <span class='ocrx_word' id='word_1_785' title='bbox 2131 4832 2233 4868; x_wconf 90' lang='lat' dir='ltr'><strong>non</strong></span> <span class='ocrx_word' id='word_1_786' title='bbox 2283 4816 2620 4879; x_wconf 89' lang='lat' dir='ltr'><strong>mandentur,</strong></span> <span class='ocrx_word' id='word_1_787' title='bbox 2656 4816 2803 4868; x_wconf 85' lang='lat' dir='ltr'><strong>venit</strong></span> <span class='ocrx_word' id='word_1_788' title='bbox 2827 4830 2945 4867; x_wconf 89' lang='lat' dir='ltr'><strong>cum</strong></span> <span class='ocrx_word' id='word_1_789' title='bbox 2974 4814 3199 4883; x_wconf 89' lang='lat' dir='ltr'><strong>simplici</strong></span> <span class='ocrx_word' id='word_1_790' title='bbox 3241 4814 3306 4868; x_wconf 90' lang='lat' dir='ltr'><strong>de</strong></span> <span class='ocrx_word' id='word_1_791' title='bbox 3363 4828 3448 4867; x_wconf 89' lang='lat' dir='ltr'><strong>sa-</strong></span> 
     </span>
    </p>
   </div>
   <div class='ocr_carea' id='block_1_110' title="bbox 1874 4906 3449 4973">
    <p class='ocr_par' dir='ltr' id='par_1_110' title="bbox 1874 4906 3449 4973">
     <span class='ocr_line' id='line_1_110' title="bbox 1874 4906 3449 4973; baseline -0.001 -14"><span class='ocrx_word' id='word_1_792' title='bbox 1874 4910 2026 4960; x_wconf 88' lang='lat' dir='ltr'><strong>tnito.</strong></span> <span class='ocrx_word' id='word_1_793' title='bbox 2060 4908 2444 4973; x_wconf 80' lang='lat' dir='ltr'><strong>Quoquomodo</strong></span> <span class='ocrx_word' id='word_1_794' title='bbox 2488 4908 2591 4971; x_wconf 89' lang='lat' dir='ltr'><strong>sit,</strong></span> <span class='ocrx_word' id='word_1_795' title='bbox 2622 4906 2920 4960; x_wconf 87' lang='lat' dir='ltr'><strong>cardinales</strong></span> <span class='ocrx_word' id='word_1_796' title='bbox 2953 4906 3203 4971; x_wconf 78' lang='lat' dir='ltr'><strong>Veniunt,</strong></span> <span class='ocrx_word' id='word_1_797' title='bbox 3234 4916 3287 4959; x_wconf 91' lang='lat' dir='ltr'><strong>et</strong></span> <span class='ocrx_word' id='word_1_798' title='bbox 3320 4915 3449 4959; x_wconf 90' lang='lat' dir='ltr'><strong>sunt</strong></span> 
     </span>
    </p>
   </div>
   <div class='ocr_carea' id='block_1_111' title="bbox 1873 4999 3449 5072">
    <p class='ocr_par' dir='ltr' id='par_1_111' title="bbox 1873 4999 3449 5072">
     <span class='ocr_line' id='line_1_111' title="bbox 1873 4999 3449 5072; baseline -0.001 -17"><span class='ocrx_word' id='word_1_799' title='bbox 1873 5001 2047 5072; x_wconf 90' lang='lat' dir='ltr'><strong>parati</strong></span> <span class='ocrx_word' id='word_1_800' title='bbox 2067 5016 2186 5056; x_wconf 86' lang='lat' dir='ltr'><strong>cum</strong></span> <span class='ocrx_word' id='word_1_801' title='bbox 2214 5004 2535 5068; x_wconf 85' lang='lat' dir='ltr'><strong>paramentis</strong></span> <span class='ocrx_word' id='word_1_802' title='bbox 2555 4999 2713 5064; x_wconf 88' lang='lat' dir='ltr'><strong>albis,</strong></span> <span class='ocrx_word' id='word_1_803' title='bbox 2736 5010 2791 5054; x_wconf 89' lang='lat' dir='ltr'><strong>et</strong></span> <span class='ocrx_word' id='word_1_804' title='bbox 2820 5000 3067 5054; x_wconf 84' lang='lat' dir='ltr'><strong>inclinant</strong></span> <span class='ocrx_word' id='word_1_805' title='bbox 3093 5000 3449 5069; x_wconf 82' lang='lat' dir='ltr'><strong>Antiplionas.</strong></span> 
     </span>
    </p>
   </div>
   <div class='ocr_carea' id='block_1_112' title="bbox 2235 5110 3101 5168">
    <p class='ocr_par' dir='ltr' id='par_1_112' title="bbox 2235 5110 3101 5168">
     <span class='ocr_line' id='line_1_112' title="bbox 2235 5110 3101 5168; baseline 0.003 -4"><span class='ocrx_word' id='word_1_806' title='bbox 2235 5110 2412 5165; x_wconf 84' lang='lat' dir='ltr'><strong>XCIX.</strong></span> <span class='ocrx_word' id='word_1_807' title='bbox 2446 5110 2523 5164; x_wconf 82' lang='lat' dir='ltr'><strong>De</strong></span> <span class='ocrx_word' id='word_1_808' title='bbox 2550 5110 2823 5165; x_wconf 83' lang='lat' dir='ltr'><strong>Matutinis</strong></span> <span class='ocrx_word' id='word_1_809' title='bbox 2852 5122 2898 5164; x_wconf 84' lang='lat' dir='ltr'><strong>et</strong></span> <span class='ocrx_word' id='word_1_810' title='bbox 2920 5112 3101 5168; x_wconf 81' lang='lat' dir='ltr'><strong>Missa.</strong></span> 
     </span>
    </p>
   </div>
   <div class='ocr_carea' id='block_1_113' title="bbox 1952 5223 3449 5296">
    <p class='ocr_par' dir='ltr' id='par_1_113' title="bbox 1952 5223 3449 5296">
     <span class='ocr_line' id='line_1_113' title="bbox 1952 5223 3449 5296; baseline 0.002 -20"><span class='ocrx_word' id='word_1_811' title='bbox 1952 5223 2221 5277; x_wconf 72' lang='lat' dir='ltr'><strong>Matinium</strong></span> <span class='ocrx_word' id='word_1_812' title='bbox 2251 5224 2410 5278; x_wconf 89' lang='lat' dir='ltr'><strong>etiam</strong></span> <span class='ocrx_word' id='word_1_813' title='bbox 2458 5232 2738 5277; x_wconf 88' lang='lat' dir='ltr'><strong>cantantur</strong></span> <span class='ocrx_word' id='word_1_814' title='bbox 2766 5224 2834 5279; x_wconf 87' lang='lat' dir='ltr'><strong>de</strong></span> <span class='ocrx_word' id='word_1_815' title='bbox 2863 5239 2985 5281; x_wconf 85' lang='lat' dir='ltr'><strong>sero</strong></span> <span class='ocrx_word' id='word_1_816' title='bbox 3009 5265 3024 5291; x_wconf 90' lang='lat'><strong>,</strong></span> <span class='ocrx_word' id='word_1_817' title='bbox 3062 5237 3116 5281; x_wconf 91' lang='lat' dir='ltr'><strong>et</strong></span> <span class='ocrx_word' id='word_1_818' title='bbox 3145 5241 3277 5296; x_wconf 89' lang='lat' dir='ltr'><strong>papa</strong></span> <span class='ocrx_word' id='word_1_819' title='bbox 3312 5225 3449 5279; x_wconf 86' lang='lat' dir='ltr'><strong>inte-</strong></span> 
     </span>
    </p>
   </div>
   <div class='ocr_carea' id='block_1_114' title="bbox 1877 5316 2784 5384">
    <p class='ocr_par' dir='ltr' id='par_1_114' title="bbox 1877 5316 2784 5384">
     <span class='ocr_line' id='line_1_114' title="bbox 1877 5316 2784 5384; baseline -0.002 -14"><span class='ocrx_word' id='word_1_820' title='bbox 1877 5326 1987 5370; x_wconf 87' lang='lat' dir='ltr'><strong>rest</strong></span> <span class='ocrx_word' id='word_1_821' title='bbox 2009 5331 2127 5370; x_wconf 79' lang='lat' dir='ltr'><strong>cum</strong></span> <span class='ocrx_word' id='word_1_822' title='bbox 2160 5316 2440 5384; x_wconf 79' lang='lat' dir='ltr'><strong>chlamyde</strong></span> <span class='ocrx_word' id='word_1_823' title='bbox 2464 5317 2580 5369; x_wconf 84' lang='lat' dir='ltr'><strong>sine</strong></span> <span class='ocrx_word' id='word_1_824' title='bbox 2609 5317 2784 5369; x_wconf 83' lang='lat' dir='ltr'><strong>mitra.</strong></span> 
     </span>
    </p>
   </div>
   <div class='ocr_carea' id='block_1_115' title="bbox 1948 5406 3450 5477">
    <p class='ocr_par' dir='ltr' id='par_1_115' title="bbox 1948 5406 3450 5477">
     <span class='ocr_line' id='line_1_115' title="bbox 1948 5406 3450 5477; baseline -0.001 -16"><span class='ocrx_word' id='word_1_825' title='bbox 1948 5407 2005 5461; x_wconf 90' lang='lat' dir='ltr'><strong>Si</strong></span> <span class='ocrx_word' id='word_1_826' title='bbox 2038 5409 2168 5462; x_wconf 90' lang='lat' dir='ltr'><strong>fiunt</strong></span> <span class='ocrx_word' id='word_1_827' title='bbox 2200 5408 2605 5477; x_wconf 68' lang='lat' dir='ltr'><strong>pro.essiones,</strong></span> <span class='ocrx_word' id='word_1_828' title='bbox 2637 5406 2871 5477; x_wconf 77' lang='lat' dir='ltr'><strong>episcopi</strong></span> <span class='ocrx_word' id='word_1_829' title='bbox 2897 5408 3195 5463; x_wconf 84' lang='lat' dir='ltr'><strong>cardinales</strong></span> <span class='ocrx_word' id='word_1_830' title='bbox 3224 5408 3450 5461; x_wconf 79' lang='lat' dir='ltr'><strong>induun~</strong></span> 
     </span>
    </p>
   </div>
   <div class='ocr_carea' id='block_1_116' title="bbox 1878 5540 3446 5621">
    <p class='ocr_par' dir='ltr' id='par_1_116' title="bbox 1878 5540 3446 5621">
     <span class='ocr_line' id='line_1_116' title="bbox 1878 5540 3446 5621; baseline 0.002 -27"><span class='ocrx_word' id='word_1_831' title='bbox 1878 5540 2001 5621; x_wconf 77' lang='lat' dir='ltr'><strong>licet</strong></span> <span class='ocrx_word' id='word_1_832' title='bbox 2022 5542 2309 5599; x_wconf 88' lang='lat' dir='ltr'><strong>cardiualis</strong></span> <span class='ocrx_word' id='word_1_833' title='bbox 2341 5543 2707 5607; x_wconf 75' lang='lat' dir='ltr'><strong>Bononiesis,</strong></span> <span class='ocrx_word' id='word_1_834' title='bbox 2744 5542 2811 5597; x_wconf 87' lang='lat' dir='ltr'><strong>de</strong></span> <span class='ocrx_word' id='word_1_835' title='bbox 2845 5557 2950 5611; x_wconf 87' lang='lat' dir='ltr'><strong>quo</strong></span> <span class='ocrx_word' id='word_1_836' title='bbox 2984 5543 3035 5598; x_wconf 87' lang='lat' dir='ltr'><strong>iii</strong></span> <span class='ocrx_word' id='word_1_837' title='bbox 3063 5544 3238 5613; x_wconf 83' lang='lat' dir='ltr'><strong>capite</strong></span> <span class='ocrx_word' id='word_1_838' title='bbox 3269 5550 3446 5597; x_wconf 51' lang='lat' dir='ltr'><strong>conte</strong></span> 
     </span>
    </p>
   </div>
   <div class='ocr_carea' id='block_1_117' title="bbox 1872 5627 2030 5667">
    <p class='ocr_par' dir='ltr' id='par_1_117' title="bbox 1872 5627 2030 5667">
     <span class='ocr_line' id='line_1_117' title="bbox 1872 5627 2030 5667; baseline 0 -2"><span class='ocrx_word' id='word_1_839' title='bbox 1872 5627 2030 5667; x_wconf 83' lang='lat' dir='ltr'><strong>Stltttt.</strong></span> 
     </span>
    </p>
   </div>
  </div>
