3990 6352
521 346 659 403 {339

1182 328 1522 389 APPENDIX
1566 328 1659 383 AD
1698 327 1757 381 S.
1801 322 2131 380 GREGORII
2170 320 2385 378 MAGNI
2428 322 2792 379 LITURGICA
2832 322 3083 377 OPERA.

3646 320 3792 379 1540

524 476 614 518 tur
672 456 991 528 pluvialibus
1019 494 1034 516 ,
1104 446 1400 516 presbyteri
1464 443 1764 499 cardinales
1830 442 2054 509 planetis
2077 482 2091 505 ,
2124 442 2176 500 Α
2205 441 2621 509 Septuagestmm
2652 451 2774 494 sunt
2809 442 3047 509 quinque
3094 441 3269 495 ofﬁcia
3303 442 3662 498 Dominicalia
3692 459 3792 500 seu

521 552 729 607 tlinConi
760 544 1056 601 cardinales
1090 538 1409 592 dalmaticis.

596 640 650 691 ln
682 638 838 690 Missa
878 632 1079 683 utimur
1107 627 1241 679 albis
1293 622 1611 692 paramentis
1634 662 1648 683 ,
1682 620 1735 673 in
1787 633 1887 686 qna
1936 618 2099 672 servit

529 746 675 798 papa:
699 768 714 791 ,
748 728 791 779 si
837 722 1071 776 celebret
1094 759 1110 784 ,
1142 719 1289 787 prior
1331 716 1700 783 episcoporum
1749 711 2097 766 carditialium

527 827 576 871 in
606 818 788 872 officio
818 811 1104 880 capellani.
1134 808 1282 876 Quod
1312 808 1357 861 si
1382 822 1482 860 non
1514 806 1782 867 celebret,
1815 804 1980 858 servit
2001 804 2100 857 sibi

530 909 673 977 prior
704 906 1137 974 presbyterorum
1168 898 1543 953 cardinalium.

2202 534 2434 598 quinque
2450 530 2763 598 Evangelia;
2791 545 3157 585 verumtamen
3180 543 3262 585 est
3281 535 3662 587 tantummodo
3686 550 3789 588 una

2205 621 2422 674 historia
2472 623 2684 689 pr0pria
2713 662 2727 684 ,
2759 638 2877 689 quae
2923 637 3029 675 non
3075 633 3248 690 potest
3281 624 3566 677 transferri
3615 627 3672 677 in
3702 641 3790 679 se-

2203 719 2431 777 quentes
2463 710 2785 764 Dominicas.
2817 711 3020 764 Idcirco
3049 712 3432 765 advertendum
3464 714 3608 778 quod
3638 729 3790 767 anno

2208 800 2322 862 illo,
2346 800 2397 851 in
2422 815 2527 866 quo
2558 816 2662 853 non
2691 810 2773 854 est
2803 801 2901 854 nisi
2929 815 3030 853 una
3064 802 3336 855 Dominica
3367 804 3508 856 inter
3535 812 3789 857 octavam

2209 891 2516 958 Epiphania:
2542 901 2597 943 et
2621 892 3107 961 Septuagesimam,
3137 892 3281 945 nullo
3308 892 3469 971 modo
3496 908 3791 961 possumus

525 1014 587 1067 C.
622 1013 695 1065 De
717 1010 1070 1081 festivitatibus
1095 1023 1209 1077 qua:
1227 1006 1436 1081 geniunt
1458 1006 1599 1073 infra
1624 1002 1840 1055 Octava:
1862 1000 2104 1069 Corporis
2198 984 2377 1038 Iacere
2407 983 2456 1036 ί¹¹
2490 983 2577 1081 illa
2613 983 2884 1081 Dmninive
2914 984 2980 1081 dif
3011 983 3187 1081 διίρξιο
3213 993 3403 1081 εδηθῑξν
3431 994 3787 1081 ιηψιθηιυω·

1217 1075 1426 1128 Christi.

603 1173 679 1226 De
700 1170 1072 1226 festivitatibus
1092 1185 1211 1238 qua:
1234 1167 1369 1221 infra
1394 1174 1608 1220 octavas
1631 1163 1883 1230 Corporis
1904 1161 2104 1215 ChriSti

534 1265 746 1317 veniunt
766 1304 782 1328 ,
829 1263 956 1316 nihil
986 1262 1044 1315 [it
1067 1301 1083 1325 ,
1114 1259 1352 1325 exceptis
1383 1255 1755 1310 fesrivitatibus
1782 1254 1919 1307 beati
1947 1253 2107 1306 Joan-

539 1358 621 1411 nis
654 1357 938 1424 Baptistaa,
970 1352 1188 1408 Joannis
1230 1360 1285 1404 et
1333 1350 1515 1415 Pauli,
1556 1348 1916 1417 apostolorum
1968 1346 2037 1398 Pe
2062 1345 2105 1398 ri

534 1459 590 1501 et
623 1448 788 1501 Pauli.
840 1448 894 1498 Si
942 1446 1131 1499 festum
1177 1442 1344 1497 sancti
1376 1439 1595 1494 Joannis
1630 1437 1882 1505 Baptista}
1926 1437 1978 1489 in
2021 1437 2109 1489 die

539 1538 657 1591 festi
686 1536 938 1603 Corporis
979 1534 1177 1587 Christi
1209 1532 1459 1594 venerit',
1492 1529 1619 1582 nihil
1653 1529 1712 1581 fit
1751 1527 1818 1579 de
1860 1542 1923 1578 eo
1949 1568 1963 1589 ,
2016 1525 2107 1578 sed

539 1631 592 1683 in
623 1632 910 1684 crastinum
962 1627 1300 1688 celebratur;
1351 1631 1405 1675 et
1451 1621 1664 1674 Octava:
1710 1617 1850 1672 beati
1890 1616 2111 1670 Joannis

543 1718 793 1787 Baptistae
841 1718 1093 1772 cadentes
1140 1714 1193 1767 in
1236 1712 1455 1767 Octavis
1502 1709 1755 1774 Corporis
1802 1707 2000 1760 Christi
2056 1706 2108 1758 in

2207 1089 2416 1139 cunnte
2462 1075 2701 1128 solemne
2746 1084 2801 1128 et
2849 1074 3043 1143 duplex
3092 1077 3202 1143 sit,
3234 1076 3385 1142 quasi
3432 1075 3519 1127 illa
3558 1084 3791 1141 ponatur

2208 1179 2301 1231 per
2330 1164 2742 1218 hebdomadam.

2279 1253 2407 1308 Item
2436 1255 2710 1308 sciendum
2741 1255 2879 1323 quod
2916 1256 2966 1308 in
2996 1255 3087 1308 illo
3114 1269 3222 1323 quo
3255 1263 3378 1307 sunt
3408 1262 3518 1307 tres
3541 1254 3626 1306 vel
3654 1269 3787 1321 qua-

2212 1354 2331 1399 tuor
2354 1386 2371 1409 ,
2399 1347 2630 1413 quinque
2661 1346 2741 1400 vel
2789 1361 2878 1399 sex
2913 1345 3195 1398 Dominica:
3218 1386 3233 1408 ,
3265 1355 3320 1399 et
3364 1346 3445 1397 sic
3490 1344 3745 1411 deinceps
3769 1386 3784 1409 ,

2209 1437 2349 1490 inter
2402 1437 2651 1491 Octavam
2712 1436 3021 1504 Epiphania)
3087 1446 3140 1491 et
3195 1435 3695 1503 Septuagesimam,
3744 1436 3788 1488 si

2212 1527 2403 1581 festum
2436 1526 2603 1581 sancti
2633 1527 2927 1581 Sebastiani
2971 1535 3061 1578 aut
3090 1534 3395 1579 sanctorum
3433 1524 3693 1578 Vinrentii
3737 1536 3785 1579 et

2212 1619 2478 1674 Anastasii
2529 1621 2799 1673 Dominica
2845 1619 3083 1685 venerit,
3115 1615 3492 1671 consuevimus
3523 1618 3699 1669 facere
3720 1618 3783 1670 de

2216 1716 2415 1766 sanctis
2444 1727 2562 1765 cum
2594 1712 3100 1765 commemoratione
3145 1710 3213 1764 de
3248 1710 3521 1763 Dominica
3555 1710 3609 1761 in
3638 1710 3787 1761 utris-

539 1810 769 1864 crastina
802 1809 1175 1871 celebrentur,
1207 1812 1260 1857 et
1289 1803 1443 1857 tertia
1467 1801 1555 1854 die
1583 1799 1641 1852 fit
1678 1796 2115 1852 commemoratio
2148 1797 2188 1854 Β
2215 1818 2319 1871 que
2350 1802 2593 1869 vespiris
2618 1846 2632 1869 ,
2681 1816 2868 1854 novem
2897 1802 3148 1855 lectiones
3200 1801 3251 1854 in
3291 1799 3586 1853 matutinis,
3629 1799 3699 1852 lia
3742 1807 3791 1852 ei

542 1900 710 1952 sancti
744 1897 911 1950 Pauli.

614 1990 740 2043 Item
775 1998 896 2041 nota
929 1984 1067 2055 quod
1111 1998 1252 2037 anno
1304 1980 1510 2035 Domini
1548 1977 1687 2034 1582
1712 2019 1728 2043 ,
1758 1991 1901 2031 anno
1929 1976 2117 2044 quinto

547 2077 866 2132 sanctissimi
900 2077 950 2128 in
982 2073 1194 2127 Christo
1239 2074 1402 2140 patris
1444 2070 1645 2124 domini
1699 2069 1893 2124 Urbani
1942 2065 2117 2129 sexti,

545 2169 739 2221 festum
793 2166 931 2219 beati
985 2164 1238 2218 Barnabas
1281 2162 1507 2231 apostoli
1554 2162 1699 2215 venit
1744 2160 1830 2213 die
1876 2158 2119 2211 Mercurii

545 2260 677 2312 infra
707 2260 931 2312 Octavus
960 2255 1214 2322 Corporis
1239 2252 1473 2317 Christi;
1506 2260 1561 2306 et
1606 2250 1735 2304 nihil
1781 2249 1849 2303 de
1877 2264 1942 2302 eo
1987 2246 2120 2299 feci-

545 2367 665 2404 mus
692 2392 706 2415 ,
740 2365 836 2403 nec
865 2347 1460 2407 commemorationem,
1495 2358 1595 2398 nec
1623 2341 1856 2411 aliquid;
1889 2354 1988 2393 nec
2025 2339 2123 2391 fuit

546 2440 957 2506 consistorium,
1000 2439 1091 2492 sed
1137 2438 1355 2491 fecimus
1403 2436 1469 2489 de
1505 2434 1760 2498 Octavis,
1810 2442 1864 2487 et
1910 2434 1981 2484 ita
2030 2446 2125 2499 per

548 2539 712 2583 totam
742 2546 753 2586 ;
790 2538 842 2582 et
871 2531 922 2581 in
950 2530 1036 2581 die
1070 2526 1291 2580 Veneris
1322 2526 1545 2580 fecimus
1573 2525 1640 2578 de
1667 2532 1854 2577 sancto
1887 2521 2123 2575 Dirnaba

550 2628 672 2687 post
701 2622 975 2672 Octavam.
1030 2618 1101 2671 Ita
1137 2617 1330 2670 factum
1365 2615 1461 2669 fuit
1506 2630 1646 2668 anno
1697 2613 1855 2668 1389.
1904 2612 2052 2677 Quod
2079 2611 2123 2665 si

549 2710 743 2762 festum
776 2710 912 2761 beati
957 2707 1177 2762 Joannis
1206 2707 1255 2759 in
1285 2707 1369 2758 die
1399 2708 1611 2757 Octava:
1643 2703 1894 2771 Corporis
1925 2700 2126 2755 Christi

552 2800 734 2852 veniat
755 2839 770 2862 ,
803 2800 893 2851 fiat
922 2798 989 2851 de
1020 2806 1205 2869 sancto
1232 2797 1439 2850 Joanne
1468 2810 1587 2848 cnm
1620 2793 2129 2847 commemoratione

554 2888 622 2941 de
649 2887 891 2952 Octavis,
924 2897 976 2941 et
1005 2888 1092 2941 die
1121 2886 1345 2940 Veneris
1374 2896 1396 2921 ιι
1427 2884 1770 2940 celebrentur
1799 2885 2031 2939 Uctavae.

622 2981 678 3033 ln
703 2979 786 3033 die
814 2980 1051 3048 corporis
1076 2979 1272 3032 Christi
1303 2978 1355 3031 in
1388 2977 1573 3046 primis
1606 2976 1850 3045 Vesperis
1898 2990 2003 3028 non
2034 2974 2132 3027 fuit

554 3074 840 3141 prindictus
869 3087 1023 3141 papa,
1043 3073 1164 3141 quia
1196 3085 1382 3140 passus
1408 3070 1664 3135 calculos.
1689 3082 1787 3121 nec
1810 3067 2127 3130 cardinales,

2218 1895 2270 1946 in
2302 1894 2439 1947 festo
2465 1893 2635 1946 sancti
2665 1891 2903 1946 Antonii.

2678 1980 2783 2035 Cll.
2820 1980 2895 2034 De
2920 1990 3094 2033 sancta
3120 1982 3330 2049 Agnete.

2295 2073 2349 2127 In
2398 2073 2530 2127 festo
2559 2083 2757 2126 sanctie
2783 2073 3023 2141 Agnetis,
3054 2073 3097 2124 si
3129 2073 3180 2124 in
3232 2072 3509 2125 Dominica
3558 2073 3789 2138 venerit,

2226 2165 2319 2217 fiat
2347 2164 2413 2218 de
2444 2166 2635 2217 Sancta
2684 2179 2803 2217 cum
2845 2163 3356 2216 commemoratione
3393 2162 3463 2216 de
3493 2162 3753 2216 Dominica
3773 2205 3793 2230 ,

2222 2263 2277 2307 et
2306 2270 2491 2307 novem
2520 2253 2641 2307 lecti
2668 2269 2774 2306 rues
2797 2294 2812 2315 ,
2848 2253 3055 2319 quando
3082 2262 3206 2305 sunt
3245 2262 3322 2305 tot
3366 2252 3659 2306 Dominica
3684 2270 3699 2317 ;
3736 2256 3789 2307 in

2223 2344 2415 2397 OClaViI
2446 2360 2569 2397 vero
2601 2343 2691 2395 fiat
2734 2342 2800 2397 de
2834 2342 3104 2396 Dominica
3134 2356 3255 2395 cum
3286 2346 3791 2399 commemoratione

2224 2436 2291 2487 de
2320 2445 2525 2487 sancta.

2511 2526 2638 2581 Clll.
2687 2524 2762 2580 De
2787 2524 3120 2580 Conuersione
3147 2528 3307 2578 sancti
3343 2524 3525 2581 Pauli.

2304 2618 2432 2672 Item
2459 2620 2732 2674 sciendum
2761 2621 2898 2688 quod
2943 2621 2985 2672 si
3018 2620 3309 2673 Conversio
3338 2621 3512 2673 sancti
3548 2619 3691 2672 Paun
3717 2635 3791 2672 re.

2230 2707 2367 2760 nerit
2398 2709 2448 2760 in
2483 2709 2775 2773 Dominica,
2806 2709 2896 2762 fiat
2924 2709 2991 2763 de
3013 2721 3195 2763 sancto
3227 2711 3392 2763 Paulo
3422 2726 3547 2764 cum
3577 2725 3793 2766 comme-

2233 2801 2526 2854 moratione
2564 2801 2631 2855 de
2674 2801 2946 2855 Dominica
2974 2840 2988 2865 ,
3040 2801 3137 2854 nisi
3181 2802 3389 2855 veniret
3436 2802 3491 2853 in
3544 2801 3794 2856 Dominica

2232 2891 2686 2960 Septuagesimaz,
2735 2892 2855 2960 quia
2899 2903 3020 2945 tunc
3069 2891 3217 2945 fieret
3261 2893 3327 2946 de
3375 2890 3654 2944 Dominica
3697 2892 3795 2945 sine

2234 2982 2744 3034 commemoratione
2769 2980 2836 3034 de
2863 2990 3047 3034 sancto
3078 2980 3256 3034 Paulo.

2305 3066 2434 3121 Item
2463 3068 2737 3123 sciendum
2767 3069 2908 3138 quod
2953 3069 3057 3122 illa:
3084 3069 3335 3137 Episrolie
3370 3069 3524 3124 Pauli
3568 3086 3684 3137 qua!
3709 3087 3795 3124 non

556 3162 652 3215 sed
701 3161 998 3229 patriarcha
1031 3159 1321 3213 Gradensis
1350 3158 1629 3211 confessor
1671 3158 1973 3211 sanctitatis
2015 3171 2129 3209 suae
2155 3160 2201 3221 C
2235 3166 2455 3223 possunt
2485 3158 2586 3226 legi
2638 3159 2688 3212 in
2722 3158 3014 3213 Dominicis
3043 3174 3160 3228 quae
3191 3160 3563 3228 impediuntur
3606 3173 3797 3231 propter

557 3252 612 3305 in
637 3265 823 3319 magna
851 3251 1053 3319 capella
1081 3248 1205 3302 fecit
1228 3263 1319 3315 per
1339 3259 1585 3301 cantores
1607 3256 1821 3299 cantare
1848 3245 2125 3312 Vesperas.

555 3342 759 3407 Quibus
784 3340 939 3394 dictis
962 3380 978 3406 ,
1010 3339 1360 3393 incontinenti
1406 3337 1564 3392 etiam
1596 3339 1905 3391 solemniter
1948 3347 2131 3389 canta-

555 3440 745 3485 verunt
773 3431 1060 3485 ltlatutinas
1085 3470 1101 3496 ,
1144 3444 1286 3484 anno
1318 3428 1529 3481 Domini
1562 3426 1716 3481 1592.

628 3520 758 3575 Item
804 3522 1004 3574 domini
1053 3520 1356 3574 cardinales
1403 3518 1455 3572 in
1503 3518 1590 3572 die
1635 3516 1889 3586 Corporis
1929 3515 2129 3570 Christi

561 3618 845 3670 voluerunt
869 3614 1056 3669 audire
1096 3627 1342 3683 magnam
1386 3612 1599 3665 Missam
1630 3625 1751 3664 cum
1790 3623 2037 3664 sermone
2076 3607 2131 3661 in

559 3718 748 3771 magna
778 3704 977 3771 capella
1000 3742 1017 3766 ,
1069 3717 1204 3770 papa
1251 3703 1501 3765 absente,
1534 3710 1717 3753 contra
1763 3712 1940 3752 mores
1971 3697 2133 3767 514

559 3793 816 3846 Romana:
844 3792 1108 3846 ecclesiae.
1136 3790 1446 3844 Cardinales
1476 3791 1617 3843 enim
1648 3802 1746 3841 nec
1772 3791 1823 3840 in
1849 3787 2091 3841 concidis
2113 3828 2128 3853 ,

556 3896 657 3935 nec
706 3882 757 3933 in
789 3880 964 3934 Missis
993 3880 1190 3933 debent
1228 3878 1537 3948 congregari
1570 3879 1685 3932 sine
1715 3877 1926 3932 licentia
1957 3892 2128 3944 papae.

556 3970 758 4024 Dictam
808 3972 1019 4025 Missam
1061 3972 1350 4024 celebravit
1380 3971 1662 4025 Cosmatus
1710 3970 1994 4023 cardinalis
2026 3971 2127 4022 Bo-

555 4063 852 4117 noniensis.
906 4063 1149 4116 Caveatis
1185 4078 1251 4114 ne
1284 4062 1510 4115 trahatis
1556 4062 1609 4115 in
1642 4062 2085 4115 consuetudinem
2113 4102 2128 4124 ,

554 4156 675 4221 quia
698 4166 879 4209 contra
910 4164 1101 4208 statum
1124 4166 1178 4208 et
1206 4154 1461 4208 honorem
1490 4154 1714 4207 Romani
1739 4153 2004 4222 pontificis
2023 4162 2128 4209 esu

552 4266 640 4319 CI.
674 4265 749 4319 De
794 4267 1011 4319 rubricis
1058 4282 1171 4329 qua:
1210 4268 1415 4319 veniunt
1444 4268 1497 4319 in
1542 4282 1711 4319 mense
1755 4266 2033 4331 Januarii,
2079 4276 2129 4320 et

871 4340 1035 4406 primo
1067 4338 1131 4389 de
1151 4336 1548 4390 Circumcisionc
1572 4336 1803 4392 Domini.

629 4426 685 4480 In
722 4424 1140 4481 Circuincisione
1189 4427 1397 4479 Domini
1445 4444 1548 4480 non
1582 4426 1642 4479 tit
1688 4428 1860 4495 aliqua
1892 4442 2129 4481 comme-

2234 3246 2558 3302 festivitates
2596 3249 2679 3304 vel
2728 3259 2943 3319 propter
2984 3251 3269 3306 brevitates
3320 3252 3797 3316 hebdomadarum,

2232 3337 2431 3392 debent
2455 3339 2556 3409 legi
2583 3348 2636 3394 et
2662 3338 2905 3394 distribui
2931 3356 3024 3410 per
3050 3340 3435 3397 hebdomadas.

2234 3451 2393 3521 515
2438 3451 2573 3506 CIV.
2616 3452 2693 3506 De
2746 3469 2914 3506 mense
2958 3451 3247 3507 Februarii.
3313 3454 3387 3507 De
3442 3453 3798 3521 Puri/ictuictu

2708 3522 2868 3575 beata:
2899 3523 3082 3576 Mariae
3108 3524 3337 3593 virginis.

2308 3609 2597 3663 Sciendum
2653 3611 2791 3678 quod
2847 3610 2890 3664 si
2948 3611 3139 3666 festum
3193 3611 3594 3667 Purilicationis
3649 3614 3800 3667 beata

2235 3698 2416 3753 Marize
2455 3699 2671 3768 virginis
2720 3701 2927 3754 venerit
2955 3701 3007 3754 in
3060 3701 3371 3768 Dominica,
3424 3704 3517 3756 fiat
3568 3704 3637 3757 de
3684 3705 3802 3758 festo

2233 3804 2353 3843 cum
2372 3790 2879 3843 commemoratione
2901 3791 2967 3843 de
2989 3790 3281 3844 Dominica.
3312 3792 3618 3846 Notandum
3640 3804 3803 3847 tamen

2232 3879 2376 3948 quod
2426 3880 2469 3933 si
2521 3879 2711 3933 festum
2769 3880 3116 3934 transferetur
3148 3881 3197 3934 in
3226 3881 3366 3934 diem
3404 3882 3569 3935 Luna:
3596 3926 3611 3947 ,
3645 3894 3699 3936 et
3728 3884 3805 3934 ﬁat

2233 3972 2301 4025 de
2343 3972 2652 4037 Dominica,
2691 3987 2754 4025 ex
2785 3987 2850 4026 eo
2896 3972 3037 4040 quod
3066 3981 3146 4025 est
3178 3971 3453 4025 Dominica
3498 3988 3620 4041 qua:
3662 3974 3805 4026 habet

2237 4063 2512 4115 historiam
2569 4063 2876 4131 prepriam,
2927 4078 3044 4129 qua:
3099 4078 3202 4117 non
3263 4071 3440 4129 potest
3496 4064 3705 4115 cantari
3759 4074 3805 4116 et

2232 4152 2508 4205 transferri
2531 4151 2583 4205 in
2602 4162 2911 4219 sequentem
2930 4152 3274 4205 Dominicam.
3295 4153 3497 4206 Idcirco
3519 4154 3799 4206 notandum

2232 4239 2371 4307 quod
2400 4254 2588 4293 omnes
2616 4240 2904 4294 Dominicaa
2941 4256 2969 4293 a
2994 4241 3390 4308 Septuagesima
3427 4255 3601 4310 usque
3623 4243 3688 4294 ad
3717 4242 3806 4295 Do-

2233 4329 2479 4382 minicam
2506 4330 2558 4383 in
2581 4331 2986 4385 albisinclusive
3009 4330 3204 4384 habent
3229 4332 3503 4384 historiam
3522 4332 3802 4401 propriam,

2232 4420 2434 4473 idcirco
2465 4436 2569 4475 non
2602 4420 2661 4474 fit
2686 4422 2754 4476 de
2781 4423 2959 4491 aliquo
2987 4422 3123 4475 festo
3153 4422 3203 4474 in
3238 4424 3370 4490 ipsis
3398 4424 3718 4478 Dominicis.

556 4517 820 4581 moratio,
856 4530 954 4571 nec
999 4518 1067 4570 de
1113 4517 1362 4581 Octavis,
1394 4531 1492 4571 nec
1535 4517 1601 4570 de
1650 4524 1833 4572 sancta
1876 4517 2118 4570 Martina.
2156 4522 2204 4579 ι)
2298 4511 2587 4566 Sciendum
2634 4521 2718 4567 est
2744 4512 2886 4582 quod
2932 4527 3073 4567 anno
3103 4512 3307 4566 Domini
3355 4513 3527 4576 1581,
3559 4529 3592 4567 a
3619 4514 3801 4567 Natiri-

556 4608 729 4661 Tenet
772 4608 885 4661 huc
913 4608 1118 4661 rubrica
1170 4622 1263 4676 per
1301 4618 1729 4676 extravagantem
1765 4609 1966 4662 domini
1999 4609 2123 4663 Cle-

562 4698 754 4752 mentis
810 4712 958 4765 papte
1007 4698 1142 4751 sexti
1173 4738 1187 4759 ,
1240 4699 1327 4766 qui
1377 4697 1641 4751 ordinavit
1690 4700 1829 4765 quod
1880 4715 1985 4752 non
2038 4700 2125 4753 fiat

554 4788 621 4839 de
666 4790 864 4840 sanctis
894 4787 1072 4853 aliqua
1098 4788 1532 4843 commemoratio
1560 4804 1658 4843 nec
1701 4788 1752 4842 in
1783 4790 2083 4858 duplicibus
2109 4808 2124 4857 ;

554 4878 653 4933 sed
693 4879 965 4946 quodlibet
995 4877 1184 4933 festum
1219 4879 1409 4933 habeat
1438 4879 1577 4933 diem
1610 4895 1762 4934 suum
1788 4922 1803 4946 ,
1844 4893 1997 4949 prout
2039 4884 2125 4936 alii

552 4971 724 5024 sancti
756 4970 970 5023 habent.

628 5061 757 5115 Item
783 5060 1074 5115 notandum
1096 5061 1235 5127 quod
1264 5074 1293 5113 a
1320 5059 1604 5115 Nativitate
1631 5062 1837 5115 Domini
1869 5077 2033 5129 usque
2055 5062 2119 5116 ad

556 5150 884 5205 Dominicam
931 5151 1362 5219 Quadragesinta:
1409 5162 1531 5205 sunt
1563 5151 1629 5205 ad
1678 5153 1852 5205 minus
1894 5167 1987 5207 sex
2020 5154 2125 5208 Do-

554 5243 762 5294 minica:
791 5241 843 5295 in
869 5243 1067 5297 o‘ficio.

626 5332 754 5385 hem
784 5333 853 5386 ab
896 5335 1090 5388 Octava
1138 5331 1447 5403 Epiphania:
1478 5348 1644 5403 usque
1685 5333 1749 5388 ad
1786 5333 2118 5392 Domin'cnm

627 5496 654 5523 ⁸
685 5486 777 5541 Hic
820 5491 953 5543 ritus
984 5502 1166 5546 nostro
1216 5501 1452 5559 tempore
1484 5508 1589 5543 non
1638 5502 1717 5542 est
1750 5491 1800 5544 in
1835 5505 1975 5557 usu;
2020 5505 2119 5546 nec

555 5572 782 5625 unquam
810 5562 1094 5614 remittitur
1125 5561 1320 5615 Octava
1348 5563 1397 5614 in
1427 5560 1563 5613 diem
1594 5569 1923 5625 sequentem.

628 5624 653 5662 δ
682 5631 835 5699 Anno
877 5629 1083 5699 Domini
1117 5630 1285 5694 1485,
1334 5631 1634 5699 pontiﬁcatu
1666 5624 1798 5684 Sixli
1830 5629 1927 5694 IV,
1962 5631 2117 5683 Pario

550 5695 803 5763 litationis
818 5697 1201 5762 solemnitatem,
1226 5695 1409 5766 quw'in
1432 5701 1774 5770 Sexagesima:
1796 5701 2114 5755 Dominicam

2231 4610 2379 4669 tate,
2438 4611 2678 4670 tempore
2734 4602 3057 4657 sanctissimi
3110 4604 3313 4657 domini
3370 4604 3571 4659 Urbani
3630 4607 3798 4668 sexti,

2231 4707 2374 4746 anno
2425 4692 2762 4758 pontificatus
2811 4694 2891 4745 sui
2941 4704 3168 4762 quarto,
3202 4695 3393 4749 festum
3423 4696 3800 4750 Purificationis

2231 4787 2376 4841 venit
2407 4788 2459 4840 in
2487 4786 2757 4840 Dominica
2780 4784 3198 4854 Septuagesimse
3222 4802 3236 4850 ;
3269 4796 3322 4839 et
3346 4796 3566 4854 prepter
3590 4802 3800 4840 concur-

2233 4892 2351 4932 sum
2399 4888 2455 4933 et
2506 4878 2847 4934 devotionem
2896 4880 3256 4934 Romanorum
3307 4890 3363 4935 et
3406 4882 3661 4935 candelas
3711 4896 3794 4950 pe.

2235 4970 2458 5024 tentium
2483 5009 2499 5033 ,
2532 4969 2630 5023 fuit
2655 4971 2957 5037 ordinatum
2986 4971 3125 5037 quod
3174 4971 3406 5024 candela:
3436 4971 3727 5034 darentur,
3754 4979 3800 5024 et

2230 5065 2373 5131 quod
2424 5065 2575 5119 fieret
2625 5062 2859 5119 officium
2889 5065 2959 5119 de
2990 5066 3262 5119 Dominica
3286 5107 3300 5128 ,
3331 5076 3385 5120 et
3412 5082 3516 5119 non
3545 5066 3619 5119 de
3663 5067 3799 5119 beata

2233 5155 2469 5224 Virgine.
2501 5155 2604 5210 Sed
2629 5196 2645 5221 ,
2696 5157 2842 5209 salva
2888 5158 3183 5210 reverentia
3211 5196 3225 5217 ,
3277 5171 3380 5209 non
3425 5156 3616 5211 debuit
3657 5158 3797 5217 fieri.

2231 5250 2486 5317 quoniam
2516 5246 2707 5302 festum
2735 5248 2873 5303 cedit
2901 5248 3193 5302 Dominica:
3212 5288 3227 5312 ,
3255 5259 3308 5303 et
3338 5257 3542 5302 tantum
3586 5244 3798 5305 ηῐαπιιδ

2230 5339 2466 5395 candelae
2495 5339 2582 5394 die
2609 5339 2773 5394 Luna:
2797 5378 2814 5407 ,
2844 5347 3096 5406 quantum
3126 5338 3216 5392 die
3244 5337 3542 5392 Dominica.

2222 5495 2435 5564 incidit,
2462 5497 2627 5567 jussit
2665 5496 2895 5565 pontifex
2922 5495 2975 5549 in
3013 5496 3147 5549 diem
3171 5502 3464 5567 sequentem
3494 5496 3793 5565 transferri,

2224 5575 2271 5618 et
2298 5569 2350 5620 in
2392 5564 2570 5620 eodem
2616 5567 2699 5619 die
2745 5576 2885 5620 vetus
2930 5581 3038 5618 mos
3089 5564 3416 5620 candelarum
3450 5578 3682 5622 amatus
3705 5564 3786 5633 at,

2226 5644 2359 5693 teste
2386 5636 2584 5694 Iacobo
2610 5637 2845 5705 Maphaeu
2871 5637 2924 5691 in
2954 5634 3133 5691 Diario
3160 5648 3281 5692 suo.
