3990 6296
262 309 387 363 9541

1442 314 1699 370 ROMANI
1740 318 2066 375 UBDiNES.
2106 353 2173 363 --
2214 324 2327 379 XV.

3385 344 3521 401 1542

326 418 619 513 Sciendum
644 417 783 483 quod
806 432 1001 513 annos
1030 421 1314 513 Nativitate
1346 426 1552 481 Domini
1581 429 1750 493 1352,
1782 432 1833 483 in
1862 434 1908 486 A
1941 435 2111 486 veniat
2166 436 2217 489 in
2254 438 2525 493 Dominica
2557 442 2608 495 in
2640 443 2787 498 Albis
2839 447 2926 500 vel
2975 446 3107 500 intra
3136 449 3360 505 Octavas
3390 455 3521 513 Pas-

270 512 350 569 δὴ
401 507 677 562 Cathedrae
724 510 895 563 sancti
950 511 1133 577 Petri,
1186 530 1304 583 quae
1357 514 1454 569 fuit
1502 519 1669 585 prima
1717 518 1835 573 dies

267 596 685 663 Quadragesimaa
711 637 726 662 ,
758 598 963 652 scilicet
991 600 1240 656 Cinerum
1265 644 1280 669 ,
1329 605 1557 660 domnus
1588 607 1834 662 Clemens

266 698 441 742 sextus
492 687 827 753 pontificatus
872 691 953 743 sui
1002 706 1142 745 anno
1201 694 1268 748 It)
1320 694 1370 747 in
1425 697 1727 761 Avinione,
1780 697 1831 750 in

266 776 460 846 capella
494 791 725 845 magna,
757 794 873 845 qua:
920 789 1003 833 est
1050 784 1100 834 in
1148 784 1343 850 palatio
1391 787 1719 853 apostolico,
1767 785 1832 838 ad

264 876 562 935 perpetuam
596 865 669 918 rei
696 869 1031 935 memoriam,
1058 872 1329 925 constituit
1350 884 1403 925 et
1426 876 1663 928 mandari
1687 876 1829 938 fecit,

264 966 312 1017 in
340 977 587 1015 sermone
619 963 880 1031 perillum
906 966 995 1033 qui
1020 967 1104 1020 illa
1136 970 1221 1023 die
1246 972 1622 1025 sermocinavit
1652 988 1830 1026 coram

262 1052 399 1104 dicto
446 1049 645 1103 domno
693 1067 859 1119 papa,
894 1054 1249 1110 cardinalibus
1295 1068 1349 1113 et
1393 1060 1511 1115 aliis
1555 1063 1829 1129 praelatis,

259 1140 395 1207 quod
451 1142 877 1211 quandocunque
923 1144 1113 1197 festum
1157 1148 1333 1201 veniet
1378 1152 1486 1217 ipsa
1535 1153 1701 1218 prima
1745 1154 1832 1208 die

258 1231 685 1299 Quadragesima:
712 1274 727 1298 ,
767 1243 1232 1307 quantumcunque
1271 1238 1465 1305 duplex
1491 1279 1505 1302 ,
1552 1244 1692 1309 quod
1727 1244 1831 1297 hu-

256 1320 480 1392 iusmodi
514 1322 701 1376 festum
733 1324 799 1377 ad
845 1336 1151 1393 sequentem
1182 1328 1322 1381 diem
1352 1330 1707 1385 transferatur
1734 1375 1748 1399 ,
1778 1342 1832 1387 et

256 1415 399 1468 ﬁeret
428 1414 685 1482 deinceps
713 1416 781 1470 de
807 1417 933 1471 feria
963 1419 1051 1472 illa
1076 1418 1162 1472 die
1190 1418 1459 1474 Cinerum.

320 1506 479 1557 Anno
511 1505 649 1559 1588
679 1507 1011 1573 pontificatus
1048 1509 1227 1563 domui
1262 1509 1459 1565 Urbani
1515 1515 1744 1568 δραι...
1778 1515 1831 1569 in

254 1596 475 1652 ecclesia
523 1606 721 1651 sancta:
773 1600 947 1652 Maria:
995 1601 1381 1656 Transtiberim
1425 1602 1636 1657 fuerunt
1682 1605 1832 1659 factae

252 1688 523 1755 obsequite
571 1702 667 1755 pro
714 1690 1053 1757 imperatore.
1102 1692 1157 1745 In
1202 1692 1359 1746 Missa
1413 1707 1543 1762 papa
1596 1694 1833 1748 interfuit

1938 528 2054 671 flia:
2080 571 2093 593 ,
2128 541 2254 588 tunc
2282 536 2413 589 nihil
2444 538 2502 591 Iit
2527 540 2595 594 dc
2625 540 2760 595 festo
2780 579 2797 606 ,
2826 542 2920 597 sed
2952 545 3264 599 transfertur
3294 547 3346 601 in
3374 549 3515 608 diem

1961 636 2124 671 .unau.

1961 636 2124 673 .unw.

1970 732 2126 787 CVII.
2157 736 2231 788 De
2261 753 2429 792 meme
2455 738 2604 794 Maii.
2637 742 2714 796 De
2742 742 3040 799 lnveutione
3068 758 3256 802 sanctae
3281 748 3479 805 Crucis.

2006 850 2138 903 Nota
2192 852 2330 919 quod
2392 851 2630 906 Iuventio
2681 866 2879 909 sancta:
2930 856 3115 911 Crucis
3173 870 3255 911 est
3315 862 3511 928 duplex

1945 935 2263 1001 festum,et
2312 938 2474 995 habet
2525 941 2760 997 officium
2813 948 3126 1013 proprium;
3181 964 3277 1001 nec
3333 951 3388 1002 lit
3443 950 3513 1005 de

1935 1028 2132 1082 sanctis
2176 1032 2648 1098 commemoratio,
2694 1035 2787 1087 sed
2841 1046 3007 1089 totum
3057 1038 3289 1091 ofﬁcium
3346 1041 3402 1093 lit
3443 1040 3512 1093 de

1936 1114 2127 1170 Cruce.
2180 1118 2307 1172 Item
2356 1121 2399 1173 si
2446 1121 2755 1187 praedictum
2806 1124 2995 1180 festum
3045 1128 3198 1181 cadat
3244 1130 3294 1181 itt
3340 1131 3516 1199 aliqua

1939 1206 2212 1261 Dominica
2238 1248 2253 1272 ,
2285 1218 2450 1263 totum
2496 1212 2729 1266 ofﬁcium
2763 1216 2819 1265 lit
2844 1215 2911 1267 de
2953 1218 3089 1270 festo
3132 1233 3250 1270 cum
3282 1233 3517 1273 cutnntc‘

1938 1299 2239 1353 moratione
2280 1300 2346 1352 de
2395 1302 2708 1363 Dominica,
2762 1320 2826 1356 ex
2879 1321 2943 1357 eo
2987 1308 3125 1371 quod
3174 1308 3365 1373 duplex
3408 1319 3512 1362 est.

1939 1388 2170 1441 Ilistoria
2202 1398 2375 1456 potest
2405 1390 2678 1445 transferri
2708 1391 2762 1445 in
2791 1406 3100 1460 sequentem
3133 1396 3484 1450 Dominicam.

1936 1500 2111 1555 CVIII.
2141 1500 2428 1574 De‘mense
2463 1499 2629 1574 Junii.
2662 1501 2738 1553 De
2767 1500 3047 1556 Dominicis
3085 1506 3257 1559 diebus
3295 1524 3406 1574 quae
3434 1525 3517 1562 ve-

2191 1571 2335 1623 niunt
2364 1572 2493 1625 inter
2526 1569 2856 1625 Pentecosten
2884 1584 2929 1625 et
2961 1576 3261 1627 Adventum.

2010 1681 2087 1734 De
2135 1679 2424 1735 Dominicis
2470 1696 2590 1749 quae
2635 1682 2849 1735 veniunt
2883 1682 3021 1735 inter
3063 1682 3412 1743 Pentecosten
3459 1698 3519 1743 et:

251 1793 368 1833 cum
400 1792 573 1847 cappa
605 1779 752 1832 lanea
777 1779 844 1835 de
881 1781 1131 1837 scarleuo
1158 1782 1338 1836 clausa
1379 1792 1435 1837 ει
1481 1784 1637 1838 mitra
1665 1785 1782 1839 alba
1812 1827 1827 1851 ν
1862 1799 1909 1858 Β
1941 1771 2240 1827 Adventum
2270 1772 2478 1825 rubrica
2507 1781 2590 1826 est
2616 1788 2900 1840 expressa,
2930 1783 2983 1827 et
3010 1788 3186 1829 certus
3213 1789 3485 1828 numerus.

249 1880 301 1925 et
342 1870 561 1924 fuerunt
600 1886 740 1925 Lux
792 1872 1049 1937 torticite,
1113 1887 1243 1939 quas
1303 1887 1515 1927 camera
1560 1876 1735 1942 posuit
1778 1886 1833 1929 et

248 1962 356 2014 duo
387 1962 551 2027 panni
598 1961 665 2015 de
692 1975 838 2015 auro.
874 1963 1108 2017 Domnus
1138 1963 1259 2017 tulit
1304 1966 1657 2031 sententiam,
1689 1968 1828 2035 quod

247 2053 425 2106 omnia
464 2062 645 2107 essent
669 2052 926 2116 εδει-ἰδίω,
952 2064 1008 2108 et
1034 2054 1134 2108 sibi
1162 2053 1230 2108 de
1251 2055 1370 2123 jure
1400 2055 1685 2122 pertinent.
1710 2056 1834 2111 Ideo

245 2156 436 2196 omnes
489 2142 728 2197 torticias
771 2152 825 2196 et
863 2144 1148 2212 praedictos
1196 2158 1400 2212 pannos
1446 2146 1685 2212 recepit,
1737 2148 1834 2202 sed

245 2247 423 2288 ceram
460 2232 657 2286 dimisit
691 2240 909 2301 pr0pter
936 2248 1164 2288 cameras
1197 2244 1594 2304 paupertatem.

313 2343 450 2397 Item
488 2353 606 2397 nota
635 2345 776 2414 quod
804 2360 944 2398 anno
972 2344 1283 2414 eiusdem...
1304 2346 1391 2400 die
1420 2345 1667 2401 Mercurii
1692 2361 1830 2400 nona

246 2433 570 2501 Februarii,
604 2450 790 2491 omnes
834 2436 1132 2492 cardinales
1160 2438 1249 2506 qui
1280 2448 1404 2491 tunc
1430 2447 1582 2492 erant
1611 2438 1663 2492 in
1695 2439 1833 2494 alma

253 2525 422 2589 Urbe,
462 2526 512 2578 iu
545 2536 726 2579 sancta
760 2526 919 2580 Maria
947 2526 1334 2581 Transtiberitn
1365 2528 1416 2581 in
1447 2542 1604 2594 parva
1630 2530 1831 2594 capella

246 2628 302 2673 et
331 2628 553 2673 secrete
582 2619 635 2673 in
678 2619 839 2673 Missa
867 2633 960 2672 sua
1005 2619 1535 2673 communicaverunt
1580 2620 1647 2673 de
1674 2634 1833 2673 manu

242 2725 341 2764 sua
368 2750 384 2775 ,
421 2711 628 2780 primus
655 2710 882 2766 domnus
922 2710 1210 2765 cardinalis
1247 2710 1315 2764 de
1348 2711 1670 2778 Alenconio,
1700 2710 1837 2765 Gra-

241 2803 437 2859 densis
486 2804 694 2870 Minor,
742 2804 1035 2870 Teatinus,
1085 2803 1422 2868 Corsicnsis,
1472 2805 1727 2873 Agapitus
1766 2803 1834 2858 de

239 2896 538 2962 Columna,
574 2900 904 2961 Aversanus,
935 2895 1216 2951 Tiberinus
1247 2895 1585 2959 Praedicator,
1630 2895 1833 2949 Cister-

239 2989 476 3053 cieusis,
508 2989 802 3042 Nucerinus
822 3029 836 3053 ,
872 2987 1124 3042 Reatinus
1150 3028 1165 3051 ,
1214 2988 1521 3056 Desangro,
1554 2987 1621 3039 de
1651 2985 1832 3040 Petra-

238 3080 428 3142 mala,
490 3078 905 3149 Neapolitanus,
961 3077 1266 3147 Mesquiuus
1324 3076 1686 3141 Praedicator,
1728 3073 1835 3148 Pa:

238 3170 459 3224 :Iuanus
486 3167 916 3240 Augustinensis.

235 3300 416 3373 516
442 3298 553 3355 CV.
585 3298 662 3354 De
690 3299 869 3373 Mense
898 3297 1097 3373 Martii.
1127 3295 1219 3373 De
1241 3293 1644 3350 Annuntiatione
1668 3297 1829 3349 beata

816 3368 999 3421 Maria:
1041 3367 1267 3435 virginis.

317 3479 379 3534 Si
412 3478 605 3533 festum
637 3477 1067 3532 Annuntiationis
1092 3480 1143 3532 in
1174 3479 1585 3549 Quadragesima
1616 3478 1823 3546 veniat,

236 3581 375 3627 nota
407 3569 670 3625 rubricam
698 3569 964 3637 propriam
995 3569 1045 3621 in
1073 3583 1171 3622 suo
1202 3569 1339 3622 loco.

311 3662 451 3717 Nota
483 3662 625 3731 quod
670 3662 785 3715 haec
812 3659 1070 3715 festivitas
1120 3662 1259 3714 venit
1305 3660 1357 3713 in
1400 3660 1488 3716 die
1515 3660 1661 3717 Iovis
1701 3672 1828 3717 ante

234 3753 577 3808 Dominicam
603 3752 671 3806 de
702 3751 839 3804 Rosa
870 3765 1009 3803 anno
1044 3750 1250 3803 Domini
1288 3750 1453 3816 I389,
1501 3766 1599 3805 nec
1648 3751 1830 3806 habuit

234 3844 452 3913 primas
484 3842 763 3909 Vesperas,
795 3841 890 3894 sed
918 3840 969 3893 in
999 3839 1085 3892 die
1116 3848 1232 3907 post
1261 3838 1474 3891 Missam
1506 3839 1826 3907 celebratam

235 3938 292 3987 in
325 3944 517 3987 sancto
543 3932 700 3986 I’ctro
728 3972 741 3992 ,
774 3930 1142 3983 sanctissimus
1171 3929 1419 3982 dominus
1450 3936 1632 3982 uoster
1662 3930 1829 3983 Urba-

234 4038 347 4077 nus
381 4034 564 4075 sextus
598 4025 677 4074 sic
725 4020 938 4074 indutus
964 4020 1013 4072 in
1047 4018 1299 4072 cathedra
1350 4017 1558 4086 lapidea
1609 4018 1831 4085 inempit

234 4114 562 4169 Solemniter
597 4113 880 4178 Vesperas,
907 4122 958 4164 et
983 4113 1201 4180 iuro-pit
1225 4111 1578 4180 Antiphonam
1604 4112 1826 4178 primatu

232 4215 289 4259 et
322 4206 684 4271 Anti‘plionam
714 4202 778 4255 ad
820 4200 1155 4271 Magniﬁcat,
1185 4209 1239 4254 et
1282 4200 1605 4253 thuriticavit
1660 4200 1828 4255 altare

234 4310 464 4362 semper
495 4294 710 4347 indutus
756 4293 991 4347 vestibus
1035 4293 1233 4358 sacris,
1264 4301 1419 4360 prout
1448 4291 1500 4344 in
1542 4292 1701 4345 Missa
1727 4307 1741 4356 ;
1773 4302 1828 4347 et

232 4386 515 4441 mandavit
572 4384 865 4439 cardinales
917 4394 1179 4449 quatenus
1232 4383 1308 4435 sic
1362 4392 1566 4437 starent
1612 4382 1823 4448 induti,

1854 3143 1902 3204 C

2233 1884 2365 1939 CIX.
2400 1885 2475 1940 De
2502 1896 2676 1939 sancta
2706 1885 2944 1939 Barnaba
2973 1890 3226 1951 apostolo.

2007 1996 2135 2049 Item
2168 1996 2235 2049 de
2262 2007 2447 2050 sancto
2471 1998 2709 2051 Barnaha
2732 2040 2748 2065 ,
2778 1998 2989 2066 quando
3020 1997 3170 2052 venit
3191 1997 3327 2052 infra
3356 1998 3516 2053 Octa.

1937 2101 2059 2141 vam
2080 2087 2333 2157 Corporis
2361 2088 2557 2142 Christi
2585 2128 2601 2153 ,
2635 2105 2741 2143 non
2771 2090 2828 2141 Iit
2856 2090 2923 2142 de
2946 2103 3031 2143 eo.

2007 2202 2165 2273 517
2188 2201 2301 2256 CX.
2334 2200 2411 2254 De
2442 2200 2723 2254 Nativitate
2742 2202 2906 2253 sancti
2931 2199 3150 2253 Joannis
3174 2199 3438 2270 Baptistw.

2009 2308 2063 2360 In
2094 2296 2385 2361 Nativitate
2414 2308 2552 2362 beati
2582 2308 2801 2363 Joannis
2835 2308 3083 2375 Baptista:
3113 2308 3268 2362 Missa
3301 2317 3351 2361 et
3393 2324 3511 2363 ser-

1936 2414 2027 2452 mo
2059 2399 2396 2453 mandautur.
2422 2399 2477 2452 In
2512 2400 2694 2465 primis
2723 2398 2975 2466 Vesperis
3030 2398 3172 2452 venit
3220 2414 3348 2465 papa
3392 2414 3511 2452 cum

1938 2489 2152 2556 pluviali
2181 2490 2347 2542 rubeo
2374 2498 2427 2543 et
2464 2490 2615 2542 mitra
2645 2488 3036 2551 consistoriali;
3082 2487 3380 2541 cardinales
3422 2501 3512 2541 ve-

1936 2580 2089 2631 niunt
2117 2593 2238 2632 cum
2266 2578 2583 2646 pluvialibus
2613 2578 2769 2643 albis,
2796 2586 2848 2629 et
2873 2576 3202 2644 Antipltonas
3235 2576 3507 2628 inclinant.

1936 2670 2012 2724 De
2034 2685 2155 2723 sero
2184 2670 2432 2725 dominus
2456 2685 2588 2737 papa
2610 2678 2694 2724 est
2719 2671 2769 2723 in
2803 2670 3097 2723 Matutinis.
3131 2669 3183 2719 In
3212 2668 3365 2720 Missa
3386 2680 3512 2719 vero

1936 2758 2076 2811 beati
2108 2758 2327 2812 Joannis
2359 2759 2607 2826 Baptista:
2633 2774 2736 2811 non
2768 2758 3015 2824 ﬁtaliqua
3044 2755 3506 2815 commemoratio,

1934 2850 2059 2901 dato
2082 2849 2221 2917 quod
2247 2848 2498 2921 [Formm
2524 2849 2663 2917 quod
2690 2846 2816 2918 non]
2838 2851 2993 2900 cadat
3021 2845 3070 2898 in
3095 2844 3388 2909 Dominica,
3413 2859 3511 2897 nec

1933 2942 2125 2994 dicitur
2154 2940 2338 3001 Credo,
2372 2940 2475 2994 nisi
2503 2939 2644 2993 cadit
2674 2941 2724 2993 in
2752 2938 3043 2993 Dominica.

2003 3028 2134 3083 Item
2162 3044 2303 3083 anno
2332 3028 2539 3083 Domini
2574 3028 2709 3083 1589
2737 3028 2930 3083 festum
2964 3028 3100 3080 beati
3129 3027 3349 3081 Ioannis
3377 3025 3510 3092 Bap-

1934 3120 2071 3171 tistae
2093 3119 2236 3172 venit
2263 3120 2314 3169 in
2339 3118 2548 3171 Octavis
2578 3115 2830 3184 Corporis
2870 3107 3096 3175 Christi,
3127 3131 3229 3184 qua
3259 3114 3347 3167 die
3382 3114 3511 3168 Ieci.

1943 3224 2063 3262 ntus
2107 3210 2174 3262 de
2221 3217 2405 3261 sancto
2453 3207 2659 3262 Joanne
2711 3222 2831 3259 cum
2879 3204 3387 3259 commemoratione
3444 3204 3511 3257 de

1930 3297 2145 3351 Octavis
2189 3295 2243 3349 in
2294 3297 2529 3365 utrisque
2575 3295 2851 3365 Vesperis,
2906 3293 3198 3358 Matutinis,
3226 3302 3281 3346 et
3329 3293 3510 3357 Missa,

1931 3387 2290 3441 nonobstante
2342 3387 2725 3441 constitutione
2775 3385 2974 3439 domini
3025 3384 3243 3437 Joannis
3276 3397 3422 3451 papm
3454 3383 3509 3434 in

1928 3480 2277 3543 cuntrarium,
2310 3493 2467 3548 quam
2498 3480 2789 3532 ostemlunt
2834 3475 3075 3528 canonici
3124 3474 3294 3528 sancti
3346 3472 3509 3526 I‘ctri.

2000 3568 2132 3624 Item
2169 3570 2221 3622 in
2250 3568 2492 3637 sequenti
2526 3568 2660 3623 festo
2689 3571 3048 3638 apostolorum
3079 3568 3221 3623 Petri
3247 3576 3299 3620 et
3323 3567 3470 3621 Pauli
3492 3604 3508 3627 ,

1933 3677 2064 3731 papa
2089 3661 2393 3717 celebrante
2423 3662 2475 3715 iu
2518 3671 2703 3716 sancto
2730 3662 2914 3727 Petro,
2944 3673 3064 3733 post
3095 3660 3195 3725 ltc,
3222 3658 3382 3712 Missa
3410 3667 3507 3723 est,

1929 3762 2220 3821 antequam
2243 3753 2518 3807 recederet
2544 3754 2611 3808 ab
2640 3754 2828 3819 altari,
2860 3761 3117 3807 venerunt
3145 3751 3508 3805 Banderenses

1931 3844 2171 3911 antiqui,
2194 3843 2487 3910 nudipedes
2507 3858 2537 3897 a
2568 3845 2819 3911 capitolio
2850 3861 3016 3912 usque
3040 3843 3106 3898 ad
3140 3845 3306 3897 altare
3335 3841 3507 3895 sancti

1931 3931 2075 3986 Petri
2101 3933 2217 3985 sine
2239 3932 2511 3997 capuceis,
2534 3947 2653 3984 cum
2684 3934 2927 4001 corrigiis
2966 3934 3017 3985 in
3068 3934 3230 3998 collo,
3254 3943 3308 3986 et
3354 3934 3508 3984 unico

1930 4024 2155 4091 simplici
2182 4022 2405 4092 jupone,
2435 4038 2553 4074 cum
2598 4024 2839 4077 candelis
2880 4024 2931 4077 in
2967 4024 3230 4089 manibus,
3270 4022 3504 4089 petendo

1931 4114 2142 4168 veniam
2174 4129 2344 4182 papae,
2373 4113 2495 4183 quia
2522 4116 2967 4167 excommunicati
2994 4126 3163 4177 erant,
3185 4129 3248 4167 ex
3272 4127 3338 4165 eo
3367 4110 3507 4178 quod

1932 4209 2220 4262 noluerunt
2246 4217 2552 4261 senatorem
2584 4207 2826 4273 recipere
2864 4222 3023 4275 quem
3055 4220 3185 4274 papa
3217 4211 3506 4273 posuerat;

1931 4313 2030 4352 nec
2078 4312 2215 4368 papa
2266 4299 2433 4352 voluit
2460 4313 2553 4351 eos
2602 4297 2808 4361 audire,
2839 4300 2933 4351 sed
2985 4296 3252 4349 commisit
3299 4310 3506 4346 summo

1931 4389 2326 4458 pwnitentiario
2358 4388 2555 4441 ibidem
2588 4388 2859 4449 existenti,
2892 4397 3155 4453 quatenus
3202 4401 3294 4437 eos
3324 4383 3507 4437 absol-

234 4491 402 4547 prout
432 4479 643 4533 fuerunt
686 4478 735 4530 in
770 4478 947 4532 Missa.
1002 4476 1165 4529 Dictis
1197 4489 1324 4528 vero
1376 4475 1620 4543 Vespeiis
1646 4512 1662 4538 ,
1710 4476 1823 4541 ipse
1852 4489 1905 4550 ι)
1931 4488 2117 4544 veret;
2151 4487 2208 4534 et
2244 4478 2390 4547 jussu
2423 4493 2575 4546 papa:
2618 4477 2858 4531 ascendit
2904 4477 2967 4529 ad
3018 4475 3324 4529 cathedram
3375 4472 3506 4542 lapi-

229 4586 379 4642 papa
430 4581 482 4625 et
511 4570 809 4624 cardinales
851 4584 1005 4623 sacra
1054 4569 1416 4633 deposuerunt
1467 4576 1820 4634 paramenta;

227 4664 333 4718 scd
363 4678 493 4731 papa
518 4664 569 4716 in
599 4662 849 4717 cathedra
876 4662 1069 4731 lignea,
1093 4670 1147 4715 et
1172 4662 1467 4715 cardinales
1489 4662 1822 4730 incmperunt

228 4755 580 4819 Antiphonas
603 4755 827 4822 quilibet
849 4754 899 4807 in
932 4754 1048 4806 loco
1071 4767 1186 4807 suo.

308 4844 445 4898 Nata
496 4846 634 4912 quod
686 4846 798 4897 hare
848 4844 1109 4897 festivitas
1156 4843 1299 4897 venit
1351 4843 1438 4896 die
1486 4843 1649 4897 Lunae
1701 4854 1819 4912 post

232 4935 573 4991 Dominicam
606 4934 674 4989 de
707 4935 959 4988 Passioue
979 4949 1118 4987 anno
1148 4934 1355 4987 Domini
1384 4935 1519 4988 1500
1544 4933 1654 5006 [99]
1689 4951 1818 5003 pon-

225 5024 471 5079 tiﬁcatus
525 5024 777 5079 Bonilacii
838 5040 985 5093 paprc
1034 5038 1174 5077 anno
1222 5024 1323 5087 II,
1373 5031 1429 5078 et
1474 5039 1577 5077 non
1637 5026 1820 5081 habuit

232 5114 506 5182 Vesperas
535 5116 899 5182 prtecedentes
928 5124 1146 5183 propter
1190 5129 1436 5183 magnum
1470 5113 1673 5182 frigus;
1721 5116 1816 5170 sed

226 5210 326 5261 die
358 5208 520 5261 Luna:
548 5208 852 5263 immediate
900 5217 1019 5276 post
1062 5208 1276 5261 Missam
1308 5207 1521 5262 fuerunt
1568 5218 1814 5263 cantata}.

228 5299 575 5361 Antiphnnas
600 5310 845 5353 cantores
893 5299 1260 5366 incoeperunt,
1294 5309 1346 5351 et
1389 5314 1519 5366 papa
1569 5300 1665 5354 fuit
1694 5317 1816 5355 cum

231 5390 458 5458 pluviali
492 5394 657 5445 rubeo
686 5393 821 5445 sicut
853 5393 906 5445 in
949 5392 1125 5444 Missa.
1169 5392 1469 5447 Cardittalis
1509 5393 1816 5464 Neapolita-

229 5497 341 5534 nus
372 5483 501 5535 dixit
532 5482 763 5536 Missam.

308 5590 440 5644 CVI.
473 5592 548 5646 De
578 5608 745 5646 mense
776 5594 962 5658 Aprili.
996 5592 1072 5647 De
1099 5604 1277 5647 sancto
1308 5594 1487 5649 Marco
1514 5596 1737 5649 rubrica.

314 5703 599 5759 Sciendum
641 5706 781 5777 quod
813 5705 859 5761 si
901 5705 1095 5762 festum
1139 5707 1313 5763 sancti
1343 5707 1500 5765 Marci
1549 5709 1628 5764 vel
1669 5710 1806 5764 aliud

1927 4571 2083 4625 deam
2113 4572 2282 4624 sancti
2318 4570 2457 4623 I’etri
2505 4572 2556 4622 in
2588 4568 2761 4637 capite
2787 4567 3051 4629 ecclesiae,
3077 4580 3222 4619 stans
3274 4568 3505 4619 tenendo

1927 4662 2128 4730 virgam
2158 4661 2209 4714 in
2244 4661 2510 4724 manibus,
2532 4659 2761 4714 dicendo
2787 4659 3027 4713 Miserere
3057 4660 3173 4725 mei,
3196 4656 3353 4719 Deus,
3371 4668 3501 4719 etc.,

1924 4756 2132 4824 publice
2155 4754 2388 4809 absolvit
2409 4770 2504 4809 eos
2548 4767 2834 4824 antequam
2884 4770 3018 4824 papa
3067 4754 3392 4808 discesserat
3439 4753 3504 4807 de

1923 4847 2042 4902 Ioco
2066 4861 2183 4899 suo.

1996 4936 2123 4990 Item
2158 4934 2351 4989 ibidem
2383 4934 2509 4990 fecit
2556 4934 2874 4989 denuntiare
2917 4932 3108 4989 festum
3166 4933 3499 4989 Visitatiottis

1924 5027 2095 5082 beatae
2126 5025 2304 5079 Maria:
2330 5041 2428 5095 per
2457 5026 2604 5079 illum
2633 5026 2719 5093 qui
2756 5026 3151 5093 prwdicaverat.

2000 5118 2129 5171 Item
2160 5117 2394 5171 secunda
2425 5116 2514 5170 die
2544 5116 2743 5169 mensis
2767 5115 2891 5169 Julii
2922 5116 3210 5168 celebravit
3234 5115 3371 5169 idem
3403 5116 3500 5169 do-

1924 5209 2099 5264 minus
2127 5224 2257 5278 papa
2292 5207 2505 5261 Missam
2536 5208 2764 5276 primam
2794 5207 2860 5260 de
2888 5208 3032 5260 dicto
3072 5206 3250 5259 ofﬁcio
3294 5208 3499 5260 Visita-

1924 5302 2085 5355 tionis
2115 5302 2163 5353 itt
2194 5309 2375 5355 sancta
2410 5298 2572 5352 Maria
2598 5298 2806 5366 Majori,
2840 5300 2927 5350 ubi
2955 5297 3100 5350 dedit
3132 5298 3229 5350 hac
3260 5298 3345 5349 die
3374 5312 3497 5365 per—
3586 5304 3589 5307 ’

1920 5395 2093 5462 petnis
2124 5392 2449 5461 temporibus
2492 5406 2569 5447 vn
2598 5406 2769 5445 annos
2816 5401 2973 5453 et_vu
3026 5388 3393 5458 quadragenas
3426 5388 3496 5442 de

1922 5483 2292 5552 Indulgentiis.

1919 5591 2051 5646 CXI.
2089 5590 2165 5645 De
2201 5590 2393 5660 Vigilia
2421 5590 2775 5661 apostolorum
2813 5586 2958 5642 Petri
2987 5597 3033 5641 et
3084 5586 3240 5641 Pauli
3266 5587 3491 5642 rubrica.

1990 5709 2116 5761 Item
2153 5708 2202 5761 in
2224 5707 2393 5776 vigilia
2418 5706 2691 5761 beatorum
2714 5705 3075 5776 apostolorum
3104 5701 3243 5757 Petti
3261 5710 3313 5753 et
3338 5698 3487 5753 I’auli
