3990 6288
192 308 318 364 1545

1334 304 1599 359 ROMANI
1636 305 1953 362 ORDINES.
1995 336 2061 345 —
2102 306 2217 363 XV.

3283 314 3418 372 I3I6

189 436 296 479 eum
325 414 529 486 pluviali
578 414 742 468 rubeo
771 408 826 466 et
872 415 1026 467 mitra
1058 413 1415 467 consistoriali
1447 415 1741 483 autilrigia-
1772 420 1818 475 Α
1846 415 1970 468 allio
1994 424 2045 469 et
2078 416 2230 469 mitra
2258 430 2378 469 cum
2420 417 2602 483 periis.
2665 417 2853 472 Finitis
2898 419 3056 473 dictis
3118 420 3365 489 Vesperis
3388 464 3408 488 ,

189 528 264 573 ia;
296 520 345 565 et
371 507 663 561 cardinales
705 505 925 560 veniunt
973 521 1092 558 cum
1141 506 1457 573 pluvialibus
1506 508 1660 569 albis,
1689 518 1743 560 et

188 606 420 660 inclinant
442 598 788 663 Antiphonas.
823 597 1089 651 Matutine:
1115 597 1180 649 de
1209 612 1329 651 sero
1357 608 1656 663 cantantur,
1688 607 1743 652 et

187 707 307 760 papa
337 691 574 741 interest.
608 686 664 739 In
689 687 843 740 Missa
876 698 1073 740 tantum
1106 686 1289 741 Oratio
1313 704 1414 741 una
1442 691 1656 751 dicitur,
1688 689 1739 743 in

184 796 274 846 qua
302 779 457 831 servit
488 774 630 842 prior
658 776 1028 840 episcoporum
1059 777 1426 830 cardinalium.
1460 779 1615 832 Modo
1644 778 1741 831 do-

184 875 342 925 tninus
368 881 492 933 papa
522 864 572 916 iu
601 865 782 933 primis
814 867 1057 934 Vespetis
1105 868 1247 920 venit
1290 882 1410 921 cum
1466 870 1616 922 mitra
1648 884 1735 922 Sn-

184 958 331 1011 Iemui
367 964 417 1008 et
450 956 698 1021 pretiosa,
733 966 786 1008 et
841 956 999 1008 habet
1052 937 1288 1023 Vigiliam
1341 974 1434 1024 per
1484 960 1737 1012 domuum

183 1047 476 1116 Gregorium
506 1042 787 1098 leactam
821 1044 872 1097 in
920 1046 1134 1098 civitate
1184 1048 1435 1114 Anagniae
1484 1048 1535 1100 in
1584 1050 1739 1101 Cam—

182 1141 343 1212 pania.

515 1203 772 1258 CXXVII.
807 1202 881 1257 De
913 1215 1088 1258 smrcto
1129 1206 1377 1259 Adriano.

214 1321 363 1391 ~Item
389 1316 455 1371 de
478 1326 665 1370 saneto
692 1318 923 1371 Adriano
955 1318 1045 1371 Iiat
1086 1323 1299 1383 l'estum,
1332 1328 1387 1373 et
1437 1336 1539 1372 non
1588 1334 1735 1373 eom-

180 1395 503 1469 mettioratio.

336 1498 613 1553 CXXVIII.
659 1496 731 1550 De
771 1497 1100 1551 Exaltatione
1126 1510 1317 1552 sanctae
1358 1498 1555 1555 Crucis.

240 1594 359 1646 ltent
390 1591 439 1641 in
478 1589 812 1642 Exaltalione
841 1600 1041 1642 saneta:
1094 1591 1275 1644 Crucis
1315 1592 1385 1643 sit
1416 1602 1580 1644 totum
1611 1591 1731 1643 ofII-

173 1687 298 1740 cium
322 1686 385 1736 de
414 1679 608 1748 Cruee,
641 1682 759 1748 quia
789 1679 1020 1734 officium
1050 1696 1285 1745 novum;
1327 1691 1383 1736 et
1431 1683 1498 1736 de
1536 1684 1734 1735 sanctis

1845 506 1991 558 dedit
2022 507 2468 562 Benedictionem.
2519 508 2630 572 Qua
2660 508 2783 564 data
2809 548 2825 574 ,
2859 511 3007 563 exuit
3029 525 3087 564 se
3134 511 3276 565 dicto
3303 515 3423 580 plu-

1843 598 1964 650 viali
1986 639 1998 657 .
2028 606 2081 650 et
2103 599 2299 666 recepit
2321 615 2539 668 cappam
2572 615 2721 653 suam
2745 602 3110 666 quotidianam
3136 602 3204 657 de
3228 618 3406 670 panno

1840 696 1895 740 et
1921 702 2039 739 cum
2068 688 2203 741 dicta
2226 702 2393 755 cappa
2422 691 2571 742 stetit
2603 690 2653 742 in
2685 691 2800 742 loco
2855 707 2959 757 quo
2989 692 3135 759 prius
3161 701 3411 745 steterat.

1841 776 2057 830 Interim
2088 788 2332 833 cantores
2363 781 2695 846 iocmperuut
2723 790 2938 834 cantare
2969 782 3233 850 Vesperas
3265 798 3410 835 mor-

1842 876 2049 919 tuorum
2075 906 2091 932 ,
2122 877 2174 918 et
2227 869 2672 921 continuaverunt
2715 869 2886 922 dictos
2917 871 3178 936 Vesperos
3203 910 3220 929 .
3273 871 3416 924 dicto

1839 958 2058 1010 domino
2088 958 2338 1011 cardinali
2379 970 2553 1014 stante
2580 975 2671 1014 seu
2704 963 2923 1016 sedente
2951 978 3070 1016 cum
3118 964 3255 1016 dicta
3282 978 3408 1028 eap-

1840 1067 1902 1119 pa
1934 1066 2094 1119 super
2134 1050 2424 1105 faldistorio
2450 1064 2502 1106 et
2554 1053 2669 1106 sine
2722 1055 2898 1106 mitra.
2948 1052 3238 1119 Completis
3286 1069 3415 1108 vero

1838 1140 1992 1193 tlietis
2052 1139 2297 1207 Vesperts
2320 1156 2412 1207 per
2441 1151 2684 1194 cantores
2733 1157 2899 1209 usque
2948 1142 3013 1195 ad
3068 1143 3366 1211 Magni/Scal
3396 1182 3413 1207 ,

1838 1231 2120 1282 cardinalis
2150 1231 2282 1282 dixit
2325 1230 2651 1295 Orationem,
2682 1240 2736 1284 et
2787 1232 2892 1284 duo
2921 1233 2987 1284 de
3015 1234 3273 1300 acolythis
3301 1235 3413 1286 suis

1838 1326 2118 1371 tenuerunt
2139 1319 2237 1372 sibi
2261 1319 2365 1372 duo
2385 1322 2697 1373 candelabra
2730 1336 2850 1374 eum
2879 1322 3115 1373 candelis
3136 1323 3399 1376 3(.CBHSIS.

1837 1409 2034 1473 Quibus
2058 1409 2216 1462 Iinitis
2236 1451 2247 1468 .
2275 1410 2562 1475 inemptum
2588 1412 2687 1463 fuit
2723 1411 3031 1462 Matutinum
3057 1415 3121 1463 de
3150 1412 3371 1465 mortuis
3397 1451 3412 1474 ,

1838 1500 1923 1552 ubi
1951 1499 2199 1567 prmfatus
2224 1498 2507 1551 eardinalis
2534 1514 2747 1565 semper
2776 1499 2918 1552 stetit
2948 1539 2963 1562 ,
3000 1512 3152 1562 prout
3185 1502 3235 1552 in
3275 1500 3405 1554 Ves-

1835 1590 1978 1657 peris
1997 1628 2011 1650 ,
2034 1603 2153 1641 cum
2174 1588 2328 1641 dictis
2360 1588 2696 1641 eaudelabris
2720 1603 2734 1650 ;
2767 1597 2821 1640 et
2848 1589 2944 1640 luit
2973 1588 3308 1641 incensatum
3333 1590 3413 1643 al-

1838 1691 1949 1731 tare
1974 1679 2038 1730 ad
2069 1677 2368 1747 Magni/ica!
2388 1687 2440 1731 et
2463 1678 2527 1731 ad
2552 1677 2870 1733 Benedictus.

177 1777 263 1827 Iiat
288 1772 386 1825 alia
416 1771 526 1824 die.
559 1772 684 1823 Item
717 1770 785 1825 de
816 1772 1033 1825 historia
1083 1774 1321 1838 ponenda
1373 1775 1440 1826 ita
1493 1783 1551 1826 ut
1598 1774 1731 1826 infra
1766 1763 1809 1821 Β
1910 1770 2068 1839 522
2090 1769 2166 1821 Illi
2189 1767 2295 1821 duo
2311 1768 2607 1821 cardinales
2630 1778 2684 1823 et
2711 1770 2853 1837 prior
2876 1770 3413 1839 prcsbyterorumqni

176 1863 424 1917 rubricam
482 1860 769 1929 prepriam.
822 1861 950 1914 Item
1006 1864 1293 1915 notandum
1339 1863 1476 1931 quod
1526 1864 1592 1917 de
1620 1878 1735 1916 om-

169 1954 312 2005 nibus
381 1951 981 2005 commemoratiOuibus
1052 1954 1211 2005 totius
1277 1955 1440 2018 anni,
1498 1954 1564 2008 de
1620 1959 1734 2022 qui-

169 2047 256 2095 bus
302 2044 349 2095 itt
405 2041 523 2094 istis
590 2042 721 2095 locis
768 2042 826 2095 Iit
872 2054 1108 2110 mentm,
1160 2060 1225 2097 ex
1286 2045 1510 2112 quadam
1560 2053 1736 2098 extra-

166 2141 375 2200 vagaute
425 2133 628 2185 domini
678 2131 967 2187 Clementis
1020 2149 1167 2201 papae
1213 2134 1274 2187 Vl
1314 2135 1587 2189 titlestum
1616 2149 1736 2203 spe-

167 2223 309 2275 ('tnle.

166 2313 310 2383 521
337 2311 576 2366 CXXIX.
603 2311 678 2364 De
695 2328 861 2366 mense
889 2313 1137 2366 Octobris.
1166 2312 1241 2366 De
1262 2316 1451 2367 sanctis
1477 2315 1657 2386 Sergio
1686 2326 1734 2370 et

478 2400 704 2467 Baccho,
727 2416 774 2456 et
814 2416 987 2456 sancto
1014 2403 1192 2456 Marco
1225 2422 1378 2472 papa.

230 2489 282 2542 In
303 2490 388 2543 die
417 2500 724 2544 Sanctorum
747 2493 915 2561 Sergii
944 2503 999 2547 et
1031 2494 1220 2548 Bacchi
1244 2507 1324 2549 est
1346 2496 1535 2550 festum
1558 2501 1729 2551 sancti

161 2577 309 2632 Marci
338 2594 485 2646 papae
516 2596 531 2644 ;
557 2580 624 2634 de
650 2596 715 2634 eo
736 2581 791 2634 Iit
823 2599 914 2649 per
940 2598 996 2635 se
1024 2584 1234 2637 Iesmm.

162 2690 364 2745 CXXX.
404 2692 480 2746 De
510 2708 676 2746 mense
720 2692 1044 2749 Novembris.
1080 2698 1154 2749 De
1208 2699 1473 2762 festivitate
1504 2703 1729 2753 omnium

801 2767 1129 2821 Sanctorum.

228 2852 280 2905 I‘n
311 2852 448 2907 festo
477 2855 710 2909 omnium
742 2856 1059 2911 Sanctorum
1110 2874 1289 2912 sermo
1312 2902 1326 2925 ,
1359 2861 1511 2913 Missa
1541 2904 1555 2928 ,
1591 2860 1719 2915 Ves-

162 2959 296 3011 pera:
326 2947 690 3013 praecedentes
713 2951 1031 3003 mandantur
1055 2967 1068 3015 ;
1094 2962 1146 3003 et
1164 2952 1322 3005 debet
1348 2968 1466 3007 esse
1492 2962 1645 3021 potus
1676 2955 1726 3006 in

160 3041 293 3092 aula.
328 3040 383 3094 In
412 3043 544 3107 ipsis
589 3041 747 3108 igitur
764 3042 948 3110 primis
986 3041 1235 3109 Vesperis
1281 3044 1526 3097 dominus
1547 3054 1728 3097 noster

1840 1868 2101 1913 steterunt
2131 1867 2252 1912 ante
2282 1874 2466 1925 papam
2497 1898 2512 1921 ,
2543 1868 2689 1911 stant
2718 1868 2773 1913 et
2793 1862 2981 1913 sedent
3012 1869 3067 1914 ut
3120 1865 3265 1929 prius
3287 1871 3414 1915 ante

1841 1964 2025 2018 papam
2057 1950 2109 2001 in
2136 1948 2379 2002 scabellis
2406 1949 2543 2003 suis.
2574 1948 2655 2002 Ad
2682 1948 2984 2016 Magniﬁcat
3038 1966 3169 2018 papa
3200 1951 3409 2006 accedit

1838 2038 1905 2090 ad
1929 2040 2094 2091 altare
2119 2078 2133 2099 ,
2165 2046 2219 2090 et
2270 2037 2603 2091 thuriﬁcatur
2632 2080 2647 2101 ,
2681 2046 2737 2091 et
2778 2039 3065 2106 Cophinum
3093 2040 3181 2093 ubi
3236 2052 3343 2095 stat
3378 2050 3403 2077 τι

1839 2149 2030 2197 corpus
2060 2134 2275 2187 Chri~ti.
2312 2134 2548 2187 Reverso
2589 2134 2653 2186 ad
2711 2134 3018 2187 cathedram
3071 2148 3220 2186 suam
3248 2175 3261 2196 ,
3305 2133 3409 2188 sibi

1836 2225 1935 2276 soli
1961 2263 1976 2287 ,
2002 2231 2056 2276 et
2082 2223 2209 2276 nulli
2239 2223 2391 2276 alteri
2418 2264 2431 2284 ,
2464 2223 2736 2276 incensum
2759 2223 2938 2275 datur.
2973 2222 3088 2289 Ipse
3120 2223 3249 2275 dicit
3272 2225 3405 2277 Ora-

1839 2316 2035 2369 tionem
2060 2352 2075 2374 ,
2103 2314 2303 2366 scilicet
2334 2312 2594 2366 Fidelium
2625 2312 2759 2366 Deus
2791 2314 3014 2364 omnium
3040 2313 3296 2365 conditor.

1911 2404 2042 2458 Nota
2059 2405 2199 2472 quod
2223 2406 2525 2458 incensatur
2541 2404 2605 2456 ad
2624 2403 2671 2454 Μ
2679 2404 2915 2471 agniﬁcat
2938 2415 2992 2457 et
3011 2403 3076 2457 ad
3100 2402 3404 2457 Benedictus

1835 2494 1888 2549 in
1916 2494 2096 2548 ofﬁcio
2150 2507 2499 2549 mortuorum.
2553 2493 2731 2547 Primo
2779 2495 3083 2548 incensatur
3107 2496 3275 2549 altare
3300 2535 3315 2558 ,
3347 2501 3403 2548 et

1835 2582 2029 2636 deinde
2053 2582 2356 2635 incenSatur
2380 2595 2511 2647 papa
2545 2618 2559 2641 ,
2585 2590 2636 2632 et
2662 2593 2765 2631 non
2792 2579 2947 2631 alter.

1910 2672 2042 2724 Nota
2073 2671 2214 2737 quod
2244 2671 2400 2724 datur
2453 2667 2760 2722 Benedictio
2790 2682 2882 2735 per
2912 2682 3098 2737 papam
3150 2678 3270 2738 post
3296 2669 3408 2723 dic-

1833 2770 1939 2815 tam
1969 2760 2292 2816 Orationem.
2685 2829 2699 2841 ‘

1902 2855 2028 2910 Item
2060 2864 2179 2908 nota
2212 2854 2347 2923 quod
2378 2854 2421 2908 si
2454 2868 2580 2921 papa
2604 2855 2749 2919 vult,
2781 2861 2957 2919 potest
2997 2860 3114 2918 post
3139 2850 3399 2918 Vesperas

1830 2944 2020 2999 ibidem
2067 2944 2206 2998 illam
2234 2959 2453 3010 cappam
2475 2944 2542 2999 de
2571 2944 2818 2997 scarletto
2840 2943 3110 3009 deponere
3133 2978 3150 3005 ,
3176 2949 3229 2992 et
3259 2955 3405 2993 reas-

1830 3050 2038 3088 sumere
2068 3035 2313 3101 pluviale.
2347 3034 2538 3086 Verum
2568 3044 2649 3086 est
2677 3032 2817 3099 quod
2850 3032 2917 3084 de
2947 3044 3096 3083 more
3127 3038 3211 3082 est
3242 3044 3402 3096 prop.

161 3144 219 3198 pi
229 3146 289 3199 pa
313 3134 459 3186 venit
475 3149 592 3187 eum
608 3134 825 3202 pulchro
846 3133 1055 3201 pluviali
1074 3133 1194 3186 albo
1208 3144 1259 3186 et
1278 3135 1429 3187 tnitra
1445 3133 1667 3189 solemni
1683 3142 1733 3186 et

1843 3132 1921 3178 ter
1952 3125 2281 3177 honestatem
2308 3164 2324 3189 ,
2352 3134 2406 3175 ut
2451 3137 2572 3174 cum
2605 3120 2854 3188 prredicta
2901 3133 3071 3186 eappa
3109 3128 3406 3172 revertatur

161 3222 418 3285 pretiosa;
444 3223 743 3276 cardinales
765 3238 890 3276 vero
914 3224 1072 3274 etiam
1095 3238 1214 3276 eum
1239 3225 1552 3291 pluvialibus
1569 3224 1726 3287 albis,

158 3320 208 3363 et
254 3312 512 3364 inclinant
536 3313 887 3379 Antiphonas.
915 3312 970 3365 In
995 3312 1153 3366 Missa
1180 3313 1375 3366 dicitur
1401 3324 1601 3367 tantum
1628 3330 1730 3368 una

158 3401 343 3454 Oratio
368 3442 385 3465 ,
421 3416 519 3453 nec
550 3401 600 3454 in
634 3402 878 3470 Vesperis
902 3446 916 3469 ,
951 3418 1047 3457 nec
1076 3406 1125 3456 in
1173 3404 1443 3459 Matutiois
1473 3406 1529 3458 Iit
1574 3421 1730 3459 com-

156 3495 481 3546 memoratio
503 3492 568 3545 de
594 3502 780 3547 sancto
818 3493 1049 3547 Caesarie
1076 3535 1090 3559 ,
1120 3511 1219 3549 nec
1250 3498 1319 3550 de
1349 3498 1653 3563 Dominica;
1676 3508 1733 3554 et

151 3580 351 3633 festum
392 3580 563 3633 Sancti
594 3581 808 3634 Cmsarii
841 3582 1176 3634 translertur.
1210 3583 1414 3636 Dicitur
1438 3584 1639 3638 Tertia.
1675 3587 1729 3638 In

152 3672 311 3727 Missa
369 3672 569 3726 debent
615 3686 735 3726 esse
781 3682 983 3739 septem
1035 3672 1353 3726 candelabra
1412 3674 1465 3727 in
1508 3690 1725 3742 proces-

154 3778 329 3818 swne.
518 3833 754 3888 CXXXI.
783 3833 856 3889 De
885 3835 1119 3887 secundis
1154 3833 1412 3904 Vesperis.

228 3945 281 3997 In
301 3944 551 3998 secundis
568 3944 810 4012 Vesperis
829 3960 960 4013 papa
975 3947 1246 3999 venitcutn
1265 3943 1479 4011 pluviali
1498 3943 1662 3997 rubeo
1682 3954 1735 3997 et

154 4036 309 4088 mitra
337 4035 700 4088 consistoriali
730 4051 744 4099 ;
775 4045 829 4089 et
857 4033 1151 4088 cardinales
1178 4051 1282 4087 non
1312 4045 1499 4103 parant
1524 4048 1602 4096 se,
1636 4048 1736 4087 nec

156 4126 770 4192 iueltoautAntiphonas,
786 4126 923 4181 sicut
942 4128 993 4181 in
1018 4129 1199 4194 primis
1218 4127 1485 4196 Vesperis.
1508 4127 1573 4181 Et
1597 4126 1733 4180 istud

154 4231 369 4285 semper
390 4218 695 4270 servaturi"
726 4218 973 4271 secundis
1000 4219 1245 4284 VeSperis
1265 4218 1549 4287 cujuslibet
1572 4217 1692 4270 festi
1717 4234 1733 4281 ;

154 4317 208 4358 et
234 4318 629 4374 (ousequenter
648 4320 743 4360 nec
769 4308 983 4378 aeolyti,
1015 4324 1112 4362 nec
1128 4310 1423 4372 auditores,
1448 4322 1543 4361 nec
1566 4307 1733 4361 etiam

156 4401 517 4455 subdiaconus
544 4410 685 4455 stant
712 4417 830 4455 cum
862 4400 1194 4470 superpliciis
1221 4442 1235 4466 ,
1260 4402 1353 4454 sed
1396 4415 1516 4453 eum
1549 4399 1732 4467 cappis

1832 3215 1899 3269 ad
1928 3230 2193 3269 cameram
2224 3229 2397 3271 suam.
2416 3204 2851 3267 Consuevernut
2901 3220 3075 3263 tamen
3120 3208 3407 3277 aliquando

1833 3304 2055 3358 Romani
2106 3307 2377 3373 pontiliees
2400 3343 2418 3371 ,
2448 3303 2729 3370 completis
2752 3302 3002 3368 Vesperis
3025 3310 3354 3353 mortuorum
3386 3338 3402 3361 .

1832 3395 2018 3448 audire
2066 3406 2227 3447 totum
2280 3394 2590 3448 Matutinum
2622 3394 2689 3445 de
2734 3391 2961 3444 mortuis
2989 3389 3267 3442 cantaudis
3312 3402 3407 3456 per

1832 3492 2102 3548 cantores,
2122 3492 2175 3536 et
2195 3493 2335 3537 stare
2358 3498 2477 3538 cum
2500 3483 2635 3535 dicta
2656 3496 2818 3550 cappa
2845 3493 2899 3536 et
2921 3481 3074 3534 tnitra
3099 3480 3235 3533 alba.
3257 3478 3408 3532 Com-

1835 3573 1991 3641 pletis
2021 3573 2342 3641 Antiphonis
2393 3580 2723 3626 mortuorum
2752 3610 2767 3632 ,
2805 3584 2935 3636 papa
2989 3569 3194 3635 surgit,
3227 3575 3281 3620 et
3312 3582 3406 3635 per

1834 3664 2098 3715 modicum
2129 3663 2356 3730 spatium
2387 3671 2530 3726 stat,
2560 3674 2836 3730 quousque
2864 3658 3184 3726 incipiantur
3215 3657 3400 3711 lectio-

1836 3768 1931 3806 nes
1961 3768 2053 3821 per
2082 3752 2251 3805 dictos
2281 3761 2544 3803 cantores.
2579 3753 2695 3804 Alia
2752 3751 2882 3802 liuut
2930 3764 3023 3815 per
3060 3747 3300 3800 ordinem
3331 3745 3399 3798 de

1833 3846 2087 3897 Oratione
2111 3883 2125 3904 ,
2159 3843 2224 3896 de
2256 3842 2620 3895 ineensatioue
2648 3849 2703 3894 et
2731 3839 3067 3893 candelabris
3092 3881 3107 3905 ,
3142 3846 3297 3905 prout
3347 3836 3404 3889 in

1837 3936 2086 4005 Vesperis
2106 3941 2455 3988 mortuorum.

1972 4024 2213 4080 CXXXII
2264 4033 2319 4075 et
2342 4019 2622 4074 CXXXIII.
2650 4019 2722 4072 De
2744 4018 2905 4085 o/ﬁcio
2938 4016 3277 4068 Mortuorum.

1910 4120 1964 4172 In
1997 4119 2156 4171 Missa
2188 4130 2317 4169 vero
2368 4114 2737 4168 defunctorum
2794 4111 2938 4164 venit
2981 4124 3099 4161 cum
3154 4104 3406 4174 przcdicta

1834 4228 1996 4281 cappa
2023 4226 2076 4267 et
2097 4226 2215 4265 cum
2243 4211 2397 4263 mitra
2423 4207 2538 4260 alba
2560 4205 2819 4273 simplici,
2844 4210 2897 4255 et
2926 4201 3180 4253 diaconus
3203 4207 3256 4252 et
3281 4196 3409 4251 sub-

1835 4312 2091 4364 diaconus
2139 4316 2357 4359 utuntur
2392 4301 2641 4356 tunicella
2683 4308 2737 4353 et
2783 4297 3064 4351 dalmatica
3099 4294 3196 4346 ista
3228 4291 3336 4352 die,
3361 4300 3413 4344 et

1836 4415 1939 4454 non
1994 4399 2252 4466 planetis;
2282 4404 2336 4450 et
2392 4394 2753 4448 subdiaconus
2796 4396 2973 4457 portat
3018 4398 3229 4438 erucem
3289 4391 3414 4433 ante

156 4491 341 4545 laneis.
397 4492 588 4546 Finitis
627 4508 751 4546 vero
808 4493 1163 4559 Vesperis,et
1212 4495 1330 4544 data
1363 4489 1737 4545 Bene-dictione
1767 4487 2056 4561 Dpapam.
2088 4491 2167 4544 Ad
2224 4486 2568 4559 Evangelium
2623 4491 2899 4553 portantur
2949 4476 3269 4539 luminaria,
3318 4473 3412 4525 sed

159 4596 252 4648 per
278 4597 472 4650 papam
499 4622 515 4643 ,
548 4582 740 4635 ibidem
768 4597 896 4650 papa
920 4582 1137 4647 deponit
1183 4578 1411 4647 pluviale
1433 4587 1488 4632 et
1517 4579 1727 4631 mitram

160 4673 445 4740 praadiclas
477 4712 491 4734 ,
526 4682 580 4726 et
610 4672 845 4724 induitur
874 4686 1037 4737 cappa
1069 4672 1134 4724 de
1165 4671 1418 4723 scarletto
1443 4669 1509 4722 de
1537 4672 1730 4721 samito

160 4763 399 4816 amedio
457 4766 689 4829 pectoris
743 4773 923 4829 aperta
985 4763 1245 4828 usquead
1302 4762 1502 4827 pedes,
1562 4761 1733 4814 hireto

158 4854 326 4907 rubeo
355 4862 410 4907 et
439 4854 588 4904 mitra
619 4852 735 4903 alba
766 4851 989 4917 simplici
1022 4853 1087 4904 de
1110 4850 1351 4919 garnello
1378 4868 1391 4915 ;
1427 4860 1480 4905 et
1503 4850 1715 4903 interim

156 4953 409 4997 cantores
440 4952 655 4996 cantant
682 4940 922 4996 ΡΙαι·εὸο.

226 5036 382 5088 Anno
413 5033 553 5089 I418
602 5036 933 5103 pontiﬁcatus
980 5033 1179 5086 domini
1231 5033 1437 5088 Martini
1464 5048 1603 5086 anno
1630 5034 1689 5087 II
1716 5072 1734 5097 ,

160 5130 210 5183 itt
238 5130 326 5184 die
348 5131 591 5183 omnium
648 5130 961 5183 Sanctorum
986 5128 1035 5180 in
1063 5129 1310 5181 secundis
1334 5128 1582 5195 Vesperis
1604 5141 1735 5196 papa

158 5237 263 5275 non
295 5222 443 5276 venit
469 5221 534 5273 ad
565 5221 821 5288 capellam
852 5259 867 5284 ,
900 5220 985 5271 ubi
1015 5220 1135 5271 talis
1166 5219 1300 5269 ordo
1348 5228 1589 5271 servatus
1618 5216 1733 5270 fuit.

160 5312 403 5367 Domnns
433 5313 720 5366 cardinalis
744 5313 912 5364 sancti
942 5311 1168 5365 Marcelli
1198 5310 1322 5364 fecit
1346 5310 1606 5377 Vesperas
1631 5347 1646 5371 ,
1677 5315 1731 5360 et

160 5406 381 5474 iucmpit
416 5406 570 5468 Deus,
604 5409 652 5457 in
690 5405 1004 5474 adjulorinm
1036 5419 1202 5455 meum
1254 5403 1456 5454 intende
1479 5440 1494 5463 ,
1523 5411 1576 5453 et
1605 5400 1739 5453 dixit

158 5498 477 5552 Orationem
537 5498 603 5549 tle
648 5496 782 5550 festo
833 5512 951 5547 cum
1008 5498 1514 5547 commemoratione
1567 5491 1736 5546 sancti

160 5589 407 5652 (ἷωδτη-ἰί,
446 5596 497 5640 et
520 5587 663 5640 stetit
698 5587 748 5638 in
780 5586 957 5637 oiﬁcio
983 5585 1336 5648 Vesperarum
1368 5598 1487 5637 cum
1519 5582 1733 5639 pluviali

234 5713 257 5739 ει
288 5704 363 5756 De
391 5702 580 5755 eodem
605 5699 832 5769 cophino
858 5712 1032 5754 actum
1081 5710 1164 5755 est
1194 5714 1433 5767 superius
1461 5702 1511 5752 in
1539 5713 1658 5767 cap.
1686 5698 1733 5750 I.

1837 4601 1943 4640 non
1976 4584 2249 4637 incensum
2275 4597 2289 4643 ;
2322 4590 2375 4633 et
2401 4578 2544 4632 dicto
2568 4576 2793 4631 Sanctus
2818 4614 2833 4638 ,
2861 4570 3162 4623 immediate
3192 4565 3413 4619 descen-

1835 4676 1964 4728 dita
1992 4672 2244 4727 cathedra
2267 4685 2360 4725 sua
2387 4711 2401 4733 ,
2434 4679 2489 4722 et
2542 4666 2683 4718 vadit
2714 4673 2834 4716 ante
2880 4662 3084 4721 altare;
3116 4668 3170 4712 et
3199 4656 3269 4709 ibi
3302 4655 3410 4707 IIe—

1836 4768 1916 4821 xis
1940 4766 2164 4835 genibus
2201 4778 2368 4829 usque
2392 4763 2456 4815 ad
2490 4759 2639 4812 Pater
2672 4769 2862 4811 noster.
2899 4755 2953 4807 In
2984 4757 3080 4806 ista
3110 4751 3265 4803 Missa
3288 4761 3393 4801 non

1836 4857 1994 4911 datur
2023 4853 2329 4909 Benedictio
2356 4861 2473 4918 post
2508 4850 2759 4911 Missam,
2795 4859 2894 4898 nec
2924 4843 2986 4896 ad
3021 4838 3361 4906 Evangelium
3396 4851 3411 4897 ;

1840 4964 1936 5002 nec
1961 4946 2232 5000 osculatur
2265 4944 2395 4996 liber
2418 4983 2431 5004 ,
2467 4955 2564 4995 nec
2597 4956 2685 5007 pes
2728 4952 2827 5006 pnp
2844 4953 2895 4989 e.
2958 4932 3096 4987 Nulli
3148 4932 3301 4983 datur
3331 4929 3413 4979 in-

1839 5051 2056 5091 censum
2090 5034 2189 5087 nisi
2220 5050 2369 5103 papte
2403 5040 2644 5093 tantum;
2690 5043 2787 5081 nec
2832 5024 3163 5078 thuriﬁeatur
3202 5021 3371 5071 altare
3399 5059 3412 5079 ,

1841 5126 1942 5180 nisi
1972 5126 2023 5179 in
2051 5126 2334 5180 Oﬂ'ertorio
2368 5133 2568 5174 tantum
2594 5160 2608 5183 ,
2636 5128 2687 5172 et
2711 5129 2838 5170 tunc
2865 5115 3011 5168 solus
3043 5126 3171 5179 papa
3204 5107 3412 5161 thurit‘t-

1839 5229 2022 5283 catur;
2050 5232 2148 5270 una
2180 5214 2358 5270 Oratio
2380 5212 2592 5266 dicitur.
2622 5210 2846 5275 Semper
2867 5203 3163 5258 cardinales
3186 5213 3413 5252 consue-

1842 5309 2205 5364 veruntistam
2227 5305 2437 5357 Missam
2460 5301 2749 5354 celebrare.
2784 5298 2951 5349 Finita
2985 5295 3137 5346 Missa
3168 5292 3413 5358 praelatus

1839 5400 1926 5467 qui
1974 5397 2099 5450 Iacit
2152 5394 2382 5448 ofﬁcium
2443 5390 2745 5444 immediate
2794 5386 3011 5453 deponit
3059 5384 3325 5443 casulam,
3360 5389 3412 5433 et

1842 5490 2033 5556 recipit
2061 5486 2287 5556 pluviale
2319 5499 2587 5552 magnum.
2639 5479 2855 5533 Interim
2900 5486 3147 5529 cantores
3199 5481 3415 5526 cantant

1844 5581 2027 5635 Libera
2052 5597 2134 5633 me
2160 5618 2177 5645 ,
2212 5577 2428 5630 Domine
2458 5576 2522 5628 de
2584 5582 2744 5627 morte
2798 5582 2991 5624 teterna
3017 5584 3034 5631 ;
3064 5578 3117 5622 et
3162 5566 3413 5633 praelatus
