3990 6296
556 304 687 359 1347
736 338 742 345 .

1232 296 1567 351 APPENDIX
1613 297 1703 350 AI)
1743 299 1800 352 S.
1844 297 2167 353 CREGOIIII
2210 301 2422 356 MAGNI
2463 302 2830 360 LITURGICA
2870 306 3124 363 OPERA.

3676 314 3813 371 15-58

553 416 833 486 praedictus
856 411 979 465 facit
1006 409 1391 462 absolutionem
1418 446 1435 471 ,
1493 418 1651 475 prout
1684 409 1732 461 in
1765 409 1955 462 Missali
1982 424 2114 497 con-
2146 413 2193 469 Α
2222 421 2399 478 portat
2428 414 2571 468 illam
2607 430 2828 484 cappam
2875 426 2929 470 et
2972 418 3186 472 mitram
3223 419 3398 475 albam
3424 436 3590 491 super
3615 438 3809 497 caput,

554 507 747 558 tinetur
766 543 781 567 ,
812 510 864 553 et
892 506 1091 551 tantum
1125 511 1228 548 una
1252 497 1435 549 Oratio
1460 497 1652 549 dicitur
1675 538 1691 563 ,
1720 498 1921 552 scilicet
1970 495 2129 551 Fide-

554 595 676 647 littm
710 592 843 643 Deus
874 588 1099 639 omnium
1134 587 1366 638 conditor
1398 630 1413 653 ,
1447 598 1552 641 etc.

623 681 753 732 Nota
776 677 915 745 quod
937 689 1202 741 nunquam
1229 676 1280 727 in
1312 676 1484 728 Missis
1512 675 1883 730 defunctorum
1915 683 2129 743 portan-

552 779 637 819 tur
662 766 1013 829 ειιὶιθῑιιεςιυ,
1051 778 1148 817 nec
1178 764 1420 816 sandalia
1450 780 1463 828 ;
1498 779 1595 818 nec
1625 766 1796 831 aliqua
1824 764 2129 818 Benedicdo

551 864 704 912 datur
723 898 735 921 ,
768 873 864 911 nec
885 857 1019 911 liber
1048 858 1337 909 osculatur.
1364 857 1515 923 Quod
1549 858 1593 909 si
1626 873 1758 925 papa
1784 860 2120 921 celebraret,

551 951 802 1003 diaconus
832 964 929 1003 nec
955 949 1311 1002 subdiaconus
1330 950 1781 1003 communicarent
1806 948 1870 1000 de
1890 948 2131 1001 manibus

552 1059 718 1111 papae.
753 1042 860 1095 Nec
888 1050 971 1095 est
1025 1042 1091 1094 de
1136 1056 1325 1107 more,
1380 1040 1519 1108 quod
1574 1041 1796 1093 Romani
1853 1041 2126 1109 pontiﬁces

551 1136 821 1189 celebrant
849 1135 902 1186 in
961 1133 1349 1201 pontiﬁcalibus
1376 1146 1470 1201 pro
1512 1132 1810 1197 defunctis,
1859 1135 1954 1186 sed
1986 1133 2123 1187 bene

725 1241 775 1280 8.

725 1241 775 1280 e.

551 1236 721 1387 650;;
749 1313 1033 1369 CXXXIV.
1082 1313 1156 1366 De
1186 1330 1414 1367 sermone
1444 1314 1497 1367 in
1534 1312 1706 1366 Missis
1742 1314 2117 1384 defunctorum.

624 1398 952 1467 Notandum,
1000 1403 1051 1455 in
1097 1405 1195 1457 hac
1232 1404 1387 1458 Missa
1428 1419 1530 1458 non
1561 1414 1641 1457 est
1671 1420 1868 1465 sermo,
1900 1418 1998 1456 nec
2024 1418 2126 1456 un-

555 1514 713 1566 quam
743 1512 922 1550 coram
951 1496 1188 1547 Romano
1218 1494 1464 1561 pontiﬁce
1494 1494 1652 1547 debet
1678 1494 1788 1547 ﬁeri
1818 1508 1914 1561 pro
1938 1492 2127 1546 defun-

555 1589 688 1651 ctis;
721 1602 816 1641 nec
844 1588 957 1655 ipse
992 1600 1221 1653 unquam
1252 1585 1491 1639 celebrat
1517 1585 1568 1637 in
1599 1583 1994 1653 pontiﬁcalibus
2026 1597 2123 1651 pro

555 1677 836 1743 defunctis,
869 1676 961 1730 scd
993 1686 1218 1730 secrete.

2231 510 2287 553 et
2336 516 2560 571 cappam
2608 508 2752 559 circa
2794 508 3030 573 collum;
3103 520 3227 565 tunc
3277 512 3388 566 duo
3436 517 3634 570 sedent
3685 527 3815 575 aute

2234 594 2407 663 ipsum
2436 602 2554 654 sine
2595 602 2866 667 scabellis,
2919 612 2973 655 et
3015 607 3297 674 presbyter
3324 608 3614 663 cardinalis
3649 627 3819 679 super

2229 689 2547 743 scabellum.
2580 691 2730 744 Tunc
2764 709 2867 745 non
2897 697 3177 749 consuevit
3202 686 3487 767 episcopus
3518 702 3817 757 cardinatis

2230 781 2329 835 sibi
2382 785 2608 836 servire.
2664 781 2795 836 Item
2852 795 2973 837 nota
3018 787 3156 854 quod
3206 790 3251 840 si
3304 804 3433 856 papa
3488 807 3595 843 non
3647 794 3814 846 vellet

2231 871 2442 927 deferre
2472 874 2682 927 mitram
2726 873 2817 927 illa
2864 876 2955 929 die
2997 876 3083 931 vel
3132 877 3215 931 his
3264 879 3477 946 diebus,
3530 892 3658 935 tunc
3704 900 3812 937 non

2229 972 2371 1015 stant
2396 972 2520 1016 ante
2543 977 2691 1017 eum.

2393 1052 2681 1105 CXXXIX.
2722 1052 2802 1107 De
2824 1069 2989 1122 cappa
3018 1058 3070 1109 in
3106 1057 3388 1112 Nativitate
3415 1060 3640 1113 Domini.

2302 1141 2431 1194 Item
2472 1142 2526 1195 in
2567 1142 2855 1199 Nativitate
2899 1146 3108 1201 Domini
3141 1148 3193 1201 in
3223 1150 3491 1204 Matutinis
3517 1152 3668 1204 venit
3690 1168 3811 1206 cum

2229 1245 2394 1299 cappa
2422 1232 2599 1298 lanea,
2643 1250 2743 1288 nec
2790 1245 2967 1302 portat
3003 1240 3237 1293 mitram.
3268 1240 3393 1295 Ideo
3443 1242 3662 1296 diaconi
3705 1260 3809 1298 non

2230 1321 2425 1375 sedent
2452 1320 2505 1375 in
2536 1322 2712 1377 ofﬁcio
2750 1324 3125 1381 Matutinarum
3164 1339 3288 1383 ante
3320 1345 3464 1385 eum.
3499 1332 3629 1385 ltetn
3657 1335 3799 1400 quod

2233 1411 2458 1466 Romani
2512 1414 2788 1481 pontiﬁces
2828 1417 3094 1499 interdum
3125 1432 3519 1475 consueverunt
3550 1422 3808 1478 interesse

2230 1501 2283 1554 in
2331 1502 2602 1557 Matutinis
2649 1505 2947 1560 Nativitatis
2996 1507 3222 1573 Domini,
3274 1518 3329 1563 et
3377 1511 3430 1563 in
3477 1511 3585 1565 illis
3637 1515 3802 1568 tribus

2234 1595 2425 1650 diebus
2450 1597 2502 1649 in
2535 1596 2866 1653 bebdomada
2895 1609 3096 1666 sancta,
3145 1602 3201 1655 in
3240 1602 3424 1671 Vigilia
3466 1605 3708 1669 Pascha,
3751 1609 3801 1661 in

2230 1685 2405 1753 vigilia
2456 1686 2828 1753 Pentecostes,
2869 1690 3121 1759 Corporis
3169 1693 3385 1759 Christi,
3438 1698 3802 1761 apostolorum

628 1774 759 1825 Item
793 1770 1068 1824 sciendum
1101 1768 1239 1837 quod
1275 1767 1512 1821 Romana
1541 1767 1689 1821 curia
1718 1782 1821 1820 non
1852 1766 2128 1821 consuevit

2237 1777 2375 1832 Petri
2420 1789 2474 1833 et
2523 1780 2694 1846 Pauli,
2744 1782 3137 1849 Assumptionis
3183 1786 3402 1853 virginis
3443 1788 3629 1841 Maria
3667 1799 3721 1841 et
3756 1789 3807 1843 in

558 1862 612 1916 in
644 1860 819 1914 Missis
847 1860 1237 1919 defunctorum,
1272 1858 1694 1926 quandocunque
1726 1859 1908 1910 funera
1944 1865 2127 1910 essent

562 1955 867 2024 prmsentia,
892 1962 945 2007 et
968 1960 1433 2021 quantumcunque
1456 1951 1671 2017 nobilia,
1698 1950 1895 2004 habere
1920 1964 2127 2003 sermo.

557 2062 700 2101 nem.
744 2044 1079 2098 Contrarium
1128 2042 1285 2112 hujus
1332 2042 1557 2096 rubricae
1588 2050 1827 2095 serVatur
1856 2040 2131 2094 modernis

558 2136 908 2204 temporibus.

630 2228 755 2281 Item
780 2226 1054 2280 sciendum
1081 2224 1219 2294 quod
1264 2225 1315 2278 in
1360 2223 1532 2277 Missis
1562 2223 1811 2288 militum,
1844 2223 2124 2287 baronum,

556 2317 771 2382 ducum,
796 2316 1075 2381 comitum,
1110 2330 1292 2385 regum
1319 2325 1373 2367 et
1404 2313 1808 2380 imperatorum,
1840 2327 1957 2380 qua:
1987 2312 2129 2364 cele-

567 2406 788 2460 brantur
837 2420 1017 2459 coram
1070 2421 1243 2473 papa,
1298 2417 1565 2470 nunquam
1618 2411 1701 2455 est
1754 2416 1969 2461 sermo;
2028 2415 2129 2455 nec

559 2498 720 2551 etiam
768 2495 932 2549 insui
982 2496 1243 2556 absentia,
1291 2493 1381 2546 ubi
1420 2502 1543 2546 sunt
1589 2492 1906 2556 cardinales,
1953 2490 2048 2545 sed
2081 2489 2127 2544 si

556 2586 855 2640 cardinales
879 2601 982 2639 non
1011 2594 1208 2650 essent,
1240 2599 1418 2637 sermo
1448 2593 1619 2651 potest
1654 2583 1787 2636 ﬁeri.

630 2676 786 2742 Nota,
819 2677 863 2731 si
892 2678 1224 2745 contingeret
1257 2675 1549 2729 Romanum
1579 2675 1953 2742 imperatorem
1984 2672 2126 2726 diem

559 2785 713 2825 suum
756 2778 1050 2823 extremum
1083 2768 1336 2822 claudere
1367 2768 1418 2820 in
1448 2766 1591 2819 curia
1624 2766 1885 2828 Romana,
1933 2767 2046 2817 sive
2073 2763 2125 2817 in

561 2862 721 2925 Urbe,
773 2861 884 2913 sive
923 2869 1093 2925 extra,
1136 2869 1252 2928 past
1296 2858 1508 2911 Missam
1558 2856 1718 2910 debet
1762 2856 1873 2909 ﬁeri
1927 2869 2124 2919 sermo,

558 2967 718 3020 quem
750 2951 910 3004 debet
939 2950 1114 3004 facere
1155 2950 1347 3018 aliquis
1391 2947 1700 3010 cardinalis,
1728 2957 1782 3000 et
1814 2954 1937 3000 tunc
1964 2946 2126 2998 inter-

559 3051 683 3095 sunt
706 3042 1023 3094 cardinales.

2230 1868 2410 1937 vigilia
2462 1871 2698 1923 omnium
2744 1870 3096 1936 Sanctorum;
3128 1884 3181 1927 et
3210 1891 3482 1941 nunquam
3510 1886 3686 1944 portat
3713 1882 3809 1929 mi—

2231 1966 2363 2010 tram
2409 1972 2508 2011 nec
2552 1958 2781 2026 pluviale
2826 1961 2878 2013 in
2919 1961 3048 2028 ipsis
3094 1961 3413 2026 Matutinis;
3456 1978 3560 2017 nec
3595 1964 3805 2018 diaconi

2229 2048 2529 2101 cardinales
2559 2050 2749 2102 sedent
2773 2058 2896 2103 ante
2924 2064 3043 2103 eum
3076 2050 3129 2103 in
3161 2052 3289 2104 locis
3318 2052 3452 2104 suis.

2227 2138 2385 2195 CXL.
2427 2139 2503 2192 De
2537 2140 3149 2263 indumentissmutandis
3190 2143 3244 2194 in
3300 2141 3541 2209 Vesperi:
3585 2144 3804 2197 omnium

2892 2226 3179 2263 ancoram.

2892 2226 3179 2264 αηευηιηι.

2301 2300 2428 2355 Item
2458 2299 2733 2355 sciendum
2761 2302 2901 2367 quod
2945 2302 2997 2354 in
3040 2301 3127 2355 die
3167 2301 3407 2355 omnium
3447 2302 3797 2369 Sanctorum,

2229 2393 2390 2446 dictis
2443 2392 2694 2459 VeSperis
2742 2392 2871 2454 diei,
2923 2402 2977 2445 et
3025 2392 3143 2445 data
3192 2392 3615 2456 Bcnedictiune,
3674 2411 3802 2463 papa

2230 2482 2430 2537 ibidem
2460 2482 2681 2550 deponit
2707 2482 2941 2547 mitram,
2973 2483 3201 2551 pluviale
3221 2494 3274 2537 et
3294 2486 3490 2537 stolam
3512 2502 3528 2550 ;
3551 2495 3605 2539 et
3624 2488 3801 2554 recipit

2229 2571 2421 2625 stolam
2466 2573 2668 2639 absque
2707 2571 2889 2639 perlis,
2931 2571 3154 2626 biretum
3195 2574 3442 2638 rubeam,
3483 2585 3540 2629 et
3578 2591 3792 2644 cappam

2233 2662 2471 2716 clausam
2516 2662 2809 2716 l'oderatam
2840 2663 2906 2715 de
2939 2662 3210 2727 liermlnis,
3240 2676 3481 2732 apertam
3526 2683 3557 2718 a
3589 2678 3797 2732 pectore

2232 2766 2402 2821 usque
2444 2752 2511 2805 ad
2562 2752 2762 2818 pedes;
2812 2760 2866 2805 et
2912 2752 2989 2805 sic
3034 2753 3205 2815 sedet,
3247 2763 3298 2807 et
3345 2757 3453 2807 duo
3504 2756 3799 2809 cardinates

2229 2846 2418 2900 sedent
2460 2855 2583 2898 ante
2612 2860 2731 2898 eum
2761 2845 2961 2911 absque
3002 2844 3270 2909 scabellis,
3313 2854 3369 2899 et
3408 2846 3561 2912 prior
3591 2848 3789 2918 presby-

2232 2945 2491 2989 terorum.
2541 2935 2621 2989 Ad
2663 2933 2966 3003 Magni/ient
3014 2935 3284 2989 thuriﬁcat
3328 2951 3464 3003 papa
3512 2939 3716 2996 altare.
3753 2950 3801 2991 et

2230 3025 2359 3079 dicit
2397 3026 2673 3079 collectam
2705 3040 2801 3092 pro
2828 3025 3110 3092 defunctis,
3144 3026 3281 3080 sicut
3307 3038 3391 3080 est
3431 3030 3484 3080 in
3517 3028 3802 3083 Breviarro.

632 3133 760 3187 Item
796 3140 918 3184 nota
945 3131 1085 3199 quod
1114 3144 1291 3184 sermo
1317 3128 1654 3183 solummodo
1687 3128 1797 3181 ﬁeri
1843 3128 2003 3181 debet
2031 3142 2126 3195 pro
2149 3116 2200 3182 α
2235 3118 2347 3172 Non
2397 3120 2555 3172 datur
2599 3118 2906 3172 Benedictio
2952 3130 3071 3186 post
3118 3118 3381 3185 V’csperas
3410 3107 3569 3173 istas.
3612 3120 3800 3186 Quibus

572 3226 813 3279 Romano
844 3222 1090 3291 pontiﬁce
1114 3222 1199 3275 vel
1227 3239 1320 3291 pro
1341 3214 1594 3275 cardinali
1625 3221 1674 3272 in
1700 3220 1783 3272 die
1816 3221 2125 3287 sepulturae,

570 3319 829 3369 duntaxat
872 3314 925 3368 in
974 3315 1250 3382 prasentia
1297 3312 1639 3367 eardinalium
1687 3322 1910 3381 excepto
1966 3313 2130 3379 impc-

568 3418 764 3461 ratore.

642 3499 941 3553 Notandum
995 3496 1134 3567 quod
1178 3496 1231 3549 in
1277 3494 1544 3565 obsequiis
1594 3495 1772 3548 domni
1819 3493 2014 3548 Urbani
2062 3492 2129 3547 VI

575 3589 722 3642 onmi
762 3590 849 3643 die
877 3589 1157 3642 voluerunt
1188 3601 1281 3655 per
1312 3596 1474 3639 totam
1502 3601 1757 3639 novenam
1788 3584 1984 3639 habere
2011 3599 2127 3638 ser-

574 3694 812 3740 monem,
838 3688 891 3730 et
914 3676 1215 3729 habuerunt
1236 3686 1420 3729 contra
1447 3674 1901 3728 consuetudinem.

653 3786 914 3843 CXXXV.
943 3785 1015 3839 De
1034 3796 1209 3839 sancto
1241 3784 1466 3906 Mign-tino
1495 3793 1540 3837 et
1565 3796 1741 3837 sancto
1769 3783 2042 3849 Clemente,

1241 3872 1303 3906 ru
1338 3870 1465 3906 rica.

1241 3870 1465 3907 rubrica.

638 3949 691 4001 ln
707 3947 793 4001 die
808 3944 975 4000 sancti
990 3943 1195 3997 Martini
1214 3959 1319 3997 non
1338 3943 1396 3996 ﬁt
1414 3944 1847 3997 commemoratio
1860 3942 1929 3997 de
1948 3951 2132 3997 sancto

565 4041 777 4097 Henna.
810 4038 937 4091 Item
963 4036 1006 4091 si
1034 4035 1224 4089 festum
1261 4035 1430 4089 sancti
1477 4034 1684 4088 Martini
1725 4035 1806 4089 vel
1841 4033 2131 4088 Clementis

565 4133 617 4185 in
650 4129 918 4183 Dominica
959 4137 1143 4196 quarta
1174 4125 1491 4179 Novembris
1532 4125 1756 4190 venerit,
1806 4125 1858 4178 in
1897 4141 1999 4195 qua
2039 4141 2131 4194 po—

568 4230 764 4275 nuntur
818 4233 890 4272 xtt
942 4217 1086 4284 parvi
1140 4215 1449 4284 propheta},
1499 4217 1590 4267 ﬁat
1636 4214 1702 4267 de
1751 4225 1957 4278 sancto,
2007 4215 2128 4285 quia

567 4312 721 4366 habet
754 4310 849 4363 triu
892 4308 1248 4377 Responsoria
1278 4318 1330 4361 et
1362 4305 1507 4375 parvi
1556 4306 1828 4374 pr0phetae
1880 4308 2129 4375 leguntur

572 4420 668 4474 per
696 4401 1101 4458 hebdomadam.
1136 4399 1239 4454 Ista
1272 4415 1376 4452 nott
1408 4410 1490 4453 est
1518 4398 1740 4454 historia
1773 4401 2007 4469 propria.

866 4494 881 4505 ην
930 4514 1210 4570 CXXXVI.
1242 4512 1316 4566 De
1344 4512 1505 4566 Mitra
1531 4513 1756 4566 rubrica.

638 4611 772 4666 Nota
818 4610 972 4671 bene,
1020 4618 1067 4661 et
1111 4608 1244 4660 bene
1276 4616 1420 4669 nota,
1450 4615 1605 4673 prout
1630 4615 1711 4659 est
1740 4607 1792 4660 in
1824 4606 2033 4661 rubrica
2064 4607 2133 4662 de

572 4705 728 4759 mitra
777 4700 1060 4770 portanda,
1108 4698 1229 4766 quia
1266 4697 1687 4766 quandocunqne
1736 4714 1867 4767 papa
1919 4699 2132 4753 indutus

576 4805 751 4863 portat
792 4793 1002 4844 mitram
1036 4789 1087 4840 in
1119 4787 1291 4854 capite
1321 4788 1373 4841 in
1402 4786 1600 4851 ofﬁcio,
1631 4788 1736 4840 duo
1760 4790 1965 4842 diaconi
1992 4797 2134 4842 stant

575 4896 697 4939 ante
726 4885 916 4952 ipsum,
947 4890 999 4933 et
1027 4893 1163 4933 unus
1193 4878 1467 4948 presbyter
1496 4879 1799 4932 cardinalis.

889 4968 1190 5024 CXXXVII.
1234 4968 1308 5021 De
1338 4984 1503 5037 cappa
1538 4969 1813 5036 portanda.

645 5065 751 5120 bed
800 5072 920 5118 nota
952 5063 1089 5131 quod
1135 5062 1186 5114 in
1232 5062 1581 5121 I’arasceven,
1629 5060 2004 5129 quando'papa
2031 5070 2136 5116 stat

572 5174 694 5215 cum
720 5173 886 5227 cappa
918 5158 1091 5221 lanea,
1125 5171 1153 5208 a
1184 5154 1360 5208 medio
1393 5154 1621 5222 pectoris
1659 5167 1838 5220 aperta
1883 5171 2047 5224 usque
2069 5156 2135 5210 ad

575 5254 772 5322 pedes,
827 5263 953 5307 tnnc
1007 5267 1109 5304 non
1157 5258 1299 5301 stant
1348 5255 1471 5302 ante
1519 5261 1674 5314 eum,
1728 5248 1976 5315 quoniatn
2030 5265 2135 5303 non

576 5346 854 5399 consuevit
883 5343 1088 5396 mitram
1124 5348 1355 5408 portare,
1399 5352 1570 5405 neque
1608 5338 1873 5404 caputium
1907 5338 2134 5407 replica-

575 5439 689 5487 tum
719 5447 876 5500 super
905 5440 1079 5495 caput,
1114 5444 1212 5483 nec
1232 5430 1389 5483 etiam
1422 5437 1576 5481 noete
1601 5426 1923 5481 Nativitatis.

575 5519 739 5594 524
785 5519 1241 5594 CXXXVIII.__De
1285 5535 1449 5585 cappa
1493 5528 1537 5571 et
1587 5520 1738 5571 mitra
1784 5518 2043 5588 portandis
2084 5519 2139 5573 in

1085 5590 1266 5655 ofﬁciis
1294 5600 1628 5642 mortuorum.

651 5682 781 5736 Item
823 5682 875 5736 in
920 5683 1005 5734 dic
1036 5677 1404 5733 defunctorum
1443 5682 1494 5735 in
1529 5680 1780 5750 Vcspcris
1805 5681 1938 5737 etin
1968 5679 2140 5736 Missis

2239 3212 2423 3276 ﬁnitis,
2453 3221 2703 3266 cantores
2730 3210 2987 3277 incipiunt
3011 3210 3295 3264 Matutinas
3320 3210 3728 3277 defunctorum,
3758 3224 3801 3265 et

2235 3318 2411 3372 papa,
2466 3303 2708 3370 deposita
2758 3303 2955 3365 mitra,
3009 3300 3202 3354 ibidem
3258 3302 3409 3354 sedet
3469 3315 3597 3354 cum
3647 3303 3802 3355 bireto

2232 3396 2437 3460 rubea;
2494 3395 2762 3463 caputium
2826 3408 3007 3461 cappa:
3057 3400 3202 3445 tenet
3251 3406 3415 3460 super
3479 3402 3646 3461 caput
3710 3407 3801 3445 non

2230 3488 2566 3555 replicatam,
2613 3486 2753 3540 sicut
2792 3485 2878 3539 die
2923 3483 3149 3539 Veneris
3197 3495 3421 3545 sancta;
3461 3492 3521 3537 et
3569 3481 3796 3550 pradicti

2235 3587 2347 3632 tres
2388 3577 2689 3631 cardinales
2731 3576 2930 3628 vadunt
2977 3575 3042 3627 ad
3088 3572 3381 3627 sedendum
3414 3573 3466 3625 in
3505 3573 3639 3627 locis
3680 3575 3803 3625 suis.

2234 3667 2315 3721 Ad
2370 3666 2676 3719 Benedictus
2736 3680 2871 3733 papa
2916 3663 3174 3718 thuriﬁcat
3226 3663 3419 3726 altare,
3474 3675 3531 3717 et
3573 3664 3674 3718 sibi
3717 3664 3806 3717 soli

2233 3760 2390 3812 datur
2416 3760 2713 3821 incensum,
2744 3768 2797 3810 et
2820 3757 2955 3809 nulli
2973 3755 3146 3808 alteri.
3179 3757 3309 3808 Cutn
3334 3756 3424 3807 dic
3450 3766 3467 3807 t
3495 3755 3802 3815 Colleetam,

2235 3848 2475 3917 praedico
2528 3858 2637 3903 tres
2683 3846 2979 3902 cardinales
3019 3853 3360 3900 revertuntur
3390 3844 3459 3897 ad
3491 3860 3617 3899 eunt
3663 3858 3803 3898 more

2232 3943 2416 3995 solito.

2302 4032 2432 4087 Item
2457 4030 2731 4085 sciendum
2758 4030 2898 4099 quod
2918 4043 3061 4082 anno
3082 4027 3379 4081 Nativitatis
3411 4026 3625 4079 Domini
3652 4024 3805 4088 £389,

2251 4123 2339 4177 die
2362 4123 2532 4186 Jovis,
2573 4124 2606 4176 8
2652 4123 2870 4190 Aprilis,
2922 4121 3287 4175 sanctissimus
3330 4118 3587 4170 dominus
3634 4129 3809 4171 noster

2231 4213 2477 4268 Urbanus
2522 4212 2607 4276 VI,
2656 4228 2796 4266 anno
2839 4213 2920 4266 sui
2969 4210 3304 4279 pontiﬁcatus
3328 4210 3397 4261 ab
3425 4210 3696 4263 electione
3722 4208 3803 4272 Ii,

2245 4302 2447 4356 audivit
2497 4301 2706 4356 Missam
2746 4301 2816 4355 de
2863 4313 2956 4353 sua
3005 4298 3271 4354 electione
3311 4310 3432 4366 post
3480 4298 3703 4351 Missam
3747 4297 3813 4351 de

2242 4392 2397 4458 feria,
2429 4401 2484 4447 et
2508 4394 2651 4447 venit
2677 4407 2797 4446 cum
2827 4392 3109 4461 chlamyde
3146 4391 3333 4456 rubra,
3368 4399 3528 4457 prout
3555 4391 3725 4442 fuerat
3756 4391 3808 4443 in

2159 4471 2216 4533 D
2240 4484 2395 4538 Missa
2422 4483 2489 4537 de
2513 4483 2647 4538 feria
2676 4523 2694 4549 ,
2724 4494 2777 4538 et
2798 4483 2915 4538 sine
2943 4498 3131 4547 cruce;
3171 4491 3227 4536 et
3268 4481 3346 4535 sic
3390 4482 3521 4534 fecit
3548 4480 3601 4533 in
3624 4496 3810 4549 magna

2240 4576 2441 4645 capella
2483 4590 2576 4643 per
2620 4584 2781 4629 totam
2813 4574 3048 4640 Missam,
3077 4589 3235 4643 quam
3263 4573 3401 4625 dixit
3427 4571 3661 4625 domnus
3688 4585 3807 4624 ear-

2240 4669 2431 4724 dinalis
2460 4668 2857 4737 Neapolitanus.

2315 4759 2379 4814 Et
2403 4762 2579 4814 statim
2622 4760 2838 4813 intravit
2871 4758 3242 4813 consistorium
3283 4758 3551 4825 publicum
3598 4756 3814 4810 indutus

2242 4851 2459 4919 pluviali
2496 4865 2615 4905 cum
2661 4854 2814 4904 mitra
2858 4849 3182 4919 aurifrigiata
3211 4864 3330 4902 cum
3374 4850 3571 4915 perlis;
3619 4859 3675 4901 et
3709 4865 3817 4901 ma-

2240 4945 2404 5013 gister
2451 4943 2586 4997 sacri
2636 4944 2815 5009 palatii
2848 4943 3126 5010 proposuit
3163 4956 3258 5009 pro
3300 4943 3435 4994 testo
3488 4940 3818 4993 Visitationis

2241 5038 2339 5090 sub
2387 5037 2491 5090 isto
2542 5037 2772 5089 themate
2798 5050 2814 5089 :
2843 5034 2992 5089 Unde
3038 5036 3131 5085 hoc
3184 5033 3307 5084 mihi
3333 5041 3429 5095 est,
3473 5041 3534 5083 ut
3574 5033 3820 5098 magister

2247 5128 2453 5181 Domini
2491 5128 2590 5180 mei
2618 5127 2781 5179 veniat
2803 5135 2918 5178 ante
2943 5126 3059 5178 me?
3087 5135 3141 5179 et
3169 5123 3307 5177 facto
3331 5137 3611 5184 sermone,
3645 5123 3819 5174 domi-

2246 5235 2345 5273 nus
2375 5231 2559 5272 llOSlel'
2588 5218 2829 5270 eamdem
2870 5214 3204 5283 chlamydem
3236 5212 3396 5281 525
3439 5212 3815 5276 reassumpsit,

2241 5323 2295 5367 et
2325 5310 2453 5366 fecit
2491 5308 2825 5364 collationem
2878 5305 3113 5368 ibidem;
3161 5307 3211 5357 in
3252 5319 3354 5372 qua
3402 5303 3696 5356 collatione
3725 5317 3820 5355 seu

2242 5419 2491 5460 sermone
2522 5403 2619 5456 ista
2649 5400 2916 5456 concessit
2943 5413 3061 5453 cum
3095 5397 3259 5452 bulla.
3290 5395 3469 5449 Primo
3497 5394 3645 5464 quod
3678 5394 3819 5447 cele-

2242 5496 2488 5550 braretur
2515 5493 2708 5547 festum
2738 5489 3070 5545 Visitationis
3102 5488 3267 5541 beatae
3294 5486 3470 5538 Maria:
3500 5484 3640 5537 infra
3671 5494 3821 5536 ocu-

2241 5601 2336 5641 vas
2385 5585 2521 5640 beati
2569 5582 2790 5638 Joannis
2837 5581 3109 5650 Baptistae.
3158 5576 3403 5632 Secundo
3448 5576 3596 5642 quod
3634 5575 3689 5626 in
3737 5574 3823 5625 die

2243 5679 2493 5749 Corporis
2542 5677 2741 5732 Christi
2783 5674 2981 5742 ubique
3030 5680 3331 5733 terrarum,
3402 5684 3513 5723 non
3574 5668 3828 5721 obstant-.2
