3990 6302
178 282 322 338 1319

1343 272 1604 329 ROMANI
1644 269 1963 327 ORDINES.
2001 299 2072 310 ——-
2109 266 2225 322 XV.

3296 272 3435 330 1350

180 402 504 461 quocunque
562 386 848 443 interdicto
872 429 887 455 ,
937 386 1117 457 januis
1170 384 1371 454 apertis
1423 383 1743 439 celebretur.
1775 386 1828 444 Α
1853 392 2103 436 tenentur
2148 381 2246 435 sibi
2291 390 2500 437 secrete
2537 382 2719 438 dicere
2750 382 2891 449 quod
2924 381 2990 437 ad
3020 397 3233 439 omnem
3273 402 3435 443 even-

194 480 351 533 Dedit
407 486 621 532 centum
670 477 787 531 dies
838 476 906 530 de
962 474 1302 544 indulgentiis
1351 475 1489 527 ultra
1536 474 1755 541 primas.

182 567 366 622 Tertio
421 566 687 621 concessit
727 580 921 619 annum
968 565 1245 619 .Iubilatum
1294 564 1357 617 ad
1402 579 1525 617 xxiv
1569 578 1758 617 annos.

186 658 391 724 Quarto
438 656 718 712 ecclesiam
767 664 963 709 Sancta:
1007 654 1184 707 Mariae
1233 653 1449 722 Maioris
1493 656 1665 721 posuit
1707 653 1760 705 in

190 763 415 803 numero
438 757 684 814 quatuor,
711 748 963 814 quoniam
993 747 1215 800 ecclesia
1247 748 1415 813 prima
1441 756 1557 799 erat
1590 744 1762 798 sancti

188 840 356 903 Petri,
402 838 631 892 secunda
679 839 845 890 sancti
894 838 1063 898 Pauli.
1121 838 1275 891 tertia
1324 838 1492 890 sancti
1534 836 1758 889 Joannis

190 930 585 991 Lateranensis,
612 941 795 992 quarta
818 937 899 981 est
922 930 1078 979 tnodo
1102 939 1299 981 sancta:
1323 928 1500 981 Maria:
1524 927 1760 995 Majoris,

195 1022 400 1073 scilicet
423 1019 491 1072 de
513 1019 664 1072 Nive.
698 1017 893 1081 Quinto
921 1016 1252 1069 conﬁrmavit
1282 1017 1554 1085 privilegia
1584 1015 1765 1070 eccle-

193 1113 392 1163 siarum
436 1110 672 1161 omnium
726 1106 1038 1173 simpliciter
1062 1107 1112 1158 itt
1146 1106 1307 1168 Urbe,
1336 1117 1492 1173 prout
1536 1107 1586 1157 in
1622 1105 1763 1159 bulla

193 1199 501 1252 continetur
530 1198 755 1266 plenius.

195 1287 375 1343 CXLI.
418 1287 713 1352 Sequuntur
759 1286 974 1336 rubrica:
1020 1297 1182 1341 novw,
1226 1292 1274 1333 et
1316 1297 1491 1333 eorum
1538 1280 1767 1332 declara-

333 1358 516 1419 tiones,
547 1372 658 1423 qum
686 1354 975 1420 defectnose
1007 1354 1056 1404 in
1100 1352 1244 1402 libris
1274 1352 1623 1414 reperiuntur.

268 1449 321 1501 In
346 1446 527 1513 primis
550 1447 820 1498 sciendum
856 1444 1098 1511 estquod
1128 1442 1269 1493 nulla
1299 1441 1516 1492 historia
1548 1440 1761 1505 propria

199 1547 447 1603 vocatur,
494 1537 593 1588 nisi
636 1535 827 1588 habeat
868 1549 1056 1587 novem
1097 1531 1353 1586 lectiones
1383 1532 1447 1583 ad
1482 1534 1676 1595 minus,
1717 1536 1772 1583 et

200 1644 392 1683 novem
425 1627 799 1693 Responsoria.

1862 483 1971 528 tum
2003 476 2201 541 cogitet
2227 475 2294 527 de
2328 476 2526 543 anima,
2561 476 2732 544 primo
2760 475 2828 529 de
2858 476 3009 530 Iactis
3038 478 3147 530 suis
3187 492 3202 541 ;
3232 487 3288 531 et
3318 480 3441 547 ipsi,

1862 574 2118 628 quantum
2166 574 2439 632 poterunt,
2486 566 2795 633 cogitabant
2823 565 2891 619 de
2914 566 3142 621 sanitate
3181 570 3442 635 corporis.

1864 653 2064 707 Deinde
2115 664 2362 708 tenentur
2414 668 2621 711 secrete
2678 658 2918 712 revelare
2972 658 3263 714 confessori
3320 674 3443 728 suo,

1863 752 2126 809 quatenus
2170 745 2341 811 ipsum
2386 745 2582 815 dirigat
2631 756 2687 799 ut
2730 749 2925 816 cogitet
2955 749 3023 801 de
3054 750 3227 804 salute
3255 753 3445 806 anima:

1866 847 1997 898 suae,
2028 834 2362 888 exhortando
2390 847 2443 889 et
2473 839 2741 890 monendo
2764 838 2935 905 ipsum
2969 841 3018 892 in
3051 841 3283 908 generali
3311 852 3363 895 et
3387 841 3440 895 in

1862 927 2084 991 speciali
2114 926 2265 995 juxta
2294 928 2571 981 scientiam
2599 929 3048 985 etdiscretionem
3081 933 3439 998 confessoris;

1866 1018 2098 1071 maxime
2141 1019 2410 1085 quomodo
2455 1019 2567 1085 ipse
2615 1028 2697 1072 est
2743 1021 2918 1075 lumen
2966 1025 3133 1076 totius
3179 1025 3445 1087 universi,

1866 1107 1990 1160 ideo
2017 1108 2173 1161 debet
2202 1108 2333 1161 dare
2370 1110 2671 1177 exemplum
2703 1114 2950 1164 omnibus
2978 1114 3190 1179 regibus
3224 1124 3276 1166 et
3305 1116 3448 1183 prin-

1866 1196 2095 1262 cipibus,
2130 1198 2279 1249 Iaicis
2321 1208 2373 1251 et
2423 1199 2655 1264 clericis,
2700 1203 2786 1267 qui
2832 1202 2881 1253 in
2937 1202 3335 1257 inﬁrmitatibus
3382 1204 3448 1257 ad

1876 1284 2041 1336 Deum
2068 1297 2369 1352 recurrunt,
2401 1299 2451 1340 et
2484 1290 2732 1341 ordinant
2753 1291 2817 1343 de
2844 1292 3187 1345 conscientiis
3206 1294 3340 1355 suis,
3363 1293 3437 1345 ita

1869 1373 1986 1439 ipse
2009 1373 2168 1426 debet
2196 1375 2394 1435 facere,
2420 1378 2508 1443 qui
2538 1388 2619 1430 est
2639 1390 2795 1446 caput
2821 1382 2981 1433 totius
3008 1383 3446 1447 christianitatis;

1869 1472 1925 1514 et
1953 1463 2223 1529 quomodo
2281 1473 2490 1517 tenetur
2545 1468 2818 1531 conﬁteri,
2876 1479 2929 1520 et
2978 1470 3217 1535 recipere
3262 1485 3453 1539 corpus

1874 1552 2229 1617 Dominicum,
2282 1563 2337 1605 et
2384 1563 2563 1620 petere
2609 1554 2989 1621 indulgentiam
3027 1561 3075 1610 in
3106 1560 3293 1612 mortis
3324 1562 3456 1614 arti-

1873 1642 2015 1703 culo,
2043 1656 2201 1708 quam
2233 1644 2370 1695 idem
2401 1644 2681 1697 confessor
2701 1647 2799 1698 sibi
2826 1647 2958 1699 dare
2986 1648 3177 1712 debet;
3209 1651 3458 1705 omnibus

273 1720 401 1773 Item
452 1717 725 1771 sciendum
757 1716 896 1784 quod
937 1714 1045 1769 illa:
1086 1712 1378 1767 Dominicze
1422 1726 1538 1778 qum
1578 1708 1773 1761 habent

1904 1731 2157 1799 ndulgere
2200 1732 2572 1799 familiaribus,
2624 1745 2677 1787 et
2708 1738 2786 1788 eis
2819 1736 3090 1791 dimittere
3118 1740 3253 1793 male
3282 1741 3457 1797 ablata

201 1815 239 1859 tt
256 1808 304 1861 ia
335 1808 413 1859 vel
459 1820 551 1859 sex
596 1803 947 1871 ReSponsoria
980 1812 1034 1857 et
1065 1802 1289 1870 reliqua.
1316 1839 1330 1853 .
1358 1839 1372 1853 .
1400 1838 1415 1852 .
1442 1836 1455 1850 .
1480 1837 1496 1852 .
1538 1798 1774 1867 (require

207 1907 357 1953 retro
384 1894 636 1964 velante)
683 1908 786 1948 non
834 1902 1091 1947 vocantur
1139 1892 1374 1944 historia:
1416 1891 1665 1959 propriae.
1711 1889 1778 1942 Et

209 1988 349 2041 ratio
374 1993 452 2039 est
481 1984 728 2053 quoniam
760 1983 909 2035 mille
945 1982 1255 2049 imperfecta
1293 1993 1396 2031 non
1424 1976 1627 2031 faciunt
1657 1992 1779 2045 pcr-

203 2077 439 2139 fectum;
479 2075 602 2129 ideo
639 2074 863 2127 historia
894 2072 1103 2140 propria
1136 2076 1379 2130 vocatur,
1413 2066 1624 2135 quando
1649 2066 1780 2119 nihil

205 2168 405 2223 deﬁcit.
439 2166 640 2221 Idcirco
664 2175 787 2219 nota
818 2163 958 2231 quod
984 2164 1035 2216 in
1063 2162 1257 2215 talibus
1284 2160 1574 2214 Dominicis
1594 2159 1782 2212 diebus

207 2274 329 2329 qua:
353 2272 455 2311 non
488 2256 679 2309 habent
705 2254 978 2307 historiam
1008 2252 1317 2322 perfectam,
1344 2250 1578 2303 Romana
1603 2250 1782 2303 eccle-

214 2352 295 2404 sia
333 2348 612 2402 consuevit
661 2347 836 2399 facere
886 2345 953 2398 de
1000 2344 1133 2397 festo
1184 2341 1381 2411 duplici
1434 2350 1684 2393 currente
1732 2337 1783 2391 in

216 2438 412 2493 talibus
452 2438 735 2491 Dominicis
786 2435 994 2499 diebus,
1042 2449 1145 2488 non
1193 2434 1246 2487 in
1290 2432 1431 2497 aliis,
1474 2431 1573 2485 nisi
1604 2438 1785 2499 pos-et

211 2526 491 2583 transferri
522 2527 573 2581 in
607 2535 923 2593 sequentem
958 2524 1304 2578 Dominicam.

285 2621 410 2673 Item
444 2629 563 2673 nota
598 2619 740 2687 quod
769 2632 953 2673 omnes
984 2627 1208 2686 quatuor
1250 2614 1540 2668 Dominicte
1566 2612 1788 2683 Adven-

216 2720 301 2766 tus
350 2710 559 2763 Domini
611 2708 805 2763 habent
853 2706 1127 2760 historiam
1179 2703 1461 2773 propriam.
1513 2704 1635 2757 Ideo
1684 2716 1789 2756 non

218 2812 500 2857 moventur
523 2799 590 2853 de
612 2801 761 2862 locis,
787 2807 1007 2866 excepta
1038 2804 1225 2864 quarta
1252 2795 1547 2860 Dominica,
1579 2794 1791 2863 quando

221 2891 415 2947 festum
456 2891 625 2945 sancti
662 2888 883 2942 Thomas
928 2886 979 2940 in
1027 2885 1358 2939 Dontiuicant
1408 2893 1649 2951 quartam
1702 2897 1793 2936 ve-

219 2991 375 3037 IICI’IL

1878 1832 1932 1874 et
1964 1822 2096 1873 furta
2129 1837 2293 1886 usque
2315 1827 2377 1874 ad
2403 1840 2661 1878 summam
2686 1836 2899 1879 centum
2929 1828 3272 1892 ﬁorenorum,
3300 1839 3461 1898 prout

1881 1911 2151 1963 sanctitati
2177 1926 2286 1965 suae
2310 1911 2558 1980 placebit,
2590 1914 2726 1968 sicut
2746 1916 2992 1969 dominus
3014 1918 3300 1987 Gregorius
3324 1934 3457 1988 papa

1883 2017 2050 2069 usque
2078 2002 2144 2054 ad
2172 2014 2453 2057 sexcentos
2482 2007 2710 2058 llorenus
2741 2007 2962 2059 dimisit.

1954 2094 2083 2145 Itetn
2132 2095 2293 2146 debet
2339 2097 2587 2148 omnibus
2634 2098 2979 2153 familiaribus
3018 2099 3127 2152 suis
3169 2103 3465 2160 concedere

1886 2184 2270 2252 indulgentiam
2317 2190 2366 2237 in
2400 2190 2584 2239 mortis
2614 2190 2836 2242 articulo
2873 2205 3034 2258 suiler
3063 2191 3237 2259 sigillo
3263 2193 3465 2248 aliocu-

1882 2278 1970 2344 jus
1995 2277 2194 2344 praelati
2226 2278 2293 2331 de
2321 2279 2483 2331 domo
2514 2294 2626 2332 sua.

1964 2368 2181 2420 Demum
2236 2368 2395 2421 debet
2444 2370 2582 2421 idem
2642 2384 2773 2437 papa
2829 2370 2913 2422 vel
2966 2374 3293 2426 camerarius
3341 2376 3460 2442 ejus

1894 2468 2193 2509 convocare
2244 2470 2369 2508 suos
2417 2457 2715 2509 cardinales
2763 2467 2885 2510 ante
2932 2470 3155 2513 mortem
3195 2474 3342 2513 suam
3377 2476 3463 2528 per

1891 2543 2026 2595 duos
2057 2544 2137 2597 vel
2173 2560 2265 2611 per
2293 2557 2398 2597 tres
2428 2544 2569 2607 dies,
2598 2555 2885 2611 antequam
2930 2547 3194 2615 loquelam
3237 2550 3467 2613 amittat,

1890 2642 1947 2689 et
1976 2636 2026 2687 in
2056 2636 2337 2701 praesentia
2365 2637 2597 2702 ipsorum
2621 2636 2778 2690 debet
2802 2639 3032 2693 condere
3064 2648 3466 2699 testamentum.

1892 2735 1948 2780 et
1974 2728 2171 2795 eligere
2199 2728 2531 2796 sepulcrum.

1966 2819 2097 2874 Item
2144 2820 2303 2874 debet
2348 2821 2628 2889 protestari
2668 2822 2935 2889 quomodo
2984 2823 3098 2891 ipse
3138 2825 3361 2878 moritur
3408 2834 3465 2878 et

1898 2910 2033 2961 mori
2069 2908 2176 2961 vult
2214 2908 2266 2961 in
2312 2911 2514 2963 unitate
2546 2910 2691 2975 lidei,
2733 2919 2789 2964 et
2823 2914 3090 2980 quomodo
3119 2914 3285 2966 credit
3313 2930 3469 2967 unam

1903 3000 2194 3052 Ecclesiam
2225 2999 2561 3065 catholicam,
2606 3011 2661 3053 et
2696 3016 2882 3055 omnes
2909 3003 3165 3055 articulus
3199 3005 3342 3071 ﬁdei,
3377 3019 3473 3071 pro

289 3071 493 3127 CXLII.
515 3070 609 3152 .De
637 3070 778 3139 festis
806 3069 856 3154 in
896 3066 1349 3154 [eri‘is'AdtIvcnlus
1376 3064 1473 3154 vel”
1493 3064 1795 3154 Quadrage-
1824 3085 1872 3148 ο
1901 3089 2090 3154 quum,
2117 3096 2331 3154 paratus
2354 3094 2436 3139 εει
2467 3064 2622 3141 ωσι-ί,

482 3136 645 3201 simae,
677 3154 790 3208 qua:
819 3138 1000 3190 habent
1035 3136 1235 3189 Laudes
1269 3136 1527 3204 prOpiias.

300 3235 426 3288 Item
449 3232 514 3286 de
538 3232 907 3285 festivitatibus
935 3244 1051 3293 quae
1073 3229 1411 3282 celebrantur
1439 3228 1490 3279 in
1519 3225 1620 3278 illis
1652 3224 1797 3278 feriis

228 3324 504 3379 Adventus
551 3336 668 3389 quae
716 3321 863 3373 feria:
904 3319 1101 3373 habent
1131 3316 1341 3371 Laudes
1373 3315 1631 3384 proprias,
1660 3316 1799 3368 scias

224 3414 369 3485 quod
418 3422 536 3482 post
582 3413 887 3464 Orationem
934 3410 1036 3464 diei
1069 3411 1126 3462 Iit
1154 3409 1595 3463 commemoratio
1626 3410 1692 3462 de
1724 3409 1800 3460 fe-

230 3504 334 3558 riis
357 3520 371 3556 :
402 3512 457 3556 et
475 3500 759 3568 completis
785 3501 1031 3552 omnibus
1056 3500 1124 3551 de
1146 3498 1305 3563 festo,
1336 3500 1529 3551 iterum
1554 3498 1801 3550 dicuntur

225 3593 441 3649 Laudes
468 3594 536 3646 de
565 3590 695 3645 feria
725 3605 845 3643 cum
879 3590 1112 3658 quinque
1142 3590 1461 3656 Antiphouis
1488 3600 1542 3642 et
1564 3591 1802 3657 quinque

232 3683 505 3746 Psalmis,
564 3689 718 3749 prout
777 3679 1081 3732 mandatum
1132 3687 1235 3742 est,
1289 3680 1490 3745 absque
1532 3679 1802 3747 Capitulo,

232 3778 468 3849 Hymno,
524 3774 898 3829 Benedicﬁone
936 3783 990 3826 et
1023 3772 1313 3835 Oratione;
1358 3771 1451 3823 sed
1483 3770 1626 3822 dicto
1669 3771 1806 3823 Lau-

229 3871 351 3922 date
390 3865 664 3920 Dominum
693 3865 755 3917 de
781 3862 938 3928 catis,
979 3877 1097 3915 cum
1123 3875 1216 3914 sua
1246 3860 1569 3927 Antiphona,
1598 3858 1639 3912 L
1658 3860 1807 3913 mdes

239 3959 617 4015 terminantur.
671 3954 744 4009 Ita
789 3956 996 4009 videtur
1046 3952 1242 4005 habere
1296 3951 1381 4003 illa
1436 3950 1641 4003 rubrica
1689 3966 1809 4017 qua:

233 4049 467 4114 incipit:
503 4047 779 4101 Sciendum
818 4043 956 4113 quod
997 4040 1233 4095 Romana
1268 4037 1495 4092 Ecclesia
1542 4056 1641 4092 non
1690 4055 1810 4091 con-

235 4141 392 4193 suevit
419 4140 582 4209 facere
601 4136 1123 4190 commemorationem
1147 4134 1210 4186 de
1230 4134 1391 4201 feriis,
1424 4133 1520 4182 nisi
1551 4132 1807 4183 duntaaat

237 4233 295 4284 in
335 4232 559 4283 Adventu
603 4238 649 4282 et
689 4230 741 4281 in
786 4226 1229 4295 Quadragesima,
1282 4226 1402 4276 dum
1442 4224 1496 4289 ﬁt
1537 4223 1600 4276 de
1640 4224 1812 4291 aliquo

240 4323 391 4393 festo.

557 4410 807 4465 Dominus
836 4408 1134 4477 Bonifacius
1158 4405 1300 4475 Papa
1342 4404 1502 4459 VIII.

316 4524 468 4576 Anno
499 4523 658 4585 1589,
708 4522 796 4575 die
836 4520 871 4572 2
904 4521 1099 4573 mensis
1129 4519 1460 4584 Novembris,
1495 4516 1818 4573 revezendus

239 4616 473 4668 domnus
502 4615 687 4667 l‘etrus
715 4614 782 4667 de
805 4611 1179 4671 'I‘homacellis,
1209 4610 1483 4679 presbyter
1510 4608 1815 4675 cartlinalis,

240 4707 302 4761 in
326 4718 512 4774 papam
545 4703 641 4756 fuit
674 4713 977 4770 assumptus
1006 4700 1058 4753 in
1093 4700 1231 4754 Urbe
1260 4700 1580 4752 unanimiter
1608 4709 1660 4751 et
1686 4713 1815 4752 con-

242 4796 519 4850 corditer:
554 4808 670 4861 quae
711 4792 834 4845 fecit
868 4791 919 4844 itt
963 4792 1125 4843 Beate
1151 4800 1204 4843 ct
1226 4791 1275 4842 itt
1303 4788 1542 4850 Perusio,
1567 4803 1732 4857 quare
1761 4787 1813 4842 in

245 4886 529 4941 Itiuerario
556 4901 675 4939 meo
701 4884 767 4937 de
797 4884 1013 4937 domino
1042 4898 1162 4936 meo
1193 4896 1325 4950 papa
1355 4881 1612 4951 Gregorio
1644 4881 1733 4948 λι,
1763 4891 1818 4936 et

241 4979 317 5031 de
344 4980 482 5046 ipso.

534 5067 694 5137 526
720 5066 944 5120 CXLIII.
976 5064 1050 5118 De
1077 5081 1209 5134 papa
1238 5072 1531 5133 regrotante.

324 5184 607 5239 Sciendum
654 5193 737 5237 est
778 5182 918 5249 quod
951 5183 1050 5235 iste
1089 5180 1277 5234 modus
1312 5181 1588 5233 consaevit
1632 5181 1823 5233 obser-

245 5276 367 5328 vari
415 5278 465 5328 in
510 5275 744 5327 Iloniaua
775 5277 919 5327 curia
953 5273 1190 5325 Romano
1223 5270 1471 5338 pontiﬁce
1510 5279 1824 5339 aegrotante.

250 5364 444 5421 Mediis
472 5368 561 5435 eui
592 5381 773 5419 curam
824 5365 941 5433 ejus
986 5364 1201 5428 habent,
1256 5363 1379 5415 dum
1432 5362 1603 5416 sciunt
1633 5376 1825 5429 appro-

250 5456 513 5525 pinquare
566 5469 813 5524 mortem,
861 5466 917 5510 et
962 5454 1131 5523 ipsunt
1189 5469 1295 5506 IIDII
1344 5468 1503 5520 posse
1556 5453 1824 5518 evadere,

1978 3174 2104 3227 Item
2148 3175 2414 3243 quomodo
2468 3191 2572 3228 non
2625 3176 2761 3231 bene
2803 3193 2862 3232 se
2907 3180 3074 3247 gessit
3120 3182 3173 3233 in
3222 3182 3479 3248 regimine

1904 3276 2150 3333 papatus,
2192 3273 2245 3317 et
2278 3264 2418 3333 quod
2466 3265 2516 3318 in
2567 3266 2834 3319 tonnullis
2864 3270 3114 3334 offendit;
3146 3280 3199 3323 et
3229 3271 3326 3338 ipsi
3356 3288 3477 3327 car-

1904 3355 2111 3407 dinales
2162 3365 2378 3420 parcant
2429 3355 2558 3421 sibi,
2608 3365 2663 3409 et
2707 3372 2896 3411 omnes
2941 3376 3075 3427 quos
3126 3361 3357 3415 indebite
3394 3363 3480 3419 vel

1904 3444 2119 3514 injuste,
2151 3446 2194 3499 si
2222 3461 2357 3514 quos
2383 3446 2607 3500 oll‘endit
2634 3455 2681 3501 α.

1976 3536 2106 3590 Item
2147 3536 2306 3592 debet
2349 3536 2428 3591 eis
2478 3538 2912 3594 recommendare
2962 3556 3149 3596 omnes
3174 3558 3300 3597 suos
3331 3544 3482 3600 fami-

1906 3625 2089 3680 Iiares.

1981 3717 2109 3768 Item
2142 3718 2302 3771 debet
2331 3720 2409 3772 e's
2438 3720 2676 3774 revelare
2715 3722 2889 3775 debita
2932 3739 3029 3791 per
3060 3742 3179 3779 cum
3210 3736 3483 3783 contracta

1910 3818 2006 3870 pro
2029 3806 2251 3858 ecclesia
2284 3807 2397 3869 Dei,
2428 3818 2484 3860 ut
2506 3809 2621 3876 ejus
2653 3825 2932 3865 successor
2964 3815 3064 3867 illis
3096 3818 3409 3872 satisfaciat.

1982 3894 2110 3947 Item
2138 3906 2297 3948 etiam
2324 3898 2412 3963 qui
2444 3909 2567 3950 sunt
2601 3902 2914 3964 creditores,
2940 3917 2991 3956 et
3015 3907 3203 3972 quibus
3237 3918 3484 3963 tenentur

1912 3986 2015 4040 sibi
2047 3995 2101 4040 et
2128 3987 2383 4041 Ecclesiae
2429 3989 2708 4054 Romamn;
2760 4004 2815 4045 et
2860 3995 2945 4047 ttbi
2974 4007 3098 4049 sunt
3126 3999 3379 4065 thesauri,
3410 4006 3489 4069 ju-

1913 4081 2072 4146 calia,
2100 4089 2152 4134 et
2182 4081 2315 4133 bona
2345 4095 2460 4145 sua,
2484 4090 2537 4135 et
2565 4081 2838 4137 Ecclesiae.

1986 4175 2112 4228 Item
2135 4175 2293 4229 debet
2313 4175 2669 4229 cardinalibns
2688 4177 2890 4245 aliquas
2908 4178 3103 4247 gratias
3124 4182 3421 4238 concedere
3436 4184 3491 4241 in

1919 4264 2034 4318 foro
2056 4264 2420 4318 conscientiae.

1998 4360 2126 4413 Item
2156 4359 2313 4413 debet
2341 4358 2417 4412 eis
2448 4359 2881 4415 recommendare
2908 4361 3209 4429 ecclesiam,
3257 4375 3310 4417 et
3350 4366 3490 4433 quod

1844 4448 1901 4509 Ῑ)
1927 4450 2243 4517 provideant
2268 4450 2333 4502 de
2364 4450 2506 4502 bono
2546 4458 2760 4518 pastore
2792 4450 2841 4502 itt
2877 4465 3005 4519 pace
3032 4460 3087 4504 et
3116 4453 3165 4504 in
3197 4456 3495 4522 tranquilli-

1927 4551 2067 4605 tate;
2107 4547 2161 4593 et
2189 4541 2328 4608 quod
2360 4542 2402 4594 si
2435 4541 2513 4594 eis
2551 4540 2820 4594 videretur
2848 4540 3069 4609 bonum,
3104 4544 3225 4597 talis
3256 4546 3336 4598 vel
3363 4546 3495 4599 tales

1925 4643 2109 4687 essent
2137 4632 2261 4687 boni
2310 4649 2404 4701 pro
2442 4634 2700 4703 regimine
2728 4632 2880 4700 juxta
2909 4632 3291 4688 conscientiam
3319 4653 3493 4690 suam.

2000 4722 2201 4778 Ultimo
2226 4724 2319 4777 dat
2342 4725 2420 4778 eis
2450 4723 2908 4789 Benedictiunem,
2954 4734 3009 4777 et
3044 4725 3184 4793 quod
3216 4726 3411 4780 vadant
3442 4728 3495 4781 itt

1926 4832 2075 4886 pace.

1999 4909 2061 4962 Et
2082 4908 2205 4962 dum
2230 4905 2565 4976 approximat
2586 4905 2650 4958 ad
2681 4914 2926 4969 mortem,
2958 4906 3154 4960 debent
3180 4921 3299 4962 esse
3326 4910 3495 4967 parati

1927 4999 2237 5057 cubicularii
2288 5013 2500 5067 semper
2549 4998 2616 5051 ad
2662 4995 2938 5051 servitium
2978 5012 3154 5063 suum,
3203 5011 3253 5052 et
3300 5000 3500 5053 debent

1932 5109 2125 5148 vocare
2167 5091 2528 5147 confessorem
2574 5105 2747 5155 suttm,
2795 5102 2848 5143 et
2877 5091 3121 5157 pra-latus
3152 5093 3363 5155 dooms,
3406 5094 3496 5159 qui

1929 5187 2028 5240 sibi
2073 5185 2444 5238 administrent
2470 5182 2814 5236 Sacramenta
2845 5182 3229 5252 ecclesiastica,
3259 5198 3377 5251 qua:
3407 5183 3502 5237 de-

1930 5276 2057 5330 bent
2087 5274 2198 5327 dari
2224 5274 2373 5342 juxta
2400 5273 2620 5325 fortnam
2647 5274 2801 5342 527
2831 5288 2950 5340 quae
2976 5285 3055 5325 est
3088 5274 3138 5326 in
3172 5274 3501 5345 Polyptycbo

1930 5367 2064 5420 etin
2107 5365 2403 5418 Pontiﬁcali
2458 5364 2735 5427 Romano;
2776 5374 2831 5417 et
2870 5371 2991 5431 post
3034 5365 3125 5417 ﬁat
3169 5379 3505 5419 recommen-

1928 5458 2073 5512 datio
2103 5459 2319 5521 animae,
2354 5464 2510 5516 prout
2558 5455 2609 5509 in
2657 5455 2799 5509 dicto
2853 5456 3146 5510 Pontilicali
3178 5459 3503 5511 continetur.

385 5592 437 5644 In
479 5590 715 5659 margine
754 5591 866 5643 haec
906 5587 1130 5654 ascripta
1176 5583 1449 5650 leguntur:
1486 5580 1625 5637 Fecit
1665 5599 1799 5652 papa
1837 5584 2085 5641 Nicotaus
2120 5585 2187 5649 V,
2252 5588 2323 5639 ita
2386 5585 2520 5652 quod
2584 5599 2753 5637 omnes
2794 5584 3077 5639 cardinales
3122 5585 3384 5639 exivcrunt
3426 5585 3501 5637 la»

253 5670 564 5729 (fumantes.
