3990 6290
589 348 715 411 Γόὗίὶ

1255 343 1599 399 ΛΓΡΕΝΟΙΧ
1640 343 1731 397 AD
1770 343 1827 399 S.
1865 342 2191 399 GREGORII
2235 343 2446 397 MAGNI
2488 344 2855 401 LlTURGICA
2897 347 3149 404 OPEltA.

3719 353 3855 411 i552

582 475 701 539 ipso
732 481 857 521 vero
888 460 1230 529 agonizame,
1284 475 1421 512 unus
1473 461 1722 528 praelatus
1765 460 1847 513 vel
1898 462 2152 515 sacerdos
2184 467 2230 525 Α
2329 465 2615 518 Sciendum
2638 469 2777 535 quod
2811 469 2995 522 lectica
3017 470 3177 526 debet
3196 472 3316 541 poni
3345 474 3399 526 in
3417 486 3645 529 camera
3680 489 3853 544 tum,

586 569 767 615 teneat
798 554 896 607 sibi
943 567 1156 605 crucem
1216 551 1642 604 consistorialem
1697 552 1813 604 sine
1857 554 2024 605 cauda
2073 554 2151 605 vel

582 652 766 705 baculo
794 656 917 698 ante
942 645 1056 709 ejus
1088 642 1291 704 oculos,
1334 650 1388 694 et
1428 641 1733 709 frequenter
1774 642 1874 695 sibi
1922 643 2151 695 osculari

580 740 753 797 taciat,
783 748 993 800 Semper
1027 731 1128 784 sibi
1164 732 1228 785 ad
1261 733 1569 785 memoriam
1604 733 1909 786 reducendo
1942 734 2156 788 Passio-

578 842 693 879 netn
726 823 943 878 Christi.
974 823 1121 874 Tunc
1150 821 1475 874 carnerarius
1504 824 1571 874 sit
1600 824 1854 886 avisatus,
1886 834 2150 892 quatenus

576 916 811 982 recolligi
860 912 1020 965 faciat
1065 912 1242 964 omnia
1294 913 1429 963 bona
1463 926 1609 979 papae
1637 914 1701 965 ad
1735 924 1937 966 certum
1972 916 2145 967 locum

575 1022 630 1061 et
657 1020 903 1059 securum
931 1012 1144 1071 propter
1178 1002 1431 1055 insultttm
1458 1019 1471 1066 ;
1516 1011 1569 1055 et
1594 1018 1779 1057 omnes
1803 1003 2057 1058 ofﬁciales
2085 1020 2147 1058 ea

575 1116 693 1165 qum
743 1096 942 1149 habent
993 1096 1092 1146 sub
1141 1095 1379 1146 custodia
1410 1094 1510 1146 sibi
1540 1095 1747 1147 tradant
1776 1108 1829 1148 et
1857 1099 2148 1162 as:ignent,

575 1192 733 1241 etiam
762 1184 1069 1239 cubicularii
1104 1185 1190 1236 illa
1223 1200 1342 1252 qua:
1371 1193 1524 1237 erant
1546 1184 1643 1237 sub
1663 1187 1901 1239 custodia
1926 1202 2145 1253 eorum;

576 1288 625 1332 et
646 1280 804 1331 etiam
829 1275 1049 1329 sacrista
1084 1289 1246 1341 penes
1268 1288 1327 1327 se
1353 1274 1600 1335 retineat,
1634 1276 1881 1341 qnouiaru
1912 1277 2145 1331 officiunt

576 1379 886 1435 perpetuum
934 1373 1038 1427 est,
1087 1374 1141 1417 et
1194 1364 1452 1417 rationem
1513 1366 1701 1418 reddet
1747 1366 1875 1419 sede
1927 1379 2148 1423 vacante

574 1459 741 1511 tribus
794 1456 1058 1525 prioribus
1104 1454 1499 1518 cartlinalibus;
1561 1467 1614 1509 et
1660 1458 1851 1510 iterum
1902 1459 1970 1511 ab
2019 1462 2146 1528 ipsis

575 1552 745 1604 tr.bus
777 1548 1043 1617 prioribus
1074 1561 1480 1613 recognoscere,
1512 1558 1561 1600 et
1593 1548 1659 1601 ab
1692 1549 1819 1616 ipsis
1850 1560 2052 1604 tenere.
2084 1610 2093 1618 ,

914 1636 1141 1690 CXLIV.
1187 1636 1258 1688 De
1287 1641 1546 1707 papajam
1578 1649 1798 1692 mortuo.

644 1731 787 1797 Papa
813 1742 945 1782 vero
976 1738 1219 1790 mortuo,
1252 1727 1332 1779 vel
1356 1742 1421 1781 eo
1449 1729 1761 1794 agonizante
1785 1732 1921 1798 quod
1953 1734 2141 1787 melius

2264 555 2351 607 tibi
2395 570 2589 623 corpus
2635 568 2716 610 est
2768 559 3018 625 positum.
3064 561 3189 616 Post
3236 564 3494 618 lotiouem
3550 567 3703 619 levat
3733 581 3853 621 eum

2258 647 2309 699 in
2338 661 2549 700 camera
2577 659 2813 713 secreta,
2846 660 2898 704 et
2929 652 3163 707 induitur
3187 657 3353 710 sacris
3387 657 3662 722 vestibus,
3694 674 3854 727 prout

2256 743 2337 787 est
2362 735 2584 787 dictum.

2325 824 2428 879 Sed
2456 826 2746 879 notandum
2774 830 2911 895 quod
2935 841 3217 900 antequam
3244 834 3452 889 lawtur
3471 846 3529 890 et
3558 838 3850 901 indUatur,

2252 912 2452 967 domini
2485 915 2783 970 cardinales
2807 957 2823 981 ,
2874 934 3008 972 unus
3038 932 3156 988 post
3184 924 3345 976 alium
3372 965 3388 988 ,
3432 928 3511 979 vel
3544 943 3748 982 omnes
3780 934 3849 982 si-

2252 1007 2361 1058 mul
2388 1045 2403 1068 ,
2453 1007 2655 1061 debent
2699 1023 2821 1063 eum
2863 1011 3100 1077 visitare,
3125 1024 3180 1067 et
3198 1016 3420 1083 quilibet
3448 1018 3691 1073 absolvit
3720 1036 3844 1075 eum

2252 1105 2411 1164 pr0nt
2438 1098 2677 1162 veniunt,
2704 1110 2758 1152 et
2786 1102 2961 1154 statim
2990 1105 3259 1157 recedant.

2324 1185 2505 1240 Posito
2553 1203 2715 1255 super
2760 1188 3001 1243 lecticam
3049 1207 3170 1245 cum
3219 1208 3418 1261 cruce,
3468 1198 3843 1253 subdiaconus

2249 1288 2414 1343 cappa
2450 1277 2663 1330 indutus
2702 1289 2793 1331 aut
2841 1280 3020 1348 nigra,
3069 1284 3112 1335 si
3149 1284 3371 1349 habeat,
3405 1288 3489 1342 vel
3522 1289 3627 1342 alia
3658 1293 3841 1345 oonsi-

2248 1365 2473 1428 storiali,
2506 1369 2774 1421 antecedit
2798 1379 2851 1423 et
2882 1370 3025 1423 vadit
3060 1373 3123 1425 ad
3153 1377 3430 1441 capellam.

2326 1454 2459 1507 Dicti
2492 1457 2869 1522 pmnitrntiarii
2904 1472 3117 1527 portant
3159 1479 3353 1532 corpus
3400 1471 3677 1524 cantando
3706 1472 3836 1526 Sab-

2248 1546 2434 1608 vrnite,
2459 1548 2593 1599 sonti
2628 1548 2741 1610 Dei,
2772 1564 2890 1603 eum
2931 1554 3240 1609 cantoribus
3265 1559 3503 1624 capellze,
3541 1576 3667 1615 cum
3700 1581 3832 1632 aqua

2246 1635 2522 1689 benedicta
2546 1679 2561 1701 ,
2589 1646 2642 1690 et
2670 1640 2734 1691 ad
2784 1642 2957 1694 rniuns
3000 1658 3101 1695 xxv
3125 1646 3323 1699 tortitia
3351 1662 3580 1702 accensa
3607 1664 3830 1709 antece-

2245 1726 2424 1781 dentia
2448 1768 2464 1792 ,
2499 1743 2616 1797 qnte
2647 1732 2849 1798 portari
2880 1732 3134 1786 deberent
3175 1751 3268 1801 per
3298 1739 3509 1792 nobiles
3539 1752 3630 1793 aut
3661 1744 3830 1799 domi-

570 1831 686 1883 est,
719 1822 895 1872 statim
961 1827 1221 1871 vocantur
1269 1819 1643 1884 paenitentiarii
1670 1860 1683 1883 ,
1735 1832 1788 1875 et
1818 1822 1995 1892 legunt
2021 1837 2144 1880 ante
2176 1817 2221 1875 Β
2248 1817 2412 1868 cellos
2441 1828 2530 1869 aut
2550 1820 2831 1873 scutiferos
2851 1820 2978 1874 dicti
3007 1822 3261 1877 defuncti.
3295 1824 3446 1889 Quod
3475 1830 3523 1882 si
3558 1846 3663 1884 non
3697 1836 3828 1899 sint,

570 1930 691 1966 cum
725 1911 957 1965 officium
992 1921 1344 1972 mortuorum,
1374 1920 1578 1977 septem
1611 1911 1852 1967 Psalmos
1884 1917 2144 1979 pmniteu-

572 2005 726 2056 tiales
752 2043 766 2065 ,
811 2010 865 2054 et
911 2000 997 2053 illa
1027 2015 1144 2067 qnte
1176 2001 1227 2052 in
1263 2000 1395 2052 libro
1426 2003 1658 2065 ipsorum
1686 2001 2055 2070 continentur;
2090 2016 2144 2059 et

569 2093 776 2146 interim
809 2104 929 2144 cum
957 2090 1059 2142 illis
1082 2090 1331 2142 fratribus
1354 2089 1422 2142 de
1442 2089 1611 2152 Bulla,
1642 2091 1685 2144 si
1721 2091 1944 2152 fuerint.
1972 2096 2048 2148 vel
2075 2098 2141 2150 tle

573 2181 816 2247 l’ignotta
843 2218 858 2244 ,
887 2192 1007 2230 cum
1039 2192 1171 2245 aqua
1202 2188 1396 2230 etcum
1430 2178 1583 2231 bonis
1607 2179 1817 2243 herbis,
1853 2198 2009 2250 quam
2040 2199 2139 2239 cu-

570 2270 808 2324 bicularii
843 2284 1031 2337 parare
1059 2268 1280 2331 debent,
1317 2270 1493 2322 lavent
1516 2285 1711 2338 corpus
1738 2272 1874 2328 bene
1893 2314 1905 2336 .
1936 2287 1988 2329 et
2018 2278 2139 2330 bar-

569 2363 807 2414 bitonsor
863 2361 1013 2414 radat
1062 2360 1160 2413 sibi
1206 2369 1362 2426 caput
1416 2370 1469 2414 et
1522 2361 1769 2429 barbam;
1823 2376 1875 2418 et
1905 2366 1980 2421 sic
2010 2368 2134 2433 loto,

567 2451 941 2521 apothecarius
982 2461 1036 2504 et
1085 2450 1208 2503 dicti
1242 2450 1431 2503 fratres
1471 2450 1538 2504 de
1568 2451 1715 2506 Bulla
1759 2455 2007 2510 obturent
2032 2458 2134 2512 sibi

567 2544 703 2599 bene
732 2546 909 2597 omnia
927 2544 1179 2597 foramina
1211 2559 1331 2596 cum
1354 2544 1630 2599 bumbasio
1650 2548 1731 2601 vel
1755 2556 1928 2617 stupa,
1952 2565 2134 2618 anum,

566 2649 647 2697 os,
679 2649 835 2688 aures
859 2674 875 2696 ,
921 2648 1076 2686 nares
1098 2674 1115 2699 ,
1141 2648 1258 2686 cum
1292 2633 1503 2704 myrrha
1528 2675 1543 2696 ,
1596 2636 1748 2691 thure
1772 2678 1787 2699 ,
1821 2648 1875 2692 et
1903 2638 2023 2695 aloe
2042 2681 2058 2705 ,
2090 2642 2135 2695 si

572 2725 734 2792 possit
779 2724 984 2777 haberi.
1027 2723 1254 2776 Lavetur
1289 2725 1447 2777 etiam
1492 2740 1685 2794 corpus
1713 2742 1833 2781 cum
1864 2729 1987 2783 vino
2016 2731 2136 2785 albo

564 2823 617 2867 et
646 2814 902 2867 calefacto
931 2829 1050 2867 cum
1083 2812 1261 2866 herbis
1291 2812 1595 2879 odoriferis,
1626 2824 1680 2869 et
1705 2831 1824 2869 cum
1855 2816 1993 2873 bona
2025 2834 2134 2874 ver-

563 2904 715 2973 pagia
745 2944 761 2966 ,
820 2919 935 2970 quae
966 2903 1275 2956 cubicularii
1306 2904 1388 2958 vel
1420 2905 1723 2959 boticularii
1754 2922 1901 2976 papa:
1931 2910 2132 2966 debent

562 2994 718 3046 dictis
749 2993 1075 3047 lavatoribus
1101 2993 1501 3049 administrare.
1547 2994 1740 3048 Guttur
1768 3012 1895 3050 vero
1923 2998 1991 3053 de
2018 3014 2133 3053 aro-

561 3086 792 3139 matibus
836 3084 1082 3152 impletur
1127 3095 1182 3138 et
1225 3086 1506 3151 speciebus
1552 3102 1672 3143 cum
1720 3088 2025 3160 bombasio,
2066 3100 2120 3146 et

559 3179 716 3229 etiam
748 3188 903 3227 nares
931 3189 1050 3227 cum
1086 3184 1388 3241 musqueto.

631 3264 827 3317 Ultimo
869 3264 1029 3316 etiam
1074 3264 1250 3317 vultns
1296 3263 1513 3318 fricetnr
1538 3273 1591 3318 et
1612 3275 1835 3335 ungatur
1860 3283 1980 3323 cum
2014 3269 2127 3324 bal-

559 3371 706 3411 samo
740 3356 878 3410 bono
904 3397 919 3421 ,
971 3365 1025 3410 et
1068 3355 1226 3409 etiam
1252 3373 1460 3415 manus.
1501 3356 1840 3417 Camerarius
1866 3365 1948 3419 vel
1975 3366 2128 3421 cubi-

556 3446 741 3500 cularii
789 3448 878 3515 qui
926 3445 1237 3500 custodiunt
1285 3448 1616 3516 balsamum,
1674 3454 1757 3506 vel
1804 3456 2047 3524 sacrista,
2081 3460 2127 3514 si

555 3536 754 3590 habent
777 3580 791 3601 ,
819 3536 1044 3589 tradent.
1090 3536 1311 3591 Demum
1337 3538 1463 3593 dicti
1498 3542 1869 3609 ptenitentiarii
1900 3546 2128 3604 induunt

554 3628 726 3695 ipsum
746 3627 1024 3695 braquam,
1048 3629 1345 3691 camisiam,
1370 3628 1588 3698 caligas,
1618 3640 1672 3686 et
1697 3632 1945 3688 tunicam.
1978 3637 2126 3692 Tunc

553 3719 705 3787 quasi
754 3718 992 3772 sedendo
1033 3720 1239 3786 erigant
1285 3734 1405 3773 eum
1453 3720 1579 3775 dicti
1621 3724 1998 3791 ptenitentiarii
2027 3769 2041 3792 ,
2072 3739 2127 3782 et

555 3808 778 3864 induant
805 3810 972 3876 ipsum
996 3811 1230 3863 totaliter
1255 3813 1423 3865 sacris
1445 3814 1679 3867 vestibus
1708 3815 1855 3869 rubei
1888 3817 2020 3871 enim
2037 3818 2083 3872 is
2107 3838 2119 3873 :

559 3899 729 3966 primo
751 3898 990 3951 sandatia
1019 3899 1134 3951 alba
1162 3941 1177 3965 ,
1209 3901 1486 3967 cinctorio,
1520 3903 1661 3969 fauo,
1692 3908 1861 3973 stola,
1905 3911 2123 3963 tunicel-

563 3993 633 4054 la,
666 3990 958 4057 manipulo,
991 3990 1293 4061 dalmatica,
1322 3994 1666 4063 chirothecis,
1701 4001 1932 4067 planeta,
1963 4003 2123 4070 pallio

554 4078 620 4132 de
650 4093 873 4145 corpore
915 4079 1055 4131 beati
1107 4078 1247 4133 Petri
1275 4092 1517 4151 sumpto;
1565 4094 1618 4139 et
1645 4088 1843 4155 plicent
1872 4089 2118 4147 fanonem

546 4183 708 4238 super
736 4178 895 4236 caput
918 4210 933 4231 ,
963 4181 1016 4222 et
1044 4170 1184 4223 circa
1210 4173 1453 4239 scapulas
1482 4177 1833 4238 circumdent,
1865 4194 1926 4233 ac
1952 4182 1996 4233 si
2027 4183 2121 4235 de-

550 4260 700 4313 beret
731 4260 1026 4322 celebrare,
1053 4268 1107 4313 et
1135 4271 1333 4328 ponent
1361 4263 1412 4314 in
1441 4266 1615 4332 capite
1644 4266 1760 4335 ejus
1792 4268 2012 4324 biretam
2043 4273 2122 4325 al-

544 4348 667 4405 bam
697 4360 817 4403 cum
848 4351 1009 4403 mitra
1038 4350 1155 4403 alba
1184 4352 1301 4405 sine
1331 4355 1490 4421 perlis
1518 4363 1571 4409 et
1599 4359 1716 4412 sine
1745 4374 1894 4415 auro.

618 4441 748 4495 item
780 4442 832 4494 in
878 4442 1127 4496 crucibus
1158 4443 1306 4511 pallii
1334 4456 1459 4500 sunt
1489 4457 1595 4501 tres
1623 4463 1749 4504 acus
1774 4492 1789 4515 ,
1822 4465 1977 4521 prout
2006 4468 2119 4511 mo-

543 4531 617 4585 ris
642 4540 755 4597 est;
783 4542 837 4586 et
863 4547 1077 4600 semper
1106 4534 1329 4588 ardeant
1355 4546 1477 4591 ante
1505 4540 1675 4602 ipsum
1705 4541 1771 4595 ad
1804 4544 1979 4599 minus
2005 4546 2113 4600 duo
2142 4544 2194 4605 D

547 4637 735 4690 magna
782 4623 989 4677 torticia
1029 4638 1149 4677 cum
1191 4625 1318 4679 satis
1358 4627 1425 4679 de
1473 4629 1707 4684 candelis
1751 4632 1946 4700 parvis.
1987 4636 2115 4691 ltern

542 4730 676 4771 vero
697 4717 774 4769 sic
796 4725 1001 4785 parato,
1024 4715 1150 4770 dicti
1184 4718 1557 4785 puenitentiarii
1588 4734 1788 4788 ponunt
1809 4740 1930 4780 eum
1955 4743 2117 4797 super

546 4806 801 4860 feretrum
838 4820 1031 4859 novum
1053 4808 1135 4859 vel
1167 4807 1405 4861 lecticam
1425 4849 1441 4871 ,
1474 4810 1525 4863 in
1557 4826 1664 4880 quo
1692 4813 1849 4869 debet
1877 4832 1997 4871 esse
2022 4819 2116 4874 bo-

542 4911 670 4949 num
719 4895 1080 4948 matallascurn
1130 4906 1439 4963 coopertum
1486 4901 1553 4953 de
1602 4902 1775 4956 serico
1824 4904 2009 4971 ruben,
2060 4918 2115 4962 et

540 4988 772 5055 desuper
800 4987 996 5041 debent
1029 5000 1147 5040 esse
1176 4988 1280 5038 duo
1307 4990 1463 5054 panni
1495 4990 1560 5043 de
1588 5006 1718 5046 auro
1742 5007 1802 5047 se
1832 5006 2071 5052 tenentes
2095 5017 2109 5064 ;

538 5088 597 5132 et
619 5079 1031 5145 circumquaque
1056 5076 1253 5131 debent
1282 5094 1476 5146 ponere
1501 5090 1553 5135 et
1583 5084 1813 5149 pendere
1841 5101 1988 5141 arma
2014 5105 2110 5144 sua

539 5180 593 5223 et
623 5167 898 5230 Ecclesiae,
929 5167 981 5220 in
1015 5182 1191 5234 panno
1218 5168 1394 5222 serico
1423 5170 1574 5237 nigro
1604 5173 1686 5226 vel
1719 5174 2050 5243 Ityaciutino.

614 5258 741 5312 Item
769 5259 955 5312 subtus
983 5268 1140 5325 caput
1170 5258 1288 5327 ejus
1326 5260 1397 5313 sit
1427 5262 1666 5327 pulvinar
1695 5276 2012 5333 coopertqu
2041 5269 2111 5322 de

552 5364 727 5415 panno
756 5364 938 5411 aureo,
970 5358 1021 5402 et
1053 5350 1216 5420 528
1243 5362 1359 5419 post
1388 5353 1551 5420 pedes
1581 5355 1696 5422 ejus
1729 5358 1777 5410 in
1810 5360 2000 5413 eodem
2034 5359 2112 5415 fe-

546 5448 690 5493 retro
719 5440 862 5493 allud
894 5440 1136 5508 pulvinar
1156 5444 1433 5500 consimile
1460 5461 1577 5499 cum
1610 5448 1787 5503 iloccis
1815 5450 1882 5503 dc
1908 5451 2104 5519 serica,

546 5538 601 5582 et
627 5530 954 5584 cerdonibus
982 5532 1048 5584 tte
1071 5547 1222 5598 auro,
1254 5549 1417 5602 super
1446 5540 1585 5605 quod
1617 5539 1814 5594 debent
1843 5551 1985 5596 stare
2002 5541 2112 5597 duo

537 5620 727 5684 capelli
754 5633 846 5669 seu
878 5620 1001 5684 pilei
1048 5636 1216 5688 papa.
1282 5623 1578 5680 Pnlvinaria
1612 5629 1805 5685 debent
1834 5646 1955 5687 esse
1986 5632 2111 5687 lati-

541 5707 738 5761 tudinis
772 5707 969 5759 ferc'ri.

2244 1909 2429 1961 Saltem
2458 1922 2551 1975 per
2570 1909 2789 1963 clientes
2818 1925 3108 1978 armorum,
3135 1926 3189 1969 et
3217 1916 3403 1975 ultiruo
3432 1935 3528 1989 per
3550 1936 3827 1987 cursores,

2242 1999 2287 2052 si
2318 1998 2402 2051 alii
2436 2015 2539 2053 non
2565 2012 2761 2056 essent.

2316 2090 2654 2145 Camerarius
2685 2106 2813 2145 vero
2834 2101 2887 2146 et
2910 2093 2999 2147 alii
3033 2096 3234 2165 praelati
3263 2098 3460 2156 domus
3480 2145 3495 2168 ,
3526 2113 3585 2158 et
3612 2116 3719 2158 tuta
3755 2104 3828 2159 fa-

2242 2178 2388 2232 milia
2419 2179 2607 2232 dumus
2632 2219 2650 2245 ,
2702 2181 2933 2236 vultibus
2957 2187 3224 2253 conpertis
3254 2203 3375 2243 cum
3407 2193 3647 2258 capuciis
3674 2212 3824 2251 a520-

2241 2269 2385 2321 cient
2417 2283 2635 2335 corpus,
2669 2281 2722 2324 et
2744 2272 2795 2324 in
2826 2273 3029 2341 capella
3061 2276 3308 2340 sedeant;
3336 2288 3392 2334 et
3420 2292 3549 2336 tunc
3582 2301 3677 2351 per
3702 2303 3827 2341 can-

2244 2367 2389 2412 tores
2418 2370 2471 2412 et
2505 2360 2924 2427 paenitentiarios
2950 2375 3231 2421 cantantur
3258 2368 3513 2437 Vespera
3544 2373 3822 2430 defuncto-

2239 2466 2359 2505 rum
2404 2461 2460 2505 et
2507 2460 2672 2505 totum
2728 2452 3003 2521 officium,
3059 2473 3301 2528 quosque
3329 2462 3551 2518 veniant
3582 2469 3822 2524 ecclesia:

2241 2540 2573 2607 parochiales
2597 2581 2613 2607 ,
2658 2544 2902 2598 canonici
2942 2555 2996 2600 et
3043 2546 3275 2617 religiosi
3301 2562 3534 2620 quatuor
3574 2557 3819 2614 ordinum

2239 2640 2294 2684 et
2322 2630 2547 2685 aliorum
2594 2632 2842 2687 ordinum
2886 2646 2940 2690 et
2972 2640 3386 2706 monachorum;
3425 2645 3613 2714 itaque
3640 2653 3819 2717 qumli-

2239 2724 2328 2777 bet
2349 2724 2574 2779 ecclesia
2620 2726 2686 2779 ad
2727 2726 2902 2783 minus
2930 2742 3109 2786 cantet
3148 2748 3310 2788 unum
3354 2750 3680 2793 nocturnum
3705 2758 3815 2797 cum

2237 2830 2341 2870 una
2371 2817 2660 2881 Oratione,
2721 2820 2921 2875 scilicet
2975 2822 3134 2890 Deus,
3180 2828 3270 2895 qui
3307 2830 3442 2882 inter
3490 2834 3811 2900 apostolicos,

2236 2918 2370 2973 etc.,
2427 2917 2483 2961 et
2525 2920 2811 2979 aspergant
2854 2910 3011 2967 funus
3055 2930 3193 2984 aqua
3219 2918 3529 2985 benedicta,
3556 2932 3615 2977 et
3640 2926 3812 2978 incen-

2236 3012 2376 3053 sent.
2421 3000 2530 3056 llac
2573 3002 2660 3056 die
2698 3002 2823 3057 dicti
2874 3007 3252 3071 pmnitentiarii
3296 3012 3503 3067 debent
3538 3022 3812 3075 comedere

2242 3090 2294 3143 in
2324 3091 2510 3145 tinello
2542 3108 2690 3162 papae
2717 3095 2992 3160 splendide
3022 3109 3239 3167 propter
3279 3102 3504 3158 labores
3533 3116 3593 3162 et
3616 3109 3810 3178 vigilias

2155 3175 2203 3239 C
2235 3198 2369 3252 quas
2398 3185 2789 3241 sustinuerunt.
2828 3187 2958 3241 Nam
2990 3189 3042 3242 in
3072 3189 3157 3244 illa
3190 3204 3350 3247 nocte
3372 3196 3582 3251 debent
3608 3175 3809 3270 vigilare

2233 3286 2359 3329 ante
2381 3275 2537 3329 funus
2564 3277 2679 3332 sive
2708 3277 2760 3331 in
2789 3294 3000 3335 camera
3032 3297 3201 3351 papai,
3225 3287 3343 3342 sive
3369 3290 3421 3342 in
3446 3294 3685 3360 capella;
3710 3286 3809 3352 me;

2234 3364 2406 3418 dietas
2437 3365 2674 3433 ipsorum
2728 3370 3241 3436 pteniteutiariurum
3283 3392 3458 3446 usque
3490 3383 3560 3436 ad
3594 3384 3807 3439 mediam

2234 3466 2485 3521 noctem,
2531 3465 2586 3511 et
2632 3456 2733 3513 alia
2786 3459 3044 3516 medietas
3091 3478 3260 3533 usque
3286 3466 3356 3520 ad
3383 3468 3573 3534 diem,
3608 3487 3807 3542 semper

2232 3546 2437 3600 orando
2468 3562 2565 3616 pro
2591 3563 2687 3613 eo;
2729 3563 2943 3619 semper
2970 3554 3075 3606 sint
3101 3557 3273 3623 parati
3305 3558 3622 3616 boticularii
3651 3575 3705 3619 et
3731 3582 3808 3632 pa-

2229 3635 2421 3690 netarii
2462 3636 2542 3690 eis
2561 3636 2936 3693 administrare
2958 3645 3257 3698 necessaria
3288 3649 3415 3702 vitae
3442 3649 3806 3718 abundanter;

2228 3737 2282 3780 et
2310 3728 2568 3795 magister
2591 3743 2730 3784 certe
2761 3733 3037 3798 provideat
3066 3734 3133 3788 de
3155 3736 3420 3805 candelis,
3454 3755 3715 3809 quantum
3736 3746 3805 3798 eis

2227 3818 2475 3885 expedit,
2512 3829 2567 3873 et
2613 3820 2851 3876 tortitiis.
2892 3824 3042 3890 Quod
3072 3826 3116 3879 si
3149 3826 3421 3896 indigeant
3461 3836 3806 3889 conlectioni-

2224 3905 2353 3973 bus,
2387 3907 2695 3963 cubicularii
2724 3910 2801 3965 eis
2831 3912 3163 3968 abundanter
3190 3916 3447 3971 tribuant.

2298 3998 2425 4053 Item
2472 4002 2765 4056 notandum
2795 4004 2936 4073 quod
2960 4006 3004 4059 si
3032 4010 3359 4068 camerarins
3388 4013 3461 4065 sit
3496 4014 3803 4081 cardinalis,

2223 4087 2350 4141 dum
2401 4104 2593 4159 corpus
2645 4092 2851 4146 lavatur
2892 4104 2945 4149 et
2990 4107 3226 4165 portatur
3264 4102 3332 4155 ad
3378 4105 3677 4169 capellam,
3710 4125 3804 4159 non

2224 4183 2505 4235 consuevit
2535 4183 2800 4239 associare
2832 4186 3009 4242 funus.
3049 4188 3198 4256 Quod
3235 4191 3282 4243 si
3326 4208 3435 4248 non
3470 4195 3546 4248 sit
3573 4197 3807 4252 tardior

2223 4270 2311 4333 lis,
2345 4271 2506 4326 debet
2531 4275 2709 4327 omnia
2758 4274 2943 4331 videre
2990 4289 3044 4332 et
3072 4279 3321 4335 ordinare
3344 4325 3359 4341 .
3389 4295 3443 4336 et
3465 4300 3671 4354 c0rpns
3693 4304 3802 4343 cum

2221 4362 2341 4419 aliis
2372 4365 2605 4431 prtelatis
2648 4369 2946 4434 associare;
2997 4377 3053 4424 et
3072 4373 3171 4426 sibi
3202 4384 3444 4441 portatur
3470 4382 3665 4446 cauda,
3698 4383 3805 4437 sive

2222 4453 2291 4505 sit
2317 4454 2619 4519 cardinalis,
2649 4458 2759 4511 sive
2793 4472 2922 4512 non.

2297 4542 2427 4598 Item
2456 4546 2748 4600 notandum
2773 4549 2912 4616 quod
2943 4549 3245 4606 immediate
3276 4554 3406 4608 dum
3436 4573 3642 4626 corpus
3664 4570 3800 4616 extra

2224 4651 2492 4690 carneram
2542 4634 2704 4693 fuerit
2733 4680 2748 4704 ,
2799 4644 3125 4697 camerarins
3154 4645 3311 4699 debet
3353 4650 3525 4715 recip.
3545 4666 3605 4705 re
3629 4668 3801 4706 omnes

2223 4728 2402 4781 claves
2424 4730 2871 4784 cubiculariorum
2895 4748 3122 4788 camerte
3147 4751 3319 4803 papae,
3343 4750 3399 4791 et
3429 4740 3594 4795 debet
3625 4758 3802 4795 vocare

2223 4829 2331 4873 tres
2363 4819 2568 4888 priores
2599 4824 2917 4889 cardinales,
2941 4827 3145 4882 scilicet
3166 4830 3567 4898 episcoporum,
3603 4836 3802 4904 presby-

2224 4918 2460 4963 terorum
2487 4921 2541 4965 et
2563 4911 2943 4980 diaconorum;
2976 4927 3033 4971 et
3051 4919 3129 4972 eis
3158 4920 3432 4987 assignare
3456 4925 3644 4976 omnia
3673 4925 3801 4993 juca-

2222 4999 2289 5052 lia
2318 5016 2467 5069 papa:
2496 5043 2509 5064 ,
2559 5012 2614 5055 et
2658 5004 2954 5060 inventaria
3004 5010 3177 5063 solum
3224 5012 3276 5063 in
3302 5012 3561 5079 scriptis;
3593 5024 3653 5067 et
3683 5018 3801 5067 dare

2222 5092 2301 5145 eis
2331 5092 2563 5159 cupiam,
2596 5096 2639 5149 si
2670 5098 2934 5164 petierint.
2977 5098 3128 5164 Quod
3159 5102 3204 5153 si
3245 5102 3441 5155 vellent
3467 5105 3661 5157 videre
3685 5122 3801 5158 om-

2222 5182 2307 5234 nia
2337 5183 2548 5236 oculata
2581 5185 2704 5251 tide,
2729 5187 2810 5241 eis
2836 5203 2938 5241 non
2968 5191 3321 5255 contradicat,
3338 5192 3432 5246 sed
3454 5192 3662 5248 faciant
3689 5211 3797 5249 om-

2221 5274 2306 5326 nia
2358 5277 2653 5330 inventaria
2704 5282 2949 5334 renovari
2996 5281 3051 5334 in
3099 5287 3379 5350 prmsentia
3422 5288 3712 5339 camerarii
3751 5298 3798 5341 ei

2219 5363 2533 5418 clericorum
2560 5382 2810 5431 camerae,
2842 5370 2914 5422 ita
2944 5371 3083 5433 quod
3114 5372 3340 5441 quilibet
3368 5375 3610 5439 ipsorum
3642 5376 3795 5428 trium

2221 5454 2418 5508 habeat
2449 5455 2682 5524 capiam,
2715 5465 2769 5512 et
2797 5458 2967 5514 dictus
2994 5463 3323 5516 camerarins
3350 5464 3535 5526 aliam,
3564 5479 3635 5519 ne
3661 5466 3796 5520 fraus

2217 5543 2385 5612 po~sit
2412 5558 2552 5598 esse.

2321 5636 2482 5706 529
2510 5636 2713 5692 CXLV.
2748 5639 2967 5703 Quando
2996 5641 3127 5708 ﬁunt
3155 5660 3365 5709 exequar
3396 5660 3491 5713 pro
3531 5662 3695 5715 papa.

2284 5725 2580 5781 Notandum
2632 5728 2795 5783 etiam
2838 5730 2977 5799 quod
3007 5731 3133 5787 dum
3164 5733 3295 5787 ﬁunt
3319 5735 3594 5803 exsequia:
3627 5737 3682 5788 in
3712 5747 3794 5789 ea:
