3990 6322
547 292 686 352 1355
746 277 811 312 ’δέ
830 284 847 303 ³

1242 285 1582 345 APPENDIX
1623 284 1713 339 AD
1754 281 1813 338 S.
1858 273 2191 333 GRECORH
2222 273 2446 333 HAGNI
2488 279 2851 340 LITURGICA
2891 286 3141 343 αδΕΠᾹ.

3697 285 3846 341 11536

546 413 694 479 duo;
717 411 815 469 sed
844 402 1183 479 palelrenarii
1207 400 1499 455 secundum
1549 407 1833 451 numerum
1877 393 2138 462 ipsorum,
2168 387 2222 444 Ἀ
2245 387 2409 442 citum
2431 399 2485 444 et
2513 390 2792 449 honestum
2816 406 2962 450 esset
2983 397 3123 464 quod
3150 410 3243 464 per
3274 397 3549 465 praelatum
3580 398 3672 451 vel
3726 400 3845 467 egri-

544 518 614 563 α
630 506 805 561 etiam
826 508 1078 554 cursores
1095 493 1244 560 juxta
1266 490 1591 544 voluntatem
1615 485 1814 543 domini
1837 481 2137 539 camerarii.

630 595 766 650 Item
817 583 1169 642 marescalcus
1199 580 1385 645 cutim,
1415 588 1473 633 et
1494 576 1781 632 advocatus
1824 586 2135 644 pauperum,

557 696 619 741 ct
647 682 900 751 magister
920 675 1057 731 sacri
1080 673 1282 743 palatii,
1308 679 1622 741 procurator
1674 667 1891 731 Ilscalis,
1913 666 2142 719 advoca-

559 786 843 843 tus-papae,
869 780 1061 821 onmes
1088 764 1156 817 de
1194 778 1302 817 uno
1324 777 1517 833 panno.
1561 760 1690 815 Item
1730 764 1960 826 emptor,
1976 767 2143 823 guar-

570 860 886 921 davessalla,
917 856 1136 926 guardia
1166 855 1358 923 major,
1395 853 1445 908 id
1476 862 1557 907 est
1593 859 1772 905 custos
1800 847 2141 912 cibariorum,

569 964 751 1011 custos
780 946 1209 1015 sacrm‘capellai,
1237 945 1326 1014 qui
1357 953 1439 998 est
1467 942 1568 997 sub
1595 933 2142 1010 potestatesacristae,

577 1057 767 1100 omnes
789 1039 1063 1096 deeodem
1095 1051 1291 1105 panno.
1325 1035 1454 1089 Item
1477 1031 1874 1102 campanarius,
1899 1035 2147 1097 scopator

577 1148 807 1190 eamea-te
840 1145 1010 1200 papae,
1042 1138 1094 1184 et
1124 1136 1374 1198 scopator
1392 1125 1570 1196 palatii
1590 1125 1657 1180 de
1682 1124 2004 1192 aliopanno.

637 1226 770 1281 Item
801 1224 846 1278 si
884 1237 1013 1292 papa
1073 1222 1330 1275 moriatur
1369 1218 1572 1283 Romm,
1614 1232 1706 1271 sex
1758 1213 2143 1276 banderenses,

566 1324 682 1371 tres
727 1324 985 1378 rectores,
1011 1312 1115 1366 duo
1166 1309 1455 1365 consiliarii
1506 1312 1902 1363 consueverunt
1947 1310 2147 1371 petere.

574 1407 707 1462 Item
740 1406 909 1475 capita
940 1404 1216 1473 regionum
1252 1409 1307 1455 et
1354 1396 1690 1469 manipularii
1724 1398 1883 1451 etiam
1927 1407 2154 1449 consue-

575 1507 765 1555 verunt
788 1505 967 1567 petere
998 1502 1175 1550 vestes
1201 1494 1402 1563 n'gras,
1445 1492 1837 1546 etibabuerunt
1888 1488 1938 1542 in
1977 1494 2155 1541 morte

584 1590 783 1646 Urbani
812 1587 899 1641 VI.
928 1588 1127 1641 Omnes
1150 1585 1234 1639 isti
1266 1583 1525 1637 ofﬁciales
1554 1582 1735 1637 Urbis.
1764 1580 1864 1645 Qui
1897 1578 1942 1632 si
1996 1578 2156 1647 petie-

579 1680 709 1743 rint,
739 1684 861 1731 sunt
890 1677 990 1730 sub
1041 1672 1374 1741 beneplacito
1422 1670 1620 1726 domini
1660 1666 1957 1730 camerarii,
1989 1666 2033 1722 si
2077 1668 2155 1721 eis

576 1770 704 1825 dare
728 1768 861 1832 vult,
892 1767 976 1821 vel
1007 1780 1131 1820 non.

648 1863 876 1917 Senator
916 1860 1074 1914 Urbis
1121 1863 1337 1924 protiter
1382 1856 1625 1909 officium
1680 1868 1781 1907 non
1836 1853 2001 1906 utitur
2056 1863 2156 1905 nec

583 1953 826 2013 vcstitur,
852 1951 951 2003 nisi
980 1947 1458 2015 vellet‘facere‘pcr
1488 1961 1546 2000 se
1572 1958 1754 1998 amore
1782 1958 1952 2012 papze.

652 2045 781 2098 Item
812 2040 1102 2096 notandum
1133 2040 1273 2109 quod
1300 2039 1492 2092 dantur
1522 2044 1629 2091 tres
1653 2049 1837 2089 cannze
1885 2033 1951 2087 de
1983 2045 2158 2099 panno

578 2137 883 2205 unicuique.

649 2229 785 2283 Item
813 2227 981 2299 prima
1010 2226 1097 2280 die
1118 2224 1412 2280 comedunt
1438 2224 1489 2276 in
1537 2221 1734 2291 palatio
1782 2215 2158 2288 poenitentiarii

578 2329 633 2374 et
659 2331 848 2373 omnes
877 2315 1167 2371 familiares
1186 2328 1334 2383 papae
1364 2328 1458 2382 per
1484 2320 1642 2366 totam
1673 2324 1955 2383 novenam,
1987 2316 2041 2362 et
2064 2307 2161 2361 ali-

582 2407 796 2478 quando
825 2421 1099 2477 quousque
1127 2418 1262 2476 papa
1299 2404 1367 2459 sit
1391 2413 1620 2469 creatus,
1646 2402 1735 2473 qui
1762 2400 1953 2470 recipit
1978 2408 2031 2454 et
2078 2412 2160 2451 re-

585 2497 719 2555 tinet
747 2512 878 2567 quos
898 2497 996 2552 sibi
1022 2498 1208 2565 placet.

652 2590 781 2644 Item
815 2588 992 2643 statim
1044 2588 1172 2641 fiunt
1202 2602 1404 2655 magna:
1438 2586 1793 2655 eleemosynm
1844 2596 1940 2652 pro
1987 2579 2163 2634 anima

585 2695 737 2751 papa:
770 2696 861 2747 per
891 2679 1275 2734 titesaurarium
1307 2679 1373 2733 de
1395 2677 1644 2731 mandato
1665 2673 1964 2735 camerarii,
1992 2673 2170 2741 primo

588 2780 814 2843 quatuor
843 2771 1118 2826 ordinibus
1148 2771 1571 2825 mendicantibus
1602 2769 1875 2837 aequaliter
1905 2766 2166 2835 quinqua-

587 2868 731 2938 ginta
765 2866 995 2920 IIorenos
1032 2866 1117 2920 vel
1143 2865 1329 2935 viginti
1362 2867 1616 2935 quinque,
1644 2863 1707 2917 ad
1742 2862 1915 2916 minus
1957 2860 2163 2921 decem,

591 2970 804 3024 panem,
834 2955 1035 3019 vinum,
1064 2970 1251 3010 carnes
1282 2970 1377 3023 pro
1399 2969 1500 3007 una
1526 2955 1643 3017 die;
1679 2953 1765 3008 dei
1791 2952 1871 3006 .de
1894 2948 2167 3018 hospitali-

593 3047 691 3099 bus
718 3054 771 3099 et
799 3046 917 3098 aliis
949 3045 1271 3112 pauperibus
1309 3046 1460 3113 juxta
1490 3044 1819 3098 voluntatem
1864 3038 2163 3104 caruerat-ii,

585 3149 642 3195 ct
671 3136 959 3192 secundum
983 3136 1122 3203 quod
1154 3148 1363 3188 camera
1390 3142 1473 3187 est
1507 3145 1710 3201 petens.

664 3227 793 3283 Pest
819 3225 1108 3280 secuadam
1142 3224 1350 3278 Missam
1379 3224 1700 3287 immediate,
1726 3222 1813 3292 qui
1851 3234 1965 3275 eam
2016 3219 2168 3284 dicit,

600 3314 746 3369 vadit
771 3313 835 3368 ad
868 3315 1117 3366 feretrum
1143 3311 1330 3365 subtus
1378 3321 1611 3364 cas'rum
1661 3309 1883 3376 doloris,
1938 3311 2168 3380 reposita

602 3408 831 3476 planetu,
862 3405 1077 3461 indutus
1100 3404 1308 3473 pluviali
1340 3418 1459 3458 cum
1489 3404 1598 3457 su’s
1614 3402 1888 3457 ministris.
1918 3402 2173 3456 Cantores

604 3512 753 3567 papae
776 3510 990 3566 semper
1015 3501 1230 3550 cantant
1254 3494 1483 3548 ofﬁcium
1518 3493 1693 3547 M'ssre
1717 3502 1770 3547 et
1817 3492 2171 3559 Responsoria

604 3592 657 3644 in
685 3587 1048 3653 absolutione;
1069 3594 1123 3641 et
1151 3585 1390 3639 canonici
1421 3583 1613 3638 debent
1638 3597 1730 3638 eos
1764 3582 1951 3652 juvare
1981 3582 2032 3636 in
2058 3596 2174 3636 res-

602 3679 868 3748 ponsoriis
890 3676 1201 3740 cantaridis;
1234 3684 1288 3731 et
1312 3674 1455 3727 finita
1488 3673 1824 3728 absolutione
1863 3673 2036 3727 dictus
2061 3688 2177 3728 car.

605 3768 800 3824 dinalis
819 3766 1077 3836 depositis
1119 3767 1286 3820 sacris
1333 3765 1572 3819 vestibus
1600 3765 1885 3820 revertitur
1927 3764 1993 3819 ad
2043 3766 2178 3820 alios

605 3855 927 3914 cardinales.
956 3854 1056 3923 Qui
1095 3854 1316 3908 audiunt
1338 3867 1663 3919 sermonem,
1692 3862 1746 3909 et
1765 3854 1908 3910 dicto
1930 3868 2180 3909 sermone

609 3947 807 4003 vadunt
837 3959 1024 4001 omnes
1044 3944 1109 3999 ad
1135 3945 1383 4014 palatium
1436 3944 1502 3999 ad
1538 3946 1889 4000 ordinandum
1944 3946 2012 4001 de
2054 3960 2181 4000 con-

609 4037 767 4103 clavi,
798 4045 854 4090 et
874 4036 1068 4090 ibidem
1120 4036 1457 4105 assignantur
1482 4036 1560 4091 eis
1592 4036 1702 4091 loca
1764 4051 1858 4106 per
1909 4037 2180 4093 dominum

608 4127 977 4184 camerarium.
1007 4124 1206 4182 Omnes
1261 4129 1393 4181 liunt
1439 4128 1670 4197 aequales
1723 4129 1774 4182 in
1832 4129 2005 4199 spatio
2050 4129 2185 4184 assi-

608 4221 820 4292 gnando
847 4220 912 4273 ad
942 4219 1136 4285 minus,
1165 4228 1219 4273 et
1245 4220 1414 4287 spatia
1443 4220 1530 4273 ubi
1560 4220 1755 4275 debent
1796 4219 2055 4276 fabricare
2101 4237 2183 4277 ca-

615 4325 789 4366 meras
818 4323 943 4363 suas
965 4309 1212 4378 expensis
1229 4309 1457 4379 propriis
1474 4309 1777 4378 cujuslibet,
1794 4310 1839 4364 si
1862 4311 1968 4365 sint
1988 4310 2184 4367 divites

610 4408 665 4454 et
679 4397 881 4468 antiqui
910 4397 1230 4453 cardinales.
2096 4396 2097 4399 ‘

685 4494 813 4548 Item
844 4492 988 4547 omni
1018 4492 1103 4547 die
1132 4502 1251 4561 post
1276 4491 1487 4547 Missam
1542 4500 1595 4546 et
1642 4507 1940 4550 sermonem
1990 4495 2183 4550 debent
2221 4491 2264 4547 ἰ)

614 4579 791 4639 facere
819 4582 1125 4651 concilium,
1148 4582 1431 4653 cogitando
1461 4593 1515 4638 et
1565 4586 1840 4639 tractando
1891 4586 1958 4640 de
2006 4586 2186 4641 futuro

616 4670 867 4745 episcopo
905 4690 1000 4731 seu
1025 4689 1179 4745 papa.

685 4770 811 4824 Item
865 4783 1130 4837 nunquam
1176 4767 1227 4820 iu
1279 4774 1383 4821 tota
1429 4783 1635 4823 novena
1682 4768 1892 4824 dicatur
1939 4770 2037 4825 nisi
2086 4773 2185 4823 una

611 4862 817 4931 Oratio,
862 4860 1065 4915 scilicet
1108 4855 1247 4912 Deus
1290 4859 1376 4926 qui
1432 4860 1564 4913 inter
1611 4863 1937 4928 apostolicos,
1964 4870 2069 4917 etc.
2134 4863 2187 4916 In

619 4951 949 5007 absolutione
1004 4959 1229 5019 possunt
1256 4961 1461 5005 mutare
1513 4952 1556 5004 si
1588 4952 1869 5018 voluerint,
1915 4963 1969 5007 et
2014 4952 2193 5009 dicere

618 5045 737 5098 loco
769 5044 910 5098 illius
938 5042 1161 5106 Inclina,
1195 5042 1428 5106 Domine,
1461 5058 1634 5096 aurem
1665 5052 1823 5097 luam.

689 5134 849 5206 532
872 5135 1000 5191 Item
1021 5134 1345 5189 camerarius
1372 5142 1559 5188 caveat
1585 5133 1724 5188 bene
1748 5148 1812 5187 ne
1841 5134 1973 5188 ordo
2018 5135 2068 5189 in
2113 5135 2195 5190 di-

617 5227 803 5282 cendis
825 5226 994 5281 Missis
1021 5227 1457 5293 iriterrumpatur,
1490 5225 1741 5294 quoniam
1767 5225 1911 5280 omni
1942 5227 2028 5282 die
2058 5243 2193 5283 unus

619 5316 896 5371 cardiualis
925 5315 1084 5371 debet
1111 5317 1287 5370 dicere
1316 5316 1525 5369 Missam
1563 5315 1629 5370 de
1658 5299 1898 5379 mortuis,
1923 5325 1974 5371 et
2032 5318 2190 5375 faciat

621 5403 814 5461 ibidem
844 5410 1165 5460 sermonem.
1189 5403 1341 5471 Quod
1366 5406 1408 5458 si
1442 5405 1569 5459 nolit
1601 5404 1790 5473 facere,
1816 5407 1903 5461 det
1926 5407 2013 5460 uni
2046 5424 2185 5478 prae.

624 5492 734 5550 lato
765 5494 849 5550 vel
879 5495 1034 5550 alicui
1065 5495 1315 5565 magistro
1360 5495 1410 5547 in
1467 5495 1749 5564 theologia,
1784 5495 1903 5563 quia
1960 5495 2006 5551 si
2055 5498 2186 5555 ordo

610 5582 1045 5655 interrumpatur,
1069 5599 1173 5640 non
1199 5597 1374 5656 posset
1406 5587 1734 5655 reintegrari.
1768 5588 1881 5644 Non
1924 5591 2066 5647 enim
2118 5593 2184 5648 Ii-

702 5709 726 5736 ο
751 5699 823 5754 .Id
850 5707 932 5755 est
953 5699 1187 5764 Iagenas,
1218 5696 1358 5756 Italis
1390 5701 1547 5769 vulgo
1573 5702 1720 5756 boue.

2240 496 2461 551 scopum
2481 483 2748 539 diceretur
2764 488 2922 541 Missa
2942 503 2958 549 ;
2985 489 3079 541 sed
3103 488 3149 542 si
3170 486 3361 556 aliquis
3374 489 3443 543 de
3464 489 3849 544 cardinalibu:

2243 572 2628 636 intirmaretur,
2652 576 2734 628 vel
2765 590 2871 628 non
2903 587 3084 644 posset
3109 576 3326 630 Missam
3355 576 3675 640 celebrare,
3710 576 3849 632 alta

2244 663 2531 718 cardiualis
2560 679 2680 719 eam
2709 665 2882 731 dicet;
2909 676 2965 722 et
2984 667 3064 722 sic
3090 667 3393 733 successive
3439 682 3541 738 per
3584 666 3848 721 ordinem

2246 770 2410 825 usque
2437 758 2502 811 ad
2534 757 2714 811 tinem.

2637 844 2907 900 CXLVIII.
2933 846 3009 899 De
3031 862 3222 901 novena
3266 861 3436 916 papa.

2319 934 2376 989 In
2398 949 2608 991 novena
2636 944 2812 991 autem
2835 945 3070 991 castrum
3096 936 3299 993 doloris
3327 947 3552 992 ornatur
3594 936 3849 993 candelis

2249 1022 2386 1079 sicut
2416 1026 2467 1081 in
2494 1025 2602 1087 die.
2631 1036 2686 1081 et
2705 1026 2771 1079 ad
2796 1025 2968 1080 minus
2995 1035 3260 1097 ponantur
3280 1026 3395 1097 ipsa
3424 1026 3513 1082 die
3536 1041 3687 1083 Lux
3707 1028 3796 1082 vel
3820 1042 3849 1081 c

2250 1116 2573 1171 brandones.
2754 1176 2773 1181 _

2323 1207 2455 1263 Item
2484 1206 2763 1262 sciendum
2791 1207 2931 1277 quod
2955 1208 3301 1265 barbitonsor
3323 1224 3475 1280 papa
3504 1224 3616 1264 non
3644 1208 3851 1264 retinet

2253 1310 2457 1350 cassam
2482 1310 2603 1350 cum
2647 1297 2938 1363 rasoribus,
2968 1307 3022 1352 et
3067 1314 3186 1353 cum
3226 1299 3292 1355 iis
3317 1316 3436 1368 quae
3498 1301 3640 1354 intra
3697 1310 3849 1359 sunt;

2254 1386 2379 1440 item
2411 1386 2477 1442 de
2503 1386 2659 1443 bacili
2690 1398 2964 1458 argenteo.
2999 1387 3188 1444 Postea
3213 1404 3384 1445 novus
3418 1405 3556 1458 papa
3588 1389 3723 1446 facit
3741 1390 3849 1445 sibi

2255 1480 2385 1535 dare
2410 1497 2441 1535 ι
2463 1481 2546 1536 vel
2570 1497 2641 1535 ιιι
2695 1486 2952 1539 Ilorenos.
3002 1485 3382 1539 Verumtamen
3425 1484 3606 1539 baci‘e
3634 1498 3842 1553 scrupea

2257 1571 2310 1626 in
2332 1586 2539 1627 camera
2565 1586 2712 1642 papa:
2740 1588 2859 1635 cum
2896 1574 3114 1629 rasoriis
3142 1583 3197 1629 et
3238 1574 3523 1630 tobaleolis
3579 1585 3846 1629 remanet.

2330 1663 2458 1718 Item
2488 1664 2534 1719 si
2560 1664 2819 1733 panetarii
2845 1672 2899 1720 et
2939 1665 3236 1719 buticularii
3263 1675 3451 1734 petunt
3494 1665 3738 1719 tobaleas
3762 1664 3844 1716 vel

2191 1751 2241 1811 Β
2265 1761 2290 1791 ⁸
2319 1754 2518 1819 bottas,
2548 1754 2741 1809 deatur
2769 1757 2865 1821 eis,
2897 1754 3020 1823 quia
3053 1755 3253 1809 habent
3295 1769 3416 1810 esse
3445 1769 3564 1808 sua.
3600 1753 3755 1820 Quod
3804 1754 3848 1807 si

2262 1860 2366 1899 non
2397 1844 2651 1899 darentur
2677 1846 2777 1910 eis,
2812 1846 3074 1900 rationem
3129 1843 3384 1899 baberent
3417 1843 3637 1911 petendi
3689 1844 3743 1895 in
3772 1854 3848 1895 to-

2260 1934 2431 1991 baleis
2455 1936 2506 1989 in
2538 1935 2729 2005 quibus
2758 1950 2890 2005 papa
2918 1938 3105 1990 ultimo
3129 1934 3381 1997 comedit,
3412 1943 3467 1988 et
3494 1934 3546 1989 iu
3597 1934 3761 1988 battis
3786 1934 3849 1989 do

2264 2028 2456 2097 quibus
2496 2026 2684 2081 ultimo
2717 2034 2839 2080 tunc
2857 2026 3067 2101 bibebat
3113 2026 3315 2081 vinum.
3367 2027 3497 2080 Item
3538 2024 3850 2081 cubicularii

2260 2126 2486 2187 possunt
2516 2127 2697 2185 petere
2727 2115 2943 2170 cuilibet
2963 2131 3117 2170 unam
3149 2124 3351 2170 vestem
3384 2130 3558 2183 papae.
3583 2115 3640 2169 Si
3670 2116 3849 2167 volunt

2263 2214 2464 2269 tamen,
2505 2218 2691 2259 omnes
2710 2213 3107 2261 consueverunt
3133 2204 3249 2258 dari
3277 2220 3462 2259 amore
3492 2203 3585 2257 Dei
3618 2218 3717 2271 pro
3742 2205 3847 2256 ani-

2265 2313 2348 2353 ma
2380 2297 2516 2366 ejus.

2619 2388 2848 2445 CXLIX.
2886 2389 3107 2445 Rubrica
3136 2392 3200 2443 de
3230 2390 3495 2445 Conclari.

2340 2505 2412 2559 De
2443 2504 2682 2558 conclavi
2710 2518 2839 2558 vero
2860 2502 3141 2559 dicendum
3172 2509 3273 2559 est.
3307 2502 3490 2557 Primo
3517 2502 3849 2555 ordinatione

2266 2610 2329 2651 ac
2357 2596 2705 2664 dispositione
2748 2594 2849 2650 loci
2906 2605 3089 2649 caveat
3133 2595 3270 2649 bene
3308 2594 3644 2649 camerarius
3675 2594 3847 2660 :quod

2266 2702 2346 2756 po:
2368 2694 2431 2739 te
2454 2695 2747 2752 morentur,
2774 2694 2827 2740 et
2871 2700 3056 2740 omnes
3089 2686 3337 2740 fenestra:
3381 2700 3508 2753 qure
3539 2695 3663 2739 sunt
3692 2685 3847 2738 bissa:

2268 2790 2433 2844 prope
2463 2784 2654 2829 terram
2685 2775 2769 2829 vel
2802 2775 3050 2829 solarium
3076 2775 3140 2827 ad
3174 2775 3347 2827 minus
3372 2775 3439 2828 ad
3474 2785 3705 2842 quatuor
3725 2790 3836 2826 can-

2268 2882 2385 2932 nas,
2411 2875 2465 2921 et
2486 2866 2660 2921 omnia
2708 2867 2966 2921 foramina
3023 2881 3356 2937 quacunque
3402 2882 3571 2935 parva
3630 2867 3709 2921 vel
3747 2880 3846 2919 mo-

2269 2956 2407 3021 dica,
2448 2956 2693 3025 expensis
2714 2970 2962 3009 eamercc.

2343 3047 2472 3101 Item
2503 3047 2569 3100 sit
2592 3060 2692 3100 una
2720 3045 2946 3114 capella,
2976 3045 3125 3115 cujus
3158 3055 3324 3115 perun
3353 3054 3406 3100 et
3454 3045 3707 3099 fenestra?
3740 3061 3841 3099 om-

2197 3113 2241 3175 C
2274 3150 2366 3189 nes
2389 3136 2494 3189 sint
2524 3134 2716 3190 clausze
2740 3113 2805 3190 de
2834 3134 2974 3188 bono
3002 3113 3171 3197 muro,
3202 3135 3418 3203 dempta
3440 3144 3599 3203 porta
3630 3151 3722 3204 qua
3748 3137 3839 3187 itur

2269 3228 2333 3280 ad
2367 3225 2637 3293 conclave,
2670 3234 2725 3279 et
2752 3223 2999 3279 fenestris
3043 3238 3162 3292 qu:e
3193 3223 3330 3277 intra
3384 3225 3646 3278 conclave
3690 3224 3841 3292 respi-

2270 3321 2435 3385 ciunt,
2462 3334 2579 3388 qua:
2610 3324 2811 3384 apertae
2841 3324 3177 3372 remaneant.

2349 3411 2404 3464 In
2438 3412 2535 3463 bac
2558 3408 2760 3476 capella
2788 3407 2932 3461 omni
2962 3407 3049 3462 die
3077 3400 3383 3461 cardinales
3408 3406 3629 3460 Missam
3672 3404 3845 3460 debent

2274 3501 2458 3556 audire
2510 3513 2696 3554 omnes
2752 3497 2985 3564 insimul,
3047 3512 3150 3552 non
3196 3507 3378 3552 tamen
3433 3497 3725 3561 cantando,
3766 3497 3847 3551 sed

2278 3594 2452 3647 basse.
2481 3591 2608 3646 Item
2639 3591 2682 3644 si
2723 3603 2828 3643 non
2858 3589 2927 3644 sit
2954 3589 3178 3655 capella,
3202 3603 3320 3656 qua}
3350 3589 3613 3644 conclave
3656 3588 3845 3641 contin-

2277 3694 2384 3754 gat,
2411 3685 2503 3741 flat
2531 3681 2666 3737 infra
2692 3681 2942 3737 conclave
2972 3681 3023 3734 in
3056 3681 3231 3750 aliquo
3256 3682 3476 3751 angulo,
3509 3683 3594 3736 vel
3625 3698 3721 3751 pro
3739 3697 3849 3736 (on-

2279 3774 2415 3828 clavi
2443 3787 2606 3826 unum
2635 3771 2802 3826 altare
2830 3769 3079 3839 portatile
3106 3786 3119 3834 ;
3153 3779 3208 3823 et
3238 3770 3310 3823 ibi
3350 3770 3571 3823 audiant
3602 3772 3748 3824 οιιιιιὶ
3778 3772 3851 3825 die

2286 3865 2536 3925 Missam;
2580 3869 2634 3915 et
2671 3859 2722 3913 in
2751 3862 2937 3913 eadem
2969 3859 3169 3926 capella
3204 3867 3426 3925 possunt
3464 3860 3761 3913 convenire
3796 3860 3849 3911 ad

2281 3950 2580 4022 eligendum
2612 3960 2665 4004 et
2695 3947 2991 4003 faciendum
3023 3948 3327 4013 concilium,
3359 3948 3440 4001 vel
3490 3947 3584 4003 ubi
3640 3950 3854 4018 place.th

2284 4046 2361 4101 eis
2389 4046 2597 4100 melius.
2628 4043 2866 4096 Caveant
2889 4040 3030 4110 quod
3053 4040 3286 4095 scribant
3309 4040 3513 4095 omnia.
3548 4041 3684 4095 Item
3714 4042 3763 4095 in
3786 4040 3855 4093 di-

2285 4147 2368 4192 cta
2390 4135 2591 4204 capella
2623 4149 2835 4203 semper
2888 4132 3046 4189 debet
3097 4146 3218 4187 esse
3261 4146 3456 4202 corpus
3499 4132 3703 4187 Christi
3750 4149 3853 4187 CIIII]

2288 4227 2508 4283 candela
2548 4240 2770 4281 accensa
2814 4224 2881 4279 ad
2939 4237 3152 4279 omnem
3199 4231 3469 4286 eventum,
3504 4238 3666 4293 quam
3718 4222 3854 4276 εοιςει

2291 4335 2503 4375 camera
2532 4326 2585 4372 et
2608 4331 2791 4371 omnes
2809 4316 2940 4370 alias
2965 4331 3083 4384 qua:
3137 4315 3193 4370 in
3248 4315 3405 4370 dictis
3450 4314 3635 4369 Missis
3683 4329 3853 4368 Const»

2290 4420 2500 4464 utentur
2530 4409 2721 4462 ibid-2m
2746 4406 2871 4461 sede
2899 4415 3141 4460 vacan9e.

2362 4501 2489 4554 Item
2516 4500 2787 4552 sciendum
2811 4496 2949 4566 quod
2980 4494 3250 4549 modernis
3281 4492 3616 4564 temporibus
3674 4492 3852 4546 domini

2291 4589 2591 4648 cardinales
2640 4586 2836 4640 debent
2901 4587 3107 4639 intrare
3175 4583 3395 4654 quilibet
3456 4584 3703 4647 iisarnm
3751 4596 3851 4634 cum

2294 4684 2608 4753 presbytero
2639 4688 2691 4731 et
2722 4692 2830 4731 uno
2862 4674 3081 4730 famulo.
3106 4675 3234 4729 Item
3284 4674 3382 4743 ipsi
3413 4673 3622 4728 domini
3679 4671 3852 4726 faciant

2294 4772 2467 4843 parari
2492 4783 2732 4825 cameras
2758 4782 2882 4821 suas
2912 4781 3034 4819 cum
3063 4766 3280 4818 cortinis
3302 4765 3411 4817 suis
3444 4773 3501 4817 et
3531 4762 3854 4818 Iecti~terniis

2298 4863 2457 4934 533
2486 4860 2603 4915 sine
2633 4859 2801 4927 palea,
2835 4854 2935 4910 nisi
2956 4863 3103 4910 esset
3131 4854 3185 4908 in
3210 4855 3515 4924 frigoribus.
3540 4856 3677 4909 Item
3728 4868 3854 4907 metr

2294 4970 2431 5019 sam,
2471 4965 2767 5015 scamnum,
2797 4964 2901 5003 non
2926 4957 3102 5002 tamen
3124 4962 3359 5015 capsam,
3388 4945 3491 5001 nisi
3518 4955 3669 5001 esset
3697 4955 3853 5013 aperta

2299 5045 2536 5099 totaliter
2558 5043 2804 5107 desuper.
2828 5039 2959 5094 Item
2988 5053 3083 5091 vas
3109 5038 3175 5091 ad
3208 5037 3494 5091 tenendum
3546 5052 3767 5105 aquam,
3795 5037 3855 5086 vi-

2298 5150 2444 5200 num,
2473 5132 2555 5187 vel
2586 5146 2780 5185 eannes
2811 5130 2942 5201 [Αι.,
2973 5126 3203 5200 carnes],
3236 5133 3385 5199 quire"
3408 5129 3554 5182 cadit
3600 5127 3677 5183 de
3713 5126 3855 5181 mani-

2298 5226 2416 5291 bus,
2448 5234 2496 5278 ct
2525 5224 2626 5276 alia
2658 5223 2905 5277 utensilia
2933 5223 3126 5290 lignea,
3167 5236 3293 5274 veru
3324 5234 3418 5273 seu
3470 5220 3686 5281 barras,
3721 5229 3855 5285 super

2295 5316 2487 5386 quibus
2526 5315 2720 5370 debent
2749 5312 2873 5383 poni
2895 5313 3134 5374 cortinae,
3164 5319 3213 5366 el
3242 5311 3673 5381 circumquaque
3723 5307 3853 5364 subit

2292 5423 2499 5464 camera
2508 5450 2520 5462 .
3120 5420 3121 5423 “

2370 5503 2499 5556 Item
2532 5500 2805 5556 sciendum
2837 5501 2977 5570 quod
3006 5498 3206 5554 domini
3239 5498 3545 5553 cardinales
3577 5506 3712 5561 tres.
3735 5499 3849 5566 prid

2297 5610 2415 5649 cum
2446 5595 2738 5649 camerariu
2760 5593 2825 5649 de
2852 5591 3075 5647 consilio
3096 5591 3642 5660 aliorum,antequam
3679 5590 3847 5644 intrrat
