3990 6338
282 369 407 427 I357

1442 360 1697 420 ROMANI
1736 359 2052 416 URDINES.
2096 388 2163 402 -α-
2204 363 2316 419 κν.

3386 375 3519 433 i358

277 483 547 546 conclave,
570 478 985 551 debentcligere
1010 485 1235 550 quatuor
1263 479 1531 533 solemnes
1554 478 1718 541 virus,
1746 474 1834 544 qui
1863 476 1918 535 Δ
1944 477 2091 530 omni
2129 477 2218 533 die
2241 478 2307 533 de
2333 478 2491 534 Missa
2540 478 2763 536 dicenda
2816 493 2999 536 coram
3054 482 3441 553 cardinalibus,
3467 499 3525 545 et

275 571 465 628 habent
491 579 638 626 extra
670 571 939 625 custodire
962 568 1215 625 conclave
1243 583 1362 621 cum
1390 567 1635 637 gentibus
1666 580 1842 620 arma-

272 667 354 726 tis,
381 671 438 719 et
461 671 682 716 caveant
705 662 842 717 bene
867 676 1024 730 super
1059 662 1159 715 hoc
1185 660 1323 728 quod
1358 660 1489 713 tales
1509 660 1613 712 sint
1643 656 1837 712 idonei.

275 755 524 810 Potcrunt
553 766 673 805 esse
726 752 831 804 duo
862 751 1064 819 praelati
1118 751 1297 805 etduo
1349 750 1567 815 milites,
1592 749 1676 804 vel
1700 763 1839 801 unus

273 848 417 903 Iuiles
448 853 499 899 et
521 857 659 897 unus
685 843 1055 898 banderensis.

339 939 463 992 Item
503 936 629 990 dicti
671 934 921 988 custodes
968 943 1189 987 caveant
1240 933 1341 988 sibi
1389 932 1524 987 bene
1557 931 1658 985 sub
1685 944 1840 1001 pteua

273 1025 506 1099 periurii,
539 1025 679 1095 quod
715 1025 851 1079 bene
879 1025 1121 1090 aperiant
1142 1038 1275 1089 sem;
1295 1038 1355 1077 er
1376 1034 1430 1079 et
1454 1021 1670 1076 videant
1690 1021 1842 1091 quid-

271 1119 386 1188 quid
417 1124 659 1184 portatur
704 1112 1065 1169 cardinalibus
1110 1112 1177 1166 ad
1230 1112 1658 1177 comedendum;
1689 1120 1745 1166 et
1795 1110 1842 1165 si

271 1208 475 1280 pastilla
496 1205 576 1260 eis
607 1215 965 1273 portarentur,
992 1203 1084 1257 illa
1122 1203 1385 1272 aperiant.

339 1301 464 1356 Item
495 1299 596 1353 sub
628 1312 779 1367 pinna
816 1298 1031 1365 perjurii
1060 1295 1256 1350 nullam
1302 1297 1533 1350 litteram
1575 1295 1655 1349 eis
1694 1295 1842 1359 dent,

273 1408 366 1448 nec
395 1390 706 1461 permittant
739 1389 859 1443 illos
888 1389 1158 1457 accipere,
1189 1402 1285 1441 nec
1309 1387 1375 1441 ab
1400 1383 1528 1455 ipsis
1567 1386 1727 1440 etiam
1758 1400 1844 1440 re-

273 1484 480 1553 cipere,
543 1488 1011 1549 quantumcunque
1086 1475 1382 1532 necessitas
1439 1484 1686 1544 cogeret,
1749 1474 1845 1529 sed

272 1571 521 1644 quidquid
548 1570 808 1626 voluerint
837 1568 1032 1624 habere
1060 1568 1129 1622 ab
1146 1575 1296 1623 extra
1347 1566 1503 1621 dictis
1532 1565 1844 1622 custodibus

270 1679 361 1718 ore
387 1664 586 1717 dicant.

340 1758 465 1811 Item
491 1754 629 1824 quod
680 1753 856 1808 nullus
892 1752 1051 1806 intret
1073 1751 1139 1807 ad
1182 1765 1276 1806 eos
1314 1748 1547 1820 quandiu
1594 1757 1748 1804 erunt
1795 1748 1844 1802 in

1951 576 2127 622 teneat
2182 584 2342 624 unam
2388 569 2686 639 lampadem
2758 584 3036 627 accensam
3102 574 3155 628 in
3201 576 3428 647 capella,
3470 589 3528 638 et

1947 654 2105 713 aliam
2137 655 2190 711 in
2216 656 2391 713 medio
2420 658 2726 725 conclavis;
2769 666 2825 715 et
2888 662 3150 716 custodiat
3196 675 3525 738 paramenta,

1943 745 2194 811 calicem,
2219 745 2437 814 librum,
2471 756 2525 804 et
2544 748 2880 819 chlamydem
2910 752 3079 807 sancti
3102 753 3245 808 Petri
3266 770 3387 812 cum
3418 761 3489 813 tui
3512 790 3525 801 -

1949 846 2028 891 tra
2050 837 2429 895 consistoriali.

2016 927 2146 983 Item
2171 929 2447 984 sciendum
2469 931 2608 1001 quod
2632 931 2830 988 domini
2856 935 3153 991 cardinales
3212 947 3331 1007 post
3379 956 3526 995 mor-

1947 1026 2051 1072 tem
2079 1017 2279 1074 domini
2309 1018 2554 1090 Gregorii
2597 1037 2745 1093 papze
2798 1023 2864 1078 XI
2914 1027 3200 1082 voluerunt
3237 1032 3420 1085 audire
3470 1033 3523 1086 in

1947 1107 2195 1178 hospitali
2222 1111 2392 1166 sancti
2433 1112 2663 1181 Spiritus
2693 1114 2903 1170 Missam
2951 1118 3018 1172 de
3076 1121 3272 1189 Spiritu
3320 1134 3523 1180 sancto.

1948 1199 2202 1269 Sequenti
2231 1203 2317 1257 die
2355 1212 2479 1271 post
2508 1219 2770 1259 novenam
2815 1207 2912 1261 fuit
2957 1211 3080 1278 quia
3126 1213 3408 1267 voluerunt
3436 1215 3529 1267 ha-

1950 1291 2078 1346 bere
2100 1293 2383 1347 consilium
2435 1310 2557 1349 cum
2615 1296 2894 1362 Romanis,
2928 1309 3211 1371 antequam
3265 1304 3530 1363 intrarent

1947 1382 2266 1445 conclavim,
2297 1398 2394 1452 pro
2422 1386 2830 1443 conservatione
2848 1391 3137 1446 conclavis.

2020 1470 2153 1526 Item
2190 1480 2316 1541 post
2345 1482 2573 1529 mortem
2604 1475 2803 1531 domini
2836 1477 3036 1533 Urbani
3066 1480 3128 1533 γι
3165 1482 3363 1536 domini
3414 1499 3534 1540 car-

1950 1562 2157 1617 dinales
2187 1572 2306 1631 post
2337 1564 2557 1620 Missam
2585 1581 2779 1622 nonam
2810 1576 2866 1624 et
2904 1584 3206 1627 sermonem
3254 1576 3532 1634 voluerunt

1949 1653 2135 1709 audire
2164 1654 2378 1710 Missam
2401 1656 2595 1712 ibidem
2641 1657 2710 1713 de
2758 1659 2960 1729 Spiritu
3012 1672 3198 1719 sancto
3243 1681 3361 1721 cum
3407 1684 3535 1726 ser-

1919 1757 2313 1814 'mone,quam
2366 1745 2499 1800 dixit
2548 1747 2797 1804 dominus
2825 1750 3068 1807 Pisanus.
3117 1757 3230 1810 Tali
3276 1773 3401 1815 cera
3438 1763 3537 1821 fuit

268 1849 412 1906 dicto
440 1849 687 1914 concilio,
724 1848 821 1901 nisi
860 1846 1003 1901 forte
1046 1846 1236 1916 aliquis
1262 1845 1548 1900 cardinalis
1595 1845 1664 1899 ab
1693 1853 1843 1899 extra
1877 1826 1927 1888 Β
1951 1835 2055 1892 sibi
2080 1837 2451 1894 administrata
2474 1839 2543 1894 de
2571 1854 2782 1897 camera
2813 1846 3103 1913 apostolica
3135 1849 3386 1907 undecim
3424 1870 3535 1911 ma-

272 1945 474 1996 veniret
502 1939 568 1993 de
603 1953 695 1991 sua
719 1939 1000 2007 legatione,
1033 1946 1088 1992 et
1115 1937 1201 1991 ille
1251 1945 1425 2004 potest
1463 1938 1662 1992 intrare
1700 1937 1848 1991 solus

271 2048 388 2087 cum
422 2046 528 2085 uno
555 2030 867 2098 presbytero
887 2037 943 2084 et
965 2042 1071 2083 uno
1100 2028 1321 2083 clerico.

341 2105 469 2179 Item
502 2122 644 2175 omni
676 2122 763 2175 die
812 2136 968 2185 mane
995 2131 1047 2174 et
1094 2134 1215 2175 sero
1265 2119 1461 2175 faciant
1489 2119 1555 2175 de
1599 2119 1848 2175 domibus

266 2229 449 2273 eorum
473 2213 671 2282 portari
693 2212 895 2266 cibaria
918 2220 1069 2266 cocta
1098 2221 1151 2265 et
1180 2211 1282 2266 alia
1304 2212 1424 2266 vita:
1456 2212 1775 2266 necessaria.

340 2305 467 2358 Item
501 2302 761 2371 capellani
790 2303 1022 2371 ipsorum
1047 2301 1320 2358 celebrent
1339 2302 1390 2356 in
1413 2301 1681 2356 communi
1705 2302 1842 2368 loco,

270 2413 325 2451 in
353 2411 459 2464 quo
489 2408 676 2449 omnes
720 2394 1069 2458 conveniunt,
1102 2402 1261 2461 prout
1285 2407 1442 2463 supra
1492 2394 1690 2448 dictum
1740 2400 1844 2447 est.

341 2485 470 2539 Item
499 2484 553 2538 in
581 2491 729 2551 porta
756 2484 1025 2538 conclavis
1052 2485 1159 2538 sint
1212 2483 1278 2537 ad
1329 2485 1501 2539 minus
1532 2492 1641 2540 trcs
1669 2483 1847 2539 claves

267 2590 389 2631 cum
421 2575 586 2628 tribus
614 2574 931 2638 serraluris;
964 2574 1185 2643 quilibet
1214 2574 1628 2630 custodientium
1657 2574 1845 2628 habeat

268 2680 439 2719 suam.
474 2664 599 2717 Item
632 2662 770 2716 dicta
803 2672 954 2731 porta
976 2664 1044 2718 sit
1073 2664 1250 2719 clausa
1296 2664 1433 2720 bene
1484 2678 1605 2719 cum
1650 2664 1843 2732 barris,

266 2766 325 2811 et
354 2754 714 2819 clavelaturis,
740 2762 793 2808 et
841 2763 1063 2819 catena;
1094 2762 1149 2808 et
1178 2755 1229 2808 in
1273 2756 1449 2809 medio
1496 2757 1567 2809 sit
1609 2756 1845 2810 foramen

270 2862 368 2916 per
414 2845 553 2914 quod
603 2844 757 2899 detur
808 2844 887 2899 eis
939 2849 1003 2898 ad
1052 2846 1440 2900 comedendum
1510 2846 1848 2915 longitudinis

270 2937 426 2991 unius
455 2936 611 3005 palmi
635 2945 688 2990 et
714 2936 897 3001 semis,
926 2943 981 2990 et
1022 2945 1223 2991 tantum
1276 2938 1329 2991 in
1377 2937 1677 3004 altitudine,
1705 2936 1845 3007 quod

263 3026 428 3081 etiam
457 3042 575 3081 cum
604 3026 741 3080 elavi
768 3027 1064 3083 claudatur.

341 3117 468 3171 Item
500 3116 771 3171 sciendum
796 3117 934 3185 quod
960 3117 1153 3172 familia
1183 3118 1462 3173 camerarii
1508 3118 1669 3174 debet
1721 3120 1846 3175 dor-

269 3209 404 3263 mire
426 3212 478 3262 in
508 3222 718 3263 camera
746 3222 959 3275 semper
1015 3207 1080 3262 ad
1129 3209 1556 3264 conservandum
1590 3210 1759 3274 bona;
1792 3222 1845 3265 et
1874 3191 1919 3253 (ἶ

268 3299 385 3365 ipse
406 3300 753 3361 camerarius,
782 3299 826 3353 si
859 3313 962 3353 non
994 3300 1064 3354 sit
1091 3298 1400 3367 cardinalis,
1429 3300 1557 3356 item
1592 3300 1664 3355 illi
1704 3314 1839 3370 pras-

267 3390 360 3445 Iati
387 3392 474 3460 qui
499 3391 692 3446 habent
712 3390 1006 3444 custodiam
1028 3391 1094 3445 de
1114 3390 1375 3461 conclavi,
1392 3392 1552 3446 etiam
1574 3391 1848 3446 dormiunt

263 3484 468 3549 ibidem
495 3496 615 3537 cum
647 3482 910 3549 aliquibus
940 3481 1292 3537 familiaribus
1321 3498 1529 3538 eorum.
1558 3484 1683 3537 Item
1731 3498 1847 3536 om-

265 3588 369 3628 nes
392 3573 572 3627 vivere
594 3570 789 3626 debent
832 3572 1078 3637 expensis
1126 3586 1373 3635 camena,
1405 3588 1681 3643 quousque
1713 3587 1843 3640 [ara

263 3668 344 3721 sit
368 3673 597 3731 creatus,
624 3674 674 3720 et
704 3663 930 3733 quandiu
962 3664 1159 3719 faciunt
1183 3664 1498 3719 custodiam.

343 3759 474 3815 Item
504 3759 553 3812 in
577 3759 809 3813 turribus
839 3759 1033 3837 debent
1061 3772 1179 3813 esse
1203 3758 1452 3813 custodes
1476 3758 1542 3812 ad
1582 3759 1756 3812 minus
1780 3758 1844 3811 ad

267 3859 501 3923 quatuor
521 3859 721 3922 partes,
744 3861 799 3905 et
848 3851 899 3905 in
955 3852 1191 3920 qualibet
1240 3850 1371 3905 turri
1418 3851 1482 3903 ad
1525 3852 1696 3903 minus
1739 3859 1847 3903 tres

264 3958 543 4008 cursores,
568 3952 622 3997 et
645 3942 724 3998 eis
754 3942 874 3995 vitae
906 3941 1208 3996 necessaria
1237 3940 1605 3995 ministrantur
1658 3940 1725 3994 de
1752 3954 1843 3993 ea-

268 4052 441 4092 rnera.
473 4037 675 4092 Debent
698 4038 868 4091 facere
888 4036 1186 4092 custodiam
1212 4037 1298 4091 die
1320 4047 1608 4103 noctuque.
1628 4034 1758 4089 Item
1781 4034 1849 4088 ab

266 4138 421 4182 extra
465 4126 658 4182 debent
694 4127 965 4181 custodire
1019 4126 1261 4183 homines
1307 4127 1541 4196 deputati
1597 4143 1693 4196 per
1738 4134 1847 4181 tres

273 4218 515 4285 priorum
544 4216 889 4285 cardinalium
932 4224 988 4271 et
1032 4232 1125 4285 per
1149 4218 1526 4281 camerarium,
1558 4218 1751 4287 quibus
1779 4216 1845 4269 ad

266 4306 452 4362 minus
479 4306 631 4360 datur
652 4308 801 4375 panis
828 4317 877 4360 et
903 4307 1089 4360 vinum
1117 4316 1263 4362 extra
1287 4307 1643 4377 stipendium;
1675 4314 1728 4361 et
1761 4322 1846 4361 ca-

264 4406 432 4454 veant
489 4396 627 4467 quod
658 4395 923 4451 neminem
976 4397 1283 4466 permittant
1338 4400 1539 4455 intrare
1594 4399 1845 4469 palatium

263 4492 386 4547 sive
407 4505 523 4545 cum
554 4490 733 4554 armis,
766 4489 877 4543 sive
899 4488 1013 4545 sine
1035 4490 1217 4556 armis,
1250 4490 1352 4544 nisi
1406 4490 1474 4545 de
1519 4490 1728 4546 licentia
1755 4505 1843 4545 cn-

266 4580 611 4636 stodientiutn
635 4578 905 4634 duntaxat.

348 4673 475 4725 Item
499 4670 785 4724 notandum
817 4667 956 4739 quod
990 4677 1303 4736 parapcctus
1342 4667 1503 4722 debet
1550 4668 1748 4723 habere
1777 4670 1843 4722 ad

264 4761 450 4815 minus
470 4770 693 4829 quatuor
722 4760 922 4827 palmas
971 4757 1021 4812 in
1049 4757 1327 4812 latitudine
1356 4758 1495 4812 inter
1544 4774 1753 4813 murum
1792 4768 1846 4814 et

263 4849 469 4905 lectum
488 4849 790 4914 cardinalis,
814 4857 866 4902 et
888 4848 955 4902 sit
980 4848 1046 4903 de
1077 4849 1348 4904 asseribus
1393 4849 1630 4904 clausum
1666 4851 1841 4905 solum

255 4944 336 4998 ad
368 4940 693 4997 altitudinem
724 4943 1046 4996 cortinarum
1076 4942 1159 4997 vel
1214 4958 1247 4995 x
1297 4942 1588 5010 palmarum
1638 4941 1703 4995 ad
1736 4942 1845 4996 mi-

260 5050 396 5092 xtus.
431 5036 624 5091 Totum
647 5034 785 5089 istud
817 5034 914 5087 fuit
942 5032 1136 5087 factum
1194 5035 1244 5087 in
1294 5045 1464 5087 morte
1512 5032 1713 5087 domini
1743 5031 1846 5087 Ur-

260 5128 399 5184 bani
428 5125 674 5195 expensis
694 5138 918 5180 camerae
944 5122 1270 5190 apostolicae,
1294 5122 1453 5194 53a.
1495 5125 1616 5192 quia
1669 5121 1845 5176 cardi-

259 5219 425 5273 nales
445 5225 596 5271 erant
618 5216 774 5269 nimis
798 5229 1078 5283 pauperes.
1106 5215 1405 5282 Longitudo
1435 5229 1563 5268 vero
1587 5224 1841 5283 quantum

255 5324 499 5365 camera:
520 5309 688 5378 longa:
709 5318 877 5361 erant.
904 5307 1065 5361 Retro
1093 5307 1392 5363 cardinales
1419 5307 1617 5363 debent
1661 5317 1845 5363 tenere

256 5403 436 5471 ligna,
470 5403 745 5464 carbones,
775 5408 828 5454 et
873 5397 978 5452 alia
1021 5398 1144 5453 vitae
1201 5399 1499 5454 necessaria
1546 5398 1680 5452 infra
1713 5397 1842 5450 illud

253 5494 522 5564 spatium.

342 5585 402 5639 In
450 5583 685 5638 conclavi
718 5593 893 5637 autem
940 5594 1076 5635 unus
1126 5581 1352 5635 clericus
1392 5578 1843 5648 audientiaa,'qui

253 5674 439 5728 servit
466 5675 682 5742 capellae
712 5675 760 5727 iu
783 5673 987 5742 capella
1035 5672 1215 5726 dicens
1262 5670 1544 5739 Epistolas,
1571 5673 1734 5725 intret
1788 5680 1842 5724 et

258 5766 474 5818 scribat
498 5765 673 5820 omnia
701 5779 814 5833 qute
842 5764 971 5817 fiunt
1000 5762 1065 5816 de
1094 5761 1181 5816 die
1227 5761 1277 5815 in
1323 5761 1484 5830 diem,
1515 5770 1568 5816 et
1634 5761 1842 5817 ordinet

1950 1944 2069 1997 grta:
2100 1929 2359 1996 candelae,
2386 1938 2441 1985 et
2467 1932 2574 1987 duo
2594 1932 2917 1992 brandones.
2945 1937 3072 1995 Item
3114 1941 3377 2001 intrarunt
3400 1964 3535 2005 con-

1950 2018 2102 2074 clave
2131 2019 2320 2074 eodem
2348 2020 2434 2076 die
2460 2021 2529 2077 de
2550 2036 2674 2078 cero
2709 2035 2828 2094 post
2858 2026 3144 2098 Vesperas.

2020 2109 2150 2164 Item
2181 2110 2394 2166 fuerunt
2437 2112 2674 2183 deputati
2717 2129 2944 2187 quatuor
2983 2127 3192 2192 praelati
3240 2130 3308 2183 ad
3352 2142 3534 2188 custo-

1950 2198 2200 2255 diendum
2227 2201 2499 2271 conclave,
2529 2205 2635 2261 duo
2667 2221 2761 2274 pro
2792 2219 2944 2278 parte
2967 2218 3266 2282 camerarii,
3291 2222 3377 2287 qui
3411 2236 3534 2291 por-

1952 2300 2193 2349 taverunt
2224 2293 2443 2349 baculus
2473 2296 2526 2357 in
2550 2299 2817 2365 manibus,
2836 2309 2890 2356 et
2910 2302 3015 2357 duo
3041 2320 3103 2360 ex
3129 2319 3279 2376 parte
3301 2310 3531 2382 collegii;

1949 2392 2001 2437 et
2024 2383 2156 2438 istos
2177 2385 2505 2440 camerarius
2534 2403 2637 2441 non
2662 2392 2903 2457 permisit
2932 2403 3145 2461 portare
3174 2399 3406 2464 baculus,
3433 2417 3532 2458 uec

1950 2484 2069 2544 post
2093 2475 2161 2531 de
2181 2476 2312 2542 suis,
2345 2477 2443 2531 nisi
2484 2494 2670 2545 unum,
2704 2483 2791 2548 qui
2839 2482 2935 2538 fuit
2967 2485 3075 2552 ille,
3111 2492 3353 2557 portavit.
3400 2492 3531 2549 Item

1952 2577 2101 2622 extra
2132 2565 2349 2623 fuerunt
2392 2570 2459 2624 ad
2512 2575 2937 2630 conserVandum
2985 2581 3236 2637 conclave
3285 2585 3536 2646 destinati

1951 2658 2057 2714 duo
2136 2659 2502 2717 bauderenses
2563 2677 2685 2718 eum
2743 2673 2969 2736 quatuor
3045 2669 3256 2728 famulis
3316 2677 3536 2745 quilibet

1950 2762 2182 2803 581......

2022 2838 2159 2894 Nota
2189 2839 2329 2908 quod
2359 2841 2573 2909 quando
2600 2857 2734 2913 papa
2764 2854 2847 2900 est
2872 2856 3106 2915 creatus,
3140 2851 3375 2909 induitur
3414 2856 3534 2913 aliis

1954 2928 2166 2996 pannis.
2203 2928 2532 2985 Vestimenta
2571 2933 2765 3000 quibus
2787 2937 3009 2993 exuitur
3038 2940 3239 2997 debent
3266 2960 3384 3000 esse
3406 2946 3534 3001 dicti

1952 3018 2135 3073 clerici
2166 3019 2413 3089 capellae,
2444 3023 2742 3078 secundum
2768 3027 2911 3096 quod
2965 3027 3067 3084 fuit
3093 3046 3307 3102 semper
3352 3036 3535 3092 obser-

1954 3115 2150 3163 vatum.

2022 3198 2079 3252 In
2111 3212 2317 3254 novena
2339 3208 2575 3257 castrum
2625 3203 2826 3261 doloris
2857 3207 2955 3262 fuit
3000 3221 3247 3268 ornatum
3296 3218 3534 3274 candelis

1955 3297 2107 3355 prout
2131 3289 2185 3343 in
2214 3290 2383 3358 prima
2408 3291 2495 3347 die
2528 3309 2541 3345 :
2574 3293 2877 3353 brandones
2925 3299 3136 3357 fuerunt
3186 3305 3534 3378 circumqua-

1946 3393 2053 3447 que
2080 3378 2356 3445 feretrum,
2381 3391 2536 3450 prout
2562 3394 2715 3450 ante;
2743 3396 2797 3442 et
2820 3388 2871 3442 in
2891 3391 3128 3460 quolibet
3154 3398 3350 3466 angulo
3368 3402 3534 3456 castri

1951 3469 2282 3523 brandonem
2315 3486 2500 3539 unum,
2531 3484 2584 3527 et
2631 3474 2685 3528 in
2742 3479 3019 3534 cacumine
3072 3485 3322 3551 superius
3369 3504 3533 3543 unum

1949 3559 2106 3615 valde
2143 3577 2391 3632 magnum
2431 3563 2499 3618 de
2527 3579 2650 3620 cera
2706 3568 2847 3635 alba,
2881 3570 3060 3627 forsan
3116 3590 3221 3629 xxv
3252 3578 3530 3646 librarum,

1951 3652 2075 3720 quia
2104 3652 2203 3706 fuit
2224 3668 2415 3709 cereus
2442 3656 2731 3723 paschalis.
2768 3660 2976 3716 Primus
3006 3664 3237 3721 circulus
3285 3670 3535 3726 candela-

1951 3754 2067 3797 rum
2113 3744 2273 3797 castri
2316 3745 2626 3802 continebat
2670 3764 2802 3804 xxtv
2827 3753 3076 3809 candelas
3113 3770 3142 3809 a
3181 3760 3416 3827 quolibet
3459 3764 3535 3817 la-

1952 3838 2103 3923 tere;
2134 3833 2364 3923 spatium
2410 3843 2527 3889 erat
2566 3836 2635 3891 de
2682 3841 2904 3895 candela
2951 3844 3016 3898 ad
3066 3848 3338 3905 candelam
3384 3855 3535 3923 quasi

1952 3920 2139 3988 palmze
2164 3921 2340 3978 unius.

1948 4054 2053 4112 CL.
2094 4055 2326 4138 Qualiter
2352 4057 2817 4141 BupauBovti/‘ucfus
2873 4062 2956 4116 ΙΧ
3010 4067 3146 4141 eguit
3190 4069 3245 4122 in
3298 4070 3535 4141 Vesperi:

2264 4128 2448 4197 vigilite
2471 4127 2763 4184 Ναιὶυἱὶαιὶε
2800 4133 2958 4186 beata:
3008 4134 3211 4191 Mariis.

2020 4257 2154 4312 Nota
2185 4257 2325 4329 quod
2356 4258 2442 4314 die
2465 4259 2611 4313 Jovis
2640 4261 2670 4313 7
2696 4262 2893 4317 mensis
2922 4264 3276 4335 S-.-ptembris,
3301 4272 3351 4325 in
3397 4274 3532 4342 vigi-

1952 4347 2021 4404 lia
2045 4349 2347 4405 Nativitatis
2378 4350 2547 4406 beatae
2575 4352 2757 4407 Maria:
2790 4354 3032 4426 virginis,
3064 4358 3120 4413 in
3175 4362 3356 4428 primis
3393 4365 3533 4421 Ves-

1951 4441 2093 4509 peris
2120 4438 2367 4494 dominus
2394 4440 2699 4497 Bonifacius
2756 4458 2891 4513 papa
2947 4446 3017 4501 IX
3059 4447 3153 4503 fuit
3181 4449 3234 4506 in
3285 4454 3532 4524 Vesperis

1878 4553 1932 4613 Β
1954 4547 2073 4588 cum
2100 4533 2312 4602 pluviali
2344 4535 2509 4590 rubeo
2563 4546 2617 4591 et
2645 4538 2802 4592 mitra
2847 4540 3193 4612 aurifrigiata,
3222 4556 3275 4601 et
3314 4565 3417 4605 non
3446 4566 3533 4606 so-

1956 4627 2149 4692 lemni;
2180 4634 2234 4681 et
2262 4627 2483 4695 incoepit
2508 4626 2797 4697 VeSperas,
2826 4641 2880 4685 et
2924 4632 3059 4690 dixit
3110 4637 3413 4697 Orationem
3445 4659 3533 4699 so-

1955 4716 2249 4783 lummodo,
2284 4731 2381 4773 nec
2402 4718 2624 4787 incoepit
2651 4718 3035 4790 Antiphonam.
3087 4727 3397 4786 Cardinales
3443 4734 3529 4787 itt-

1950 4821 2249 4882 coeperunt,
2304 4828 2403 4869 nec
2456 4815 2818 4884 deposuerunt
2863 4832 3060 4888 cappas
3106 4822 3301 4891 laneas,
3361 4836 3527 4881 totum

1951 4904 2484 4959 dixeruntcautores.
2519 4906 2825 4972 Auditqres,
2875 4910 3109 4981 acolytbi
3162 4912 3523 4972 fueruntcum

1950 4996 2304 5065 superpliciis,
2332 5003 2387 5051 et
2411 4996 2696 5051 cardinalis
2724 4997 3047 5055 Tudertinus
3095 5003 3162 5058 de
3208 5021 3363 5062 mane
3402 5007 3525 5063 fecit

1948 5087 2180 5142 ofﬁcium
2205 5102 2346 5143 anno
2374 5087 2530 5155 I59I,
2562 5089 2899 5158 pontiﬁcatus
2921 5093 3000 5145 sui
3023 5110 3165 5149 anno
3186 5096 3236 5151 ἓ.

2020 5208 2178 5280 535
2203 5207 2928 5287 CLI.nDediebtts-Mercurii,
2962 5210 3123 5275 lovis.
3155 5214 3383 5287 Veneris,
3404 5231 3457 5277 et

2335 5279 2546 5334 δαινύαιί
2576 5279 2904 5335 Ιιεὸάοηιαάω
2925 5297 3134 5340 sancite.

2020 5389 2250 5444 Attende
2275 5389 2418 5455 quod
2448 5389 2534 5444 die
2560 5389 2808 5446 Mercurii
2836 5401 3017 5447 sancta
3046 5395 3098 5449 iu
3126 5396 3400 5454 Matutinis
3424 5400 3525 5457 de».

1949 5483 2125 5536 minus
2156 5494 2289 5548 papa
2323 5480 2468 5533 venit
2493 5493 2614 5533 cum
2653 5481 2766 5533 sola
2809 5482 3092 5553 chlamyde
3122 5490 3285 5542 rubea
3315 5497 3371 5544 et
3400 5490 3515 5546 sine

1950 5576 2127 5627 mitra.
2154 5571 2417 5627 Cathedra
2462 5579 2546 5624 est
2583 5582 2808 5639 parata;
2844 5588 2942 5628 nec
2981 5576 3187 5632 diaconi
3225 5580 3527 5635 cardinales

1947 5664 2135 5719 sedent
2183 5672 2306 5717 ante
2328 5677 2449 5716 eum
2476 5702 2492 5727 ,
2541 5661 2635 5714 sed
2666 5661 2717 5713 in
2764 5661 2896 5716 locis
2941 5666 3088 5732 suis;
3122 5683 3220 5723 nec
3243 5670 3523 5737 cpiscopus

1948 5761 2031 5818 vel
2077 5757 2355 5829 presbyter
2404 5752 2490 5825 qui
2522 5754 2689 5809 servit
2715 5754 2816 5809 sibi
2846 5754 2914 5809 de
2947 5757 3084 5812 libro
3111 5799 3129 5826 ,
3183 5760 3373 5814 sedent
3403 5771 3529 5817 ante
