3990 6294
513 361 652 413 taxa

1204 342 1542 400 APPENDIX
1587 342 1677 396 AD
1721 340 1779 394 S.
1823 340 2097 398 GREGOB

2203 337 2400 395 lIACNI
2440 334 2804 394 LITURGICA
2843 335 3090 392 OPERA.

3632 333 3778 393 1560

476 490 632 528 leum
679 484 839 539 super
882 463 1202 527 scaiicllum,
1254 461 1345 513 sed
1397 472 1584 513 omnes
1616 459 1667 511 in
1695 457 1826 512 locis
1870 458 1979 511 suis
2008 470 2092 510 se-
2121 458 2166 514 Α
2196 455 2485 523 appodians
2512 470 2570 510 se
2610 455 2675 509 ad
2702 454 2869 508 altare
2893 466 3045 507 versa
3074 450 3211 506 facie
3262 450 3327 505 ad
3374 453 3628 521 populqu
3658 472 3672 518 ;
3724 465 3781 509 et

509 566 655 617 deut.

591 653 684 705 Die
713 647 861 702 Jovis
887 642 1079 697 eodem
1110 639 1267 694 modo
1294 653 1386 707 per
1416 638 1614 691 omnia.

581 746 705 799 Item
737 737 825 790 die
864 734 1091 789 Veneris
1144 740 1326 784 sancta
1375 743 1507 797 papa
1533 725 1680 780 venit
1734 724 1800 778 ad
1845 723 2086 779 officium

505 847 625 885 cuin
656 839 820 893 ceppa
844 838 872 877 a
895 821 1071 877 medio
1094 819 1324 888 pectoris
1350 815 1568 871 iu'erius
1596 821 1802 882 aperta,
1854 810 2091 864 foderata

511 923 578 976 de
611 917 893 979 hertninis,
915 929 1034 969 cum
1062 912 1217 966 mitra
1251 911 1370 965 alba
1396 908 1621 978 simplici
1652 906 1717 960 de
1744 904 1983 976 garnello
2005 911 2094 956 aut

508 1026 571 1065 au
586 1007 821 1076 rifrigiis.

576 1103 703 1155 Item
727 1097 793 1151 de
820 1108 941 1150 sero
969 1094 1022 1147 in
1049 1089 1318 1146 Matutinis
1346 1092 1490 1145 ven't
1519 1104 1640 1143 cum
1660 1087 1799 1143 dicta
1828 1098 2000 1154 cappa
2033 1092 2089 1138 et

508 1192 619 1245 sola
666 1190 839 1244 bireta
888 1186 1050 1241 rubea
1083 1184 1135 1236 in
1158 1182 1363 1251 cpite;
1391 1189 1447 1235 et
1487 1181 1538 1234 in
1572 1187 1684 1234 toto
1731 1176 1915 1232 officio
1947 1177 2094 1230 tenet

509 1296 673 1348 super
704 1286 865 1345 caput
894 1276 1094 1342 absque
1125 1274 1304 1325 mitra.

518 1418 527 1427 .
581 1374 709 1427 Item
742 1372 793 1423 in
820 1370 904 1423 die
928 1366 1147 1422 Sabbati
1176 1364 1347 1419 sancti
1376 1363 1428 1416 in
1461 1361 1617 1416 Missa
1650 1361 1795 1415 venit
1823 1374 1942 1413 cum
1976 1358 2093 1427 plu-

508 1463 629 1518 viali
681 1462 845 1516 rubco
884 1459 999 1513 sine
1042 1458 1229 1526 perlis.
1285 1455 1411 1510 Item
1439 1454 1508 1508 de
1555 1467 1677 1507 sero
1717 1453 1770 1506 iu
1816 1450 2091 1505 Matutinis

508 1556 657 1610 venit
685 1569 804 1607 cum
833 1550 1115 1619 chlamyde
1147 1548 1266 1601 alba
1290 1556 1343 1601 et
1370 1546 1487 1600 sine
1513 1544 1694 1615 perlis.

508 1667 655 1725 CLII.
688 1667 765 1722 De
812 1666 1096 1719 obviatione
1120 1661 1399 1741 cardinalis
1444 1658 1686 1713 intrantis
1716 1658 1768 1711 in
1804 1656 2091 1710 Romanam

1178 1747 1393 1784 curram.

2192 545 2295 598 duo
2325 545 2531 598 diaconi
2574 544 2903 612 antiquiores
2930 540 3184 596 sedebant
3228 550 3351 595 ante
3382 541 3545 610 pedes
3573 542 3694 610 ejus
3726 546 3782 596 in

2191 634 2456 696 scabellis,
2487 634 2605 687 aliis
2635 634 2793 686 etiam
2821 630 3179 684 cardinalibus
3206 630 3521 685 sedentibus
3552 631 3608 684 in
3640 631 3785 685 locis

2192 726 2303 779 suis
2331 741 2448 779 cum
2480 725 2661 792 cappis
2690 723 2855 776 laneis
2881 738 2895 786 ;
2925 729 2978 775 et
3008 723 3145 774 facto
3174 720 3416 787 silentio,
3448 730 3506 775 et
3535 720 3779 775 lumina-

2192 816 2339 869 ribus
2367 816 2605 869 accensis
2628 854 2643 878 ,
2681 828 2809 879 papa
2840 810 3073 865 sedendo
3097 811 3306 864 mitram
3332 810 3387 864 in
3408 812 3583 879 capite
3608 852 3622 875 ,
3651 812 3785 867 fecit

2190 906 2526 960 collationem
2572 915 2625 959 et
2673 916 2978 957 sermonem
3022 916 3179 955 suum
3201 904 3304 959 sub
3352 902 3456 956 isto
3500 902 3783 967 themate,

2199 996 2421 1051 Viduam
2441 998 2549 1065 ejus
2571 994 2881 1061 benedicam,
2914 1002 2961 1046 et
2984 992 3182 1062 ﬂorebit
3211 1009 3367 1060 super
3395 994 3564 1061 ipsam
3591 998 3786 1050 sancti-

2194 1089 2366 1159 ﬁcatio
2393 1106 2525 1143 mea.
2556 1088 2833 1155 Completo
2881 1099 3134 1140 sermone
3172 1094 3224 1139 et
3250 1084 3387 1140 facta
3411 1085 3788 1144 admonitione

2197 1187 2254 1234 ut
2281 1194 2464 1233 omnes
2494 1179 2750 1233 deberent
2776 1177 2941 1231 Deum
2966 1189 3155 1244 rogare
3181 1215 3197 1242 ,
3252 1176 3395 1244 quod
3427 1193 3536 1230 non
3558 1181 3787 1247 permit-

2196 1278 2329 1326 teret
2358 1285 2477 1324 eum
2502 1284 2712 1333 errare;
2747 1266 3131 1336 protestatione
3150 1267 3310 1321 etiam
3333 1267 3474 1320 facta
3498 1269 3643 1337 quod
3670 1270 3787 1338 ipse

2196 1377 2303 1415 non
2324 1360 2629 1414 intendebat
2656 1359 2830 1413 facere
2850 1365 3035 1410 contra
3053 1365 3449 1410 sacrosanctam
3477 1357 3777 1412 Romanam

2196 1451 2510 1515 Eeclesiam,
2550 1464 2773 1520 surgens
2801 1447 2869 1501 de
2898 1446 3044 1511 sede,
3073 1445 3312 1513 deposita
3345 1447 3527 1513 mitra,
3560 1450 3783 1518 incepit

2194 1543 2460 1599 cantando
2498 1541 2646 1609 Veni,
2672 1551 2866 1593 creator
2891 1539 3138 1610 Spiritus,
3161 1548 3215 1593 et
3238 1538 3394 1594 ﬂexis
3421 1529 3653 1609 genibus
3670 1552 3779 1596 ste-

2200 1636 2261 1689 tit
2289 1634 2404 1689 sine
2432 1634 2586 1688 mitra
2620 1646 2786 1699 usque
2814 1630 2882 1684 ad
2908 1630 3233 1684 Vcrsiculum
3264 1631 3481 1685 tertium
3509 1671 3526 1697 ,
3559 1641 3616 1686 et
3645 1648 3784 1687 sem-

2196 1742 2294 1797 per
2320 1727 2468 1781 stetit
2494 1724 2687 1779 ibidem
2721 1722 2882 1792 pedes
2908 1765 2921 1787 ,
2977 1721 3157 1777 tandiu
3182 1721 3355 1777 donec
3382 1734 3638 1778 cantores
3660 1741 3785 1779 cau-

579 1847 717 1901 Nota
747 1845 886 1915 quod
940 1845 985 1899 si
1018 1841 1306 1897 cardinalis
1336 1841 1545 1905 veniat,
1571 1838 1709 1907 quod
1736 1838 1781 1891 si
1812 1838 1907 1891 fuit
1937 1847 2084 1891 extra
2121 1808 2165 1867 B
2196 1826 2452 1915 ιῇνξετυηξ
2471 1816 2669 1915 dic-lum
2698 1815 2983 1915 Ηςξιξηυω·
3016 1812 3333 1915 Ουοῇίίηίξου
3367 1814 3487 1868 Sine
3506 1814 3786 1915 ἲετείωιο

509 1938 710 1992 curiam
744 1951 840 2005 per
861 1933 1073 2001 aliquod
1104 1941 1313 2000 tempus
1343 1945 1438 2000 pro
1471 1930 1693 1999 negotiis
1723 1929 1853 1991 suis,
1883 1926 1966 1980 vel
1998 1942 2084 1980 ra-

511 2028 654 2081 tione
680 2025 889 2089 solatii,
938 2038 1042 2077 non
1079 2033 1252 2075 tamen
1284 2020 1463 2074 Nuntii
1496 2020 1576 2073 vel
1628 2019 1781 2088 legati
1808 2060 1822 2083 ,
1868 2017 2083 2088 quando

512 2116 654 2171 redit
673 2124 726 2169 et
756 2116 922 2168 intrat
953 2114 1218 2167 civitatem
1243 2153 1257 2177 ,
1288 2112 1373 2166 ubi
1410 2111 1644 2164 llomana
1673 2111 1819 2163 curia
1847 2110 2048 2163 residet
2067 2127 2085 2157 ο

510 2207 807 2262 cardinales
836 2206 922 2260 alii
948 2220 1050 2259 non
1087 2204 1286 2258 debent
1310 2203 1358 2257 ei
1391 2203 1469 2257 ire
1496 2202 1728 2266 obviam,
1755 2201 1847 2256 sed
1872 2201 2089 2255 mittunt

516 2316 699 2355 eorum
729 2299 1015 2353 familiares
1043 2298 1108 2350 ad
1137 2296 1445 2350 sociandum
1476 2295 1642 2348 illum.

578 2391 706 2445 ltein
761 2390 803 2443 si
848 2387 1008 2455 aliqui
1048 2384 1347 2439 cardinales
1370 2398 1556 2437 amore
1581 2383 1664 2437 vel
1697 2397 1760 2436 ex
1813 2380 2089 2434 nobilitate

510 2488 602 2533 aut
626 2478 1085 2546 consanguinitate
1110 2482 1397 2529 occurrunt
1426 2474 1473 2527 ci
1498 2473 1741 2541 obviam,
1777 2472 1819 2524 si
1853 2472 1922 2524 sit
1951 2485 2091 2525 unus

520 2569 608 2638 qui
634 2570 815 2632 intrat,
847 2576 898 2621 et
927 2565 1015 2619 alii
1042 2565 1129 2633 qui
1161 2564 1398 2628 obviant,
1432 2563 1614 2630 plures
1637 2562 1747 2615 sint
1777 2563 1827 2614 in
1860 2558 1972 2627 pari
1997 2575 2092 2613 nu-

510 2675 660 2715 tuero
686 2678 699 2724 ;
732 2660 820 2713 ille
848 2658 937 2728 qui
961 2657 1170 2711 noviter
1199 2658 1364 2717 venit,
1391 2656 1538 2709 solus
1569 2654 1731 2707 debet
1762 2652 2089 2721 praecedere,

510 2760 562 2805 et
585 2750 676 2804 alii
727 2758 846 2818 post
890 2764 1009 2802 eum
1040 2745 1147 2801 bini
1199 2755 1253 2800 et
1295 2746 1401 2799 bini
1440 2762 1453 2810 ;
1506 2743 1700 2797 deinde
1741 2740 2091 2811 patriarchas,

516 2840 711 2896 deinde
745 2839 1119 2907 protonotarii,
1150 2844 1205 2891 et
1229 2835 1316 2889 alii
1342 2835 1490 2901 juxta
1522 2834 1766 2886 ordinem
1791 2844 1963 2884 suum.

709 2928 884 2983 CLIII.
916 2927 993 2979 De
1024 2926 1404 2979 canonizalionc
1427 2933 1614 2977 sancta:
1642 2922 1897 2992 Brigidir.

591 3021 841 3088 Sequitur
861 3018 1193 3072 cauonizatio
1209 3026 1405 3070 sanctae
1438 3015 1685 3084 Brigidm.
1710 3016 1860 3067 Anno
1885 3010 2093 3065 Domini

524 3108 685 3173 1591,
719 3115 772 3160 et
800 3107 884 3158 dic
908 3106 1145 3167 Sabbati,
1176 3106 1206 3156 7
1235 3106 1432 3158 mensis
1462 3103 1728 3169 Octobris,
1763 3101 2097 3168 pontificatus

2189 1908 2364 1971 dixit,
2411 1907 2659 1960 Dominus
2713 1905 2989 1970 vobiscum,
3044 1914 3099 1958 et
3124 1904 3467 1970 Orationem,
3516 1904 3658 1960 Deus
3700 1910 3786 1975 qui

2188 1999 2345 2053 corda
2375 1997 2603 2066 ﬁdelium
2623 2037 2638 2064 ,
2690 2010 2848 2065 quant
2899 1995 3067 2049 finivit
3097 2011 3185 2063 per
3212 1994 3474 2049 Christum
3506 1996 3781 2051 Dominum

2190 2101 2442 2146 nostrum.
2468 2088 2573 2145 Sed
2605 2096 2937 2156 reassumpta
2962 2086 3141 2151 mitra,
3172 2086 3369 2140 ibidem
3398 2089 3640 2142 sedendo
3664 2105 3786 2157 pro-

2192 2181 2452 2235 nuntiavit
2496 2178 2708 2233 beatam
2744 2177 3008 2245 Brigidam
3040 2176 3154 2231 fore
3178 2176 3430 2232 Sanctam
3457 2219 3471 2242 ,
3527 2188 3583 2231 et
3613 2180 3780 2233 ascri-

2191 2271 2419 2327 bendam
2448 2272 2501 2325 in
2523 2268 2767 2338 catalogo
2796 2275 3124 2331 sanctorum,
3154 2274 3215 2320 ut
3241 2275 3323 2321 est
3353 2268 3403 2320 in
3436 2267 3577 2322 libo
3604 2283 3781 2324 secre-

2192 2371 2365 2417 torum
2396 2359 2662 2430 papalium
2684 2356 2886 2412 domini
2913 2356 3201 2410 Clementis
3227 2370 3377 2425 papa:
3406 2355 3493 2410 Vl.
3521 2357 3635 2424 Qua
3660 2374 3780 2427 pm.

2200 2454 2468 2519 nuntiata,
2499 2465 2593 2505 ore
2617 2450 2832 2520 proprio
2859 2448 3123 2503 concessit
3151 2447 3541 2517 indulgentiam
3573 2449 3675 2502 is:a
3702 2451 3787 2505 die

2193 2546 2328 2601 etin
2371 2543 2614 2610 sequenti
2658 2538 2997 2594 visitantibus
3045 2538 3326 2592 ecclesiam
3361 2538 3537 2591 sancti
3570 2539 3710 2592 Petri
3736 2550 3787 2594 et

2195 2637 2365 2693 sancti
2394 2633 2668 2689 Laurentii
2698 2633 2752 2686 in
2776 2631 3098 2698 Panispcrna
3126 2669 3140 2695 ,
3174 2638 3228 2683 et
3259 2629 3346 2696 qui
3378 2629 3713 2683 interfuerint
3734 2630 3787 2683 in

2197 2728 2379 2783 divino
2427 2724 2604 2781 officio
2660 2725 2763 2777 isto
2817 2722 2962 2776 illam
3014 2720 3400 2789 indulgentiam
3436 2719 3689 2789 jubilzni,
3736 2730 3789 2774 et

2199 2820 2391 2874 multas
2415 2818 2547 2871 alias
2588 2816 2641 2868 in
2693 2814 2870 2869 terris.
2904 2813 3030 2867 Post
3062 2812 3163 2865 hoc
3204 2822 3591 2880 procuratores
3642 2812 3787 2866 dicta

2200 2916 2397 2965 sanctae
2422 2906 2684 2976 petierunt
2708 2903 2918 2974 publica
2950 2904 3304 2956 instrumenta
3327 2900 3398 2955 de
3425 2900 3551 2965 hoc,
3581 2910 3640 2955 et
3662 2918 3786 2969 papa

2199 3002 2359 3054 etiam
2388 2998 2455 3052 de
2486 3010 2577 3049 sua
2625 3001 2886 3063 potestate
2912 2993 3020 3062 jam
3069 2992 3309 3058 dieta...,
3338 3001 3397 3046 et
3437 3001 3568 3045 tunc
3609 3008 3786 3047 omnes

2202 3088 2498 3145 cardinales
2520 3097 2575 3142 et
2602 3087 2799 3156 praelati
2823 3091 3140 3153 receperunt
3164 3092 3478 3153 paramenta
3511 3082 3655 3147 alba,
3683 3084 3785 3151 epi-

520 3168 729 3252 Domini
779 3195 1035 3250 llonifacii
1068 3195 1160 3259 IX,
1191 3208 1329 3247 anno
1357 3194 1423 3258 2,
1474 3192 1609 3247 facta
1636 3168 1737 3245 fult
1763 3193 2096 3245 canonizatio
2126 3168 2171 3229 Ο
2202 3180 2347 3250 scopi
2368 3179 2637 3249 pluvialia.
2656 3175 2953 3248 presbyteri
2982 3175 3237 3243 planetas.
3264 3174 3483 3228 diaconi
3508 3176 3783 3228 tunieellas

517 3287 687 3340 beatae
730 3285 954 3354 Brigidzc
993 3286 1043 3339 in
1089 3299 1276 3353 magna
1313 3283 1509 3352 capella
1538 3283 1676 3337 sacri
1708 3282 1886 3351 palatii
1918 3282 2100 3336 Roma:

517 3392 683 3446 prope
725 3386 963 3430 sanctum
1011 3375 1222 3431 Petrum
1253 3419 1267 3445 ,
1299 3376 1350 3428 in
1381 3389 1485 3443 qua
1515 3374 1632 3428 talis
1656 3373 1844 3429 modus
1877 3373 1971 3427 fuit
2000 3375 2099 3427 ob-

517 3478 780 3523 εει-ναιυε.

586 3556 769 3620 Primo
797 3556 884 3611 die
899 3556 1121 3612 Veneris
1153 3555 1450 3626 patriarcha
1472 3553 1785 3620 Gradensis,
1815 3554 2101 3610 confessor

518 3652 574 3699 et
596 3644 994 3700 referendarius
1016 3645 1140 3698 dicti
1173 3643 1399 3712 domini,
1424 3659 1485 3698 ex
1512 3650 1776 3711 prazcepto
1802 3644 2103 3697 sanctitatis

517 3748 629 3789 suae
658 3735 1035 3789 consistorium
1080 3730 1334 3802 generale
1379 3734 1695 3799 mandavit,
1730 3734 1853 3788 item
1882 3734 2104 3787 canoni-

518 3826 782 3880 zatiouem
813 3834 1013 3879 sanctae
1045 3824 1300 3893 Brigidae,
1332 3834 1388 3879 ut
1418 3839 1607 3879 omnes
1636 3824 1890 3880 deberent
1919 3828 2105 3882 venire

516 3916 580 3969 ad
612 3914 778 3983 ipsam
808 3914 1225 3969 solemnitatem.
1262 3915 1395 3970 Item
1428 3930 1706 3983 campanae
1744 3917 1986 3971 omnium
2015 3932 2105 3973 ec-

516 4004 802 4059 clesiarum
853 4005 1114 4059 deberent
1160 4005 1359 4075 pulsari
1411 4007 1538 4059 hora
1590 4005 1943 4074 Completorii
1984 4048 1998 4073 ,
2052 4015 2108 4061 et

525 4096 758 4150 crastina
782 4094 868 4150 die
904 4093 1037 4149 hora
1070 4094 1372 4150 'l'ertiarum
1397 4095 1557 4150 etiam
1589 4094 1881 4149 mandavit.

588 4186 716 4239 ltein
749 4195 934 4254 parata
967 4184 1064 4239 fuit
1115 4185 1318 4253 capella
1348 4186 1762 4255 circumquaque
1789 4184 1855 4239 dc
1882 4187 2066 4253 pannis
2092 4238 2108 4263 ,

518 4282 571 4326 et
609 4282 845 4327 sternata
877 4272 943 4327 de
993 4273 1267 4327 frondibus
1298 4273 1365 4328 de
1411 4284 1579 4328 verta.
1606 4274 1851 4342 Magister
1879 4274 2110 4330 folrarite

522 4364 669 4418 fecit.

597 4456 724 4509 Item
777 4456 1190 4525 circumquaque
1243 4469 1338 4521 per
1394 4461 1556 4506 totam
1588 4454 1847 4521 capellam
1900 4453 2111 4507 fuerunt

2202 3282 2257 3329 et
2305 3271 2647 3335 dalmaticas;
2678 3278 2733 3324 et
2781 3270 2973 3322 iterum
3004 3274 3259 3320 venerunt
3306 3265 3375 3319 ad
3434 3267 3787 3320 revt-rentiazn

2204 3378 2371 3435 papae.
2403 3364 2529 3417 Post
2554 3363 2673 3425 hoc,
2705 3358 2949 3428 deposito
2982 3355 3191 3424 pluviali
3213 3354 3409 3423 rubeo,
3448 3356 3663 3425 recepit
3685 3355 3786 3409 chi.

2204 3461 2450 3513 rothecas
2480 3456 2744 3525 pretiosas
2772 3462 2827 3507 et
2858 3450 3111 3505 annulum
3143 3447 3514 3516 pontificalem
3540 3488 3555 3511 ,
3593 3458 3647 3502 et
3678 3448 3787 3516 plu-

2205 3549 2341 3603 viale
2370 3547 2550 3602 album
2582 3544 2871 3614 pretiosum
2895 3555 3016 3595 cum
3050 3538 3205 3592 mitra
3241 3537 3512 3601 solemni;
3560 3544 3620 3590 et
3639 3538 3790 3606 depo~

2205 3640 2307 3695 sita
2338 3638 2492 3691 mitra
2523 3634 2744 3702 inetepit
2789 3628 3057 3687 cantando
3100 3627 3169 3682 Te
3199 3627 3361 3682 Deum
3400 3627 3675 3682 laudamus
3699 3672 3712 3695 ,
3742 3639 3790 3684 et

2208 3740 2331 3783 tunc
2357 3727 2476 3783 data
2504 3735 2630 3781 sunt
2649 3725 2756 3779 duo
2778 3736 2974 3792 magna
3004 3720 3200 3775 tortitia
3221 3718 3291 3774 de
3316 3733 3445 3773 cera
3475 3720 3623 3787 alba,
3656 3735 3793 3791 qur.-

2206 3819 2333 3873 libet
2360 3818 2426 3873 de
2453 3825 2572 3871 octo
2595 3814 2746 3870 libris
2774 3828 2912 3868 cera:
2939 3852 2955 3876 ,
2983 3820 3037 3866 et
3064 3810 3282 3866 cuilibet
3320 3811 3589 3865 cardinali
3621 3826 3685 3867 ac
3710 3827 3796 3881 pa-

2206 3910 2451 3966 triarchae
2475 3909 2544 3964 de
2570 3916 2775 3977 septem
2803 3906 2957 3960 libris
2984 3919 3121 3960 cera:
3142 3903 3258 3958 alia:
3284 3919 3390 3957 non
3413 3904 3576 3968 albm,
3607 3914 3664 3958 et
3684 3920 3796 3957 om-

2208 4001 2363 4055 nibus
2408 3999 2643 4068 praalatis
2687 3997 2754 4050 de
2782 3994 2991 4049 duabus
3020 3994 3172 4047 libris
3192 4032 3209 4059 ,
3261 4005 3316 4048 et
3342 3994 3466 4047 aliis
3491 3994 3708 4048 clericis
3745 4004 3797 4048 et

2209 4090 2535 4149 cantoribus,
2566 4086 2922 4161 auditoribus,
2951 4094 3007 4139 et
3029 4085 3293 4138 nobilibus
3320 4122 3335 4149 ,
3368 4095 3424 4138 et
3449 4084 3575 4137 aliis
3600 4085 3671 4140 de
3700 4102 3793 4139 una

2211 4183 2341 4238 libra
2372 4197 2510 4237 certe
2538 4198 2552 4247 ;
2583 4189 2637 4234 et
2660 4189 2784 4234 tunc
2811 4177 3042 4247 incmpta
3071 4175 3167 4230 fuit
3194 4175 3506 4239 Processio,
3534 4186 3589 4229 et
3614 4190 3800 4230 omnes

2214 4274 2468 4328 tenebant
2497 4272 2697 4326 faculas
2718 4284 2841 4325 suas
2870 4281 3122 4325 accensas
3150 4268 3200 4321 in
3234 4267 3486 4320 manibus
3510 4307 3527 4330 ,
3586 4268 3797 4335 quilibet

2213 4365 2266 4418 in
2298 4345 2486 4419 ordine
2516 4377 2646 4428 suo;
2679 4371 2731 4415 et
2758 4360 2866 4415 duo
2892 4359 3206 4429 patriarcha:
3229 4358 3377 4412 ibant
3403 4372 3529 4412 cum
3559 4360 3799 4413 cat-diua-

2214 4457 2370 4520 libus,
2402 4455 2526 4509 item
2559 4454 2803 4507 dominus
2828 4466 2960 4521 papa
2983 4450 3169 4505 subtus
3202 4449 3443 4518 pallium,
3472 4450 3574 4504 sed
3605 4451 3799 4504 milites

528 4545 747 4599 tortitia:
794 4561 887 4601 seu
933 4521 1256 4610 brandunes,
1291 4545 1455 4615 536
1483 4544 1705 4614 quilibet
1754 4545 1821 4599 de
1869 4546 2111 4599 undecim
2141 4521 2192 4581 D
2220 4545 2501 4614 portabant
2526 4555 2669 4597 εχει-η
2697 4540 2916 4609 pallium
2945 4538 3143 4593 tortitia
3172 4552 3322 4606 papa:
3348 4552 3603 4593 accensa.
3640 4540 3705 4593 Et
3725 4542 3797 4593 sic

522 4637 675 4690 libris
708 4650 868 4700 certe,
904 4636 1116 4691 fuerunt
1138 4635 1191 4690 in
1221 4649 1424 4689 summa
1459 4651 1672 4689 Lxxxvt.
1706 4634 1917 4689 Modum
1946 4636 2115 4689 dicta-

527 4741 645 4779 rum
678 4725 1019 4780 candelarum
1043 4734 1094 4780 ct
1122 4724 1361 4779 ordinem
1393 4724 1722 4779 brandonum
1751 4724 1947 4780 inveni.

596 4819 724 4871 Item
756 4818 806 4871 in
837 4818 924 4871 die
948 4817 1164 4871 Sabbati
1190 4817 1256 4870 de
1287 4830 1446 4870 mane
1475 4816 1722 4870 dominus
1750 4830 1882 4885 papa
1913 4815 2116 4869 audivit

523 4924 768 4978 magnam
799 4908 1013 4962 Missam
1041 4907 1108 4962 de
1136 4908 1338 4976 Spiritu
1366 4917 1551 4960 sancto
1584 4906 1633 4959 in
1667 4921 1872 4960 camera
1905 4922 2021 4962 sua.

595 4999 725 5053 Item
780 5007 898 5065 post
944 5012 1191 5067 magnam
1241 4998 1451 5050 Missam
1488 4997 1633 5050 venit
1660 4995 1724 5049 ad
1748 5010 1990 5064 magnam
2019 5010 2110 5051 ca-

526 5088 740 5155 pellam,
774 5102 901 5142 eum
952 5087 1333 5142 comitantibus
1384 5086 1632 5141 omnibus
1672 5087 2033 5142 cardinalibus
2060 5098 2115 5143 et

528 5182 797 5236 nobiiibus
820 5182 1073 5236 Romanis
1101 5224 1115 5249 ,
1160 5196 1282 5235 cum
1314 5180 1525 5249 pluviali
1558 5181 1725 5234 rubeo
1760 5179 2113 5235 consistoriali

527 5283 582 5327 et
610 5274 765 5327 mitra
820 5273 884 5328 de
915 5274 1076 5342 periis
1120 5272 1519 5337 consiszoriali;
1575 5281 1628 5325 et
1655 5272 1790 5325 facta
1821 5272 2113 5326 reverentia

527 5363 742 5432 aliquali
788 5374 913 5418 ante
942 5365 1148 5429 altare,
1196 5363 1436 5419 ascendit
1480 5362 1545 5416 ad
1599 5363 1756 5416 aliam
1804 5363 2110 5418 cathedram

533 5450 689 5520 longe
718 5451 785 5505 ab
812 5451 967 5505 altari
1002 5461 1265 5521 paratam;
1297 5462 1351 5508 et
1372 5451 1444 5507 ibi
1476 5453 1679 5520 recepit
1706 5467 1893 5506 omnes
1934 5453 2111 5507 cardi-

538 5543 694 5597 nales
724 5550 778 5594 ct
820 5543 1071 5609 praelatos
1112 5544 1177 5598 ad
1208 5544 1558 5599 reverentiam
1587 5558 1707 5597 cum
1737 5543 1921 5613 cappis
1946 5543 2111 5599 laneis

536 5647 683 5687 more
708 5632 890 5685 solito.
916 5633 1032 5698 Qua
1063 5635 1359 5689 reverentia
1391 5635 1535 5689 finita
1566 5677 1579 5701 ,
1608 5636 1832 5689 accessit
1855 5634 1920 5688 ad
1950 5635 2107 5690 aliam

541 5726 847 5780 cathedram
870 5738 987 5778 cum
1011 5725 1243 5780 scabello
1259 5738 1491 5795 paratam
1510 5737 1631 5784 ante
1652 5728 1880 5783 medium
1898 5727 2002 5784 alta
2013 5729 2103 5795 ris,

2217 4638 2408 4690 ivimus
2435 4649 2527 4701 per
2558 4644 2719 4687 totam
2744 4632 3004 4701 capellam
3029 4644 3195 4700 usque
3226 4629 3292 4683 ad
3322 4630 3487 4684 aliam
3512 4634 3793 4700 capellam,

2217 4740 2271 4785 et
2301 4729 2500 4793 reversi
2534 4727 2727 4780 fuimus
2757 4724 2914 4794 537
2946 4722 3419 4792 processionaliter
3447 4723 3517 4777 ad
3559 4740 3797 4793 magnam

2217 4819 2474 4887 capellam
2502 4857 2519 4883 ,
2557 4827 2611 4870 ct
2639 4815 2890 4869 dominus
2920 4828 3161 4868 summus
3192 4812 3428 4882 pontifex
3456 4814 3709 4867 ascendit
3738 4814 3800 4867 ad

2218 4908 2529 4963 cathedram
2556 4916 2679 4961 ante
2706 4904 2940 4960 medium
2967 4902 3151 4958 altaris
3170 4945 3183 4968 ,
3241 4903 3331 4957 ubi
3360 4903 3569 4959 fecerat
3594 4919 3803 4958 sermo-

2216 5014 2337 5055 nem
2369 5012 2523 5053 suum
2556 4997 2738 5065 prius;
2771 5003 2827 5051 et
2856 4994 3059 5049 stando
3078 4992 3330 5047 diaconus
3356 5008 3385 5045 a
3422 4993 3645 5048 dextris
3675 4994 3805 5047 dixit

2215 5091 2478 5147 cnntando
2504 5090 2606 5142 Ora
2645 5105 2738 5158 pro
2776 5087 2916 5140 nobis
2937 5127 2952 5154 ,
3009 5087 3154 5140 beata
3180 5083 3413 5153 Rigida,
3445 5085 3707 5149 alleluia;
3756 5094 3807 5138 et

2217 5198 2353 5253 papa
2382 5181 2523 5236 dixit
2552 5180 2801 5232 Dominus
2832 5178 3193 5245 vobiscum,'rt
3215 5176 3367 5229 aliain
3401 5176 3720 5229 Orationem
3744 5177 3803 5227 dc

2216 5275 2368 5328 beata
2399 5269 2605 5340 Bi‘igida
2633 5286 2646 5335 ;
2680 5278 2733 5322 et
2760 5277 2971 5322 cantato
3013 5281 3111 5334 per
3145 5275 3390 5319 cantores
3432 5262 3805 5317 Benedicamas

2220 5364 2459 5429 Domino,
2488 5360 2743 5413 diaconus
2771 5372 2797 5410 a
2830 5355 3063 5411 sinistris
3085 5354 3219 5409 dixit
3246 5353 3503 5420 Conﬁteor
3521 5391 3538 5416 ,
3590 5362 3647 5406 et
3674 5366 3803 5421 papa

2216 5454 2361 5509 dedit
2383 5450 2811 5507 Benedictionem
2849 5462 2995 5502 more
3025 5447 3213 5511 solito;
3247 5454 3298 5498 et
3329 5445 3473 5513 prior
3508 5444 3807 5513 episcopo-

2213 5560 2330 5599 rum
2383 5541 2734 5597 cardinalium
2784 5537 3143 5609 pronuntiavit
3194 5534 3589 5603 indulgentias;
3633 5543 3689 5586 et
3733 5529 3803 5583 sic

2214 5637 2440 5708 quilibet
2466 5633 2781 5702 repatriavit
2808 5647 2927 5685 cum
2959 5630 3179 5685 candela
3212 5643 3335 5692 sua;
3364 5637 3421 5681 et
3446 5639 3642 5681 omnes
3672 5626 3801 5678 alias

2213 5726 2461 5783 candelas
2500 5725 2566 5780 de
2609 5724 2761 5779 altari
2801 5732 2853 5778 et
2900 5721 3097 5779 tortitia
3128 5721 3193 5777 de
3229 5718 3430 5790 capella
3470 5716 3800 5801 camerarius
