3990 6290
260 348 391 403 9361

1386 352 1392 358 ’
1426 342 1683 401 ROMANI
1725 342 2042 399 ORDINES.
2083 372 2153 386 οσ-
2194 344 2303 398 XV.

3381 340 3520 395 156':

256 460 382 514 fecit
405 472 572 528 recipi
603 474 698 530 pro
727 474 974 530 papa.....
1004 474 1098 531 per
1126 474 1214 517 sex
1246 460 1564 526 cardinales,
1615 462 1703 531 qui
1731 461 1827 517 de-
1854 460 1907 522 Δ
1931 459 2028 514 bus
2074 459 2142 514 ab
2172 460 2288 513 istis
2317 458 2750 524 exsecutoribus;
2802 465 2854 514 et
2884 456 3007 527 quia
3039 469 3142 509 non
3173 454 3508 525 habuerunt,

256 551 443 606 herent
470 567 655 607 omnes
685 568 803 608 esse
830 556 1086 609 sacristze.
1117 555 1325 609 Primus
1359 563 1474 607 erat
1498 554 1841 608 dominusde

256 644 549 709 Alencenio
599 644 906 713 Philippus;
950 645 1214 701 secundus
1259 644 1324 699 dc
1354 644 1541 714 Anglia
1596 644 1841 697 dominus

256 736 455 801 Adam;
488 737 621 790 alter
651 737 925 791 Reatinus.

224 852 234 893 κ
329 826 429 880 Ista
458 826 544 879 die
578 841 711 895 papa
733 842 835 881 non
868 827 1036 895 potuit
1064 828 1243 882 dicere
1268 841 1510 896 magnam
1535 826 1745 879 Missam
1775 826 1842 880 de

256 924 637 979 sancta,causa
668 916 1014 984 inﬁrmitatis,
1046 916 1437 982 sicutdebebat,
1466 915 1559 970 sed
1582 917 1631 968 in
1654 917 1845 972 crasti-

258 1022 383 1061 num
412 1006 722 1073 celebravit,
753 1006 839 1060 ubi
870 1007 1024 1059 istum
1056 1008 1300 1062 ordinem
1333 1005 1518 1061 tenuit.

332 1094 605 1148 Dominica
630 1109 756 1162 ergo
782 1094 869 1147 die
898 1096 930 1148 8
960 1096 1160 1148 mensis
1188 1095 1452 1159 Octobris,
1485 1095 1625 1149 bono
1650 1111 1806 1150 mane
1826 1140 1840 1164 ,

257 1191 380 1249 post
415 1197 629 1250 parvam
682 1183 895 1238 Missam
923 1222 938 1247 ,
986 1184 1232 1237 dominus
1264 1198 1392 1253 papa
1414 1224 1429 1250 ,
1463 1185 1676 1239 indutus
1723 1200 1842 1239 cum

266 1273 484 1341 pluviali
513 1283 569 1328 et
597 1275 751 1327 mitra
784 1288 903 1328 cum
928 1275 1090 1342 perlis
1118 1275 1476 1329 consistoriali
1504 1315 1520 1339 ,
1569 1276 1846 1329 descendit

257 1364 326 1417 ad
355 1364 635 1418 ecclesiam
666 1366 834 1419 sancti
866 1364 1010 1419 Petri
1030 1380 1148 1418 cum
1176 1366 1423 1418 munibus
1453 1366 1843 1431 cardinalihus,

256 1452 465 1510 duobus
492 1455 843 1523 patriarchis,
868 1456 1463 1523 ConstantinOpolitano
1504 1457 1744 1523 scilicet,
1792 1466 1846 1511 et

256 1559 378 1599 cum
413 1548 665 1614 praelatis,
698 1557 751 1602 et
777 1557 887 1601 toto
915 1549 1059 1602 clero
1086 1564 1099 1613 ;
1132 1556 1186 1602 et
1212 1548 1261 1601 in
1296 1556 1449 1616 porta
1480 1549 1723 1603 ecclesiae
1753 1564 1843 1603 ve-

258 1651 456 1692 nerunt
495 1641 547 1694 ei
595 1641 806 1694 obviam
850 1642 1037 1694 omnes
1066 1641 1307 1696 canonici
1359 1642 1527 1695 sancti
1557 1641 1695 1695 Petri
1725 1657 1845 1696 cum

254 1741 439 1795 cruce,
469 1730 805 1795 pluvialibus,
839 1732 1101 1798 pavilione
1125 1775 1139 1797 ,
1186 1741 1239 1784 et
1265 1745 1519 1799 campana
1551 1734 1846 1799 processio-

1946 563 2076 619 papa
2108 548 2204 603 fuit
2234 548 2493 605 turbatus.

2016 639 2144 694 Item
2178 640 2391 695 luerunt
2438 643 2491 694 iu
2534 642 2631 696 ista
2667 640 2822 694 Missa
2845 652 3004 707 super
3033 636 3207 706 regias
3235 636 3434 689 torreas
3471 646 3525 690 et

1944 742 2104 798 super
2132 730 2405 785 columnas
2430 731 2663 800 lapideas
2688 745 2850 799 prepe
2880 729 3052 799 regias
3074 727 3357 797 praedictas
3387 726 3528 780 circa

1945 837 2089 875 LXXX
2124 826 2339 877 tortitize
2380 838 2638 891 accensm,
2668 832 2720 878 et
2747 840 2817 877 vu
2868 826 2920 877 in
2968 824 3261 877 elevatione
3294 822 3531 888 corporis

1944 911 2161 970 Christi.
2216 915 2467 968 Poterant
2523 930 2643 970 esse
2693 915 2945 984 quaelibet
2989 914 3055 967 de
3108 924 3335 981 quatuor
3382 913 3532 965 libris

1944 1019 2105 1058 cerae.
2134 1005 2243 1060 Nec
2288 1021 2443 1074 papa,
2477 1022 2573 1059 nec
2621 1007 2942 1071 cardinales,
2977 1020 3073 1059 nec
3115 1004 3304 1073 aliquis
3331 1002 3529 1056 cande-

1946 1096 2049 1148 lam
2074 1095 2258 1148 habuit
2287 1097 2339 1151 in
2371 1097 2470 1150 ista
2504 1098 2657 1152 Missa
2684 1114 2698 1161 ;
2730 1112 2828 1150 nec
2860 1098 2956 1149 luit
2976 1110 3172 1149 sermo.

2022 1187 2146 1240 Item
2180 1198 2301 1241 uota
2325 1188 2489 1258 quod,
2515 1188 2780 1256 completa
2811 1188 2988 1251 Missa,
3021 1187 3265 1239 dominus
3296 1185 3528 1253 pontifex

1949 1274 2161 1330 indutus
2190 1286 2345 1344 prout
2375 1277 2547 1331 fuerat
2572 1278 2626 1331 in
2651 1278 2831 1339 Missa,
2861 1286 2914 1330 et
2944 1291 3130 1329 omnes
3160 1277 3452 1329 cardinales
3478 1284 3533 1329 et

1950 1368 2150 1435 praelati
2178 1368 2342 1421 induti
2367 1370 2536 1423 sacris
2568 1370 2823 1433 veszibus,
2853 1378 3006 1436 prout
3038 1367 3252 1421 luerunt
3275 1366 3325 1419 in
3354 1368 3531 1431 Missa,

1948 1472 2069 1512 Cum
2094 1458 2264 1511 mitris
2293 1461 2502 1513 iverunt
2548 1460 2614 1513 ad
2664 1460 2926 1514 fenestras
2959 1474 3120 1526 prope
3156 1460 3449 1527 campauile
3480 1461 3531 1513 iu

1950 1548 2066 1601 loco
2096 1549 2544 1615 deambulatorio,
2576 1550 2663 1604 ubi
2696 1549 2921 1604 Romani
2951 1550 3216 1604 antistites
3245 1564 3535 1604 conSueve-

1950 1649 2073 1693 runt
2103 1640 2231 1693 dare
2264 1640 2457 1708 iepulo
2480 1639 2858 1709 indulgentiam
2886 1656 2898 1704 ;
2944 1646 2998 1693 et
3026 1640 3092 1693 ibi
3133 1654 3262 1707 papa
3296 1638 3438 1693 dedit
3468 1640 3535 1693 de

1949 1744 2076 1783 vera
2120 1730 2447 1798 indulgentia
2486 1730 2571 1784 illa
2604 1731 2727 1797 die,
2776 1730 2914 1783 sicut
2945 1730 2995 1782 iu
3023 1729 3241 1796 juhllaeo
3280 1729 3346 1781 ob
3378 1743 3532 1781 reve-

255 1818 469 1884 naliter,
501 1820 767 1873 cantando
794 1820 861 1872 Te
890 1820 1051 1873 Deum
1081 1821 1355 1875 laudamus
1380 1863 1394 1886 ,
1424 1822 1688 1876 duxerunt
1716 1838 1839 1876 eum
1876 1815 1917 1874 Β
1950 1818 2171 1872 rcntiatn
2203 1819 2425 1888 Brigidas
2450 1862 2466 1888 ,
2523 1828 2577 1873 et
2607 1820 2657 1872 in
2688 1829 2874 1871 sancto
2904 1819 3099 1883 Petro,
3152 1827 3205 1870 et
3254 1819 3302 1869 in
3350 1827 3534 1869 sancto

254 1908 322 1961 ad
348 1910 520 1978 majus
549 1912 747 1975 altare;
779 1920 833 1965 et
886 1910 1020 1964 facta
1048 1912 1266 1981 aliquali
1313 1913 1565 1967 Oratione
1592 1921 1715 1967 ante
1762 1913 1842 1966 al-

258 2008 394 2062 tare,
428 2000 649 2054 recessit
694 1999 759 2053 ad
804 2000 1148 2065 cathedram,
1180 2002 1269 2055 ubi
1314 2010 1712 2056 consueverunt
1738 2002 1843 2055 Ro-

255 2088 400 2141 mani
450 2090 706 2157 praesules
735 2090 956 2145 induere
981 2105 1039 2146 se
1058 2132 1074 2158 ,
1120 2100 1175 2145 ct
1205 2092 1442 2147 sedendo
1468 2092 1763 2147 cardinales
1792 2102 1846 2147 et

254 2192 443 2232 omnes
472 2179 674 2248 pra-lati
706 2190 969 2236 venerunt
998 2182 1063 2237 ad
1094 2185 1452 2238 reverentiam
1480 2226 1495 2251 ,
1530 2193 1583 2237 et
1612 2183 1727 2253 ipse
1753 2198 1846 2237 vo-

258 2270 354 2323 luit
383 2271 524 2337 quod
554 2280 861 2327 cantaretur
892 2271 1091 2327 Tertia.
1117 2273 1274 2327 Missa
1301 2273 1397 2327 fuit
1424 2274 1491 2327 de
1517 2283 1697 2328 sancta
1728 2275 1845 2328 Bri«

265 2358 389 2428 gida
416 2374 535 2414 cum
561 2364 1072 2417 commemoratione
1094 2364 1158 2417 de
1185 2363 1477 2418 Dominica.
1501 2364 1651 2418 Tunc
1675 2366 1845 2434 primo

260 2465 360 2518 ego
387 2450 581 2520 incoepi
619 2452 685 2507 de
707 2455 955 2507 mandato
1003 2456 1193 2510 sedere
1236 2456 1376 2511 inter
1404 2456 1704 2513 cardinales
1733 2459 1846 2527 epi-

257 2552 474 2608 scopos.
508 2541 777 2598 Processit
804 2542 963 2598 Missa
990 2544 1176 2598 ordine
1199 2559 1317 2599 suo.

329 2648 458 2705 Item
507 2661 628 2721 post
677 2654 1021 2723 Evangelium
1075 2655 1329 2710 diaconus
1375 2672 1404 2709 a
1435 2657 1665 2711 sinistris
1712 2658 1847 2713 dixit

258 2740 541 2809 Conﬁteor,
568 2753 621 2797 et
645 2745 788 2798 dicto
830 2744 997 2799 Credo
1029 2749 1079 2799 in
1109 2764 1265 2800 unum
1292 2745 1490 2813 Deum,
1522 2758 1577 2801 et
1606 2760 1723 2816 post
1749 2750 1842 2804 0f-

260 2827 533 2885 l'ertorium
566 2848 699 2910 papa
728 2835 947 2889 sedebat
966 2851 1127 2904 super
1150 2837 1360 2891 bassam
1388 2838 1699 2892 cathedram
1722 2855 1842 2893 cum

262 2920 497 2975 scabello
535 2930 658 2977 ante
706 2924 877 2993 regias
904 2925 1106 2980 ferreas
1140 2941 1287 2994 papae
1312 2966 1328 2992 ,
1376 2927 1466 2981 ubi
1515 2928 1711 2982 lectum
1748 2928 1845 2984 luit

263 3011 628 3081 Evangelium,
662 3028 817 3068 versa
844 3015 980 3070 facie
1011 3017 1074 3069 ad
1102 3018 1304 3081 sedem,
1337 3018 1388 3072 in
1418 3033 1517 3086 qua
1552 3018 1653 3072 fuit
1685 3019 1838 3073 indu-

261 3110 362 3155 tus.
389 3100 535 3158 Tunc
564 3105 763 3159 domini
786 3108 1133 3161 commissarii
1169 3117 1277 3162 tres
1318 3110 1616 3163 cardinales
1648 3110 1712 3164 de
1754 3126 1843 3164 ca-

263 3195 597 3251 uouizatiene
627 3198 775 3251 istius
805 3206 1003 3252 sancta:
1037 3198 1284 3254 exierunt
1309 3200 1375 3254 de
1401 3200 1642 3254 sacristia
1670 3204 1837 3256 sancti
1875 3191 1917 3251 C

262 3282 406 3338 a’elri
438 3301 558 3339 cum
590 3287 950 3341 oblationibus
977 3289 1109 3342 suis.

333 3394 513 3449 Primo
556 3398 801 3449 dominus
854 3400 920 3452 de
960 3398 1183 3453 Francia
1225 3415 1348 3455 cum
1389 3401 1597 3457 duobus
1644 3404 1850 3472 magnis

259 3486 479 3539 tortitiis
496 3486 755 3551 accensis,
780 3490 1045 3555 coopertis
1075 3490 1142 3543 de
1168 3505 1318 3555 auro,
1347 3492 1538 3545 obtulit
1558 3494 1851 3549 osculando

261 3570 455 3641 pedem
486 3584 541 3628 et
569 3589 815 3639 manum;
849 3578 1081 3629 secundo
1106 3578 1358 3633 dominus
1383 3583 1703 3649 Anglicanus
1728 3599 1848 3638 cum

262 3665 474 3719 duobus
503 3667 730 3733 panibus
774 3668 1039 3736 coepertis
1064 3708 1080 3733 ,
1124 3685 1244 3723 cum
1275 3671 1495 3725 tobaleis
1526 3682 1580 3727 et
1606 3676 1770 3727 armis
1798 3684 1851 3729 ct

258 3755 496 3809 scudetis
520 3768 719 3811 sanctae
750 3757 975 3825 Brigida:
993 3801 1009 3826 ,
1056 3769 1109 3812 et
1137 3761 1295 3814 trium
1319 3761 1664 3815 cardinalium
1693 3779 1851 3817 com-

262 3846 654 3913 missariorum;
679 3858 732 3902 et
762 3850 1031 3903 osculatus
1049 3860 1131 3904 est
1155 3851 1341 3919 pedem
1367 3861 1419 3905 et
1440 3867 1653 3906 manum
1677 3868 1847 3923 papae;

259 3940 419 3993 tertio
439 3938 686 3993 dominus
715 3940 956 3995 Barensis
982 3956 1101 3996 cum
1130 3942 1341 3995 duobus
1368 3944 1572 4011 magnis
1590 3945 1849 4002 bacilibus

257 4030 332 4084 de
375 4030 497 4084 vino
521 4038 575 4084 et
609 4032 888 4086 malvatico
918 4074 934 4100 ,
979 4048 1097 4102 quae
1127 4042 1385 4088 vocantur
1432 4036 1617 4089 Romae
1663 4038 1848 4107 scyphi

260 4121 497 4177 deaurati
526 4167 541 4191 ,
574 4131 628 4179 et
654 4138 771 4177 cum
795 4125 957 4179 armis
986 4135 1041 4179 et
1061 4126 1294 4180 scudetis
1321 4126 1551 4180 dominae
1592 4138 1645 4182 et
1673 4128 1849 4181 cardi-

259 4215 457 4268 nalium
499 4215 904 4283 praedictorum;
942 4225 996 4270 et
1036 4218 1306 4271 osculatus
1335 4226 1417 4271 cst
1448 4218 1632 4286 pedem
1655 4228 1707 4273 et
1737 4236 1849 4271 ma-

259 4318 386 4355 num
420 4318 586 4373 papae.

337 4414 532 4469 Ultimo
561 4424 823 4471 venerunt
865 4416 1099 4485 quinque
1140 4427 1513 4485 procuratores
1544 4419 1695 4474 istius
1722 4434 1845 4475 san-

261 4515 362 4561 ctae
390 4521 508 4561 cum
538 4508 795 4562 advocato
820 4550 834 4574 ,
866 4517 922 4563 et
948 4508 1169 4578 quilibet
1192 4509 1383 4563 obtulit
1413 4526 1570 4564 unam
1598 4528 1840 4581 magnam

258 4596 537 4650 candelam
568 4596 636 4651 de
663 4612 763 4651 una
795 4596 928 4652 libra
953 4612 1091 4652 cerae
1121 4600 1255 4653 albae
1279 4642 1294 4667 ,
1330 4601 1600 4655 modicum
1633 4603 1844 4660 labora-

257 4697 367 4742 tam
399 4704 518 4743 cum
544 4691 680 4745 rosis
709 4701 763 4746 et
785 4690 1024 4757 ﬂoribus,
1050 4693 1255 4759 viridis,
1283 4694 1402 4748 alba
1433 4708 1484 4749 et
1512 4699 1697 4752 rubea.

331 4801 463 4855 Item
494 4818 651 4857 unum
680 4819 898 4871 parvum
921 4805 1283 4860 canistrellum
1310 4851 1326 4875 ,
1378 4816 1545 4862 totum
1574 4811 1841 4880 depictum

259 4892 327 4946 de
356 4892 536 4948 colore
562 4894 751 4961 viridi,
788 4897 839 4949 in
889 4911 995 4964 quo
1019 4896 1232 4952 fuerunt
1262 4898 1382 4952 dua:
1424 4901 1682 4957 columbae
1708 4905 1832 4962 alba

258 4992 314 5036 ct
341 4983 460 5038 dua:
486 4988 738 5041 turtures.

331 5076 495 5149 538
525 5079 652 5133 Item
675 5090 797 5134 nota
837 5080 980 5149 quod
1010 5081 1251 5135 canonici
1282 5080 1333 5134 in
1360 5080 1707 5140 Processione
1734 5085 1839 5141 de-

258 5167 487 5226 buerunt
520 5172 768 5227 habuisse
795 5187 1008 5243 grossas
1037 5174 1287 5229 candelas
1315 5172 1382 5227 de
1430 5187 1551 5230 cera
1583 5174 1634 5230 in
1665 5178 1840 5231 mani-

1948 1911 2235 1963 Laureutio
2258 1911 2310 1962 in
2334 1909 2680 1978 Panisperua,
2712 1909 2800 1963 ubi
2828 1919 3007 1963 sancta
3036 1909 3243 1977 Brigida
3272 1908 3414 1961 dicta
3440 1908 3536 1960 luit

1946 2002 2155 2068 sepulta
2183 2019 2197 2065 ;
2228 2008 2283 2053 et
2311 1998 2613 2068 quicunque
2642 1999 2912 2053 visitasset
2930 2000 3099 2052 dictas
3127 2000 3259 2052 duas
3281 1998 3534 2052 ecclesias

1948 2092 2115 2146 sancti
2144 2090 2283 2145 Petri
2314 2099 2368 2145 et
2389 2091 2557 2145 sancti
2588 2090 2861 2145 Laurentii
2894 2105 2965 2143 νει
3002 2090 3207 2142 vicibus
3238 2106 3331 2157 per
3363 2099 3529 2143 totum

1950 2194 2270 2253 praesentem
2299 2198 2535 2237 mensem
2569 2182 2788 2236 haberet
2835 2181 3459 2250 indulgentiamjubilmi.

2021 2275 2150 2329 Item
2180 2284 2301 2330 nota
2331 2276 2471 2345 quod
2510 2275 2577 2329 de
2613 2289 2739 2329 cera
2788 2274 3025 2327 ecclesiae
3074 2274 3240 2326 sancti
3278 2272 3415 2326 I‘etri
3448 2288 3534 2326 λιε-

1948 2382 2110 2423 censa
2158 2368 2405 2422 canonici
2460 2367 2745 2420 voluerunt
2788 2364 3015 2427 habere;
3058 2363 3151 2416 scd
3203 2364 3531 2416 camearius

1950 2468 2112 2515 totam
2146 2457 2363 2527 recepit,
2395 2458 2533 2527 quod
2557 2472 2710 2526 papa,
2746 2470 2842 2511 nec
2875 2455 2996 2525 ipsi,
3024 2470 3127 2509 nec
3158 2453 3409 2523 acolythi,
3438 2468 3535 2507 nec

1949 2559 2216 2616 Cantores,
2252 2564 2350 2603 nec
2375 2548 2553 2602 clerici
2585 2548 2901 2601 habuerunt.

2022 2640 2148 2695 Item
2181 2652 2303 2693 nota
2334 2638 2476 2708 quod
2506 2639 2731 2708 quilibet
2755 2646 2941 2692 cantor
2972 2635 3157 2691 habuit
3187 2646 3293 2690 tres
3315 2634 3533 2689 ducatos

1951 2731 2017 2784 ab
2046 2731 2471 2786 exsecutoribus.

2025 2823 2153 2875 Item
2182 2820 2306 2875 dicti
2333 2828 2678 2875 exsecutores
2709 2819 2968 2873 miserunt
2999 2834 3154 2872 unam
3190 2818 3443 2885 pintnlam
3466 2817 3534 2872 de

1949 2925 2081 2964 auro
2105 2925 2253 2978 papa:
2287 2910 2482 2964 vnloris
2520 2925 2549 2963 c
2594 2910 2903 2963 ducatorum
2930 2950 2943 2971 ,
2998 2918 3051 2961 et
3078 2922 3238 2960 unum
3270 2909 3532 2969 vitulum,

1956 3016 2081 3055 xxtv
2107 3015 2360 3070 capones,
2396 3015 2521 3053 xxrv
2545 3000 2740 3069 pullos,
2775 3013 2900 3054 xxtv
2932 2998 3227 3063 columbus,
3261 3014 3296 3051 ιι
3348 2996 3533 3051 barilia

1951 3092 2018 3146 de
2052 3092 2192 3145 vino.

2018 3183 2150 3237 Item
2195 3192 2319 3237 uota
2347 3224 2362 3249 ,
2406 3183 2547 3252 quod
2580 3182 2797 3238 fuerunt
2837 3181 3093 3251 Vespera:
3129 3178 3489 3247 praecedentes
3516 3220 3531 3245 ,

1954 3292 2053 3329 nec
2082 3285 2385 3344 sequentes.

2024 3365 2152 3419 Item
2209 3374 2367 3428 uota,
2418 3364 2559 3434 quod
2590 3363 2693 3418 ista
2737 3363 2824 3418 die
2850 3403 2865 3428 ,
2920 3364 3043 3416 licet
3086 3362 3245 3415 luerit
3288 3362 3443 3415 Missa
3472 3359 3535 3413 de

1952 3466 2135 3509 sancta
2168 3455 2378 3523 Brigida
2401 3496 2416 3521 ,
2471 3465 2578 3509 tota
2606 3454 2691 3508 die
2724 3453 3043 3533 lecimusde
3075 3452 3344 3506 Dominica
3367 3492 3382 3515 ,
3414 3464 3535 3515 nec

1955 3547 2175 3601 fecimus
2212 3546 2851 3601 commemorationemin
2899 3544 3179 3613 Vesperis,
3224 3558 3320 3597 nec
3344 3545 3395 3596 in
3428 3541 3536 3596 Illa-

1956 3639 2138 3691 tutinis
2161 3638 2227 3692 de
2258 3639 2369 3706 ipsa
2398 3645 2600 3692 sancta.

2027 3729 2154 3783 Item
2185 3738 2306 3781 nota
2335 3730 2476 3797 quod
2507 3743 2696 3783 omnes
2725 3728 3023 3783 cardinales
3052 3727 3222 3781 induti
3252 3725 3421 3779 sacris
3449 3740 3534 3779 vc-

1952 3820 2122 3874 stibus
2150 3821 2551 3875 associaverunt
2580 3836 2767 3889 papam
2803 3836 2969 3888 usque
2998 3822 3064 3873 ad
3093 3835 3385 3873 cameram.

2025 3908 2130 3963 Ista
2165 3908 2253 3963 die
2278 3909 2451 3964 nullus
2496 3909 2783 3963 cardinalis
2824 3909 3055 3963 comedit
3085 3924 3205 3961 cum
3238 3915 3368 3976 papa
3389 3948 3404 3973 ,
3437 3906 3536 3961 nisi

1954 4001 2124 4055 solum
2158 4000 2361 4068 praelati
2394 4000 2582 4053 domus
2614 4008 2669 4053 et
2697 4007 2966 4053 cantores.

2025 4089 2156 4144 Item
2206 4099 2331 4144 nota
2373 4089 2515 4158 quod
2570 4097 2677 4144 tota
2705 4087 2906 4156 capella
2930 4087 3089 4142 debet
3135 4102 3254 4141 esse
3295 4088 3437 4141 intus
3482 4096 3535 4143 et

1952 4190 2099 4235 extra
2129 4191 2311 4249 parata
2341 4181 2548 4245 pannis.

2026 4274 2154 4329 Item
2182 4277 2232 4329 in
2260 4276 2415 4330 altari
2443 4276 2639 4330 debent
2667 4288 2785 4330 esse
2813 4290 2865 4329 vt
2895 4274 3153 4330 candelae.
3188 4276 3435 4343 qua-libet
3463 4277 3535 4336 de

1952 4380 2058 4420 una
2109 4366 2243 4421 libra
2295 4382 2414 4421 cum
2442 4367 2701 4431 dimidia;
2735 4367 2860 4420 item
2904 4379 3063 4434 super
3109 4367 3403 4421 caucellum
3440 4382 3533 4423 ca-

1952 4457 2102 4525 pellae
2131 4472 2183 4511 vt
2214 4459 2433 4523 tortitla,
2462 4458 2713 4527 quaelibet
2740 4458 2808 4512 de
2832 4465 2954 4511 octo
2977 4456 3129 4511 libris
3157 4471 3315 4511 cerae.

1873 4549 1921 4611 ι)
2017 4547 2151 4603 Item
2205 4559 2355 4603 extra
2406 4550 2605 4618 regiam
2628 4563 2720 4603 seu
2765 4549 3022 4616 capellam
3082 4559 3347 4618 ponantur
3392 4547 3532 4618 ligna

1953 4638 2221 4707 perforata
2248 4639 2300 4692 iu
2332 4655 2486 4693 muro
2513 4640 2928 4710 circumquaque
2956 4640 3023 4694 ad
3054 4641 3344 4696 tenendum
3378 4643 3535 4697 torti-

1952 4730 2043 4793 tia,
2079 4739 2332 4798 quantum
2362 4732 2563 4798 capella
2605 4740 2689 4785 est
2718 4749 2731 4796 ;
2763 4742 2817 4785 et
2840 4734 2891 4785 in
2919 4733 3158 4801 quolibet
3194 4734 3336 4803 ligno
3376 4742 3534 4791 erunt

1952 4833 2003 4871 vt
2035 4820 2256 4883 tortitia,
2281 4821 2531 4888 quaelibet
2558 4822 2624 4876 de
2654 4830 2883 4891 quatuor
2912 4822 3061 4876 libris
3084 4838 3241 4879 cerae.

2023 4910 2151 4964 Item
2182 4910 2235 4964 in
2268 4911 2371 4965 line
2392 4912 2609 4981 capellae
2633 4927 2695 4967 ex
2719 4914 2961 4981 opposito
2992 4914 3174 4968 altaris
3203 4914 3330 4967 illud
3363 4914 3527 4971 idem.

2023 5000 2151 5053 Item
2185 5000 2251 5055 de
2281 5001 2399 5054 aliis
2443 5002 2620 5069 parvis
2648 5002 2881 5055 candelis
2910 5000 2978 5056 de
3010 5002 3160 5055 uncia
3207 5002 3287 5056 vel
3325 5000 3532 5069 media,

1942 5101 2033 5145 aut
2064 5108 2158 5161 pro
2206 5094 2337 5148 libra
2369 5105 2630 5162 ponantur
2658 5111 2726 5149 xx
2755 5095 3008 5152 habentia
3051 5111 3148 5166 per
3177 5112 3385 5151 murum
3412 5139 3427 5165 ,
3476 5111 3533 5155 et

1941 5182 2327 5237 distribuantur
2353 5183 2501 5238 laicis
2531 5193 2586 5239 et
2612 5184 2843 5240 clericis.

1635 5294 2021 5356 ADDITION
2034 5298 2143 5358 ES.

607 5390 768 5461 539
794 5390 970 5446 CLIV.
1002 5391 1069 5445 1η
1100 5392 1183 5447 die
1208 5391 1467 5447 Cinerum.

333 5480 646 5537 Additiones
673 5498 799 5537 vero
827 5496 944 5551 quae
970 5483 1020 5535 in
1052 5482 1138 5536 die
1157 5482 1408 5537 Cinerurn
1456 5481 1708 5539 Dominus
1735 5485 1834 5542 Βο-

259 5572 487 5628 nilacius
532 5573 603 5627 IX
646 5574 700 5627 in
739 5574 826 5628 die
857 5574 1105 5643 praedicta
1156 5574 1435 5628 descendit
1480 5574 1546 5628 ad
1590 5591 1832 5645 magnam

259 5660 473 5716 Missam
520 5666 571 5718 in
601 5679 791 5734 magna
818 5666 1018 5733 capella
1049 5666 1099 5719 in
1142 5666 1367 5721 Perusio
1392 5681 1511 5720 cum
1545 5666 1755 5733 pluviali
1781 5676 1837 5721 ct

259 5756 421 5814 mitra
448 5758 564 5816 sine
588 5760 771 5827 pel-Iis,
803 5768 855 5817 et
884 5759 957 5817 sic
997 5761 1139 5818 dedit
1169 5762 1394 5818 cineres.
1436 5760 1637 5828 Quibus
1674 5760 1831 5824 datis.

1945 5400 2190 5468 deposuit
2212 5401 2441 5470 pluviale
2464 5409 2515 5454 et
2539 5402 2774 5465 mitram,
2791 5411 2845 5455 et
2864 5412 3194 5469 rcassump'a
3217 5401 3521 5471 chlamyde,

1947 5494 2023 5545 sic
2052 5494 2201 5547 stetit
2231 5507 2325 5561 per
2356 5502 2515 5547 totam
2544 5491 2757 5547 Missam
2778 5494 2976 5562 absque
3007 5494 3180 5555 mitra,
3210 5508 3367 5562 quant
3389 5492 3529 5547 dixit

1947 5587 2193 5642 dominus
2236 5587 2631 5656 Neapolitanus.
2679 5588 2815 5656 Papa
2864 5596 2978 5641 erat
3020 5587 3273 5645 alteratus
3305 5592 3525 5654 promer

1946 5678 2107 5750 lrigus
2137 5693 2275 5735 anno
2303 5679 2510 5736 Domini
2544 5678 2698 5748 I593,
2735 5680 3067 5751 pontiﬁcatus
3098 5678 3179 5735 sui
3209 5693 3346 5735 armo
3372 5674 3428 5732 4.
