3990 6304
488 345 509 399 I
519 342 621 400 365

826 447 980 503 CLV.
1026 444 1099 498 De
1132 445 1402 499 Dominica
1433 446 1701 500 Iiosarum.

557 540 681 593 item
714 538 766 593 in
812 535 1081 591 Dominiea
1112 536 1174 588 de
1205 536 1343 591 Rosa
1377 538 1474 592 fuit
1511 539 1778 594 celebrata
1812 538 1971 593 Missa
1998 538 2049 592 in

484 646 671 700 magna
702 628 923 697 capella,
968 641 1103 696 papa
1144 628 1384 696 absente,
1412 628 1466 684 in
1498 630 1776 698 prmsentia
1814 629 2051 683 omnium

484 716 845 783 cardinaliutn,
873 727 925 770 et
950 715 1088 771 Rosa
1115 715 1215 772 fuit
1236 727 1437 786 portata
1459 720 1526 774 de
1552 735 1758 775 camera
1788 733 1937 787 papae
1961 734 2053 785 per

482 810 740 879 iuniorem
768 806 1042 862 .ciericum
1093 821 1318 863 camera:
1362 810 1430 864 ad
1477 812 1753 878 capellam,
1805 820 1859 865 et
1904 810 2055 866 stetit

480 914 639 968 super
685 897 855 953 altare
899 912 994 967 per
1040 906 1205 954 totam
1252 900 1499 967 Missam;
1538 911 1593 956 et
1632 912 1750 971 post
1788 908 2054 970 reportata

482 1004 575 1058 per
600 988 846 1043 eumdem
885 988 951 1043 ad
979 1003 1245 1046 cameram
1276 1004 1459 1059 papae;
1493 990 1544 1044 in
1584 1005 1688 1060 qua
1724 1004 1932 1044 camera
1964 1002 2056 1058 pa-

481 1078 725 1142 ramenti,
756 1080 1001 1136 exeundo
1031 1095 1164 1150 papa
1186 1081 1251 1136 de
1278 1081 1379 1136 alia
1406 1095 1615 1136 camera
1641 1096 1756 1149 sua,
1784 1095 1902 1135 eam
1931 1094 2048 1149 pore

481 1169 641 1223 tando
686 1169 741 1223 in
790 1170 1036 1227 manibus
1075 1173 1208 1238 suis,
1253 1170 1305 1227 in
1336 1173 1464 1228 sede
1491 1187 1587 1227 sua
1630 1172 1680 1226 in
1713 1187 1922 1228 camera
1958 1188 2053 1228 sua

481 1262 779 1329 paramenti
824 1277 941 1318 eam
989 1263 1135 1320 dedit
1182 1262 1463 1333 Ilestregio
1514 1263 1581 1319 de
1624 1263 1875 1319 Faventia
1915 1278 2055 1318 anno

484 1351 762 1419 prmdicto.

679 1442 853 1499 CLVI.
894 1444 973 1500 De
998 1446 1396 1500 Annuntiatione
1421 1446 1579 1501 beata:
1615 1446 1857 1515 Virginis.

549 1533 684 1589 Nota
711 1536 851 1604 quod
894 1535 947 1589 in
987 1536 1401 1591 Annnntiatione
1432 1538 1602 1591 beata:
1631 1537 1809 1591 Maria:
1839 1534 2057 1604 virginis

480 1623 727 1678 d.tminus
762 1624 1063 1679 Bonifacius
1108 1625 1197 1689 IX,
1250 1626 1584 1692 pontificatus
1611 1627 1692 1679 sui
1733 1640 1872 1679 anno
1914 1622 1969 1689 4,
2002 1624 2055 1677 in

478 1714 787 1769 infirmitate
834 1714 1097 1782 detentus,
1147 1730 1251 1769 non
1296 1713 1535 1770 interfuit
1580 1716 1775 1779 Missae,
1804 1728 1925 1782 qua:
1961 1712 2057 1767 fuit

479 1802 747 1858 celebrata
779 1804 831 1859 in
880 1820 1067 1875 magna
1110 1805 1315 1873 capella
1363 1805 1586 1859 Perusiii
1626 1820 1719 1873 per
1745 1806 2048 1874 episcopum
2086 1809 2125 1867 Β

487 1892 879 1947 Anconitanum
902 1909 919 1959 ;
946 1902 999 1947 et
1035 1894 1123 1948 ille
1146 1896 1232 1963 qui
1262 1895 1443 1949 debuit
1471 1894 1647 1950 facere
1672 1910 1974 1949 sermonem
2006 1895 2059 1948 in

481 1981 798 2049 praecedenti
830 1981 1123 2047 Dominica,
1152 1984 1273 2050 quia
1301 1998 1405 2037 non
1433 1992 1547 2038 erat
1575 1983 1759 2050 factus,
1795 1983 1917 2037 fecit
1942 1995 2055 2037 ser-

481 2086 693 2126 monem
743 2073 844 2125 ista
888 2073 975 2127 die
1020 2072 1088 2127 de
1138 2073 1393 2142 praedicta
1449 2074 1717 2128 Doninica
1769 2089 1890 2129 cum
1940 2072 2057 2128 aliis

482 2162 654 2216 verbis
684 2162 749 2217 de
792 2162 941 2216 beata
986 2161 1223 2231 Virgine,
1272 2178 1391 2231 qua:
1422 2162 1522 2217 fuit
1546 2164 1659 2218 dies
1686 2163 1869 2219 Martis
1900 2165 2056 2219 I595.

647 2250 848 2306 CLVII.
890 2250 970 2306 De
999 2250 1263 2307 Dominica
1287 2254 1338 2306 in
1376 2253 1531 2306 ramis
1563 2252 1885 2309 Palmarum.

553 2341 806 2410 Sequenti
846 2343 933 2397 die
974 2344 1249 2403 Dominica
1293 2345 1343 2397 in
1395 2346 1556 2399 ramis
1584 2345 1884 2400 Palmarum
1915 2346 2054 2401 idem

480 2431 726 2487 dominus
771 2433 1072 2490 Bonifacius
1116 2434 1262 2490 dedit
1316 2450 1493 2490 ramos
1542 2438 1595 2490 in
1644 2450 1804 2506 parva
1851 2437 2053 2504 capella

481 2538 631 2577 more
664 2523 824 2578 solito
854 2536 972 2593 post
1000 2540 1243 2595 magnam
1275 2526 1488 2582 Missam
1528 2527 1848 2582 celebratam
1880 2527 1931 2582 in
1961 2543 2055 2583 ca-

480 2628 650 2667 mera.
677 2614 881 2681 Quibus
917 2617 1077 2683 datis,
1105 2617 1303 2671 domini
1346 2618 1642 2674 cardinales
1682 2619 1849 2673 induti
1888 2620 2055 2675 sacris

480 2706 719 2760 vestibus
759 2708 968 2762 iverunt
1005 2710 1069 2763 ad
1111 2724 1355 2779 magnam
1396 2711 1677 2779 capellam,
1705 2722 1757 2765 et
1797 2712 2055 2780 depositis

479 2795 716 2849 veSIibus
751 2797 1068 2851 audiverunt
1110 2797 1267 2852 aliam
1318 2813 1563 2869 magnam
1614 2800 1848 2865 Missam,
1876 2801 1930 2854 in
1954 2815 2053 2870 qua

465 2884 584 2938 'non
614 2882 713 2938 fttit
742 2900 898 2955 papa,
930 2900 1087 2956 quam
1116 2888 1249 2943 dixit
1275 2889 1652 2959 Neapolitanus
1681 2892 1982 2961 episcopus.

829 2974 1048 3032 CLVIII.
1096 2976 1172 3033 De
1212 2980 1296 3033 die
1324 2980 1465 3035 locis
1504 2993 1699 3039 sancta.

552 3067 681 3121 Item
732 3070 920 3122 eodem
965 3085 1120 3131 anno,
1152 3072 1237 3125 die
1276 3071 1422 3126 Jovis
1464 3084 1669 3144 sancta,
1703 3077 1836 3130 facta
1867 3091 2055 3144 magna

1156 340 1493 394 APPENDIX
1538 341 1625 393 AD
1664 340 1720 394 S.
1761 338 2087 394 CREGORII
2130 338 2338 394 MAGNI
2378 340 2737 399 LITURCICA
2780 343 3031 399 OI‘ERA.

3590 344 3735 398 I564

2082 450 2130 509 Α
2159 448 2283 503 dum
2313 451 2474 519 pedes
2496 466 2783 522 pauperum
2814 455 2914 508 nisi
2938 456 3068 508 duas
3094 470 3190 525 per
3218 465 3405 524 tntum,
3431 458 3527 513 sed
3551 459 3738 513 omnia

2155 544 2441 611 reportavit
2467 559 2647 599 secum
2670 563 2684 610 ;
2716 557 2773 601 et
2795 548 2951 613 male,
2972 547 3101 602 dicit
3126 548 3320 618 glos~a.

2459 635 2617 690 CLX.
2658 635 2736 691 De
2775 639 2857 691 die
2893 638 3099 692 Veneris
3125 647 3172 693 et
3193 640 3423 694 Sabbati.

2228 723 2321 778 Die
2366 724 2589 781 Veneris
2630 738 2811 781 sancta
2860 736 2914 782 et
2957 728 3189 783 Sabbato
3234 731 3435 798 praelati
3497 731 3741 785 fecerunt

2154 813 2384 869 officium
2410 817 2460 871 in
2493 832 2682 885 magna
2711 819 2910 886 capella
2939 818 3159 874 absente
3185 834 3342 890 papa,
3372 820 3738 875 cardinalibns

2155 904 2401 960 omnibus
2431 907 2802 974 pra-sentibus.

2154 1011 2330 1068 CLXI.
2364 1012 2441 1068 De
2466 1014 2549 1068 die
2573 1015 2809 1083 Pasclue,
2839 1016 3173 1099 Ascensionis,
3206 1019 3531 1075 Pentecoste:
3550 1032 3597 1075 et
3623 1021 3738 1075 Tri-

2845 1098 3039 1142 ﬂuam.

2227 1175 2282 1230 In
2310 1176 2399 1232 die
2428 1177 2646 1234 Pascha:
2674 1189 2893 1250 propter
2917 1183 3346 1238 communionem
3378 1186 3737 1240 rardinaliurl

2157 1264 2280 1320 fecit
2308 1268 2565 1324 officium.
2595 1270 2723 1324 Item
2767 1271 2822 1325 in
2850 1271 3197 1329 Ascensione.
3241 1274 3353 1328 Nec
3392 1276 3447 1329 in
3480 1275 3738 1330 Penteco-

2156 1366 2296 1424 sten,
2325 1372 2500 1426 neque
2534 1358 2897 1431 in.Trinitate,
2924 1376 3096 1429 neque
3141 1362 3196 1415 in
3224 1363 3480 1431 Corporis
3512 1364 3736 1430 Christi,

2157 1422 2522 1501 nonvluerunt
2565 1422 2809 1515 Vespera
2855 1422 3072 1517 papalcs
3116 1422 3732 1519 propter-infimiitateui

2158 1549 2327 1603 papae.
2376 1535 2549 1593 Missa:
2580 1537 2788 1592 fuerunt
2830 1539 2987 1593 dictae
3023 1555 3117 1606 per
3144 1541 3393 1608 praelatos
3422 1555 3529 1593 non
3559 1541 3734 1594 cardi-

2159 1627 2307 1681 nales
2346 1626 2565 1682 absente
2595 1642 2752 1696 papa,
2783 1630 3029 1684 omnibus
3060 1630 3411 1699 prasentibus
3449 1631 3735 1685 cardinali-

2160 1716 2277 1783 bus,
2308 1731 2427 1790 cum
2455 1731 2723 1773 sermone.

2439 1805 2633 1859 CLXII.
2664 1804 2742 1859 De
2763 1816 2933 1860 sancto
2959 1806 3159 1861 Joanne
3188 1806 3443 1875 Baptista.

2230 1893 2282 1947 In
2311 1894 2396 1948 die
2417 1897 2586 1949 sancti
2616 1895 2833 1950 Joannis
2866 1897 3113 1963 Baptistae
3142 1897 3303 1951 idem.

2299 1981 2522 2037 CLXIII.
2558 1981 2629 2036 De
2657 1987 2848 2037 sanctis
2875 1986 3116 2053 apostolis
3145 1984 3302 2037 Petra
3324 1994 3371 2037 et
3402 1986 3594 2039 Paulo.

2232 2073 2361 2127 Item
2404 2075 2454 2127 in
2502 2073 2587 2129 die
2614 2074 2889 2130 beatorum
2933 2075 3073 2131 Petri
3100 2084 3156 2130 et
3194 2075 3341 2130 Pauli
3393 2077 3603 2131 fuerunt
3639 2077 3732 2132 Ve-

2158 2176 2332 2231 spera:
2360 2164 2579 2219 absente
2616 2180 2771 2233 papa,
2803 2165 3038 2220 officium
3080 2166 3204 2221 fecit
3231 2168 3523 2222 cardinalis
3563 2170 3736 2222 Bono-

2161 2252 2381 2306 niensis.
2403 2254 2584 2307 Solum
2608 2253 2827 2324 incmpit
2850 2255 3109 2318 Vesteras
3132 2255 3343 2310 indutus
3372 2257 3593 2325 pluviali
3617 2272 3732 2311 cum

2159 2345 2335 2410 mitra,
2362 2356 2416 2399 et
2439 2346 2797 2414 Antiphonam
2823 2349 2890 2401 ad
2921 2346 3221 2416 Magni/ient
3253 2348 3494 2417 incapit,
3521 2358 3577 2402 et
3603 2348 3733 2403 dixit

2158 2435 2489 2501 Orationem,
2514 2452 2612 2492 nec
2642 2437 2785 2492 dedit
2813 2438 3247 2492 Benedictionem
3276 2440 3327 2491 in
3358 2440 3654 2493 crastinum
3683 2441 3733 2492 in

2159 2525 2384 2579 ecclesia
2426 2526 2565 2580 beati
2597 2524 2739 2581 Petri
2778 2528 2833 2581 in
2873 2526 3114 2590 Perusia,
3145 2528 3233 2581 ubi
3281 2542 3415 2596 papa
3447 2528 3733 2582 residebat.

2160 2617 2311 2670 'I'unc
2339 2616 2482 2669 dixit
2509 2618 2718 2671 Mis.~am
2750 2619 2968 2672 absente
3001 2632 3155 2688 papa,
3184 2620 3434 2673 omnibus
3454 2618 3737 2673 cardinali-

2164 2712 2260 2761 Inus
2286 2708 2655 2773 prmsentibus,
2679 2725 2797 2761 cum
2820 2724 3088 2764 sermone.

2160 2796 2315 2867 541
2356 2796 2581 2849 CLXIV.
2614 2796 2690 2851 De
2724 2797 3088 2866 Puriﬁcatione
3108 2804 3265 2854 beata:
3292 2797 3480 2851 Maria
3508 2797 3739 2866 virginis.

2231 2888 2357 2940 Itetn
2389 2903 2511 2941 vero
2538 2903 2677 2941 anno
2703 2889 2907 2942 Domini
2936 2889 3089 2955 1⁷592,
3114 2891 3165 2944 in
3190 2889 3277 2944 die
3292 2889 3661 2943 Candelarum
3688 2889 3737 2939 in

2161 2978 2348 3047 primis
2402 2978 2671 3047 Vesperis,
2725 2978 2969 3044 Vespera:
3025 2996 3127 3035 non
3175 2982 3395 3035 fuerunt
3453 2979 3736 3043 mandans,

2160 3070 2281 3138 quia
2305 3070 2552 3124 dominus
2573 3081 2754 3124 noster
2777 3071 2961 3137 noluit,
2988 3072 3079 3127 sed
3114 3075 3262 3128 tarde
3290 3076 3405 3141 ipse
3434 3085 3531 3128 eas
3560 3071 3740 3127 audire

479 3156 637 3211 Missa
670 3157 720 3211 in
750 3172 957 3211 camera
987 3173 1157 3228 papa},
1189 3169 1243 3215 et
1286 3173 1558 3217 reservato
1597 3178 1822 3232 corpore
1861 3162 2053 3220 Christi
2084 3168 2130 3229 ρ
2165 3160 2325 3214 voluit
2348 3175 2468 3215 cum
2498 3161 2678 3227 paucis
2699 3160 3059 3216 cardinalibus
3081 3174 3133 3217 et
3153 3165 3459 3218 cortisanis.
3485 3164 3741 3219 Dicebant

477 3247 531 3300 in
563 3246 728 3301 calice
758 3262 917 3316 super
960 3248 1126 3302 altare
1170 3259 1393 3305 secretas
1441 3251 1679 3321 capelle,
1709 3252 1912 3308 domini
1937 3269 2056 3308 car-

478 3337 683 3393 dinales
711 3348 763 3393 et
807 3353 994 3394 omnes
1019 3341 1222 3409 praelati
1260 3341 1469 3397 iverunt
1497 3343 1564 3397 ad
1596 3359 1837 3411 magnam
1869 3346 2051 3414 capel-

478 3430 606 3497 lam,
632 3440 685 3485 et
729 3432 1041 3487 audiverunt
1070 3432 1139 3487 ibi
1168 3434 1324 3487 aliam
1357 3450 1599 3503 magnam
1645 3436 1856 3490 Missam
1906 3451 2055 3493 more

477 3523 656 3589 solito,
688 3540 845 3593 quam
888 3525 1022 3579 dixit
1059 3526 1305 3580 dominus
1336 3526 1634 3593 patriarcha
1671 3528 2052 3582 Constantino-

479 3615 778 3682 politanus;
820 3623 874 3669 et
915 3626 1186 3671 reservato
1215 3631 1440 3685 corpore
1465 3617 1658 3674 Christi
1689 3619 1850 3690 540
1888 3620 1939 3673 in
1967 3635 2056 3675 ca.

480 3706 601 3771 lice,
631 3714 683 3758 et
712 3705 987 3759 incensato
1014 3720 1161 3760 more
1182 3705 1362 3773 solito,
1393 3708 1647 3762 remansit
1668 3724 1826 3777 super
1854 3710 2051 3775 altare;

478 3803 533 3846 et
578 3794 803 3848 cantatis
831 3793 1103 3863 Vesperis,
1147 3795 1347 3851 domini
1395 3797 1691 3852 cardinales
1733 3814 1836 3853 non
1887 3802 2050 3867 parati

480 3883 768 3949 entistemes
796 3893 918 3938 ante
947 3885 1115 3939 altare
1162 3887 1213 3938 in
1242 3884 1455 3940 modum
1502 3886 1706 3951 circuli,
1730 3898 1784 3942 et
1820 3889 1925 3941 duo
1952 3902 2053 3956 pa-

483 3976 726 4029 triarcha:
779 3976 921 4029 inter
978 3991 1102 4043 cos,
1174 3977 1379 4032 scilicet
1437 3978 2054 4049 Constantinopolitanus

479 4064 759 4129 praedictus
800 4072 854 4119 et
896 4079 979 4118 me
1002 4064 1310 4133 Gradensis,
1354 4068 1421 4123 de
1451 4070 1701 4123 mandato
1731 4069 1932 4123 domini
1962 4085 2056 4124 no-

477 4154 572 4207 stri
618 4169 768 4223 papa:
812 4156 1291 4223 pronuntiaverttnt
1335 4158 1624 4215 Processus
1649 4161 1927 4230 generales
1962 4161 2056 4216 ab-

478 4250 630 4296 sente
659 4257 811 4310 papa,
844 4259 976 4313 quos
1003 4244 1126 4313 legit
1165 4245 1410 4301 dominus
1452 4250 1751 4316 patriarcha
1789 4250 2053 4305 Constan-

478 4334 891 4403 tinopolitanus;
941 4344 997 4391 et
1042 4338 1277 4392 candela:
1325 4355 1429 4394 non
1471 4340 1684 4395 fuerunt
1709 4341 1958 4410 projects:
1988 4358 2052 4397 ex

478 4438 545 4477 eo
596 4423 735 4492 quod
784 4440 890 4478 non
940 4424 1225 4493 habebant,
1277 4428 1370 4482 sed
1421 4429 1592 4484 solum
1643 4445 1745 4485 una
1787 4434 1854 4486 de
1900 4432 2055 4487 altari

476 4523 712 4586 accepta.

724 4608 905 4662 CLIX.
948 4608 1023 4663 De
1062 4612 1232 4664 eodem
1263 4614 1346 4666 die
1386 4618 1525 4683 facta
1561 4615 1798 4684 prandio.

550 4697 678 4751 Item
727 4701 912 4753 eodem
962 4701 1047 4754 die
1096 4711 1215 4769 post
1261 4707 1537 4771 prandium
1570 4722 1709 4776 papa
1746 4723 1853 4762 non
1883 4708 2052 4777 potuit

479 4788 656 4843 lavare
698 4791 861 4858 pedes
905 4806 1225 4860 pauperum;
1281 4798 1372 4849 sel
1420 4799 1719 4866 patriarcha
1765 4797 2053 4854 Gradensis

412 4890 415 4891 '
476 4881 754 4936 confessor
782 4883 849 4937 de
879 4884 1127 4938 mandato
1154 4900 1301 4954 papa:
1332 4887 1457 4942 lavit
1484 4890 1647 4956 pedes
1678 4903 1967 4959 pauperum
1999 4890 2052 4943 in

479 4986 639 5039 parva
669 4975 891 5042 capella,
924 4974 1138 5030 indutus
1167 4976 1427 5043 rochetto,
1461 4981 1679 5045 amictu,
1711 4981 2054 5051 superplicio,

478 5076 531 5115 et
562 5064 777 5133 pluviali
808 5081 927 5121 cum
950 5069 1104 5123 mitra
1133 5069 1271 5138 alba,
1304 5071 1508 5125 audivit
1532 5070 1901 5142 Evangelium,
1925 5089 2054 5130 can-

480 5155 640 5208 tando
683 5171 805 5210 cum
846 5157 1215 5225 luminaribus,
1248 5176 1408 5218 cruce
1448 5172 1502 5217 et
1531 5164 1747 5220 incenso
1777 5180 1925 5222 more
1967 5180 2055 5221 so-

478 5243 591 5298 lito.
626 5246 742 5311 Quo
786 5258 1001 5303 cantato
1044 5260 1291 5309 cantores
1336 5251 1669 5322 increperunt
1711 5263 1962 5322 cantare;
2002 5266 2057 5313 et

481 5335 617 5401 ipse,
648 5336 892 5405 deposito
925 5340 1160 5409 pluviali,
1188 5343 1362 5396 cincto
1398 5342 1561 5397 linteo
1590 5354 1643 5398 et
1682 5345 1833 5399 mitra
1863 5344 1915 5400 in
1954 5361 2055 5400 ca-

477 5424 606 5493 pite,
635 5426 856 5495 inccepit
890 5430 1067 5487 lavare
1106 5433 1285 5501 pedes.
1316 5434 1517 5501 Quibus
1548 5435 1730 5503 finitis,
1762 5437 1894 5492 dixit
1925 5439 2054 5493 Ora-

483 5516 701 5585 tionem,
731 5526 787 5573 et
816 5520 1097 5577 cardinalis
1140 5526 1465 5578 camerarius
1490 5525 1638 5580 dedit
1677 5528 1906 5581 llorenos
1935 5544 2054 5581 cum

482 5606 720 5668 carleno.
746 5616 800 5662 et
827 5609 996 5663 noluit
1028 5611 1153 5665 dare
1179 5611 1294 5667 illas
1324 5615 1491 5683 petias
1520 5616 1586 5671 dc
1615 5617 1717 5671 tela
1746 5618 1811 5671 ad
1845 5627 2055 5687 tergen-

2158 3250 2296 3317 quod
2324 3265 2427 3303 non
2457 3249 2713 3304 deberent
2742 3253 2945 3305 cantari
2975 3252 3301 3320 solemniter,
3334 3255 3466 3322 quia
3512 3270 3619 3307 non
3650 3254 3741 3305 ha-

2156 3341 2317 3399 bebat
2359 3340 2617 3410 vigiliam.
2663 3340 2740 3395 De
2785 3357 2940 3396 mane
2969 3342 3113 3396 dedit
3138 3344 3413 3397 candelas.
3446 3344 3608 3397 Missa
3645 3342 3739 3396 fuit

2156 3429 2295 3483 dicta
2324 3430 2375 3483 in
2406 3440 2589 3483 sancto
2619 3430 2775 3485 Petro
2811 3446 2904 3499 per
2944 3432 3215 3487 dominum
3246 3433 3577 3487 cardinalem
3606 3433 3741 3486 Nea-

2160 3520 2471 3587 politanum.
2533 3519 2646 3574 Duo
2702 3521 2911 3575 diaconi
2974 3523 3273 3578 cardinales
3334 3525 3554 3577 stabant
3618 3532 3740 3576 ante

2158 3625 2302 3679 eum,
2336 3621 2390 3666 et
2429 3612 2574 3681 prior
2610 3613 3041 3685 presbyterorum
3072 3615 3423 3670 cardinalium
3469 3618 3632 3669 etiam
3670 3616 3740 3667 ad

2159 3701 2317 3755 latus.

2368 3795 2569 3850 CLXV.
2609 3796 2747 3849 Nota
2777 3797 2840 3850 de
2872 3796 2922 3850 Ν
2926 3798 3150 3851 alivitate
3172 3798 3359 3852 (ΙΙυὴιὶ
3380 3799 3524 3852 bene.

2231 3890 2381 3944 Anno
2417 3889 2626 3944 Domini
2662 3888 2818 3954 I598,
2856 3890 2908 3943 in
2956 3889 3095 3944 Urbe
3138 3890 3396 3944 Dominus
3442 3890 3743 3943 Bonifacius

2158 3976 2291 4049 papa
2341 3978 2435 4045 IX,
2482 3981 2567 4034 die
2612 3978 2794 4045 Lunae,
2842 3982 2892 4035 in
2938 3982 3116 4050 vigilia
3159 3981 3457 4035 Nativitatis
3499 3981 3741 4046 Christi,

2158 4069 2379 4137 incmpit
2402 4070 2680 4123 infirmari.
2712 4070 2955 4139 VeSperae
2980 4070 3189 4126 fuerunt
3219 4080 3444 4125 cantata
3476 4088 3574 4141 per
3604 4087 3745 4124 can-

2160 4168 2303 4214 tores
2330 4160 2382 4213 in
2411 4174 2598 4227 magna
2625 4161 2848 4227 capella.
2877 4160 3130 4214 Dominus
3159 4160 3337 4214 Pileus
3363 4162 3654 4216 cardinalis
3674 4161 3744 4215 do

2158 4248 2413 4303 Ravenna
2436 4248 2649 4317 incoepit
2676 4248 2957 4317 Vesperas,
2987 4250 3201 4304 indutus
3232 4250 3451 4318 pluviali
3479 4260 3533 4304 et
3561 4249 3743 4312 mitra,

2158 4347 2306 4393 stans
2344 4340 2411 4392 ad
2446 4320 2581 4392 latus
2627 4353 2795 4392 cornu
2826 4338 3011 4392 altaris
3058 4355 3219 4409 super
3259 4340 3595 4406 cathedram,
3650 4339 3744 4391 ubi

2158 4438 2298 4484 stant
2340 4429 2565 4499 praelati,
2603 4444 2723 4485 cum
2771 4430 3047 4485 celebrant
3086 4446 3266 4485 coram
3314 4446 3473 4499 papa.
3507 4432 3626 4500 Ipse
3654 4446 3747 4485 so-

2080 4529 2135 4588 ι)
2164 4521 2270 4575 Iutn
2299 4521 2431 4575 dixit
2455 4521 2784 4589 Orationem,
2824 4537 2922 4577 nec
2963 4523 3109 4577 dedit
3138 4524 3595 4579 Benedictinnem.
3620 4526 3744 4579 0m-

2159 4629 2255 4669 nes
2279 4614 2580 4669 cardinales
2602 4614 2956 4671 interfuerunt
2987 4618 3041 4670 in
3068 4618 3237 4671 media
3272 4629 3462 4681 nocte;
3492 4620 3739 4671 cardina-

2161 4708 2239 4761 les
2276 4706 2328 4760 in
2375 4706 2646 4760 Matutinis
2692 4721 2863 4775 neque
2896 4707 2948 4761 in
2993 4707 3165 4762 Missis
3210 4724 3313 4761 non
3359 4708 3740 4770 intrrfuerunt,

2160 4798 2256 4853 sed
2302 4796 2553 4853 dominus
2604 4796 2882 4855 Conradus
2930 4799 3362 4868 archiepiscopus
3414 4799 3745 4854 Nicosiensis

2161 4889 2508 4953 temerarius,
2535 4896 2591 4943 et
2629 4898 2655 4927 ι
2702 4888 2890 4943 Petrus
2926 4889 3228 4957 patriarcha
3257 4889 3547 4944 Cradensis
3578 4891 3749 4944 inter-

2162 4984 2380 5036 fuerunt
2428 4982 2481 5034 in
2530 4990 2642 5035 toto
2682 4981 2882 5047 ofﬁcio,
2917 4997 3036 5035 cum
3067 4983 3184 5036 aliis
3212 4993 3439 5050 quatuor
3486 4981 3743 5050 prmlatis,

2161 5085 2260 5127 nec
2288 5070 2544 5126 cortisani
2573 5079 2861 5126 venerunt.
2890 5070 3150 5125 Cantores
3180 5070 3423 5137 legebant
3461 5070 3746 5132 lectiones,

2159 5162 2517 5232 Antiphonas,
2556 5160 2828 5229 Psalmos;
2875 5170 2929 5218 et
2970 5160 3120 5218 dedit
3148 5160 3586 5216 Benedictiouem
3617 5158 3747 5213 heb—

2158 5254 2522 5309 domadarius.
2571 5254 2827 5308 Dominus
2874 5253 3203 5308 camerarius
3244 5253 3383 5307 dixit
3428 5252 3660 5318 primam
3689 5259 3751 5305 et

2159 5345 2445 5402 secundam
2478 5345 2690 5400 Missam
2729 5344 2930 5415 absque
2978 5342 3286 5407 intervallo;
3336 5341 3463 5398 fecit
3506 5354 3748 5395 comme-

2162 5436 2519 5492 morationem
2549 5435 2613 5490 de
2643 5449 2778 5503 papa
2811 5433 2863 5489 in
2899 5442 3122 5506 utraque
3158 5433 3336 5499 Missa,
3372 5446 3474 5487 nec
3501 5430 3651 5486 dedit
3688 5430 3744 5484 in

2164 5528 2268 5581 line
2309 5526 2482 5581 Missa:
2527 5523 2981 5589 Benedictionem,
3014 5523 3107 5577 sed
3154 5520 3415 5577 nuntiavit
3454 5519 3745 5587 indulgen-

2165 5618 2289 5673 tiam
2335 5632 2399 5672 ex
2438 5624 2591 5677 parte
2626 5629 2778 5683 papa:
2800 5614 2867 5668 de
2896 5630 2966 5668 vn
2993 5614 3147 5669 annis
3175 5625 3229 5669 et
3265 5628 3336 5667 vn
3364 5609 3740 5682 quadragenis.

558 5722 584 5750 "
614 5719 665 5774 Is
701 5726 787 5776 est
826 5719 1016 5777 I‘etrus
1047 5724 1260 5790 Ameht,
1291 5735 1474 5781 auctor
1514 5728 1673 5796 hujus
1704 5728 1840 5795 libri,
1866 5730 1955 5800 qui
1993 5744 2051 5785 se
2088 5729 2450 5802 patriarchatu
2479 5728 2805 5787 Gradensetn
2832 5725 2964 5784 dixit
2992 5741 3174 5798 supra,
3207 5738 3325 5795 cap.
3357 5723 3483 5781 158.
