3990 6358
965 376 974 381 ·
1016 377 1041 387 -ο

160 444 273 501 1505
766 452 769 453 ⁷
816 434 827 467 έ
922 452 977 467 "

1317 428 1574 487 ROMANI
1610 425 1916 487 ORDINES.
1958 461 2029 471 —
2066 429 2181 484 XV.

2562 347 2601 395 "lt
2626 382 2649 399 ,ί
2864 367 2900 403 ᾗ,
3021 368 3051 387 η
3360 380 3394 404 κ

3233 435 3378 495 {ait}

158 560 203 615 In
247 560 399 608 tertiis
436 547 646 603 Missam
688 546 819 603 dixit
863 547 1111 603 dominus
1154 542 1437 599 cardinalis
1476 542 1547 597 de
1592 543 1693 597 ila-
1720 545 1770 602 Α
1796 541 1951 597 debet
1982 541 2156 596 facere
2183 545 2413 596 castrum
2446 537 3067 601 doloriscum—candelis.
3100 546 3227 601 ltem
3256 552 3376 602 οἱνι-

156 657 324 702 venna.
353 653 418 693 vtt
455 637 752 692 cardinales
795 638 1171 702 interfuerunt,
1210 648 1307 688 nec
1339 633 1487 687 dedit
1530 632 1695 688 Bene-

154 734 406 790 dictionem
437 738 553 795 p05t
581 726 814 791 Missam,
841 738 892 781 et
915 729 1071 793 male,
1100 728 1219 797 quia
1248 721 1495 779 debebat.

215 826 262 881 In
301 820 511 893 prandio
558 820 806 875 dominus
848 824 1172 877 camerarius
1210 838 1332 876 cum
1363 818 1692 875 auditoribus

151 925 197 969 et
240 907 631 982 pqanilentiariis
672 911 841 964 tenuit
882 912 1139 966 tinellum.
1186 912 1301 965 Non
1350 911 1565 965 fuerunt
1609 920 1694 965 se-

150 1004 314 1059 cundat
340 1000 600 1066 Vespera).
635 997 689 1053 In
712 999 797 1052 die
826 1000 995 1054 sancti
1024 1000 1277 1068 Stepbani
1305 1000 1549 1056 dominus
1575 1013 1692 1053 car-

150 1095 321 1152 dinalis
361 1092 733 1159 Neapolitanus
787 1091 910 1146 fecit
959 1092 1223 1157 officium;
1282 1094 1335 1147 in
1389 1093 1473 1147 die
1524 1091 1691 1147 sancti

147 1185 343 1245 Joannis
370 1181 616 1237 dominus
641 1181 922 1235 cardinalis
951 1182 1017 1236 de
1047 1182 1304 1236 Bononia.

402 1271 631 1327 CLXVI.
664 1272 737 1326 De
766 1273 1011 1341 rxsequiis
1048 1271 1408 1326 cardinaliurn.

205 1368 326 1424 Nota
365 1367 431 1420 de
472 1364 744 1428 exsequiis
788 1363 1134 1419 cardinalium
1178 1362 1574 1418 defunctorum.
1620 1362 1693 1417 De

144 1472 251 1513 sero
296 1456 420 1510 fiunt
466 1454 737 1523 exsequiae
794 1467 890 1521 per
934 1453 1211 1522 religiosos
1258 1462 1314 1507 et
1362 1451 1693 1521 parocltiales

144 1548 378 1605 ecclesias
420 1544 474 1599 in
503 1540 706 1599 'tiuello
753 1550 1015 1612 praesente
1066 1542 1269 1610 funere,
1301 1552 1355 1599 et
1400 1544 1465 1597 ad
1518 1542 1694 1597 minus

146 1634 738 1709 quatuor‘brandonibus
767 1633 1024 1688 accensis.
1054 1632 1350 1688 Cardinalis
1382 1648 1510 1687 vero
1536 1632 1694 1687 debet

28 1706 39 1739 ἦ
136 1706 300 1802 jacere
338 1730 387 1783 in
421 1728 606 1782 lectica
635 1736 814 1795 parata
845 1725 912 1781 de
939 1724 1127 1795 pannis
1164 1726 1341 1779 aureis
1369 1735 1423 1780 et
1472 1724 1694 1779 ﬁmbriis

138 1823 198 1877 de
224 1822 366 1891 nigro
397 1834 519 1873 cum
552 1818 714 1872 armis
757 1818 919 1880 illius,
947 1824 1000 1870 et
1025 1815 1371 1869 familiaribus
1400 1814 1598 1868 indutis
1626 1812 1694 1868 de

1796 648 2124 702 cutnquaque
2152 632 2349 688 debent
2390 634 2547 689 etiam
2588 649 2714 691 esse.r
2733 636 2799 691 ad
2828 638 3002 693 minus
3046 654 3075 693 c
3125 639 3397 704 tortitite,’

1796 738 1847 781 et
1875 728 2011 794 plus,
2044 728 2333 783 secundum
2372 728 2701 784 voluntatem
2732 740 3133 799 exsecuturum;
3160 741 3215 788 et
3245 732 3368 789 toti-

1795 815 1916 870 dem
1947 818 2157 885 quando
2186 828 2425 888 portatur
2446 819 2512 873 ad
2540 819 2838 876 ecclesiam.

1870 906 2000 964 item
2050 894 2262 965 subtus.
2299 920 2529 967 castrum
2580 912 2782 968 doloris
2824 914 3013 970 sedent
3061 916 3369 975 familiares.

1798 998 1929 1054 Item
1960 997 2013 1053 in
2060 1000 2257 1055 feretro
2284 999 2481 1057 debent
2510 1016 2629 1058 esse
2655 1017 2903 1074 magnum
2934 1014 2987 1060 et
3014 1006 3227 1076 longum
3255 1010 3370 1079 pul-

1797 1089 1952 1144 vinar
1989 1090 2175 1146 subtus
2205 1099 2364 1161 caput
2401 1092 2685 1147 cardinalis
2725 1094 2788 1149 de
2816 1094 3000 1164 nigro;
3029 1096 3152 1151 item
3201 1114 3367 1154 unum

1796 1178 1937 1236 aliud
1968 1182 2033 1236 ad
2062 1184 2250 1252 pedes,
2284 1198 2444 1252 super
2472 1200 2576 1254 quo
2602 1178 2746 1240 stant
2774 1185 2878 1240 duo
2911 1187 3029 1255 pilei
3060 1191 3367 1246 cardinalis.

1796 1272 1970 1328 Finita
1995 1273 2171 1343 Missa,
2197 1275 2287 1344 qui
2320 1277 2446 1331 facit
2467 1275 2721 1342 officium,
2743 1277 2982 1347 deposita
3007 1280 3211 1346 planeta
3238 1298 3361 1336 cum

1797 1360 2076 1427 ministris,
2104 1377 2224 1418 cum
2267 1363 2537 1418 tlturibulo
2561 1373 2615 1419 et
2658 1380 2791 1434 aqua
2831 1364 3108 1420 benedicta
3150 1368 3373 1423 accedat

1797 1465 1963 1522 prope
1989 1459 2145 1520 caput
2171 1450 2404 1506 defuncti
2432 1461 2580 1506 extra
2607 1464 2861 1521 castrum,
2893 1464 2947 1511 et
2974 1457 3212 1512 absolute
3238 1457 3370 1512 inci-

1795 1542 1875 1611 pit
1912 1540 2068 1596 mitra
2096 1541 2334 1611 deposita
2368 1541 2492 1597 Non
2526 1543 2682 1597 intres
2711 1545 2786 1607 in,
2818 1552 2923 1599 etc.
2951 1544 3204 1599 Oratione
3232 1545 3379 1599 facta

1796 1632 1878 1687 vel
1928 1632 2093 1696 ﬁnita,
2137 1642 2383 1687 cantores
2430 1640 2645 1687 cantant
2694 1632 2985 1700 Subvenite,
3017 1635 3199 1689 sancti.
3253 1634 3369 1701 Quo

1797 1728 2026 1786 cstntato,
2062 1720 2189 1796 dicit
2213 1720 2395 1792 Kyrie,
2430 1723 2637 1789 eleison,
2666 1729 2720 1776 et
2752 1722 3017 1777 thurificat
3045 1731 3099 1778 el
3137 1724 3369 1793 aspergit

1799 1813 1955 1870 funus
1980 1830 2112 1885 aqua
2141 1816 2440 1884 benedicta,
2470 1826 2629 1886 prout
2656 1818 2710 1872 in
2731 1818 3013 1873 Ordinario
3042 1818 3364 1874 continetur.

138 1912 301 1981 nigro.
332 1909 535 1963 Debent
566 1909 975 1978 circumquaque
1012 1908 1200 1963 sedere
1240 1922 1403 1977 prope
1436 1907 1687 1961 feretrum
1718 1902 1767 1961 Β
1794 1903 1943 1959 Tunc
1984 1905 2175 1961 adsunt
2224 1917 2452 1976 quatuor
2497 1908 2791 1978 presbyteri
2836 1909 3153 1976 cardinales,
3197 1909 3368 1963 induti

133 2002 325 2064 ﬂendo;
356 1990 667 2055 cardinalis'
695 2014 850 2064 vero,
870 2001 911 2054 si
946 2008 1028 2053 est
1054 1999 1355 2067 episcopus,
1386 1996 1539 2051 debet
1570 2009 1689 2051 esse

132 2092 351 2146 totaliter
398 2090 617 2143 indutus
659 2090 725 2144 de
752 2089 988 2144 vestibus
1027 2088 1193 2143 sacris
1221 2088 1418 2143 coloris
1440 2076 1577 2156 nigri
1602 2094 1690 2139 aut

128 2180 341 2234 violacei
373 2179 630 2244 totaliter,
662 2188 713 2231 ut
745 2178 1000 2246 pontifex,
1025 2176 1182 2248 542
1202 2192 1322 2231 cum
1350 2177 1504 2230 mitra
1533 2176 1686 2240 alba;

30 2270 33 2273 ’
128 2270 454 2326 cltirotbecas
497 2278 551 2324 et
579 2270 816 2324 sandalia
844 2285 963 2323 cum
996 2270 1189 2322 annulo
1218 2268 1524 2337 pontificali,
1558 2266 1691 2322 facie

124 2364 284 2417 velata
315 2376 433 2415 cum
468 2361 589 2415 velo
613 2360 678 2414 de
716 2361 908 2414 serico.
942 2359 1069 2413 ltem
1099 2358 1143 2413 si
1165 2358 1231 2412 sit
1262 2358 1555 2428 presbyter,
1587 2372 1690 2412 co-

124 2452 236 2504 dem
267 2450 465 2514 modo;
504 2450 548 2503 si
581 2450 855 2514 diaconus,
882 2449 1067 2502 cudi-m
1098 2450 1277 2516 modo,
1303 2449 1395 2502 sed
1428 2448 1479 2502 in
1510 2448 1688 2502 habitu

122 2540 342 2608 diaconi,
377 2549 434 2593 at
475 2555 583 2593 non
632 2555 751 2593 cum
799 2540 1027 2607 planeta,
1058 2553 1154 2592 nec
1198 2554 1318 2592 cum
1347 2537 1686 2602 cltirotltecis,

124 2644 219 2683 nec
248 2644 365 2682 cum
397 2628 614 2682 annulis
644 2626 1049 2695 pontiﬁcalibus,
1082 2627 1173 2681 sed
1206 2642 1324 2681 cum
1349 2626 1470 2681 aliis
1498 2626 1692 2681 tunicis

114 2728 163 2775 et
196 2718 369 2787 parvis
398 2717 749 2781 cliirotliecis,
774 2724 829 2771 et
858 2731 1018 2785 parvo
1044 2716 1262 2776 annulo.
1570 2724 1577 2733 ‘

184 2810 309 2863 Item
345 2811 400 2862 in
432 2809 713 2877 exsequiis
740 2807 1086 2861 cardinalium
1118 2823 1329 2877 semper
1357 2823 1491 2863 unus
1518 2796 1690 2863 cardi-

113 2901 245 2955 nalis
289 2900 453 2955 debet
498 2900 672 2954 dicere
720 2899 950 2954 Missam.
986 2899 1299 2955 Sermonem
1350 2900 1467 2953 facit
1500 2902 1688 2969 aliquis

114 2992 365 3060 magister
396 2991 448 3044 in
478 2990 765 3059 theologia,
795 2993 883 3058 qui
915 2990 1072 3045 debet
1112 2991 1225 3045 fieri
1256 3000 1373 3060 post
1396 2992 1604 3045 Missam
1636 3001 1690 3047 et

1795 2008 1914 2047 cum
1945 1993 2260 2062 pluvialibus
2288 2003 2344 2050 et
2385 1995 2557 2049 niitris
2585 1996 2719 2051 albis
2757 2006 2810 2051 et
2840 1997 3019 2063 stolis;
3055 2007 3107 2052 et
3154 2005 3367 2051 cantato

1796 2082 1877 2136 Ne
1904 2083 2206 2146 recorderis,
2240 2084 2507 2153 antiquior
2536 2085 2662 2140 dicit
2694 2084 3019 2151 Orationem,
3057 2101 3214 2155 quam
3262 2086 3365 2140 sibi

1794 2174 1965 2241 placet
1993 2183 2107 2243 post
2140 2172 2295 2228 Pater
2324 2185 2515 2239 noster,
2545 2184 2602 2229 ut
2635 2190 2817 2243 supra,
2848 2185 2902 2230 et
2942 2177 3225 2243 tlmrificat,
3256 2186 3365 2230 etc.

1792 2263 1978 2319 Postea
2010 2274 2251 2320 cantatur
2284 2265 2534 2320 Memento
2564 2268 2681 2334 mei,
2708 2265 2867 2321 Deus.
2900 2268 3014 2332 Quo
3043 2268 3205 2333 dicto,
3230 2266 3365 2322 alius

1791 2356 2098 2423 cardinalis,
2131 2355 2287 2427 543
2318 2357 2407 2424 qui
2457 2364 2540 2411 est
2592 2357 2935 2423 penultitous,
2974 2356 3160 2411 eodem
3206 2356 3365 2410 modo

1794 2445 2080 2509 tltttrificat,
2129 2454 2183 2500 et
2222 2447 2351 2500 dicit
2398 2448 2556 2501 aliam
2605 2448 2934 2503 Orationem.
2967 2449 3364 2517 Consequentcr

1793 2536 2096 2591 immediate
2126 2536 2260 2591 a‘ius
2308 2538 2617 2602 cardinalis,
2664 2540 2751 2607 qui
2795 2547 2899 2593 Stat
2926 2538 2993 2593 ab
3030 2541 3134 2593 alio
3174 2540 3361 2604 latere,

1790 2628 1879 2698 qui
1904 2629 2137 2682 secundo
2162 2628 2280 2681 loco
2301 2628 2427 2683 dicit
2453 2630 2779 2694 Orationem,
2806 2631 3049 2685 similiter
3076 2631 3363 2693 tlmriflcat,

1796 2730 1953 2788 prout
1997 2720 2083 2773 alii
2118 2720 2378 2787 fecerunt,
2408 2730 2461 2774 et
2487 2721 2753 2787 dixerunt,
2784 2729 2841 2777 et
2871 2722 3173 2775 Orationem
3209 2737 3363 2788 quam

1794 2809 1894 2863 sibi
1931 2810 2121 2877 placet.
2152 2810 2350 2864 Di-inde
2383 2811 2600 2866 ultimus
2631 2812 2925 2879 cardinalis,
2949 2813 3195 2867 similiter
3220 2814 3359 2867 facit.

1791 2897 1993 2962 Quibus
2026 2898 2205 2964 finitis,
2234 2910 2474 2954 cantatur
2498 2899 2680 2955 Libera
2710 2920 2810 2968 me,
2841 2902 3073 2957 Domine.
3097 2904 3213 2969 Quo
3235 2917 3360 2957 can-

1792 2995 1923 3052 tato,
1957 2987 2045 3041 ille
2076 2988 2162 3054 qui
2208 2987 2333 3043 facit
2364 2988 2872 3046 officium‘similiter
2901 3001 2957 3046 ut
2990 2993 3131 3055 irius
3158 2992 3363 3046 thurifi-

113 3090 235 3135 ante
260 3080 682 3135 absolutionem.
710 3080 871 3134 Facto
897 3094 1167 3145 sermone,
1199 3090 1425 3150 quatuor
1448 3080 1688 3135 cardina-
1791 3089 1897 3145 cat,
1930 3088 1981 3145 et
2007 3078 2135 3134 dicit
2163 3080 2398 3134 ultimam
2426 3080 2751 3147 Orationem,
2778 3083 2983 3137 scilicet
3002 3084 3231 3147 Absolve,
3253 3090 3362 3138 etc.

110 3172 186 3225 les
231 3173 536 3243 presbyteri
591 3171 918 3241 antiquiores
970 3171 1194 3226 induunt
1243 3187 1302 3229 se
1358 3188 1519 3243 super
1568 3172 1688 3229 alba
1790 3166 1858 3221 Et
1882 3176 2005 3222 tunc
2033 3168 2254 3235 quilibet
2283 3171 2504 3233 recedit.
2530 3180 2583 3226 et
2608 3172 2665 3225 iit
2692 3187 2892 3228 sermo.

108 3265 324 3329 amictu,
355 3265 484 3319 albo
506 3264 785 3328 cinctorio,
811 3262 1042 3317 orarium
1084 3273 1137 3318 et
1168 3262 1392 3331 pluviale
1418 3279 1538 3319 cum
1584 3279 1681 3317 an-
1714 3265 1761 3329 α
1864 3258 2093 3313 Attende
2119 3258 2255 3327 quod
2285 3274 2424 3314 anno
2453 3260 2608 3327 1434,
2634 3261 2686 3315 in
2716 3262 2985 3331 exsequiis
3016 3261 3214 3316 domini
3245 3277 3363 3317 car-

105 3354 260 3418 nulis,
294 3362 353 3409 et
396 3356 518 3409 sine
557 3353 877 3408 chirotltecis
907 3364 960 3409 et
989 3353 1257 3409 sandaliis.
1291 3354 1440 3408 Tunc
1476 3353 1565 3407 ille
1594 3354 1682 3422 qui
1793 3349 1986 3403 dinalis
2025 3350 2365 3406 Novariensis
2403 3350 2693 3406 celebravit
2723 3352 2934 3407 Missam
2967 3352 3212 3407 dominus
3240 3368 3360 3407 car-

104 3445 231 3499 dixit
262 3446 489 3500 Missam
538 3446 825 3511 antecedit,
860 3455 913 3500 et
951 3445 1036 3499 alii
1067 3454 1172 3500 tres
1221 3455 1509 3514 sequuntur
1540 3460 1555 3497 :
1591 3459 1685 3497 va-
1789 3440 1983 3494 dinalis
2010 3442 2177 3496 sancti
2222 3440 2412 3507 Marci;
2455 3450 2508 3496 et
2547 3442 2683 3496 dicta
2731 3442 2888 3497 Missa
2937 3443 3240 3499 immedia'e
3270 3440 3362 3499 fuit

100 3537 227 3590 dunt
274 3550 459 3604 prope
510 3543 741 3587 castrum
796 3535 1016 3598 doloris,
1070 3544 1123 3588 et
1169 3545 1415 3590 cantores
1472 3542 1690 3589 cantant
1790 3545 1989 3585 sermo.
2021 3530 2185 3585 Facto
2224 3544 2490 3597 sermone,
2518 3530 2766 3586 dominus
2805 3532 3086 3586 cardinalis
3118 3531 3184 3586 de
3214 3530 3363 3587 Ursi-

102 3624 283 3679 Libera
326 3641 438 3690 me,
486 3624 716 3678 Domine.
750 3623 867 3690 Quo
907 3632 1139 3690 cantato,
1171 3626 1258 3693 qui
1297 3624 1430 3678 dixit
1476 3624 1687 3679 Mis:am
1792 3620 1893 3683 nis,
1944 3619 2192 3675 dominus
2236 3621 2521 3676 cardinalis
2576 3623 2741 3677 sancti
2800 3621 3065 3687 Marcelli,
3118 3621 3363 3676 dominus

94 3719 340 3788 aspergit
389 3730 613 3785 corpus,
661 3715 745 3770 vel
796 3715 1048 3770 feretrum
1098 3730 1232 3783 aqua
1283 3716 1581 3780 benedicta,
1636 3725 1691 3770 ει
1798 3707 2155 3778 Venetiarum,
2183 3708 2435 3765 dominus
2460 3712 2745 3767 cardinalis
2774 3711 2945 3766 sancti
2977 3700 3158 3776 Marci,
3191 3708 3363 3765 induti

96 3808 376 3862 titurificat
406 3805 638 3860 dicendo
680 3805 833 3858 Pater
859 3814 1045 3869 noster,
1078 3814 1180 3859 etc.
1216 3804 1279 3858 Et
1311 3805 1436 3859 facit
1466 3806 1687 3874 primam
1796 3798 2108 3864 pluvialibus
2137 3810 2391 3854 Venerunt
2422 3802 2484 3856 ad
2517 3803 2789 3857 feretrum.
2838 3803 2903 3858 Et
2941 3806 3111 3872 primo
3150 3811 3365 3858 antece-

90 3899 544 3960 absolutionem;
595 3896 789 3951 deinde
838 3896 925 3950 alii
974 3906 1080 3950 tres
1130 3900 1318 3950 eodem
1360 3897 1516 3950 modo
1541 3894 1691 3964 juxta
1794 3889 1988 3942 dibant
2023 3889 2128 3943 duo
2160 3892 2451 3960 presbyteri
2490 3893 2809 3957 cardinales,
2838 3893 3085 3949 videlicet
3115 3894 3362 3948 dominus

92 3988 350 4040 ordinem
388 3998 576 4048 suum,
605 3993 762 4051 prout
793 3984 842 4036 in
874 3983 1011 4038 libro
1040 3984 1360 4037 continetur.
1385 3981 1691 4038 Cardinales
1800 3979 1967 4031 sanCli
2000 3978 2254 4043 Marcelli.
2288 3988 2341 4034 ει
2370 3980 2618 4034 dominus
2648 3982 3017 4047 Vt‘nelial‘um;
3047 3982 3239 4037 (ιε’ῘηιΙθ
3266 3980 3367 4037 ἀο-

93 4090 224 4130 vero
261 4076 363 4129 alii
399 4083 461 4128 et
491 4081 630 4127 totus
655 4073 829 4128 clerus
858 4081 1101 4127 remanet
1140 4072 1191 4126 in
1221 4072 1406 4128 choro.
1437 4072 1492 4127 Si
1523 4070 1694 4126 factus
1797 4067 1973 4122 minus
2003 4068 2071 4122 de
2116 4069 2321 4124 Ursinis
2358 4071 2638 4140 episc0pus
2679 4071 2984 4139 cardinalis,
3020 4080 3074 4126 et
3120 4071 3370 4126 dominus

91 4178 277 4217 sermo
330 4177 449 4216 non
483 4162 552 4216 sit
599 4172 717 4230 post
764 4162 1127 4229 Evangelium,
1178 4172 1332 4229 prout
1373 4161 1563 4216 alicubi
1611 4162 1690 4229 fit,
1797 4159 1965 4213 sancti
2012 4160 2173 4215 Marci
2219 4162 2495 4232 presbyter
2539 4161 2822 4217 cardinalis
2871 4162 2961 4233 qui
3005 4162 3373 4219 celebraverat

87 4255 213 4322 quia
266 4264 466 4308 tamen
500 4253 733 4306 ttomana
770 4254 1003 4308 Ecclesia
1044 4269 1147 4307 non
1172 4254 1467 4318 consuevit,
1499 4267 1695 4322 exspe-
1801 4248 1890 4301 illo
1918 4263 2100 4312 mane;
2141 4259 2194 4305 et
2222 4250 2329 4305 duo
2364 4253 2597 4320 ipsorum
2639 4259 2899 4307 steterunt
2928 4252 2995 4307 ad
3036 4267 3200 4308 unum
3233 4250 3370 4307 latus

85 4356 241 4401 ctant
283 4345 635 4409 cardinales;
685 4354 739 4399 et
792 4343 929 4398 facta
978 4344 1310 4399 absolutione
1360 4345 1449 4398 fiat
1495 4358 1692 4400 sermo.
1801 4339 2002 4408 feretri,
2027 4351 2080 4399 et
2120 4343 2224 4397 duo
2254 4343 2305 4398 in
2344 4344 2514 4398 altero
2556 4343 2735 4400 latere.
2774 4342 3003 4399 Primam
3032 4353 3209 4399 autem
3242 4345 3373 4399 Ora-

84 4436 272 4506 Aliqui
328 4444 523 4489 tamen
564 4443 958 4489 consueverunt
1005 4435 1184 4489 facere
1226 4447 1528 4488 sermonem
1571 4443 1695 4488 ante
1805 4435 2001 4489 tionem
2028 4435 2161 4491 dixit
2190 4438 2438 4492 dominus
2466 4440 2636 4494 sancti
2672 4439 2831 4494 Marci
2860 4440 2951 4509 qui
2980 4439 3367 4506 celebraverat,

80 4526 539 4590 absolutionem;
569 4533 623 4579 et
665 4526 764 4579 hoc
792 4534 873 4578 est
912 4526 1123 4593 quando
1156 4525 1320 4578 altare
1342 4524 1581 4595 jungitur
1610 4523 1694 4578 vel
1804 4526 2068 4591 videlicet,
2116 4530 2235 4582 Non
2275 4531 2429 4583 intres
2472 4531 2524 4584 in
2562 4531 2801 4602 judicio,-
2844 4540 2899 4585 et
2940 4540 3209 4599 cantores,
3239 4531 3375 4588 dicta

80 4617 457 4686 contignatur
487 4617 673 4680 choro,
700 4618 947 4683 quoniam
973 4614 1167 4670 ibidem
1192 4622 1430 4669 remanet
1456 4614 1691 4681 indutus,
1727 4615 1777 4675 D
1805 4618 1893 4671 illa
1921 4618 2197 4686 Oratione,
2234 4619 2483 4674 dixerunt
2510 4621 2792 4684 cantando,
2827 4620 3117 4688 Subvenite,
3147 4629 3201 4676 et
3228 4622 3371 4676 dicto

75 4707 167 4774 qui
195 4706 463 4762 officium
490 4705 1033 4761 fecit.Verumtamen
1056 4707 1374 4773 ubicunque,
1398 4706 1511 4760 sive
1534 4720 1697 4775 prope
1805 4724 1899 4778 per
1946 4723 2039 4763 eos
2088 4710 2266 4781 Kyrt'e,
2314 4711 2520 4777 eleison,
2571 4711 2818 4765 dominus
2865 4711 2933 4767 de
2983 4711 3188 4767 Ursinis
3242 4711 3377 4767 dixit

75 4800 344 4862 chorum,
403 4797 529 4851 sive
577 4797 748 4866 longe,
782 4799 988 4851 dicatur
1028 4798 1205 4852 Missa.
1238 4797 1335 4865 Qui
1375 4813 1490 4852 eam
1539 4797 1695 4864 dixit,
1804 4800 1965 4854 Pater
1998 4810 2185 4868 noster,
2232 4810 2287 4857 et
2332 4802 2556 4873 aspersit
2598 4818 2786 4872 aquam
2823 4801 3174 4866 benedictam,
3206 4810 3261 4857 et
3295 4802 3373 4856 in-

73 4900 341 4943 remanet
388 4889 619 4943 indutus
648 4904 767 4942 cum
812 4889 957 4943 clero
1004 4905 1102 4944 suo
1133 4899 1253 4943 ante
1281 4888 1466 4954 altare,
1502 4905 1699 4955 quous-
1802 4895 2063 4957 ceusavit,
2114 4902 2169 4947 et
2216 4894 2349 4947 dixit
2396 4894 2685 4949 secundam
2728 4896 3055 4961 Orationem,
3108 4893 3372 4959 videlicet,

66 4994 176 5047 que
240 4994 448 5034 sermo
479 4980 549 5033 sit
581 4980 776 5033 finitus.
812 4979 935 5033 ldeo
978 4980 1065 5033 ille
1115 4981 1204 5048 qui
1251 4979 1501 5048 prtedicat
1538 4980 1695 5035 debet
1803 4984 1961 5049 Deus,
1999 4985 2083 5038 cui
2123 4986 2293 5038 omnia
2318 4987 2505 5039 vivunt.
2546 4984 2614 5039 Et
2642 4987 2781 5040 dicta
2826 4986 3098 5051 Oratione,
3135 4992 3378 5039 cantores

60 5078 220 5123 stare
255 5070 314 5123 in
355 5069 491 5124 loco
521 5069 799 5133 eminenti,
823 5084 979 5137 quem
1011 5069 1177 5138 possit
1207 5069 1389 5123 audire
1413 5070 1573 5123 etiam
1599 5070 1689 5139 qui
1800 5074 2048 5128 dixerunt
2079 5074 2161 5126 Ne
2201 5076 2513 5139 recorderis;
2553 5083 2605 5128 et
2652 5075 2795 5129 dicto
2830 5075 3005 5145 Kyrie,
3046 5075 3256 5141 eleison,
3282 5074 3379 5129 do-

60 5160 207 5214 dixit
242 5162 518 5215 Missam.
545 5161 597 5215 In
627 5161 770 5215 dicto
799 5177 1045 5215 sermone
1077 5176 1177 5215 non
1205 5164 1358 5217 datur
1384 5161 1692 5217 Benedictio
1802 5164 1975 5217 minus
2001 5162 2286 5217 cardinalis
2313 5164 2478 5216 sancti
2514 5163 2744 5217 Marcelli
2769 5164 2836 5217 ab
2863 5164 2967 5217 alio
2997 5164 3162 5218 latere
3191 5176 3375 5233 asper-

58 5266 163 5303 nec
199 5251 589 5317 indulgentia.
624 5251 751 5306 Item
782 5253 831 5304 in
874 5252 1029 5305 Missa
1062 5262 1309 5307 tenentur
1347 5266 1529 5307 omnes
1574 5268 1690 5307 car—
1798 5255 1869 5308 sit
1911 5262 1964 5308 et
2002 5254 2313 5318 incensavit,
2350 5262 2405 5308 et
2433 5254 2573 5307 dixit
2610 5255 2915 5308 Orationem
2943 5255 3170 5317 tertiam,
3202 5255 3378 5309 videli-

56 5338 315 5403 diuales,
350 5347 415 5393 et
438 5354 631 5393 onmes
656 5342 858 5410 prtelati
886 5342 936 5394 in
967 5341 1183 5396 sedibus
1210 5344 1320 5395 suis
1338 5359 1361 5407 ε,
1386 5352 1439 5396 et
1468 5344 1693 5410 quilibet
1798 5352 1884 5397 cct
1928 5341 2150 5408 lnclina,
2198 5342 2433 5407 Domine,
2476 5358 2593 5412 qua:
2637 5344 2817 5397 Oratio
2863 5354 2943 5398 est
2976 5346 3024 5397 in
3057 5344 3272 5399 Missali.
3310 5344 3377 5400 Et

55 5427 233 5482 debet
267 5429 503 5483 habere
553 5431 804 5484 tortitiam
852 5432 915 5486 ad
946 5434 1120 5486 minus
1161 5433 1226 5486 de
1254 5444 1478 5501 quatuor
1518 5434 1687 5499 libris,
1797 5439 1934 5490 dicta
1964 5436 2235 5500 Oratione,
2263 5443 2508 5489 cantores
2532 5436 2778 5489 dixerunt
2810 5434 2909 5501 Qui
2932 5435 3204 5488 Lazarum.
3231 5436 3372 5490 Idem

53 5518 401 5573 cardinales
433 5526 495 5572 et
523 5522 867 5589 patriarchae;
896 5522 983 5577 alii
1031 5531 1157 5578 itero
1203 5524 1270 5578 de
1313 5525 1463 5589 libra,
1494 5535 1583 5579 aut
1623 5528 1691 5582 de
1797 5527 2045 5580 dominus
2094 5526 2377 5580 cardinalis
2422 5526 2587 5579 sancti
2636 5526 2816 5591 Marci,
2867 5528 2957 5596 qui
3011 5529 3376 5582 celebraverat

48 5606 286 5662 duabus
324 5608 521 5674 libris,
554 5610 693 5665 sicut
720 5612 943 5680 placebit
975 5615 1409 5670 exsecutoribus.
1796 5618 2031 5680 Missam,
2059 5618 2143 5686 qui
2175 5625 2288 5670 erat
2329 5615 2379 5669 in
2422 5615 2526 5669 alio
2557 5615 2742 5681 latere,
2777 5625 2837 5670 ut
2860 5632 3043 5686 supra,
3072 5619 3190 5672 loco
3218 5618 3375 5670 unius

124 5696 278 5753 Item
340 5699 576 5753 Missam
630 5701 787 5758 debet
830 5705 1099 5759 celebrare
1139 5705 1446 5773 cardinalis,
1491 5715 1543 5759 et
1582 5722 1692 5761 ser-
1796 5706 2092 5778 presbyteri
2136 5705 2419 5760 cardinalis
2463 5706 2548 5773 qui
2598 5706 2901 5773 deficiebat,
2936 5718 3163 5776 aspersit
3202 5714 3254 5761 et
3294 5708 3373 5759 in-

42 5806 295 5847 tnoneut
348 5786 552 5846 facere
598 5801 716 5861 post
761 5794 973 5849 Missam
1012 5806 1067 5850 et
1113 5794 1523 5853 absolutionem.
1560 5797 1691 5853 Item
1794 5798 2050 5866 censat‘it,
2081 5805 2134 5851 et
2178 5796 2310 5852 dixit
2352 5798 2657 5852 Orationem
2692 5796 2819 5865 Far,
2851 5814 3161 5867 quresumus,
3194 5796 3370 5849 uenti-
