3990 6296
669 376 797 431 1567

1346 370 1682 425 APPENDIX
1724 370 1814 425 AD
1854 370 1911 427 S.
1953 372 2283 431 GREGORII
2320 373 2535 432 MAGNI
2572 372 2931 432 LITURGICA
2973 375 3214 431 O‘PERA.

3786 382 3908 436 13053

665 496 745 546 ne,
781 483 910 533 hanc
932 492 1043 529 cum
1072 491 1232 541 set-vo,
1259 485 1360 530 etc.
1385 476 1495 542 Qua
1519 476 1771 532 Oratione
1799 476 1960 544 dicta,
1989 486 2235 536 cantores
2262 484 2311 541 Α
2339 481 2505 545 nales,
2536 484 2628 551 qui
2664 497 2783 538 eum
2825 484 3181 549 associabant,
3212 492 3334 538 ante
3373 484 3745 541 banderensea
3778 493 3908 556 cqui-

663 569 907 622 tlixcrunt
941 564 1342 632 Mementonnei,
1378 565 1544 632 Deus;
1569 575 1622 624 et
1642 567 1787 623 dicto
1816 567 1993 637 lt'yrie,
2023 568 2231 636 eleison,

660 658 904 711 dominus
941 656 1230 711 cardinalis
1282 656 1621 713 Venetiarum
1673 660 1805 713 dixit
1846 659 2005 713 Pater
2047 672 2231 725 noster,

658 756 711 799 et
739 746 941 815 apersit
974 756 1027 801 et
1055 747 1370 811 incensavit,
1414 760 1469 804 et
1494 752 1628 805 dixit
1668 753 1972 807 Orationem
2005 755 2231 821 Absolve,

657 851 969 903 qutesumus,
1000 836 1233 904 Domine,
1279 842 1502 892 animum
1532 841 1713 908 famuli
1759 842 1851 897 tui.
1883 842 2011 907 Quae
2054 844 2234 897 Oratio

628 930 736 1014 [est
766 927 816 979 in
844 927 1061 981 Missali.
1094 930 1203 995 Qua
1234 930 1485 984 Oratione
1524 931 1689 997 dicta,
1715 943 1960 987 cantores
1989 934 2238 988 dixerunt

656 1016 839 1070 Libera
867 1033 966 1080 me,
1002 1018 1238 1087 Domine,
1285 1019 1349 1073 de
1394 1018 1575 1089 morte,
1617 1030 1721 1077 etc.
1765 1022 1830 1078 Et
1866 1022 2007 1078 dicto
2050 1023 2236 1093 Kyrie,

655 1109 863 1171 eleison,
899 1124 1007 1163 non
1046 1111 1144 1163 fuit
1175 1111 1524 1176 incensatum,
1557 1113 1649 1167 sed
1679 1112 1925 1169 dominus
1950 1114 2236 1169 cardinalis

654 1199 821 1250 sancti
853 1198 1011 1252 Marci
1055 1200 1104 1251 in
1154 1200 1259 1254 line
1288 1200 1421 1255 dixit
1460 1202 1785 1268 Orationem,
1819 1203 2084 1271 videlicet,
2128 1204 2234 1256 Ab-

656 1291 815 1357 solve,
845 1306 964 1359 qua:
991 1292 1173 1349 Oratio
1200 1303 1279 1346 est
1314 1294 1363 1346 itt
1392 1294 1567 1347 officio
1589 1303 1940 1348 mortuorum.

654 1446 900 1503 CLXVII.
935 1451 1154 1516 Quando
1182 1451 1419 1521 dominus
1448 1451 1721 1506 Ladislaus
1742 1468 1834 1505 rex
1858 1453 2237 1521 Neapolitanus

1212 1520 1429 1574 Romam
1456 1523 1680 1576 intravit.

727 1654 861 1708 Nota
882 1656 1019 1723 quod
1039 1672 1179 1710 anno
1198 1656 1403 1711 Domini
1421 1658 1578 1723 1395,
1595 1657 1681 1711 die
1703 1657 1915 1712 Sabbati
1936 1656 2001 1711 18
2017 1657 2233 1726 Aprilis,

652 1746 701 1797 itt
730 1747 906 1815 vigilia
938 1747 1173 1813 Paschaa,
1213 1747 1459 1803 dominus
1506 1748 1779 1803 Ladislaus
1808 1764 1899 1803 rex
1934 1748 2237 1817 Neapolita-

2341 569 2540 635 tabant,
2570 580 2625 625 et
2653 571 2723 625 illi
2755 574 3031 627 vexilliferi
3060 574 3419 629 Romanorum
3452 576 3773 631 immediate
3796 590 3907 634 ante

2338 674 2515 728 regem
2544 662 2876 730 equitabant;
2902 673 3023 731 post
3052 678 3229 733 regem
3275 665 3583 719 immediate
3615 667 3905 734 patriarcha

2338 748 2645 815 Gradensis,
2677 762 2733 805 et
2775 763 2893 820 post
2920 767 3043 809 eum
3073 768 3255 809 comes
3285 754 3575 823 Laurentii,
3608 764 3667 810 et
3697 756 3791 810 alii
3819 759 3906 812 mi-

2336 837 2452 891 lites
2478 845 2534 893 et
2555 838 2775 906 praelati.
2800 910 2817 916 _

2408 926 2501 981 Die
2548 943 2676 982 vero
2719 937 2917 983 sanctae
2956 929 3194 996 Pasehte,
3233 932 3283 984 in
3330 932 3513 996 Missa,
3560 947 3659 987 rex
3707 943 3904 1003 semper

2336 1017 2551 1071 servivit
2578 1033 2728 1087 papm
2757 1020 2824 1074 de
2850 1034 3006 1089 aqua,
3038 1028 3093 1075 et
3119 1036 3330 1090 semper
3358 1022 3581 1077 sedebat
3610 1023 3757 1076 inter
3787 1025 3903 1077 duos

2338 1111 2537 1176 primos
2563 1111 2844 1180 episcOpos
2873 1110 3198 1175 cardinales;
3228 1111 3423 1165 deinde
3452 1111 3759 1181 patriarcha
3785 1114 3901 1167 Coti-

2335 1199 2838 1267 stantinopolitanus
2865 1209 2983 1266 post
3004 1201 3233 1268 priorem
3262 1202 3637 1270 presbyterum
3670 1204 3898 1256 cardine.

2337 1292 2463 1359 lem,
2491 1294 2581 1361 qui
2618 1301 2740 1347 erat
2767 1294 2951 1348 tertius
2992 1295 3045 1347 in
3095 1294 3182 1347 illa
3224 1294 3381 1358 sede;
3412 1294 3614 1349 deinde
3644 1295 3898 1363 Subprior,

2335 1382 2529 1437 deinde
2570 1382 2868 1450 patriarcha
2912 1381 3219 1449 Gradensis,
3269 1392 3322 1437 et
3367 1384 3445 1437 sic
3486 1397 3678 1437 omnes
3719 1385 3827 1436 alii.
3854 1387 3898 1436 ln

2336 1475 2558 1543 prandio
2594 1490 2718 1528 VCI‘U
2756 1475 2930 1529 dictus
2959 1489 3050 1528 rex
3086 1476 3141 1527 in
3171 1488 3351 1528 mensa
3383 1474 3545 1529 etiam
3575 1475 3792 1529 sedebat
3830 1478 3898 1529 in-

2338 1576 2417 1622 ter
2440 1565 2577 1620 duos
2609 1567 2807 1634 primos
2835 1565 3115 1632 episcopos
3141 1564 3457 1619 cardinales.

2406 1656 2539 1713 Nota
2566 1655 2706 1725 quod
2736 1670 2874 1710 anno
2901 1655 3114 1710 Domini
3143 1653 3300 1717 1400,
3327 1654 3673 1723 pontiﬁcatus
3712 1655 3895 1711 domini

2339 1748 2596 1802 Bonifacii
2637 1762 2784 1817 papa:
2826 1747 2901 1801 IX.
2948 1761 3087 1801 anno
3134 1747 3221 1811 l2,
3268 1747 3320 1800 in
3371 1746 3605 1801 secunda
3639 1747 3895 1802 Dominica

656 1852 754 1889 nus
788 1837 1008 1891 Romam
1039 1838 1274 1904 intravit,
1305 1850 1359 1893 et
1395 1840 1447 1893 in
1486 1848 1672 1893 sancto
1715 1839 1874 1892 Paulo
1903 1852 2090 1894 omnes
2112 1853 2227 1892 car-
2260 1828 2306 1888 Β
2330 1839 2602 1895 Adventus
2645 1838 2855 1893 Domini
2885 1847 3102 1908 propter
3139 1838 3308 1907 frigus
3333 1840 3447 1906 ipse
3478 1853 3585 1892 non
3618 1839 3765 1893 venit
3788 1854 3892 1895 cum

653 1926 856 1981 tlinales
886 1927 985 1981 sibi
1014 1928 1223 1981 obviam
1252 1930 1481 1983 iverunt.
1512 1928 1736 1982 Romani
1766 1944 1892 1983 vero
1919 1942 2039 1983 cum
2071 1929 2226 1998 pallio

651 2018 707 2066 in
742 2025 890 2083 porta
933 2031 1097 2085 prope
1137 2026 1329 2073 metam
1361 2032 1484 2073 eum
1524 2032 1643 2072 cum
1686 2018 1845 2087 pallio
1890 2028 2223 2087 receperunt,

650 2105 750 2160 sub
794 2120 897 2175 quo
943 2106 1088 2160 solus
1136 2122 1229 2175 per
1275 2115 1438 2161 totam
1483 2105 1678 2163 Urbem
1717 2122 1883 2179 usque
1926 2109 1992 2163 ad
2031 2111 2225 2180 gradus

650 2196 817 2250 sancti
847 2195 986 2250 Petri
1017 2196 1293 2266 equitavit.
1329 2198 1491 2270 544
1520 2199 1634 2254 Duo
1664 2214 1791 2255 vero
1818 2200 2026 2256 diaconi
2053 2201 2223 2255 cardi-

726 2332 755 2402 _“
775 2325 1221 2402 Sequebantnrin
1243 2328 1438 2383 Codice
1462 2332 1592 2402 Acta
1619 2332 1832 2386 concilii
1859 2331 2225 2402 Lugdunensis

651 2395 750 2448 sub
774 2395 1196 2471 lnnot'entiolV,
1231 2400 1541 2471 ctialterius
1567 2402 1666 2455 sub
1698 2395 1964 2470 Gregorio
1982 2403 2048 2468 Χ,
2076 2405 2226 2471 quasi

651 2468 976 2521 ronsectaria
1006 2469 1163 2538 hujus
1188 2468 1309 2523 libri
1334 2486 1347 2534 ;
1375 2470 1468 2524 sed
1491 2484 1611 2524 cum
1636 2471 1759 2524 alibi
1791 2468 1907 2526 llaec
1931 2472 2037 2526 sint
2060 2468 2222 2537 edita,

2332 1930 2546 1999 pluviali
2574 1937 2628 1984 et
2664 1929 2849 1994 mitra;
2883 1937 2939 1984 et
2962 1929 3082 1997 quia
3125 1943 3232 1983 non
3258 1938 3377 1982 erat
3405 1928 3622 1984 indutus
3649 1944 3799 1984 more
3822 1946 3892 1984 so-

2335 2020 2449 2085 lito,
2494 2019 2696 2074 domini
2738 2020 3041 2074 cardinales
3085 2019 3369 2074 noluerunt
3414 2019 3514 2074 sibi
3555 2020 3735 2075 facere
3760 2037 3894 2076 reve-

2328 2110 2554 2165 rentiam
2603 2111 2655 2164 in
2705 2110 2965 2179 principio
3013 2108 3185 2163 Missa:
3228 2123 3381 2163 more
3418 2121 3699 2174 consueto,
3739 2126 3895 2179 neque

2330 2201 2541 2257 diaconi
2572 2200 2876 2255 cardinales
2906 2199 3191 2255 noluerunt
3216 2210 3361 2254 stare
3393 2209 3518 2255 ante
3548 2216 3737 2270 papam
3768 2212 3815 2254 ι.

2336 2337 2681 2418 consultoea
2704 2337 3178 2418 praetermisimus,
3213 2344 3401 2405 utpote
3432 2351 3543 2392 non
3569 2337 3809 2394 facientia
3836 2341 3891 2393 ad

2332 2415 2567 2462 auctoris
2592 2415 2913 2463 institutum.
3712 2449 3719 2453 .

659 2607 3885 2639 ————‘—————-————-——-————-——————-——-—-———-————————g————

1605 2720 1942 2824 ORDO
2000 2716 2459 2828 ΒΟΜΑΝ
2468 2721 2629 2825 US
2708 2722 2981 2842 XVI,

2209 2906 2327 2949 νει

1046 3005 1291 3064 lNDEX
1338 3005 1800 3066 SOLEMNIUM
1862 2994 2440 3068 COLLILCTARUM
2514 3004 2614 3064 ET
2673 3006 3129 3067 STATIONUM
3179 3006 3243 3071 S.
3305 3008 3377 3067 R.
3436 3009 3519 3067 Ε.

1675 3140 1749 3189 Ex
1774 3141 1963 3192 duobus
1985 3143 2313 3194 membraneis
2335 3142 2592 3193 Codicibns
2620 3144 2882 3195 Vaticanis.

722 3278 992 3335 Dominica
1022 3276 1039 3328 l
1068 3277 1135 3331 de
1164 3275 1404 3329 Adventu
1437 3273 1663 3339 Domini,
1697 3276 1857 3330 statio
1882 3275 1947 3329 ad
1980 3284 2215 3331 sanctam
2246 3274 2290 3335 C
2323 3274 2495 3342 Deus,
2526 3275 2785 3346 quoniam.
2829 3275 3114 3347 Presbyter
3155 3275 3299 3331 dicat
3344 3276 3573 3331 Oremus
3593 3318 3609 3343 ,
3643 3279 3876 3336 Diaconos

650 3370 863 3427 Mariam
894 3369 1164 3439 Maiorem.

601 3441 606 3447 I
719 3462 991 3517 Dominica
1017 3462 1073 3525 2,
1106 3459 1266 3514 statio
1294 3458 1365 3512 ad
1384 3464 1621 3511 sanctam
1652 3455 1896 3511 Crucem.

722 3553 993 3606 Dominica
1022 3550 1076 3616 5,
1108 3551 1266 3604 statio
1297 3550 1350 3603 in
1380 3547 1596 3603 basilica
1627 3547 1768 3601 beati
1798 3546 1937 3601 Petri
1970 3548 2216 3615 apostoli.

650 3670 715 3682 -—
742 3641 896 3696 Feria
937 3640 993 3705 ι,
1031 3640 1191 3694 statio
1227 3639 1292 3693 ad
1321 3648 1555 3693 sanctam
1593 3637 1810 3692 Mariam
1845 3637 2116 3705 Maiorem.
2156 3668 2219 3677 —

649 3732 807 3785 Feria
837 3730 891 3797 6,
919 3731 986 3785 ad
1026 3729 1328 3800 Apostolos.
1358 3758 1430 3770 —
1455 3728 1707 3794 Sabbato,
1754 3728 1820 3784 ad
1861 3727 2072 3784 beatum
2127 3728 2220 3783 Pe

648 3829 808 3876 trum.

719 3912 994 3969 Dominica
1022 3913 1081 3981 ι,
1102 3913 1168 3968 ad
1189 3920 1426 3968 sanctam
1456 3912 1767 3983 Eugenium.
1790 3941 1860 3954 —
1881 3912 2041 3968 Missa
2062 3925 2218 3967 mane

646 4019 696 4074 νι
711 4003 812 4059 ima
837 4004 901 4057 ad
929 4015 1165 4059 sanctam
1195 4005 1555 4061 Anastasiam.

717 4094 874 4167 545
914 4094 1009 4150 Die
1044 4094 1339 4151 Nativitatis
1392 4094 1638 4163 Domini,
1690 4095 1849 4151 statio
1895 4094 1949 4149 in
1997 4093 2214 4149 basilica

646 4186 788 4242 beati
821 4186 962 4241 Petri
992 4186 1353 4255 apostolorum
1387 4185 1657 4255 principis.

717 4274 773 4330 in
805 4274 1100 4345 Epiphania
1136 4276 1379 4342 Domini,
1421 4276 1578 4330 statio
1620 4275 1672 4329 in
1716 4274 1933 4330 basilica
1963 4274 2215 4344 principis

645 4365 1046 4433 Apostolorum.

715 4456 989 4510 Dominica
1028 4446 1511 4526 in’Septuagesima
1585 4454 1650 4509 ad
1690 4465 1932 4511 sanctum
1973 4455 2211 4511 Lauren-

642 4549 772 4601 tium
804 4545 939 4601 l'tiris
968 4561 1198 4600 murum.

712 4636 985 4693 Dominica
1017 4639 1068 4692 in
1097 4638 1470 4707 Sexagesima,
1503 4634 1568 4691 ad
1596 4646 1834 4693 sanctum
1864 4637 2104 4692 Paulum.

718 4730 988 4785 Dominica
1030 4729 1084 4784 in
1123 4729 1605 4799 Quinquagesima,
1643 4729 1709 4783 ad
1745 4729 1956 4784 beatum
1999 4729 2211 4784 Petrum

640 4822 962 4891 apostolum.
998 4849 1066 4859 —
1096 4818 1248 4873 Feria
1279 4818 1313 4870 ι
1345 4820 1397 4873 in
1429 4820 1601 4887 capite
1626 4818 1815 4887 jejunii
1839 4860 1853 4883 ,
1883 4818 2115 4874 collecta
2147 4820 2212 4873 ad

638 4917 876 4968 sancta'm
918 4910 1288 4975 Anastasiam,
1332 4911 1489 4965 statio
1537 4908 1601 4963 ad
1647 4919 1884 4963 sanctam
1934 4908 2213 4965 Sabinam.

641 5001 949 5058 Benedictio
1008 5000 1222 5055 cineris.
1287 4998 1617 5069 Omnipotens
1670 4999 1971 5065 sempiterna
2025 4995 2210 5063 Deus,

637 5109 789 5163 parce
829 5091 1197 5155 metuimtibus,
1241 5100 1344 5146 etc.
1391 5088 1561 5151 Deus,
1592 5088 1678 5158 qui
1707 5104 1806 5142 non
1843 5097 2054 5141 mortem
2081 5132 2094 5154 ,
2123 5088 2213 5141 sed

636 5183 981 5255 panitentiam
1011 5182 1301 5246 deidei-as,
1330 5188 1437 5235 etc.
1467 5178 1606 5233 Alia.
1638 5175 1777 5231 Deus
1800 5215 1817 5241 ,
1849 5178 1935 5246 qui
1965 5176 2211 5229 humilia-

637 5279 776 5330 tione
795 5275 1036 5345 flecteris,
1056 5284 1161 5328 etc.
1186 5273 1305 5328 Alia
1328 5273 1533 5328 Oratio.
1562 5271 1890 5339 Omnipotens
1913 5269 2212 5338 sempiterna

640 5367 777 5421 Deus
802 5406 816 5429 ,
846 5367 933 5435 qui
968 5364 1207 5419 Ninivitis
1246 5364 1300 5417 in
1342 5362 1538 5429 cinere,
1567 5368 1675 5415 etc.
1716 5358 1929 5414 interim
1972 5356 2209 5427 ponendi

639 5466 763 5509 sunt
791 5457 996 5510 cineres
1025 5470 1186 5523 super
1225 5455 1395 5523 capita
1437 5452 1801 5523 singulorum,
1844 5451 1913 5505 ita
1955 5449 2205 5514 dicendo,

642 5546 898 5598 Memento
922 5585 938 5609 ,
983 5545 1131 5599 homo
1156 5587 1169 5609 ,
1205 5549 1324 5614 quia
1362 5547 1527 5613 pulvis
1557 5561 1637 5610 es,
1671 5554 1719 5597 et
1752 5546 1804 5598 in
1832 5545 2085 5613 pulverem
2126 5558 2204 5596 re-

637 5638 866 5690 verteris.
897 5637 1203 5702 Antipltona
1233 5641 1297 5693 ad
1338 5638 1650 5695 Collectam.
1697 5638 1899 5692 Exaudi
1940 5654 2062 5701 nos,
2103 5635 2205 5689 Do-

650 5727 810 5804 mine,
841 5727 1076 5779 quoniam
1110 5727 1321 5797 benigna
1351 5740 1442 5785 est.
1479 5732 1674 5786 Psalm.
1721 5731 1934 5787 Salvum
1969 5745 2043 5782 me
2084 5730 2165 5799 [ac
2191 5770 2205 5795 ,

2323 3366 2617 3422 Flectamus
2646 3384 2829 3440 genua.
2861 3368 3065 3423 Levate.
3096 3368 3280 3423 Oratio
3308 3370 3377 3424 ad
3410 3370 3729 3427 Collectam.
3757 3375 3880 3427 Csa-

2326 3461 2444 3515 cede
2472 3462 2635 3525 nobis,
2668 3460 2908 3527 Domine,
2943 3461 3183 3529 prwsidia
3213 3462 3412 3515 militia
3440 3463 3747 3517 Christiane
3769 3481 3875 3518 sau-

2322 3552 2415 3604 ctis
2443 3552 2684 3604 inchoare
2707 3552 2955 3628 jejuniis,
2986 3560 3073 3616 ut,
3108 3561 3286 3605 contra
3314 3553 3619 3621 spirituales
3660 3556 3882 3623 nequities

2323 3644 2631 3709 pugnaturi,
2662 3643 2984 3695 continentia:
3011 3644 3298 3696 muniantur
3324 3645 3551 3699 auxilio.
3579 3644 3702 3698 Per.
3732 3644 3884 3699 Domi-

2322 3748 2419 3785 nus
2447 3732 2725 3785 vobiscum.
2751 3730 2957 3785 Etcum
2980 3732 3158 3799 spiritu
3180 3742 3287 3787 tuo.
3314 3733 3587 3789 Diaconos
3616 3735 3747 3791 dicit
3767 3734 3879 3789 Pro-

2320 3822 2559 3875 cedamus
2588 3837 2701 3873 cum
2726 3837 2870 3891 pace.
2902 3820 3066 3891 Resp.
3107 3821 3172 3875 In
3211 3824 3417 3876 nomine
3460 3824 3555 3877 Ch:
3570 3825 3691 3891 isti,
3737 3842 3887 3879 amca.

2320 3908 2622 3978 Antiphona
2656 3924 2751 3978 per
2780 3912 3114 3978 paradisum,
3161 3910 3501 3964 Immutemur
3545 3913 3746 3967 habitu.
3789 3914 3888 3982 Eg-

2319 4002 2411 4067 rie,
2438 4004 2579 4057 eleis.
2604 4001 2783 4072 Kyrie,
2811 4003 2951 4057 cleis.
2986 4003 3161 4072 Hyrie.
3190 4006 3397 4057 eleison.
3428 4003 3590 4058 Pater
3613 4019 3804 4061 noster.
3833 4006 3889 4057 Et

2319 4108 2381 4146 ne
2405 4108 2516 4146 nas.
2547 4092 2611 4146 In
2637 4095 2899 4148 memoria.
2926 4096 2965 4147 Α
2994 4107 3139 4164 porta
3163 4096 3335 4163 inferi.
3363 4097 3717 4165 Requiescant
3742 4100 3790 4150 in
3818 4117 3889 4166 ρο-

2317 4196 2393 4234 ce.
2429 4181 2675 4248 Domine,
2706 4177 2900 4235 exaudi
2935 4184 3213 4236 orationem
3243 4200 3431 4238 meam.
3465 4183 3723 4238 Dominus
3762 4186 3887 4237 usi.

2315 4285 2478 4324 scum.
2507 4270 2743 4324 Oremus.
2766 4270 2919 4334 Deus,
2942 4273 3086 4342 cujus
3110 4273 3430 4326 miseratione
3450 4275 3641 4327 anime
3663 4274 3883 4341 ﬁdeliam

2314 4363 2666 4430 requiescunt,
2696 4362 2906 4432 famulis
2934 4375 2980 4416 et
3006 4363 3307 4437 [amulabus’
3325 4364 3425 4416 luis
3456 4364 3698 4417 omnibus
3744 4365 3819 4417 Isis
3844 4377 3882 4417 et

2314 4455 2492 4525 ubique
2513 4455 2565 4507 in
2587 4453 2786 4508 Christo
2807 4454 3173 4524 quiescentibus
3195 4455 3262 4506 da
3285 4454 3540 4522 prapitius
3561 4455 3767 4509 veniam
3786 4472 3887 4523 pet:-

2313 4556 2573 4611 catorum,
2608 4554 2693 4608 ut,
2724 4561 2756 4597 a
2782 4547 2974 4598 cunctis
3012 4545 3238 4597 reatibus
3277 4544 3499 4597 absoluti
3519 4586 3537 4607 ,
3589 4555 3761 4599 tecm
3795 4547 3886 4597 sine

2243 4637 2295 4697 Ι)
2321 4635 2420 4704 [ine
2450 4636 2707 4689 lwtentur.
2745 4632 2844 4688 Per
2869 4635 3123 4689 eumdem.
3170 4634 3319 4689 Dicta
3348 4634 3608 4691 Oratione
3636 4636 3885 4691 intramus

2318 4726 2370 4780 in
2398 4726 2709 4791 ecclesiam,
2736 4725 2999 4779 cantando
3031 4724 3196 4790 Petre,
3226 4741 3368 4778 amas
3396 4741 3507 4787 me,
3538 4741 3663 4781 cum
3699 4726 3884 4787 Versu,

2319 4814 2499 4870 Simon
2524 4814 2762 4869 Joannis.
2792 4813 2968 4867 Finito
2998 4813 3392 4881 Responsorio.
3425 4814 3699 4869 diaconus
3726 4813 3887 4881 incipit

2316 4905 2575 4959 litaniam.
2606 4906 2737 4959 Nota
2767 4904 2905 4973 quod
2930 4904 2981 4957 in
3006 4903 3136 4959 feria
3157 4903 3191 4955 2
3212 4914 3265 4958 et
3293 4902 3423 4958 l‘eria
3448 4902 3482 4955 4
3503 4914 3567 4959 et
3596 4905 3731 4959 feria
3750 4906 3783 4959 6
3803 4919 3888 4956 nos

2316 4995 2542 5049 dicimus
2570 4994 2756 5065 Hyrie,
2782 4995 2965 5048 eleison
2994 4994 3046 5047 in
3075 4993 3230 5047 Missa
3248 5035 3263 5058 ,
3297 5008 3362 5047 eo
3386 4993 3530 5059 quod
3565 5010 3770 5050 novem
3796 4994 3887 5063 K9-

2314 5086 2424 5149 rie,
2455 5085 2646 5139 eleison
2687 5084 2915 5139 dicimus
2955 5083 3007 5138 in
3051 5082 3264 5149 litania,
3298 5093 3406 5139 tres
3445 5084 3621 5153 Kyrie
3657 5096 3717 5142 et
3756 5085 3891 5155 Κςήι

2322 5175 2595 5248 [Forsan,
2630 5174 2857 5245 Christe]
2886 5176 2937 5227 in
2963 5173 3245 5243 principio,
3275 5181 3328 5228 et
3356 5181 3468 5228 tres
3493 5173 3669 5245 Kyrie
3698 5177 3755 5230 in
3785 5175 3889 5228 tiae.

2318 5296 2388 5307 —
2418 5265 2572 5320 Feria
2601 5265 2665 5333 5,
2694 5264 2929 5319 Collecta
2956 5264 3023 5319 ad
3054 5271 3292 5318 sanctum
3336 5263 3623 5318 Nicolaum
3674 5267 3733 5319 in
3779 5265 3890 5319 Car-

2317 5370 2439 5411 cere
2464 5373 2478 5422 ;
2512 5355 2671 5411 statio
2696 5355 2763 5408 ad
2790 5363 3031 5409 sanctum
3061 5353 3367 5421 Georgium.
3398 5381 3470 5392 ——
3502 5351 3673 5408 Feria
3714 5354 3770 5413 6,
3789 5349 3889 5404 ω-

2318 5449 2451 5504 lecta
2477 5448 2543 5500 ad
2571 5454 2810 5501 sanctam
2841 5445 3057 5499 Luciam
3085 5444 3137 5497 in
3160 5458 3233 5496 vn
3258 5442 3456 5507 Soliis;
3484 5446 3660 5497 statio
3691 5444 3760 5497 ad
3784 5456 3888 5493 san.

2314 5549 2431 5593 ctos
2476 5538 2737 5593 Joannem
2785 5544 2840 5589 et
2888 5534 3127 5589 Paulum.
3163 5562 3233 5572 —
3259 5532 3529 5598 Sabbato,
3561 5531 3812 5587 Collecta
3838 5527 3887 5579 ad

2316 5637 2555 5682 sanctum
2586 5624 2926 5682 Laurentium
2960 5625 3012 5679 in
3044 5623 3239 5678 Lucina
3270 5638 3283 5687 ;
3325 5620 3487 5678 statio
3529 5622 3605 5677 ad
3661 5632 3887 5676 sanctus

2318 5722 2678 5793 Tryphonem.
