3990 6316
445 337 575 391 1571

1335 325 1669 381 APPENDIX
1711 326 1800 379 AD
1837 325 1896 381 S.
1939 323 2262 393 CRECORII
2302 323 2512 379 MACNI
2551 322 2799 378 OPEBA.

3539 323 3687 379 i372

444 453 595 507 Feria
626 450 693 517 4,
729 450 793 503 ad
829 439 1066 501 sanctam
1097 443 1312 496 Mariam
1346 441 1619 509 Maiorem.
1652 470 1719 480 —
1750 440 1903 495 Fcria
1935 439 1968 492 5
1993 482 2007 503 ,
2039 450 2087 506 Α
2116 442 2180 495 ad
2219 448 2458 494 sanctam
2490 439 2703 492 Mariam
2735 436 3007 504 Maiorem.
3042 466 3107 475 —
3136 435 3289 489 Feria
3330 436 3399 504 6,
3445 436 3511 488 ad
3544 442 3690 504 Apo-

445 581 460 597 .
488 583 503 598 .
531 581 546 595 .
576 580 589 593 .
617 581 633 595 .
666 580 679 594 .
709 570 776 580 ——
812 537 960 589 Frria
990 536 1022 587 6
1046 573 1063 599 ,
1101 534 1164 586 ad
1203 533 1509 600 Apostolus.
1544 562 1609 571 —
1640 531 1907 595 Sabbato,
1945 532 2012 587 ad

443 640 682 685 sanctum
716 629 948 681 Petrum.

514 718 785 774 Dominica
819 715 883 768 t6
911 722 1031 782 post
1062 713 1434 766 l‘eutecoslen.
1466 742 1534 751 —
1565 712 1718 766 Feria
1749 712 1815 776 4,
1848 712 2009 766 Statio

2116 530 2303 585 stolos.
2334 560 2404 570 -—
2431 528 2666 583 Sahbato
2688 570 2702 591 ,
2736 526 2872 593 apud
2906 527 3115 580 beatum
3157 525 3399 581 Petrum.

2184 618 2238 671 In
2281 618 2661 672 Puriﬁcatione
2691 622 2888 669 sanctai
2918 614 3126 678 Μαι-ιω,
3157 615 3318 667 statio
3345 612 3413 666 ad
3443 622 3691 668 sanctam

2111 707 2326 760 Mariam
2356 706 2627 774 Maiorem.

442 857 3703 915 W-

1741 1021 2385 1127 APPENDIX

1106 1231 1263 1315 AD
1335 1233 1881 1321 LIBELLOS
1961 1233 2445 1316 ORDINIS
2522 1234 3029 1320 ROMANI.

946 1716 1291 1779 EGLOGIE
1337 1716 1731 1778 AMALARII
1775 1711 2109 1776 ABBATIS
2152 1715 2231 1775 IN
2276 1714 2636 1777 OBDINEM
2678 1716 3101 1778 ROMANUM.

575 1861 680 1932 [.9
707 1860 944 1941 Capitula
968 1860 1241 1941 sequentis
1271 1858 1513 1941 epusculi
1542 1866 2016 1941 prmnotarmisnut
2050 1838 2098 1897 Β
2161 1858 2259 1941 _7._
2290 1857 2416 1913 Post
2436 1858 3050 1941 datam_pacemmcantor
3078 1859 3166 1941 da_t
3208 1869 3436 1941 sancta:
3454 1861 3713 1941 Trinitati’

451 1935 497 1987 si
523 1924 670 1987 terra
692 1924 807 1995 quis
858 1924 1071 1997 ignarus
1118 1924 1335 1983 exstans
1378 1928 1447 1983 de
1495 1927 1827 1996 ignobilitate
1861 1924 2018 1994 hujus

449 2003 647 2070 Operis,
681 2000 1098 2070 aggrediensque
1126 1999 1252 2070 iliud
1296 2000 1447 2070 quasi
1478 1998 1718 2070 dignum,
1750 2011 1812 2049 ae
1836 2006 2023 2070 postea

454 2066 734 2140 reperiens
761 2067 883 2140 vile,
927 2083 993 2122 ne
1037 2068 1347 2140 pmtiitentia
1374 2068 1582 2140 duetus_
1593 2067 1738 2140 dicat
1770 2066 1908 2140 apud
1936 2080 2021 2119 se-

452 2136 760 2205 metipsum,
793 2137 875 2190 vel
906 2139 1046 2205 apud
1078 2152 1204 2191 suos
1238 2146 1475 2191 astantes
1504 2153 1517 2188 :
1551 2136 1607 2191 Si
1652 2136 2024 2205 cognovissent

453 2209 801 2263 rusticitatem
835 2204 991 2274 hujus
1016 2209 1214 2273 operis,
1248 2206 1552 2260 nullatenus
1584 2206 1634 2257 in
1678 2217 1745 2259 eo
1783 2204 2023 2257 lahorem

452 2280 730 2332 oculorum
758 2291 997 2330 meorum
1031 2276 1411 2344 impenderem.
1448 2275 1634 2328 Videat
1665 2274 1823 2328 modo
1846 2275 1897 2327 in
1930 2288 2025 2327 ca-

457 2350 564 2414 pite
605 2361 721 2415 qua:
748 2357 1043 2412 sequuntur
1079 2343 1249 2415 u’sque
1280 2345 1352 2415 in,
1384 2344 1563 2398 finem.
1592 2343 1662 2415 Et
1690 2343 1735 2397 si
1782 2343 2027 2415 lectionis

452 2412 702 2469 causa'in
749 2416 980 2484 aliquam
1044 2412 1296 2469 nauseam
1343 2414 1669 2484 incurrerit,_
1699 2426 1802 2466 non
1833 2412 1907 2484 iiIi
1937 2413 2027 2484 qui

454 2486 739 2548 ordinavit,
786 2480 985 2538 tantum
1032 2484 1273 2553 ingratus
1309 2483 1532 2553 existat,
1572 2482 1679 2553 sed
1708 2490 1761 2535 et
1802 2480 1905 2553 sibi
1941 2482 2029 2546 qui

455 2558 661 2623 cognita
698 2554 1028 2621 ignobilitate
1071 2550 1236 2622 magis
1281 2567 1400 2608 eam
1450 2550 1611 2622 elegit
1640 2550 1821 2606 rimari
1863 2565 2032 2620 usque

454 2625 520 2682 ad
546 2624 768 2690 calcem,
800 2632 905 2678 etc.

953 2692 1029 2747 De
1056 2693 1289 2748 Romano
1318 2690 1531 2744 Ordine.

526 2763 579 2816 1.
624 2762 839 2817 Masculi
871 2771 1012 2817 stant
1067 2762 1132 2816 ad
1160 2763 1443 2815 australem
1474 2769 1698 2826 partem,
1740 2767 1792 2813 ct
1820 2758 2034 2815 femina:

457 2834 522 2885 ad
555 2832 845 2897 borealem,
872 2842 925 2883 ut
953 2833 1265 2887 ostendatur
1294 2845 1390 2899 per
1416 2829 1691 2884 fortiorem
1716 2844 1904 2899 sexum
1942 2829 2035 2881 fir-

458 2902 659 2958 miores
687 2912 903 2956 sanctos
932 2918 1143 2969 semper
1171 2898 1420 2955 constitui
1451 2900 1507 2953 in
1538 2898 1833 2965 majoribus
1864 2906 2035 2969 tenta-

459 2970 692 3025 tionibus
723 2982 883 3025 tostus
916 2967 1071 3038 hujus
1103 2971 1303 3032 mundi,
1337 2978 1390 3022 et
1430 2984 1521 3034 per
1548 2969 1895 3022 inﬁrmiorem
1923 2967 2033 3021 fra-

462 3040 811 3108 gilioremque
840 3054 1025 3093 sexum
1068 3040 1391 3108 inﬁrmiores
1439 3039 1488 3091 in
1520 3039 1723 3105 aptiore
1749 3038 1884 3099 loco,
1907 3048 2031 3108 Acte.

535 3109 696 3179 550
716 3106 771 3160 τὶ.
793 3109 1156 3188 “Episcopusa
1181 3108 1312 3160 Leva
1340 3106 1651 3176 ingreditur,
1683 3117 1733 3159 et
1756 3106 1943 3159 transit
1968 3106 2035 3160 ad

460 3176 756 3265 dexteram;
788 3176 989 3265 Chriin
1004 3176 1018 3265 i’
1035 3179 1177 3259 enim
1218 3190 1411 3255 corpus
1436 3191 1555 3265 ‘nos
1596 3190 1795 3265 sum‘ns.
1818 3189 2027 3265 ornpes.
2063 3203 2108 3265 ο

460 3246 693 3316 Ideoque
734 3247 813 3301 fas
854 3256 930 3300 est
964 3257 1021 3301 ut
1067 3246 1579 3316 episcOpusintrans
1606 3244 1883 3316 ecclesiam
1915 3244 2067 3304 inti-j

460 3314 619 3369 tetur'
646 3330 801 3369 suum
848 3328 1003 3384 caput
1044 3317 1313 3371 Cliristuu
1357 3314 1738 3384 ingredientem
1788 3314 1839 3367 in
1881 3330 2035 3384 mun-

461 3388 622 3450 dum;
672 3386 855 3439 laevam
902 3398 1106 3454 partem
1148 3386 1317 3454 tetigit
1355 3383 1607 3439 Salvator
1667 3393 1867 3449 noster,
1915 3383 2037 3451 quia

462 3456 807 3520 temporalem
840 3458 1148 3523 assumpsit,
1187 3465 1290 3510 etc.

535 3523 587 3577 ὅ.
633 3525 832 3579 lntrant
859 3540 977 3579 cum
1007 3522 1073 3579 eo
1101 3522 1204 3580 non
1246 3523 1473 3588 amplius
1503 3537 1657 3592 quam
1683 3531 1886 3591 septem
1916 3522 2039 3575 dia-

466 3596 608 3656 coni,
642 3595 862 3649 totidem
890 3596 1225 3659 subdiaconi,
1260 3594 1477 3648 t0tidem
1510 3592 1742 3657 acolytlii
1774 3606 1895 3645 cum
1922 3592 2041 3644 thu-

465 3662 653 3715 ribulis
696 3678 800 3716 non
845 3664 1092 3732 amplius,
1151 3679 1308 3732 quam
1351 3663 1539 3717 ternis.
1570 3661 1742 3732 rSmpe
1782 3661 2039 3726 scriptum

469 3739 574 3793 εει,
603 3740 655 3784 ει
685 3732 736 3783 in
782 3733 964 3786 inultis
997 3733 1125 3786 locis
1152 3731 1416 3800 apertum,
1443 3731 1584 3800 quod
1614 3731 1915 3799 septenario
1944 3745 2044 3782 nu-

474 3814 623 3870 mero
653 3801 974 3855 universitas
1013 3803 1252 3857 ecclesia:
1292 3802 1619 3870 designatur,
1652 3811 1756 3854 etc.
1788 3800 2043 3870 Quamvis

466 3869 750 3923 tacuissem
780 3871 846 3924 de
874 3880 1076 3939 septem
1109 3868 1510 3926 diaconibus'ab
1539 3869 1792 3939 apostolis
1828 3868 2043 3924 ordina-

475 3939 574 4001 tis;
620 3955 685 3992 εκ
736 3939 859 3994 hinc
903 3941 1255 3996 decreverunt
1300 3940 1527 4004 apostoli
1573 3939 1657 3992 vel
1707 3952 2044 3994 successores

470 4010 858 4077 apostolorum,
894 4026 986 4077 per
1013 4025 1201 4064 omnes
1248 4011 1502 4064 ecclesias
1531 4018 1738 4077 septem
1768 4010 2040 4077 diaconos,

468 4076 560 4143 qui
589 4076 1075 4146 sublimiori'gradu
1102 4089 1279 4134 essent
1300 4079 1534 4142 catteris,
1566 4076 1621 4133 et
1648 4077 1876 4147 proximi
1904 4076 2045 4130 circa

469 4160 617 4199 aram
650 4147 800 4215 quasi
823 4150 1083 4204 columna:
1113 4150 1295 4203 altaris
1315 4150 1657 4211 assisterent;
1689 4155 1895 4213 septem
1920 4161 2041 4213 pro-

470 4225 822 4287 pteriseptetn
855 4223 999 4273 viros
1051 4235 1130 4287 per
1146 4219 1331 4283 fectus,
1364 4218 1594 4287 quinque
1616 4226 1853 4287 propter
1892 4215 2048 4287 quin-

466 4299 574 4352 que
604 4286 765 4341 libros
792 4288 979 4359 Moysi,
1019 4285 1129 4342 tres
1160 4297 1374 4357 propter
1400 4285 1572 4356 spem,
1598 4286 1756 4341 fidem
1783 4295 1837 4340 et
1863 4285 2043 4339 chari-

466 4362 655 4412 tatem.

539 4424 595 4496 4.
638 4425 790 4490 Quod
826 4426 1039 4482 diaconi
1087 4436 1232 4493 sunt,
1281 4435 1361 4481 tot
1397 4425 1715 4481 candelabra
1740 4435 2045 4496 portantur,

469 4495 591 4558 quia
624 4497 767 4550 omni
816 4498 1060 4552 ecclesia:
1090 4497 1352 4552 laboranti
1407 4504 1462 4550 et
1502 4496 1730 4551 imitanti
1777 4497 2047 4552 Christum

2127 1927 2371 1996 gloriam,
2403 1929 2551 1996 quasi
2600 1929 2775 1983 dicat:
2806 1927 3039 1984 Gloriam
3076 1930 3355 1985 referimus
3399 1930 3513 1985 Deo
3562 1932 3704 1986 Patri

2126 2009 2179 2070 et
2206 1996 2340 2051 Filio
2369 2007 2423 2052 et
2452 1998 2670 2066 Spiritui
2720 2008 2923 2061 sancto,
2963 2000 3086 2070 quia
3129 2013 3333 2065 pacem,
3382 2016 3549 2067 quam
3579 2016 3708 2067 pro-

2128 2067 2367 2136 phetarit
2396 2082 2492 2136 per
2523 2078 2735 2122 sanctos
2756 2082 2881 2122 suos
2909 2067 3214 2136 prophetas,
3241 2070 3400 2122 nobis
3434 2071 3486 2121 in
3522 2072 3704 2121 novis-

2126 2135 2655 2206 simisitemporibus
2698 2135 2945 2206 dignatus
2993 2135 3077 2191 est
3121 2138 3427 2192 ostendere.
3476 2139 3702 2203 Quando

2128 2205 2258 2259 dicit
2287 2204 2434 2259 Sicut
2463 2215 2587 2270 erat,
2617 2204 2824 2259 diaconi
2869 2207 3158 2272 procedunt
3186 2207 3258 2262 ad
3296 2208 3487 2272 altare,
3524 2217 3582 2260 et
3611 2210 3706 2262 ite-

2130 2289 2246 2330 rum
2278 2285 2618 2330 revertuntur
2655 2276 2720 2329 ad
2765 2276 3093 2343 episcOpum,
3123 2285 3178 2330 et
3203 2283 3345 2331 stant
3370 2276 3566 2334 erecti.
3601 2278 3708 2331 Hoc

2130 2344 2394 2415 signiﬁcat
2417 2344 2555 2412 quod
2588 2344 2707 2415 ideo
2726 2345 2891 2415 intorti
2914 2360 2985 2415 se,
3002 2345 3353 2415 tradiderunt,
3382 2346 3708 2406 subauditur

2131 2414 2379 2477 apostoli,
2428 2423 2486 2495 ut
2538 2414 2990 2495 Christ_i_cprpori
3045 2415 3431 2473 adunareutur.
3490 2420 3545 2473 In
3604 2437 3707 2488 quo

2134 2498 2291 2538 versu
2336 2484 2565 2536 varietas
2615 2484 2985 2550 multiplicium
3032 2493 3330 2551 temporum
3361 2484 3707 2543 demonstra-

2132 2560 2249 2617 tur;
2293 2553 2343 2606 id
2385 2563 2486 2618 est,
2531 2555 2661 2606 sicut
2708 2562 2815 2605 erat
2851 2553 2914 2624 ini
2956 2553 3209 2620 principw
3260 2558 3610 2624 prateritum,
3653 2569 3707 2613 et

2132 2637 2267 2675 nunc
2298 2637 2555 2691 praiseas,
2586 2631 2632 2675 et
2660 2638 2859 2692 semper
2894 2621 3130 2692 futurum
3167 2634 3223 2679 et
3249 2621 3535 2692 aeternum,
3569 2621 3615 2681 et
3651 2629 3704 2681 in

2133 2692 2321 2764 stvcuia
2346 2693 2677 2764 seculorum,
2709 2691 2978 2764 longitudo
3007 2705 3225 2762 magna.
3245 2692 3392 2764 Unde
3423 2691 3710 2764 Origenrs:

2133 2761 2351 2824 Quoties
2373 2761 2559 2813 swcula
2603 2762 2905 2813 circulorum
2938 2761 3293 2826 nominantur,
3324 2761 3551 2818 fortasse
3588 2766 3711 2820 licet

2136 2830 2545 2901 ignotushnobis,
2578 2839 2760 2901 tamen
2786 2844 2814 2881 a
2847 2829 3081 2901 Domino
3108 2841 3277 2886 status
3304 2834 3496 2901 aliquis
3526 2837 3711 2889 termi-

2136 2913 2234 2953 nus
2265 2898 2546 2970 indicatur,
2589 2907 2696 2953 etc.
2732 2898 2957 2970 Quando
2985 2900 3179 2955 dicitur
3221 2898 3553 2970 pr0phetalis
3581 2903 3707 2957 Ver-

2134 2981 2249 3032 sas,
2298 2968 2579 3036 cpiscopus
2628 2970 2771 3039 vadit
2796 2968 2861 3021 ad
2911 2970 3113 3039 altare,
3154 2968 3531 3025 et'oseulatur
3558 2988 3711 3039 eum,

2136 3038 2259 3104 quia
2293 3052 2385 3106 per
2422 3051 2513 3091 ora
2566 3037 2947 3105 prophetarum
2990 3038 3235 3093 Christus
3278 3042 3421 3094 venit
3463 3040 3516 3094 in
3567 3037 3710 3095 mum

2137 3111 2283 3171 dum,
2310 3116 2363 3159 et
2391 3106 2637 3161 transivit
2662 3108 2725 3159 ad
2756 3108 3082 3175 passionem.

2210 3176 2262 3229 8.
2304 3175 2523 3231 Diaconi
2551 3185 2696 3230 stant
2744 3178 2917 3243 primo
2955 3178 3185 3231 inclinati
3235 3188 3356 3232 ante
3384 3180 3556 3235 altare
3592 3196 3710 3234 cum

2140 3246 2410 3315 episcOpo,
2454 3261 2623 3315 usque
2666 3245 2811 3321 Sicut
2847 3255 2983 3321 erat,
3023 3247 3142 3321 quia
3179 3248 3373 3321 chorus
3420 3262 3716 3321 martyrum

2140 3323 2447 3369 Sanctorum
2500 3326 2624 3369 ante
2662 3316 3003 3369 novissimam
3051 3317 3449 3372 tribulationem
3497 3316 3691 3373 iu'con

2142 3384 2278 3437 valle
2308 3386 2660 3455 lacrymarum
2700 3394 2912 3456 manet.
2963 3386 3150 3456 Postea
3182 3390 3439 3456 martyrio
3478 3399 3717 3442 coronati

2141 3455 2305 3525 erecti
2333 3454 2473 3508 stant
2506 3454 2739 3525 liberati,
2770 3463 2827 3508 et
2854 3454 3029 3508 securi
3056 3456 3165 3523 jam
3194 3457 3261 3509 ab
3288 3454 3435 3511 omni
3467 3472 3717 3525 persecu-

2145 3524 2309 3588 tione,
2344 3538 2569 3590 quorum
2602 3524 2745 3578 Deus
2776 3525 2962 3578 oculos
2993 3524 3241 3578 abstersit
3267 3525 3334 3578 ab
3363 3524 3613 3580 omnibus
3644 3528 3719 3578 la-

2144 3594 2364 3661 ciymis,
2393 3602 2446 3645 et
2478 3593 2544 3646 ab
2565 3594 2708 3647 omni
2740 3592 2945 3659 dolore,
2970 3601 3024 3647 et
3068 3594 3136 3647 ab
3164 3594 3310 3648 omni
3334 3598 3539 3660 esurie;
3573 3597 3721 3650 ideo-

2144 3678 2247 3730 que
2274 3672 2417 3715 stant
2441 3673 2566 3716 ante
2596 3662 2877 3715 Dominum
2908 3676 3139 3730 semper.

2217 3731 2374 3801 551
2394 3732 2448 3786 9.
2490 3732 2784 3800 Episcopus
2815 3746 2944 3785 vero
2963 3747 3175 3799 semper
3202 3742 3303 3785 stat
3324 3732 3610 3787 inclinatus
3632 3747 3727 3785 ns-

2145 3816 2248 3869 que
2278 3803 2341 3854 ad
2370 3805 2733 3870 prophetafem
2760 3818 2993 3864 versum,
3029 3802 3148 3870 quia
3179 3801 3421 3856 Christus
3448 3819 3554 3856 non
3586 3806 3728 3854 anti-

2146 3871 2344 3936 cipavit
2390 3881 2599 3935 tempus
2630 3886 2736 3939 quo
2782 3872 3163 3940 praenuntiatus
3212 3884 3291 3925 est
3320 3886 3415 3939 per
3461 3888 3555 3925 ora
3599 3887 3729 3939 pro-

2146 3940 2448 4007 phetarum.
2500 3940 2769 4007 Tempore
2827 3942 2969 3994 enim
3018 3956 3121 4005 quo
3166 3943 3434 4009 propheta:
3466 3944 3730 4009 praedixe-

2154 4018 2295 4073 runt,
2327 4012 2471 4064 venit
2501 4010 2553 4064 in
2586 4011 2839 4063 mundum
2871 4010 2937 4062 ad
2977 4011 3300 4075 passionem.
3352 4011 3417 4063 Ει
3460 4013 3582 4064 ideo
3608 4024 3731 4063 cum

2146 4093 2307 4134 versu
2340 4080 2639 4148 prephetali
2669 4080 2815 4133 vadit
2840 4080 2906 4133 ad
2938 4081 3133 4143 altare,
3164 4081 3286 4147 quia
3315 4080 3592 4133 Christum
3616 4080 3733 4133 imi-

2150 4157 2312 4213 tatur,
2345 4158 2405 4202 ut
2431 4150 2678 4203 ostendat
2711 4152 2903 4218 popqu
2930 4151 3107 4203 omnia
3144 4165 3262 4218 qua:
3290 4152 3565 4217 prophetae
3596 4164 3735 4215 pne.

2149 4218 2398 4272 dixerant
2423 4220 2489 4273 de
2511 4219 2707 4273 Christi
2743 4219 2988 4285 passione
3011 4234 3131 4272 vera
3154 4234 3299 4280 csse,
3321 4230 3377 4271 et
3406 4220 3455 4271 in
3488 4229 3732 4281 tempore

2150 4302 2250 4358 suo
2278 4298 2662 4342 consummata.
2693 4289 2842 4344 Sicut
2890 4299 3074 4356 aperte
3124 4289 3319 4358 legitur
3347 4288 3399 4339 in
3445 4287 3733 4355 prophetia

2152 4356 2406 4421 Danielis,
2440 4358 2809 4426 Septuaginta,
2841 4359 3030 4426 inquit,
3062 4356 3409 4412 hebdomadas
3437 4359 3730 4411 abbrevia-

2155 4436 2377 4497 tiesunt
2404 4443 2566 4497 super
2597 4430 2849 4497 populum
2879 4437 3049 4493 tuum,
3080 4436 3181 4482 etc.

2228 4496 2313 4552 10.
2356 4495 2652 4566 Episeottus
2670 4495 2960 4565 postquam
3003 4497 3311 4550 adoraverit
3357 4495 3579 4561 Sancta,
3616 4510 3739 4565 per-

467 4566 792 4629 promittitur
835 4569 1087 4637 gaudium
1133 4578 1346 4622 acterna:
1385 4567 1509 4621 vitae.
1535 4607 1550 4633 ,
1610 4578 1663 4621 et
1711 4568 1803 4622 lux
1861 4582 2052 4638 perpe-
2078 4567 2232 4636 Dgit
2259 4568 2323 4620 ad
2371 4568 2643 4621 dexteram
2694 4568 2900 4638 altaris,
2942 4577 3009 4638 et,
3041 4574 3154 4638 stat
3198 4578 3407 4620 erectus
3434 4578 3624 4620 versus
3666 4566 3734 4619 ad

472 4643 579 4697 tua,
612 4645 716 4690 etc.

541 4703 601 4775 5.
639 4706 886 4761 Portatur
930 4716 986 4762 et
1035 4706 1380 4772 thuribulum,
1435 4706 1577 4772 quod
1627 4702 1823 4760 Christi
1855 4721 2052 4775 corpus

468 4773 752 4894 sipniticat,
786 4780 924 4833 sicut
962 4777 1222 4846 scriptum
1267 4786 1348 4831 est
1383 4776 1433 4830 in
1464 4776 1651 4830 eadem
1680 4773 2004 4847 Apocalypsi
2034 4796 2046 4831 :

468 4844 515 4894 Α
542 4845 620 4894 ius
651 4847 872 4894 aureolus
910 4848 1054 4894 venit
1082 4855 1135 4894 et
1161 4846 1451 4894 stetitaute
1480 4847 1666 4894 altare.
1701 4846 1901 4894 habens
1925 4848 2046 4894 thu-

467 4844 620 4916 Alius
651 4847 872 4916 angelus
910 4848 1054 4901 venit
1077 4844 1135 4900 et
1161 4846 1451 4901 stetitantc
1480 4847 1667 4913 altare,
1701 4844 1901 4900 habens
1925 4848 2051 4901 thu-

469 4913 702 4967 ribulum
727 4913 977 4983 aureum,
1008 4925 1115 4972 etc.

544 4983 597 5038 6.
639 4985 932 5056 Episcopus
976 4990 1194 5041 veniens
1229 4994 1354 5041 ante
1398 4986 1583 5047 altare,
1641 4984 1828 5038 adorat
1878 4988 2051 5053 primo

470 5052 700 5126 Sancta,
739 5064 793 5111 et
822 5052 1000 5126 postea
1036 5072 1219 5126 pacem
1257 5059 1346 5111 dat
1378 5057 1705 5125 presbyteris
1734 5064 1787 5109 et
1812 5056 2054 5113 diaconi-

470 5124 752 5197 biis,_qttia
779 5124 925 5182 ilium
976 5124 1231 5192 imitatur,
1275 5128 1342 5180 de
1369 5141 1472 5195 quo
1512 5124 1766 5197 propheta
1792 5128 2005 5197 scripsit
2035 5147 2049 5182 :

470 5192 910 5267 biultipiicabitur
936 5199 1052 5266 ejus
1081 5192 1469 5267 imperiuméet
1497 5192 1640 5264 pacis
1670 5194 1788 5264 ejus
1820 5192 1924 5251 non
1950 5201 2054 5253 erit

472 5261 616 5340 iinis.
651 5263 829 5340 Primo
857 5261 1358 5340 epis—eopus'adorat
1377 5261 1592 5332 Sancta,
1635 5261 1755 5333 quia
1788 5268 1960 5335 primo
1992 5270 2055 5322 il-

474 5330 973 5411 lius_misericordia
1003 5330 1359 5411 ititipertienda
1389 5345 1492 5401 est,
1531 5330 1693 5405 asqu'o
1720 5330 1831 5411 pa'x_
1847 5346 1904 5393 et
1926 5354 2057 5396 con-

474 5401 680 5477 cordia,
709 5415 764 5458 et
797 5423 1017 5477 regnum
1047 5401 1243 5462 Christi
1274 5411 1411 5461 intra
1444 5422 1538 5461 nos
1567 5401 1773 5475 regnat.
1805 5408 1947 5463 Duos
1967 5424 2054 5465 sa-

475 5470 727 5549 cerdotes
752 5470 1042 5549 osculatur,
1072 5480 1191 5547 quia
1228 5481 1341 5545 ipse
1370 5486 1452 5531 est
1475 5476 1608 5549 lapis
1630 5470 1928 5545 angularis,
1963 5482 2055 5546 qui

474 5546 753 5608 conjunxit
783 5548 919 5603 duos
943 5549 994 5602 in
1027 5546 1189 5601 unum
1215 5551 1467 5615 parietem
1495 5548 1809 5601 altrinsecus
1837 5551 2057 5604 venien-

476 5616 672 5746 ἱῗεᾶνέι
698 5615 848 5671 dedit
880 5632 1063 5685 pacem
1098 5619 1181 5670 his
1211 5618 1299 5687 qui
1330 5618 1540 5673 fuerant
1572 5617 1730 5688 longe
1776 5627 1831 5673 et
1862 5619 1941 5674 his
1970 5621 2059 5692 qui

2155 4637 2428 4691 Orientem
2456 4652 2472 4691 :
2502 4646 2557 4690 et
2585 4637 2795 4692 diaconi
2825 4647 2970 4691 retro
2999 4637 3171 4700 illum,
3216 4650 3354 4689 unus
3382 4645 3502 4701 post
3546 4650 3734 4699 unum,

2158 4708 2341 4775 plures
2389 4706 2456 4761 ad
2496 4706 2796 4772 dexteram,
2827 4707 3106 4774 pauciores
3154 4701 3220 4759 ad
3271 4706 3581 4758 sinistram.
3618 4705 3743 4772 Epi-

2156 4791 2182 4831 ε
2215 4792 2348 4844 opus
2377 4778 2442 4828 ad
2483 4777 2755 4831 dexteram
2786 4776 2970 4829 altaris
3020 4784 3149 4837 stat,
3196 4776 3317 4844 quia
3347 4775 3596 4828 Christus
3647 4790 3740 4844 re:

2156 4843 2314 4915 gnum
2340 4847 2682 4914 praedicabat,
2715 4850 2766 4899 in
2795 4861 2899 4913 quo
2928 4854 3093 4897 totum
3120 4843 3363 4898 dextrum
3397 4854 3501 4905 est,
3526 4854 3583 4897 et
3605 4843 3740 4896 nihil

2156 4917 2430 4970 sinistrum
2478 4916 2676 4981 habet;
2719 4924 2827 4969 stat
2852 4923 2906 4968 et
2947 4925 3180 4979 erectus,
3214 4917 3333 4981 quia
3366 4916 3511 4967 venit
3554 4926 3747 4981 regere

2156 5001 2283 5040 suos
2312 4987 2366 5040 in
2408 4985 2555 5056 virga
2588 4986 2784 5050 ferrea,
2818 4985 2870 5038 id
2917 4994 3022 5051 est,
3075 4985 3128 5037 in
3173 4981 3743 5056 inﬂexibilijustitia;

2155 5064 2261 5110 stat
2290 5072 2474 5109 versus
2494 5050 2568 5110 ad
2613 5056 2904 5119 Orientem,
2937 5050 3081 5123 quia,
3125 5067 3183 5107 ut
3221 5054 3337 5123 ipse
3364 5050 3585 5123 indicat,
3636 5067 3747 5105 non

2157 5126 2431 5194 quaerebat
2458 5128 2789 5180 voluntatem
2828 5139 2979 5179 suam
3019 5121 3219 5187 facere,
3246 5121 3344 5178 sed
3377 5122 3617 5194 ejusqui
3648 5124 3748 5194 mi-

2158 5192 2226 5249 sit
2258 5196 2431 5253 illum.
2457 5199 2595 5249 sicut
2619 5197 2874 5264 scriptum
2899 5202 3000 5255 est,
3028 5196 3155 5263 quia
3183 5192 3550 5264 descenditide
3577 5192 3741 5253 creto,

2160 5280 2267 5320 non
2299 5274 2357 5319 ut
2383 5264 2546 5319 faciat
2575 5260 2896 5319 voluntatem
2926 5260 3099 5329 suam,
3131 5272 3187 5317 et
3209 5265 3431 5330 reliqua.
3459 5260 3750 5327 Nunquam

2158 5347 2455 5391 retrorsum
2488 5349 2693 5399 versus,
2735 5335 2829 5391 sed
2859 5348 3072 5401 semper
3118 5334 3304 5388 faciam
3347 5332 3518 5386 Patris
3564 5333 3750 5401 intue-

2161 5416 2271 5461 tur.
2307 5406 2456 5461 Unde
2494 5406 2607 5474 ipse
2655 5405 2909 5465 Dominus
2967 5400 3021 5457 in
3073 5401 3554 5474 EvangelioziScio
3602 5400 3752 5452 unde

2166 5476 2310 5541 veni,
2344 5486 2397 5530 et
2422 5470 2529 5546 quo
2558 5475 2713 5529 vado.
2752 5474 2842 5546 Sic
2883 5488 3113 5541 namque
3144 5470 3357 5540 oportet
3388 5470 3660 5546 Christum
3692 5476 3752 5522 et

2164 5539 2387 5615 regnum
2419 5539 2713 5614 praedicare
2742 5544 2982 5607 cmleste,
3025 5539 3082 5596 et
3126 5539 3342 5612 peccata
3374 5541 3474 5615 sub
3517 5539 3752 5615 pedibus

2166 5608 2437 5680 ste'rnerei
2476 5608 2751 5683 respicere
2781 5623 3004 5678 aaterna,
3042 5623 3098 5667 et
3129 5608 3443 5683 temporalia
3468 5619 3620 5683 retro
3645 5608 3751 5660 ba-

2169 5689 2315 5742 betc.
2346 5680 2733 5742 Diacoui'retro
2756 5692 2922 5752 stant,
2961 5685 3105 5753 quia,
3146 5684 3287 5744 sicut
3315 5682 3578 5747 diximus,
3609 5680 3751 5737 bene
