3990 6288
166 335 305 389 1375

1040 334 1132 387 AD
1170 332 1497 404 LIBELI.OS
1534 330 1804 386 OliblNlS
1842 329 2099 384 ROMANI
2139 329 2501 384 Al‘PENDIX.

3247 330 3381 385 15ῗὸ

159 455 453 517 martyrum
483 446 646 499 choro
685 443 851 517 aptari
881 454 1115 517 possunt,
1141 446 1228 517 qui
1262 453 1313 497 el
1343 443 1702 496 ministrantes
1735 443 1779 499 Λ
1808 440 1954 517 locus
1985 439 2151 517 factus
2188 449 2289 517 ett.
2326 441 2501 517 Et_de
2541 439 2976 517 isto_periculoso
3014 438 3129 490 loco
3165 447 3219 491 et
3263 443 3369 517 alto

156 525 281 570 sunt
306 513 378 567 'in
430 526 615 566 sancto
657 513 853 576 altari;
885 522 937 566 et
976 514 1281 567 dalmaticas
1314 521 1541 578 portant,
1587 528 1715 574 quas

156 586 366 640 solebat
398 583 641 635 militaris
664 596 789 634 usus
811 584 1170 648 portarenlpsi
1197 582 1401 634 diaconi
1430 595 1717 648 princesse-

156 662 281 708 runt
312 653 379 706 ad
422 653 608 712 altare,
641 651 759 717 quia
802 642 852 702 i'n
882 642 1062 703 veteri‘
1094 642 1717 718 testamento-martyres

156 723 510 781 exstiterunt;
540 728 593 772 et
621 719 775 771 modo
807 730 949 772 retro
979 726 1139 781 stant,
1168 721 1288 786 quia
1322 726 1442 787 post
1465 718 1719 773 Nativitao

156 802 266 844 teut
303 788 512 843 Domini
545 787 889 840 nihilominus
918 788 1166 856 martyrio
1193 787 1350 856 digne
1371 799 1714 844 coronantur.

157 860 341 923 Aliqui
372 874 434 912 ex
465 859 591 921 ipsis
611 864 750 908 stant
778 857 844 908 ad
875 856 1166 917 dexteram,
1196 864 1249 907 et
1293 856 1452 922 aliqui
1482 856 1546 907 ad
1578 858 1709 910 sini-

156 939 351 991 stram,
402 926 523 993 qoia
561 924 713 977 multl
749 924 817 977 de
858 923 1267 993 contemplativa
1319 924 1435 993 vita
1471 926 1720 993 martyrio

157 996 399 1049 coronati
423 991 589 1056 sunt,
618 1004 670 1046 et
707 992 858 1045 multi
897 992 963 1045 de
1007 992 1175 1045 activa
1222 992 1327 1045 vita
1375 991 1440 1046 ad
1469 991 1720 1046 coronam

157 1065 402 1134 martyrii
434 1062 741 1134 procedunt,
775 1070 881 1134 etc.

235 1126 326 1187 ΗΣ
367 1126 610 1185 (Σθήάθιω
642 1130 809 1197 primo
837 1128 1195 1197 illuminantur
1237 1134 1383 1180 extra
1403 1126 1723 1197 ecclesiam,

161 1210 220 1254 et
251 1217 347 1267 per
383 1195 657 1267 acolytltos
697 1206 969 1264 portantur
994 1195 1045 1248 in
1073 1195 1580 1267 ecclesiam.Primo_
1600 1212 1723 1249 can-

161 1263 300 1324 dela:
325 1263 710 1337 procedunttet
734 1277 1005 1337 postquam
1027 1274 1238 1317 ventum
1260 1263 1417 1317 fuerit
1443 1267 1511 1337 ad
1534 1265 1722 1332 altare,

162 1333 572 1405 postpouuntur.
619 1333 910 1405 Utrumque
964 1334 1329 1405 demonstrant
1377 1341 1431 1386 et
1480 1333 1727 1405 doctores

163 1401 429 1469 ecclesiae,
456 1407 505 1458 id
533 1414 614 1459 est
640 1401 1042 1462 illuminatorcs,
1076 1402 1341 1455 exstitisse
1378 1409 1503 1455 ante
1532 1401 1724 1454 nativi-

166 1488 331 1528 tatem
365 1474 593 1536 Domini,
627 1484 677 1527 et
712 1483 911 1540 postea.
941 1472 1181 1539 Acolythi
1215 1484 1441 1540 namque
1470 1484 1729 1540 accenso-

166 1561 254 1598 res
279 1544 530 1596 lutninum
552 1538 821 1595 dicuntur.
845 1541 1137 1594 ‘Portantur
1159 1539 1422 1605 manibus,
1451 1538 1571 1607 quia
1596 1553 1728 1603 quos

166 1614 389 1665 srientia
434 1612 644 1677 replent
676 1610 827 1663 bonis
875 1609 1130 1675 exemplis
1175 1609 1380 1677 erigere
1420 1608 1729 1677 nullatenus

166 1696 382 1735 cessare
403 1674 617 1734 debent.
646 1681 852 1732 Eaedem
882 1674 1115 1731 candelae
1138 1674 1300 1743 usque
1318 1676 1382 1729 ad
1412 1674 1589 1744 Jt'yrie,
1611 1677 1731 1729 elei-

166 1766 262 1802 son
284 1750 649 1819 acolytliorutu
679 1748 1209 1819 manibus‘tenentor,
1236 1752 1438 1819 et__tuuc
1466 1758 1730 1819 ponuntur

167 1818 226 1872 in
257 1814 635 1887 pavimentum,
669 1827 721 1871 et
748 1827 889 1868 stant
920 1816 1023 1868 lixo
1052 1814 1240 1885 gradu.
1272 1814 1362 1887 Sic
1388 1822 1597 1887 Oportet
1637 1814 1731 1867 do-

168 1883 349 1939 ctores
372 1900 429 1940 ut
456 1888 639 1941 rudem
667 1887 916 1953 populum
950 1883 1248 1953 nullatenus
1278 1883 1347 1937 de
1379 1883 1619 1953 manibus
1646 1898 1730 1935 rc-

172 1958 439 2029 l_iuqu_aut,
465 1951 751 2029 antequam
792 1955 1015 2029 populus
1047 1951 1315 2029 subjectus
1344 1951 1477 2029 sciat
1506 1951 1683 2029 dcere
1714 1968 1727 2001 :

174 2021 420 2084 Domine.
464 2024 715 2076 miserere
765 2024 865 2075 mei
899 2021 1206 2090 peccatoris.
1248 2021 1395 2086 Quod
1445 2028 1526 2073 est
1572 2034 1734 2088 opere

170 2094 374 2153 dicere.
410 2104 560 2159 prout
589 2094 775 2145 doetus
821 2106 937 2145 sum
978 2106 1008 2142 a
1037 2089 1343 2159 didascaloA:
1374 2089 1616 2159 Miserum
1650 2103 1734 2141 me

172 2157 535 2229 recognosco,
584 2170 637 2214 et
678 2161 799 2214 ideo
846 2157 1396 2229 misericordiande
1450 2158 1735 2229 implorare

172 2226 405 2296 nporict.
430 2231 685 2296 Stantque
724 2239 849 2282 tunc
880 2242 971 2295 per
999 2243 1057 2281 se
1085 2226 1138 2281 in
1177 2226 1423 2296 ecclesia,
1462 2238 1516 2280 ct
1546 2227 1734 2279 illtuni-

176 2295 306 2352 nant
348 2295 646 2364 ecclesiam,
680 2299 925 2366 quoniam
956 2295 1033 2349 fas
1063 2306 1144 2351 est
1187 2303 1242 2348 ut
1269 2295 1355 2363 qui
1392 2298 1505 2366 jam
1545 2296 1733 2366 doctus

174 2378 259 2420 est
302 2382 331 2420 a
372 2369 587 2422 doctore
624 2364 811 2421 doceat
864 2366 1141 2420 ecclesiam
1184 2380 1279 2432 pro
1324 2367 1436 2419 vice
1479 2364 1731 2418 doctoris.

175 2437 307 2501 Qu.e
346 2436 607 2501 similiter,
661 2446 713 2489 ut
762 2436 992 2488 diximus
1029 2434 1098 2490 de
1146 2434 1470 2495 diaconibus,
1519 2434 1663 2500 plura
1702 2447 1733 2486 a

175 2505 381 2558 dextris
409 2512 565 2567 stant,
606 2516 659 2559 et
704 2520 865 2572 pauca
897 2519 927 2557 a
966 2504 1231 2567 SiﬂiSlriS;
1262 2503 1329 2557 de
1370 2518 1475 2569 quo
1507 2503 1731 2571 idipsum

176 2575 478 2641 signiﬁcare
510 2574 643 2627 velle
673 2574 1034 2639 intelligimus,
1066 2572 1204 2641 quod
1231 2573 1472 2638 superius
1504 2572 1731 2625 diximus

175 2647 247 2695 de
275 2642 599 2697 diacouibus.
631 2644 752 2695 Post
790 2644 1011 2709 primam
1056 2656 1279 2708 namque
1304 2644 1608 2695 Orationem
1641 2654 1732 2709 po-

180 2723 377 2765 nuntur
395 2712 629 2765 candelae
660 2720 781 2764 ante
824 2714 1007 2773 altare,
1042 2726 1143 2764 non
1167 2709 1276 2778 jam
1317 2710 1645 2773 altrinsecus,
1677 2719 1735 2762 ut

176 2790 358 2845 antea,
390 2780 481 2833 sed
514 2780 708 2832 mistiut
754 2794 845 2847 per
875 2780 1114 2833 ordinem
1161 2793 1485 2848 unaquaeque
1514 2789 1631 2847 post
1658 2779 1735 2848 ale

173 2858 347 2901 teratu
378 2864 537 2917 usque
566 2851 629 2901 ad
679 2849 1043 2912 novissimam,
1074 2850 1197 2916 quia
1243 2856 1365 2901 sunt
1404 2847 1615 2917 quidam
1643 2847 1733 2915 qui

178 2920 355 2970 omnia
386 2916 687 2985 relinquunt
715 2929 768 2971 et
812 2932 932 2972 sese
975 2916 1039 2970 ad
1068 2919 1227 2970 vitam
1270 2916 1730 2984 contemplativam

178 2987 573 3054 constringunt,
602 2990 839 3054 plerique
867 2989 1091 3040 activam
1116 2989 1275 3039 vitam
1316 2985 1511 3038 ducunt
1558 2994 1611 3038 et
1641 2986 1734 3037 ha-

186 3055 315 3107 bent
357 3072 534 3108 curam
567 3068 892 3110 terrenarum
922 3070 1128 3125 rerum;
1181 3062 1355 3109 tamen
1382 3055 1540 3125 552
1568 3070 1733 3121 quan-

183 3135 317 3194 tuup
348 3132 564 3191 possunt
608 3126 977 3194 eleemosynas
1028 3123 1294 3194 iaciendo,
1344 3123 1549 3194 vigilias
1590 3136 1737 3177 exer-

180 3192 373 3257 cendo,
400 3203 642 3261 satagunt
668 3192 952 3261 properare
977 3192 1042 3246 ad
1070 3193 1371 3246 ecclesiam.
1400 3193 1540 3256 Quos
1562 3201 1739 3261 utros-

180 3276 286 3329 que
316 3272 490 3315 nostra
523 3259 989 3316 Ecclésia'mistim
1032 3271 1193 3316 tenet.
1224 3263 1472 3325 Quamvis
1517 3270 1573 3313 et
1621 3259 1742 3313 ideo

185 3332 360 3397 possit
411 3330 632 3398 intelligi
682 3332 931 3385 candelas
979 3346 1072 3395 per
1125 3332 1363 3383 ordinem
1408 3337 1531 3382 ante
1576 3331 1744 3383 altare

179 3398 328 3464 poni,
360 3408 417 3451 ut
440 3402 685 3465 expedite
718 3400 921 3463 possint
959 3400 1186 3452 ministri
1224 3399 1289 3450 ad
1318 3398 1594 3452 ambonem
1624 3413 1742 3451 cur-

176 3482 326 3533 rere,
370 3476 422 3519 et
451 3467 595 3535 circa
637 3467 824 3518 altaria
876 3467 1197 3531 ministrare.
1229 3468 1570 3535 Evangelium
1600 3467 1740 3535 quod

102 3552 107 3557 ·
176 3545 421 3602 portatur
452 3534 666 3602 propius
695 3534 944 3603 episcopo
1000 3534 1233 3588 ostendit
1272 3534 1411 3602 quod
1442 3534 1627 3603 ipsum
1659 3545 1742 3590 est

180 3604 341 3659 nobis
370 3602 451 3655 via
477 3603 635 3656 eundi
658 3602 723 3655 ad
751 3615 967 3669 regnum
1002 3603 1116 3656 Dei.

254 3671 346 3725 12.
390 3670 466 3723 De
485 3672 704 3723 sessione
728 3668 969 3738 epiicopi.
1001 3669 1149 3735 Quod
1188 3668 1420 3737 requiem
1447 3669 1739 3724 animarum

176 3741 445 3809 signiticet
474 3750 591 3806 post
633 3749 805 3809 actam
850 3741 1188 3797 Orationem;
1233 3750 1291 3809 et
1324 3738 1447 3803 quid
1486 3738 1744 3809 signiﬁcet

180 3806 329 3877 quod
360 3808 655 3877 presbyteri
683 3821 801 3862 cum
842 3822 907 3862 eo
936 3809 1149 3870 sedent;
1182 3817 1234 3861 et
1262 3806 1329 3859 de
1357 3808 1588 3877 ecquod
1619 3822 1743 3861 ver-

178 3893 277 3931 sus
307 3876 457 3932 sitad
488 3876 765 3945 pupulum;
799 3877 1029 3929 ostendit
1057 3877 1230 3928 datam
1260 3890 1377 3928 esse
1410 3876 1483 3927 illi
1517 3883 1745 3937 patesta—

183 3957 295 4001 tem
339 3961 522 3999 eorum
575 3954 690 3999 acta
740 3956 985 3998 scrutari.
1031 3948 1321 4012 Episcopus
1366 3945 1575 4011 quidem
1625 3953 1743 4010 post

186 4019 413 4084 primam
440 4017 766 4077 Orationem,
789 4029 949 4083 quam
990 4014 1341 4084 precationem
1386 4015 1738 4084 nominamus,

184 4082 340 4159 sedet
373 4099 559 4138 versus
597 4087 680 4159 ad
705 4082 977 4159 populum,
1021 4094 1075 4138 et
1107 4082 1399 4159 presbyteri
1424 4098 1543 4159 cuiu
1570 4082 1743 4159 conlo

184 4156 307 4223 ipsa
342 4169 465 4223 veto
490 4157 791 4221 precatione
819 4154 1155 4223 Optatiouem
1176 4153 1363 4223 bonam
1394 4151 1644 4206 ecclesiae
1664 4151 1746 4223 itt-

186 4220 505 4291 telligitnus,
526 4224 674 4291 quasi
701 4223 841 4275 dicat
858 4220 1058 4289 popqu
1084 4240 1096 4272 :
1122 4220 1307 4288 Optavi
1347 4222 1539 4274 bonum
1570 4222 1745 4276 eccle-

183 4290 388 4354 sumet
415 4292 533 4344 ideo
546 4290 598 4343 si
615 4294 734 4343 deo.
762 4292 822 4343 Et
844 4306 936 4344 vos
963 4290 1175 4358 quidem
1196 4293 1239 4344 si
1262 4291 1488 4344 delectat
1510 4293 1743 4358 requiem

185 4360 465 4428 possidere
487 4362 805 4419 animarum,
835 4363 1056 4429 quaerite
1093 4362 1318 4427 primum
1363 4374 1588 4429 regnum
1629 4360 1743 4423 Dei,

183 4440 239 4483 et
266 4428 528 4497 justitiam
558 4428 1074 4497 ejus,etadteterna
1114 4428 1407 4481 necessaria
1432 4429 1746 4494 adﬁcientur

184 4496 359 4561 vobis,
392 4509 444 4551 et
474 4496 599 4566 post
617 4496 898 4551 invenietis
924 4498 1183 4562 requiem.
1216 4497 1369 4551 Stare
1394 4511 1621 4564 namque
1661 4508 1743 4552 est

181 4568 361 4625 adhuc
405 4568 456 4619 in
486 4566 772 4619 certamine
812 4568 983 4633 posito
1008 4575 1061 4619 et
1100 4580 1293 4630 orare;
1324 4577 1439 4633 post
1469 4566 1740 4621 victoriam

183 4650 317 4691 vero
355 4636 543 4689 sedere
580 4650 640 4689 ac
666 4635 925 4701 judicare.
972 4635 1170 4690 Sedeut
1208 4643 1261 4688 et
1302 4634 1591 4704 presbyteri
1624 4650 1743 4689 cum

187 4722 279 4768 eo,
310 4720 533 4772 quorum
576 4703 926 4757 ministerium
958 4715 1041 4771 est
1089 4705 1311 4772 idipsum
1347 4703 1641 4772 enuntiare.
1671 4705 1745 4758 De

182 4771 380 4843 quibus
406 4774 596 4827 Paulus
620 4789 633 4824 :
656 4773 954 4842 Presbyteri
983 4771 1177 4841 duplici
1204 4773 1406 4826 honore
1423 4771 1739 4840 habeantur,

186 4845 417 4895 maxime
464 4845 551 4909 qui
595 4844 835 4895 laborant
874 4844 926 4895 in
968 4846 1130 4897 verbo
1180 4843 1292 4895 Dt-i.
1345 4844 1468 4896 Post
1518 4844 1741 4911 primam

183 4912 480 4964 orationem
532 4922 634 4963 stat
669 4926 850 4965 versus
898 4911 962 4964 ad
996 4912 1265 4979 populum,
1320 4920 1378 4963 ut
1416 4911 1745 4965 demonstret

184 4983 385 5049 populo
428 4991 700 5047 postquam
741 4982 851 5033 Deo
888 4995 947 5035 se
996 4981 1346 5034 manifestavit
1385 4990 1439 5033 et
1479 4995 1572 5034 sua
1603 4990 1744 5044 acta,

188 5050 358 5104 oravit
401 5065 492 5115 pro
521 5065 579 5103 se
606 5050 841 5114 suisque,
871 5061 924 5102 et
954 5052 1146 5117 populo
1191 5053 1325 5103 bona
1364 5060 1606 5116 precatus
1644 5062 1743 5113 est,

183 5130 243 5172 et
269 5116 475 5170 laudem
500 5118 604 5171 Dco
632 5120 829 5181 retulit,
859 5116 1053 5174 habere
1082 5120 1433 5174 ministerium
1461 5134 1620 5183 onera
1652 5135 1745 5187 po-

229 5189 435 5240 ulorum
481 5202 698 5258 suorum
739 5187 1063 5258 examinare,
1106 5190 1223 5258 quis
1262 5188 1399 5241 inter
1435 5203 1527 5243 eos
1555 5190 1745 5258 dignus

229 5204 435 5240 urorum
481 5204 695 5240 suorum
739 5204 1027 5242 exammart

184 5204 468 5319 £3beatur,
499 5256 586 5308 vel
617 5256 733 5323 quis
764 5257 1027 5325 indignus.

263 5325 351 5378 13.
392 5326 520 5376 Nam
548 5326 666 5377 ideo
691 5326 845 5379 altior
868 5330 1013 5379 locus
1045 5326 1244 5394 positus
1272 5334 1353 5378 est
1378 5325 1659 5393 episcopis,
1686 5336 1743 5382 ut

185 5395 292 5462 ipsi
335 5394 793 5464 superintendant,
839 5405 894 5448 et
938 5406 1181 5463 tanquam
1234 5396 1533 5449 custodiant
1584 5411 1743 5464 p0pu.

188 5461 325 5518 lunt.
355 5461 485 5514 Nam
511 5473 564 5515 et
591 5461 773 5517 Crtece
794 5465 931 5531 quod
970 5461 1161 5518 dicitur
1182 5464 1478 5533 episcopus,
1512 5461 1612 5519 hoc
1641 5461 1741 5521 La-

188 5532 300 5589 tine
352 5533 743 5598 superintentor
792 5538 1183 5600 interpretatur,
1239 5532 1371 5600 quia
1414 5534 1740 5601 supervidet,

185 5602 310 5669 quia
334 5601 736 5666 superintendit.
767 5602 1042 5666 Quomodo
1077 5606 1217 5657 enim
1250 5602 1458 5655 vinitori
1492 5604 1645 5657 altior
1668 5606 1741 5660 sit

188 5671 339 5726 locus
378 5668 445 5723 ad
470 5670 861 5724 custodiendam
892 5688 1118 5737 vineam,
1165 5674 1241 5725 sic
1281 5672 1543 5740 episcopis
1586 5674 1740 5730 altior

1763 1780 1808 1838 Β

1778 4461 1822 4521 D

1822 510 2111 573 periculosa
2158 511 2288 563 ratio
2324 510 2581 573 redditur,
2614 509 2712 561 nisi
2756 523 2821 562 eo
2851 508 3010 561 corde
3040 517 3242 561 stemus
3272 512 3375 572 hic,

1820 586 1875 629 ut
1906 579 2199 632 humilitate
2226 578 2326 634 sub
2350 578 2569 647 pedibus
2602 579 2790 631 vestris
2819 579 3005 641 simus,
3041 588 3092 629 et
3117 592 3210 644 pro
3234 579 3384 632 vobis

1818 661 2052 700 Oremus.
2190 658 2191 665 ‘

1892 716 1979 767 lt.
2025 714 2315 781 Episcopus
2343 716 2483 768 enim
2531 716 2769 767 minister
2802 715 2894 765 fuit
2938 714 3022 777 qui
3055 714 3193 766 dixit
3225 731 3239 764 :
3268 715 3380 770 Non

1820 783 1941 834 veni
1972 784 2280 846 ministrari,
2311 784 2405 837 sed
2437 784 2756 836 ministrare.
2791 784 3020 835 Joannes
3051 798 3238 850 nempe
3260 787 3383 835 sub-

1822 852 2079 917 minister,
2112 854 2198 917 qui
2250 852 2381 904 dixit
2414 868 2427 903 :
2463 852 2555 904 llic
2596 862 2709 904 erat
2761 866 2915 919 quem
2946 852 3075 915 dixi,
3106 855 3224 919 quia
3265 863 3383 919 post

1824 935 1908 971 me
1932 922 2074 972 venit
2098 922 2197 983 vir,
2224 922 2311 988 qui
2338 928 2462 974 ante
2492 935 2577 974 me
2602 918 2898 973 l‘acttts’est.
2932 920 3030 984 Qui
3062 918 3161 972 nou
3195 918 3388 973 ascen-

1822 988 1895 1040 dit
1926 991 1989 1039 ad
2022 993 2349 1055 superiorem
2387 989 2628 1057 gradum,
2659 1004 2815 1055 quem
2845 990 2989 1041 solus
3032 990 3166 1041 solet
3195 1003 3382 1043 ascen-

1822 1057 1951 1109 dere
1984 1058 2083 1125 qui
2136 1058 2473 1125 Evangelium
2506 1059 2736 1110 lecturus
2785 1070 2888 1119 εει,
2941 1065 2999 1109 ut
3043 1058 3286 1111 ostendat
3326 1073 3386 1113 se

1822 1124 2219 1179 subministrutn
2277 1124 2439 1195 esse,
2468 1128 2589 1193 quia
2639 1141 2741 1179 non
2787 1134 2870 1179 est
2918 1125 3149 1195 Joannes
3192 1128 3383 1195 dignus

1823 1195 2031 1263 solvere
2057 1196 2335 1262 corrigiam
2366 1194 2829 1250 calciamentorum
2872 1195 3009 1263 ejus,
3057 1194 3207 1262 cujus
3229 1194 3389 1250 verba

1826 1262 1877 1314 in
1908 1274 1972 1313 eo
2000 1262 2257 1328 leguntur.

1894 1328 2095 1400 Cantor
2110 1344 2236 1383 vero
2261 1330 2547 1400 ascendere
2575 1341 2747 1400 potest
2774 1330 3153 1400 indideranter.
3188 1334 3384 1386 Ascen-

1825 1395 2185 1462 ditsuperius,
2215 1399 2339 1465 quia
2364 1395 2605 1453 Christus
2636 1401 2882 1467 praelatus
2910 1409 2991 1453 est
3021 1399 3232 1452 Jomni.
3264 1401 3383 1455 Stat

1829 1467 1879 1517 in
1927 1468 2137 1527 eodem,
2179 1468 2299 1533 quia
2352 1467 2641 1521 aestimatur
2680 1467 2936 1521 Joannes.
2980 1468 3097 1520 Stat
3145 1471 3383 1533 inferius,

1828 1534 1949 1604 quia
1975 1535 2119 1587 venit
2139 1536 2205 1604 ab
2231 1548 2296 1587 eo
2320 1533 2593 1598 baptizari.
2625 1534 2737 1603 Non
2762 1535 3003 1590 ascendit
3027 1537 3269 1604 superius
3296 1541 3384 1603 qui

1831 1602 2247 1673 ltesponsorium
2277 1612 2477 1671 cantat,
2506 1619 2662 1673 quam
2682 1602 2780 1673 qui
2806 1602 3263 1673 lectionem'legit,
3293 1602 3387 1659 sed

1831 1681 1937 1723 stat
1978 1672 2030 1724 in
2056 1671 2244 1726 eodem
2284 1674 2430 1737 loco;
2462 1671 2595 1726 et'si
2625 1671 2864 1726 ascendit
2893 1672 3157 1739 superius,
3178 1671 3183 1672 “
3202 1688 3394 1727 secutis

1834 1740 1961 1792 dum
2007 1742 2249 1807 superius
2292 1742 2462 1794 dictos
2507 1742 2692 1796 modos
2724 1742 3050 1807 intelligitur.
3094 1744 3395 1810 Responso-

1836 1810 1970 1862 riom
1991 1810 2118 1879 ideo
2146 1810 2359 1879 dicitur,
2388 1824 2454 1863 eo
2482 1811 2621 1879 quod
2670 1824 2775 1879 uno
2814 1819 3059 1866 cantante
3088 1813 3269 1865 ceteri
3301 1828 3396 1863 re-

1835 1877 2151 1943 spondeant.
2199 1878 2438 1932 Can'avit
2477 1877 2611 1933 unus
2653 1878 2915 1943 Christus,
2961 1882 3009 1933 id
3060 1890 3142 1933 est
3184 1881 3394 1934 vocavit

1833 1946 2051 2018 Petrum
2102 1955 2157 2018 et
2210 1957 2433 2002 czcteros
2479 1949 2787 2018 apostolos;
2842 1947 2916 2001 illi
2969 1950 3394 2017 responderunt,

1832 2015 1955 2083 quia
1995 2015 2262 2069 Christum
2315 2015 2692 2071 imitati'suut.
2727 2019 2790 2071 Et
2831 2018 2949 2070 ideo
2980 2015 3397 2084 Responsoriom

1834 2086 2203 2154 convocationi
2234 2087 2593 2152 apostolorum
2624 2087 2891 2140 convenit.
2926 2086 3041 2154 Ipse
3070 2088 3208 2139 idm
3249 2089 3395 2139 solus

1839 2152 2056 2209 Versum
2096 2164 2300 2219 Cantat,
2331 2156 2452 2222 quia
2503 2155 2746 2209 Christus
2786 2152 3029 2209 seorsum
3078 2165 3399 2222 pernoctans

1832 2224 1978 2275 solus
2016 2224 2223 2287 orabat,
2263 2226 2403 2294 sicut
2439 2225 2491 2278 in
2546 2225 2835 2293 Evangelio
2861 2242 2875 2279 :
2899 2222 3017 2294 ipse
3059 2238 3234 2278 autem
3283 2231 3399 2278 erat

1834 2302 2153 2358 pernuctans
2177 2294 2230 2345 in
2259 2292 2534 2348 Oratione.

1904 2360 2062 2429 553
2099 2362 2358 2415 Diaconos
2385 2378 2506 2416 cum
2553 2362 2791 2417 ascendit
2818 2362 2882 2416 ad
2924 2361 3234 2429 legendum,
3268 2362 3399 2430 petit

1834 2427 2260 2500 Benedictiouem
2291 2431 2358 2484 ab
2388 2434 2655 2500 episcopo,
2689 2441 2742 2485 ct
2757 2433 2947 2498 accipit
2970 2427 3304 2499 Evangeliqu
3331 2432 3398 2484 ab

1832 2499 2014 2562 altari;
2043 2508 2097 2553 et
2128 2499 2432 2567 precedent
2447 2511 2570 2557 ante
2588 2516 2707 2556 eum
2728 2502 2832 2554 duo
2856 2501 3190 2565 candelabra,
3212 2510 3265 2554 et
3290 2501 3396 2553 duo

1836 2568 2119 2637 thuribula,
2145 2569 2259 2622 sive
2285 2586 2467 2623 unum.
2489 2572 2618 2623 Illud
2643 2571 2763 2636 quid
2783 2570 3271 2637 signiﬁcet,dictum
3293 2579 3396 2623 est.

1836 2636 2097 2707 Diaconos
2126 2653 2251 2707 vero
2273 2647 2377 2692 stat
2400 2654 2583 2692 versus
2609 2642 2673 2691 ad
2698 2636 2988 2700 Meridiem.
3011 2640 3074 2692 ad
3097 2654 3252 2707 quam
3279 2653 3400 2705 par-

1836 2715 1939 2758 tem
1971 2706 2071 2759 viri
2105 2706 2275 2760 solent
2302 2711 2586 2762 continere.
2620 2709 2755 2762 Petit
2786 2710 2927 2775 prius
2972 2706 3397 2762 Benedictiouem

1833 2776 1900 2827 ab
1924 2776 2205 2844 episcopo;
2232 2778 2512 2844 episcopus
2538 2778 2629 2831 dat
2656 2778 2732 2831 illi
2763 2793 2778 2832 :
2809 2775 3056 2831 Dominus
3083 2777 3147 2830 sit
3168 2778 3221 2830 in
3250 2783 3400 2829 corde

1834 2855 1944 2915 tuo,
1973 2855 2018 2897 st
2047 2844 2099 2897 in
2132 2846 2276 2915 labiis
2305 2846 2423 2897 tuis.
2460 2846 2732 2899 lncensum
2756 2846 2893 2915 quod
2920 2846 3127 2915 ponitur
3153 2847 3202 2900 in
3235 2845 3401 2915 litori-

1833 2912 2014 2966 bulum
2033 2914 2325 2968 orationem
2347 2914 2581 2983 designat
2605 2912 2927 2968 sanctorum.
2955 2914 3102 2969 Unde
3123 2916 3247 2970 dicit
3271 2912 3399 2967 Prov

1835 2982 1990 3049 pheta
2026 3000 2037 3033 :
2075 2983 2339 3051 Dirigatur
2367 2982 2547 3037 Oratio
2578 2999 2690 3037 mea
2720 2986 2856 3037 sicut
2886 2985 3158 3037 incensum
3191 2988 3241 3036 in
3269 2998 3400 3035 cou-

1835 3062 2017 3117 spectu
2047 3060 2157 3105 tuo.
2191 3054 2450 3106 Diaconos
2477 3052 2603 3105 dicit
2636 3054 2880 3105 Dominus
2909 3054 3181 3105 vobiscum.
3213 3053 3276 3105 Et
3307 3066 3403 3119 po-

1842 3121 1992 3187 pulus
2024 3134 2083 3173 se
2130 3124 2293 3175 vertit
2322 3121 2386 3175 ad
2434 3121 2726 3183 Orientem,
2774 3132 2890 3175 orat
2938 3120 3103 3174 Deum
3135 3130 3191 3174 ut
3240 3123 3406 3188 possit

1843 3189 2002 3255 digne
2030 3190 2325 3259 intelligere
2356 3203 2489 3259 qua}
2514 3190 2785 3244 auditurus
2814 3199 2929 3254 est;
2961 3199 3014 3243 et
3042 3192 3248 3258 signum
3278 3203 3406 3241 san-

1841 3268 1939 3311 ctze
1967 3260 2139 3312 crucis
2175 3258 2366 3326 singuli
2398 3258 2593 3311 iaciunt
2639 3259 2691 3311 in
2735 3261 2992 3312 frontibus
3034 3261 3164 3325 suis,
3222 3268 3278 3312 ut
3321 3274 3408 3326 per

1841 3327 2046 3396 signum
2074 3336 2269 3381 sanctae
2312 3327 2482 3381 cruris
2525 3330 2630 3379 sint
2675 3327 2909 3396 loricati,
2956 3339 3214 3394 quatenus
3264 3332 3410 3381 nulla

1843 3397 2116 3462 phantasia
2136 3396 2410 3451 diabolica:
2433 3396 2628 3449 fraudis
2656 3395 2854 3449 aditum
2877 3397 3111 3450 inveniat
3136 3398 3379 3451 introeuu

1841 3466 1895 3534 di
1921 3465 1971 3516 in
1998 3464 2162 3519 corda
2185 3480 2391 3529 eorum,
2421 3474 2475 3519 et
2502 3464 2712 3534 auferre
2740 3466 2907 3531 possit
2930 3479 3112 3520 semen
3138 3465 3411 3534 Evangelii

1841 3533 1907 3587 de
1938 3534 2181 3586 manibus
2208 3547 2414 3588 eorum.
2448 3534 2575 3588 Post
2616 3532 2729 3587 haec
2774 3533 2944 3588 baculi
2994 3532 3329 3601 deponuntur
3375 3551 3407 3588 e

1845 3603 2108 3670 manibus.
2138 3602 2305 3656 Judaei
2350 3617 2576 3670 namque
2605 3602 2914 3657 arundinem
2946 3603 2995 3657 in
3024 3603 3244 3657 dextera
3276 3603 3402 3658 Jesu

1841 3668 2052 3741 dabant,
2083 3680 2136 3725 et
2157 3672 2391 3737 spineam
2417 3668 2667 3726 coronam
2695 3674 2850 3737 capiti
2871 3671 2988 3740 ejus
3016 3672 3404 3741 imposuerunt,

1841 3744 1896 3789 et
1922 3738 2221 3809 salutabant
2246 3755 2388 3809 eum,
2426 3750 2583 3809 atque
2620 3756 2791 3809 genua
2821 3738 3409 3809 ponentes'adorabaut

1842 3819 1964 3876 eum
1986 3806 2290 3859 illudentes.
2320 3807 2428 3861 Nos
2452 3806 2579 3863 vero
2599 3806 2858 3876 fugientes
2878 3826 3191 3865 consensum
3222 3826 3407 3866 eorum

1843 3874 2169 3948 deponantus
2197 3876 2438 3929 baculum
2460 3914 2475 3938 ,
2506 3874 2765 3943 quem'illi
2791 3889 3077 3948 erexerunt
3104 3882 3172 3935 ob
3214 3896 3405 3948 super-

1844 3940 2010 3995 biam.
2038 3941 2217 4009 Neque
2244 3940 2716 4014 coronammeque
2745 3946 2884 3998 aliud
2912 3940 3295 4014 operimentum
3320 3966 3411 4002 su-

1846 4011 2343 4086 per_caput_ead_em
2395 4013 2520 4086 iicra
2565 4022 2822 4086 tenentes.
2873 4011 3242 4071 Si‘intraverit
3291 4034 3411 4086 quis

1846 4080 2022 4133 subito
2043 4082 2228 4135 eadem
2252 4079 2382 4152 hora
2413 4082 2464 4135 in
2495 4082 2794 4152 ecclesiam,
2820 4099 2923 4138 non
2950 4086 3241 4139 salutamus
3261 4079 3406 4152 etim,

1844 4164 2015 4217 neque
2041 4163 2210 4219 genua
2245 4150 2489 4216 ponimus
2518 4151 2584 4205 ad
2629 4152 2964 4216 Orationem,
2995 4155 3166 4208 donec
3212 4150 3407 4210 lectum

1846 4219 1916 4274 sit
1944 4220 2291 4289 evangelium.
2324 4220 2490 4275 Aliter
2518 4219 2764 4276 baculum
2788 4237 3068 4290 possumus
3089 4224 3408 4293 intelligere,

1846 4302 1948 4343 etc.

1916 4358 2003 4431 l5.
2036 4355 2295 4411 Diaconos
2323 4361 2667 4427 pronuntians
2692 4360 2849 4431 verba
2884 4362 3173 4431 Evangelii,
3206 4362 3271 4416 ad
3300 4364 3409 4417 Me-

1849 4427 2038 4501 ridiem
2067 4436 2401 4501 statversus,
2430 4431 2675 4501 tpjoniatn
2706 4429 2809 4485 illis
2836 4427 3094 4499 loquitur,
3125 4434 3191 4486 de
3216 4434 3414 4499 quibus

1849 4494 2038 4570 lfaulus
2059 4496 2265 4570 dicebat
2294 4516 2306 4549 :
2328 4494 2651 4570 Sapientiam
2684 4494 2944 4567 loquimur
2968 4494 3102 4555 in'er
3125 4494 3413 4570 perfectos.

1847 4564 2073 4638 Quando
2100 4568 2239 4619 enim
2261 4568 2340 4620 Sol
2366 4568 2431 4621 ad
2461 4568 2725 4638 Meridiem
2754 4564 2939 4638 vergit,
2971 4564 3255 4624 ferventior
3276 4574 3415 4625 solet

1847 4635 2109 4701 existere,
2137 4646 2191 4707 et
2218 4638 2394 4707 altior.
2426 4637 2699 4707 Signilicat
2729 4635 2955 4707 namque
2982 4641 3261 4695 ecclesiam
3306 4642 3413 4695 ler-

1850 4713 2057 4778 ventem
2089 4705 2266 4778 animo
2294 4703 2346 4759 in
2378 4703 2557 4759 amore
2586 4706 2676 4759 Dei
2706 4703 2961 4763 elevarant
2992 4724 3111 4763 esse
3138 4710 3190 4763 in
3220 4726 3412 4778 magno

1848 4773 2080 4843 culmine
2109 4774 2379 4827 virtutum.
2413 4780 2549 4828 bane
2577 4778 2788 4843 quando
2834 4781 3064 4833 solemus
3110 4773 3412 4833 sedere'ad

1850 4840 2132 4917 lectionem
2164 4844 2565 4917 magistrorum,
2596 4840 2757 4901 iacies
2794 4850 3037 4917 magistri
3088 4849 3254 4902 nostri
3303 4865 3413 4901 am-

1850 4910 1987 4978 plius
2005 4921 2085 4991 est
2113 4910 2315 4991 intenta
2335 4915 2535 4991 in_eum
2564 4918 2657 4991 qui
2684 4910 2968 4991 perfectius
2992 4928 3160 4991 potest
3182 4919 3409 4982 discere,

1846 4982 2084 5053 quamin
2115 4994 2206 5033 eos
2232 4983 2317 5048 qui
2340 4982 2513 5036 minus
2542 4986 2772 5051 perfecte
2791 4982 3016 5041 discunt.
3051 4987 3161 5040 Non
3182 5002 3246 5040 eo
3268 4992 3406 5053 quod

1845 5048 1921 5125 illi
1948 5050 2045 5102 soli
2074 5058 2219 5117 optet
2248 5066 2407 5125 suam
2425 5048 2741 5125 doctrinam,
2764 5057 2854 5110 sed
2884 5059 3003 5125 quia
3036 5059 3153 5110 illos
3181 5048 3407 5125 qui'tar-

1845 5118 2047 5192 diorem
2078 5133 2292 5173 sensum
2323 5121 2521 5176 habent
2549 5124 2657 5175 vult
2686 5118 2874 5177 iterum
2898 5118 3075 5178 doceri
3105 5130 3170 5178 ab
3198 5118 3288 5178 illo
3316 5127 3406 5192 qui

1847 5188 2003 5263 citius
2041 5203 2217 5263 veram
2269 5192 2539 5263 rationem
2573 5191 2807 5247 invenire
2855 5203 3024 5263 potest
3073 5196 3124 5247 in
3171 5188 3411 5247 doctrina

1846 5258 2106 5326 magistri.
2134 5257 2247 5332 Non
2274 5258 2597 5332 dicitttus_ita
2626 5272 2681 5314 ut
2710 5265 2758 5314 hi
2791 5257 2878 5332 qui
2912 5276 3026 5330 post
3056 5274 3257 5331 tergum
3287 5273 3411 5315 sunt

1847 5335 2085 5401 extorres
2106 5329 2263 5401 sinta
2290 5338 2471 5401 sancto
2502 5329 2921 5397 Evangelio,‘sed
2946 5344 3000 5385 ut
3027 5348 3118 5401 per
3146 5329 3411 5387 doctiores

1843 5396 2021 5448 minus
2047 5397 2239 5449 eruditi
2266 5400 2588 5463 erudiantur,
2622 5396 2725 5455 etc.

1916 5464 2014 5539 16ζ
2045 5465 2169 5519 Post
2196 5468 2388 5521 lectum
2422 5468 2763 5539 Evangelium
2796 5469 3029 5524 candela.-
3058 5472 3411 5539 exstinguun-

1848 5544 1951 5589 tur.
1986 5534 2085 5587 Pcr
2120 5540 2369 5592 candelas
2415 5534 2689 5605 signantur
2733 5540 2979 5594 doctores
3028 5534 3298 5595 Ecclesi'az.
3349 5542 3413 5596 Et

1844 5609 1967 5678 quid
1996 5606 2109 5678 vult
2131 5604 2292 5667 istud,
2310 5607 2449 5673 quod
2472 5604 2590 5672 post
2615 5610 2960 5677 Evangeliutn
2978 5622 3411 5678 exstinguuntur.

1846 5676 1943 5730 nisi
1976 5675 2113 5742 quod
2155 5689 2312 5729 nemo
2342 5682 2614 5732 doctorum
2646 5675 3020 5735 transcendere
3051 5675 3221 5749 potest
3252 5680 3413 5735 verba
