  <div class='ocr_page' id='page_1' title='image "/cluster/home/n/w/nwhite01/storage/ocr_20150623/78/uva.x000827090/696.png"; bbox 0 0 3990 6296; ppageno 0'>
   <div class='ocr_carea' id='block_1_1' title="bbox 193 322 328 381">
    <p class='ocr_par' dir='ltr' id='par_1_1' title="bbox 193 322 328 381">
     <span class='ocr_line' id='line_1_1' title="bbox 193 322 328 381; baseline 0.022 -3"><span class='ocrx_word' id='word_1_1' title='bbox 193 322 328 381; x_wconf 67' lang='grc' dir='ltr'><strong>ΙΞἾἹ</strong></span> 
     </span>
    </p>
   </div>
   <div class='ocr_carea' id='block_1_2' title="bbox 1072 321 2538 399">
    <p class='ocr_par' dir='ltr' id='par_1_2' title="bbox 1072 321 2538 399">
     <span class='ocr_line' id='line_1_2' title="bbox 1072 321 2538 399; baseline 0.003 -24"><span class='ocrx_word' id='word_1_2' title='bbox 1072 322 1163 399; x_wconf 79' lang='lat' dir='ltr'><strong>Al)</strong></span> <span class='ocrx_word' id='word_1_3' title='bbox 1204 321 1532 379; x_wconf 76' lang='lat' dir='ltr'><strong>LIBELLOS</strong></span> <span class='ocrx_word' id='word_1_4' title='bbox 1572 323 1842 379; x_wconf 80' lang='lat' dir='ltr'><strong>ORDINIS</strong></span> <span class='ocrx_word' id='word_1_5' title='bbox 1885 323 2145 381; x_wconf 63' lang='lat' dir='ltr'><strong>ROMANI</strong></span> <span class='ocrx_word' id='word_1_6' title='bbox 2186 325 2538 383; x_wconf 74' lang='lat' dir='ltr'><strong>APPENDIX.</strong></span> 
     </span>
    </p>
   </div>
   <div class='ocr_carea' id='block_1_3' title="bbox 3330 342 3431 395">
    <p class='ocr_par' dir='ltr' id='par_1_3' title="bbox 3330 342 3431 395">
     <span class='ocr_line' id='line_1_3' title="bbox 3330 342 3431 395; baseline 0.059 -6"><span class='ocrx_word' id='word_1_7' title='bbox 3330 342 3431 395; x_wconf 68' lang='lat'><strong>373</strong></span> 
     </span>
    </p>
   </div>
   <div class='ocr_carea' id='block_1_4' title="bbox 188 432 3433 516">
    <p class='ocr_par' dir='ltr' id='par_1_4' title="bbox 188 432 3433 516">
     <span class='ocr_line' id='line_1_4' title="bbox 188 432 3433 516; baseline 0.004 -25"><span class='ocrx_word' id='word_1_8' title='bbox 188 453 378 501; x_wconf 81' lang='lat' dir='ltr'><strong>crum;</strong></span> <span class='ocrx_word' id='word_1_9' title='bbox 407 443 461 487; x_wconf 85' lang='lat' dir='ltr'><strong>et</strong></span> <span class='ocrx_word' id='word_1_10' title='bbox 487 442 664 502; x_wconf 77' lang='lat' dir='ltr'><strong>po.-tra</strong></span> <span class='ocrx_word' id='word_1_11' title='bbox 694 439 1047 516; x_wconf 56' lang='lat' dir='ltr'><strong>praparftntcs</strong></span> <span class='ocrx_word' id='word_1_12' title='bbox 1072 441 1325 516; x_wconf 60' lang='lat' dir='ltr'><strong>aromata.</strong></span> <span class='ocrx_word' id='word_1_13' title='bbox 1352 433 1425 516; x_wconf 76' lang='lat' dir='ltr'><strong>illi</strong></span> <span class='ocrx_word' id='word_1_14' title='bbox 1457 434 1543 513; x_wconf 81' lang='lat' dir='ltr'><strong>qui</strong></span> <span class='ocrx_word' id='word_1_15' title='bbox 1570 433 1755 487; x_wconf 83' lang='lat' dir='ltr'><strong>horum</strong></span> <span class='ocrx_word' id='word_1_16' title='bbox 1790 438 1838 503; x_wconf 76' lang='grc' dir='ltr'><strong>Α</strong></span> <span class='ocrx_word' id='word_1_17' title='bbox 1865 432 1930 516; x_wconf 72' lang='lat' dir='ltr'><strong>de</strong></span> <span class='ocrx_word' id='word_1_18' title='bbox 1973 434 2162 516; x_wconf 66' lang='lat' dir='ltr'><strong>altari,</strong></span> <span class='ocrx_word' id='word_1_19' title='bbox 2184 436 2722 516; x_wconf 59' lang='lat' dir='ltr'><strong>quemadmodumiu</strong></span> <span class='ocrx_word' id='word_1_20' title='bbox 2769 439 2919 516; x_wconf 79' lang='lat' dir='ltr'><strong>tertia</strong></span> <span class='ocrx_word' id='word_1_21' title='bbox 2964 441 3051 498; x_wconf 88' lang='lat' dir='ltr'><strong>die</strong></span> <span class='ocrx_word' id='word_1_22' title='bbox 3096 445 3269 501; x_wconf 86' lang='lat' dir='ltr'><strong>anima</strong></span> <span class='ocrx_word' id='word_1_23' title='bbox 3316 466 3433 516; x_wconf 70' lang='lat' dir='ltr'><strong>qua!</strong></span> 
     </span>
    </p>
   </div>
   <div class='ocr_carea' id='block_1_5' title="bbox 188 500 1761 575">
    <p class='ocr_par' dir='ltr' id='par_1_5' title="bbox 188 500 1761 575">
     <span class='ocr_line' id='line_1_5' title="bbox 188 500 1761 575; baseline -0.002 -16"><span class='ocrx_word' id='word_1_24' title='bbox 188 516 371 575; x_wconf 75' lang='lat' dir='ltr'><strong>typum</strong></span> <span class='ocrx_word' id='word_1_25' title='bbox 398 500 577 558; x_wconf 84' lang='lat' dir='ltr'><strong>tenent</strong></span> <span class='ocrx_word' id='word_1_26' title='bbox 608 500 944 575; x_wconf 69' lang='lat' dir='ltr'><strong>receduntde</strong></span> <span class='ocrx_word' id='word_1_27' title='bbox 971 500 1122 575; x_wconf 77' lang='lat' dir='ltr'><strong>alt_ari</strong></span> <span class='ocrx_word' id='word_1_28' title='bbox 1154 500 1218 554; x_wconf 91' lang='lat' dir='ltr'><strong>ad</strong></span> <span class='ocrx_word' id='word_1_29' title='bbox 1250 500 1600 575; x_wconf 67' lang='lat' dir='ltr'><strong>ministerium</strong></span> <span class='ocrx_word' id='word_1_30' title='bbox 1628 518 1761 571; x_wconf 69' lang='lat' dir='ltr'><strong>prte-</strong></span> 
     </span>
    </p>
   </div>
   <div class='ocr_carea' id='block_1_6' title="bbox 186 568 1763 642">
    <p class='ocr_par' dir='ltr' id='par_1_6' title="bbox 186 568 1763 642">
     <span class='ocr_line' id='line_1_6' title="bbox 186 568 1763 642; baseline -0.003 -13"><span class='ocrx_word' id='word_1_31' title='bbox 186 568 506 642; x_wconf 47' lang='lat' dir='ltr'><strong>p&#39;a&#39;raudum,</strong></span> <span class='ocrx_word' id='word_1_32' title='bbox 531 572 741 641; x_wconf 89' lang='lat' dir='ltr'><strong>quando</strong></span> <span class='ocrx_word' id='word_1_33' title='bbox 771 570 989 624; x_wconf 88' lang='lat' dir='ltr'><strong>audiunt</strong></span> <span class='ocrx_word' id='word_1_34' title='bbox 1017 568 1115 623; x_wconf 82' lang='lat' dir='ltr'><strong>Per</strong></span> <span class='ocrx_word' id='word_1_35' title='bbox 1145 573 1312 623; x_wconf 83' lang='lat' dir='ltr'><strong>omnia</strong></span> <span class='ocrx_word' id='word_1_36' title='bbox 1338 573 1523 625; x_wconf 68' lang='lat' dir='ltr'><strong>sa’rula</strong></span> <span class='ocrx_word' id='word_1_37' title='bbox 1551 568 1763 627; x_wconf 74' lang='lat' dir='ltr'><strong>saculo-</strong></span> 
     </span>
    </p>
   </div>
   <div class='ocr_carea' id='block_1_7' title="bbox 184 640 1495 712">
    <p class='ocr_par' dir='ltr' id='par_1_7' title="bbox 184 640 1495 712">
     <span class='ocr_line' id='line_1_7' title="bbox 184 640 1495 712; baseline 0.008 -16"><span class='ocrx_word' id='word_1_38' title='bbox 184 640 323 697; x_wconf 83' lang='lat' dir='ltr'><strong>rum.</strong></span> <span class='ocrx_word' id='word_1_39' title='bbox 360 640 557 712; x_wconf 66' lang='lat' dir='ltr'><strong>Anien.</strong></span> <span class='ocrx_word' id='word_1_40' title='bbox 1300 640 1405 712; x_wconf 39' lang='grc' dir='ltr'><strong>ίμ,</strong></span> <span class='ocrx_word' id='word_1_41' title='bbox 1429 709 1446 712; x_wconf 87' lang='lat'>_</span> <span class='ocrx_word' id='word_1_42' title='bbox 1478 708 1495 712; x_wconf 37' lang='grc' dir='ltr'><strong>,η</strong></span> 
     </span>
    </p>
   </div>
   <div class='ocr_carea' id='block_1_8' title="bbox 256 707 1761 781">
    <p class='ocr_par' dir='ltr' id='par_1_8' title="bbox 256 707 1761 781">
     <span class='ocr_line' id='line_1_8' title="bbox 256 707 1761 781; baseline 0.001 -16"><span class='ocrx_word' id='word_1_43' title='bbox 256 714 345 767; x_wconf 72' lang='grc'><strong>21.</strong></span> <span class='ocrx_word' id='word_1_44' title='bbox 382 713 457 765; x_wconf 87' lang='lat' dir='ltr'><strong>De</strong></span> <span class='ocrx_word' id='word_1_45' title='bbox 484 711 557 765; x_wconf 87' lang='lat' dir='ltr'><strong>Te</strong></span> <span class='ocrx_word' id='word_1_46' title='bbox 587 712 743 777; x_wconf 88' lang='lat' dir='ltr'><strong>igitur</strong></span> <span class='ocrx_word' id='word_1_47' title='bbox 764 751 776 771; x_wconf 92' lang='lat'><strong>,</strong></span> <span class='ocrx_word' id='word_1_48' title='bbox 809 727 899 764; x_wconf 87' lang='lat' dir='ltr'><strong>cur</strong></span> <span class='ocrx_word' id='word_1_49' title='bbox 924 719 1108 762; x_wconf 83' lang='lat' dir='ltr'><strong>secreto</strong></span> <span class='ocrx_word' id='word_1_50' title='bbox 1138 707 1761 781; x_wconf 47' lang='lat' dir='ltr'><strong>cantetiiii&#39;Corisitetudo</strong></span> 
     </span>
    </p>
   </div>
   <div class='ocr_carea' id='block_1_9' title="bbox 182 776 1760 851">
    <p class='ocr_par' dir='ltr' id='par_1_9' title="bbox 182 776 1760 851">
     <span class='ocr_line' id='line_1_9' title="bbox 182 776 1760 851; baseline -0.002 -14"><span class='ocrx_word' id='word_1_51' title='bbox 182 798 416 851; x_wconf 77' lang='lat' dir='ltr'><strong>namque</strong></span> <span class='ocrx_word' id='word_1_52' title='bbox 444 776 653 849; x_wconf 81' lang='lat' dir='ltr'><strong>patrum</strong></span> <span class='ocrx_word' id='word_1_53' title='bbox 679 790 977 851; x_wconf 86' lang='lat' dir='ltr'><strong>nostrorum</strong></span> <span class='ocrx_word' id='word_1_54' title='bbox 1005 782 1229 851; x_wconf 77' lang='lat' dir='ltr'><strong>habebat</strong></span> <span class='ocrx_word' id='word_1_55' title='bbox 1257 790 1312 831; x_wconf 93' lang='lat' dir='ltr'><strong>ut</strong></span> <span class='ocrx_word' id='word_1_56' title='bbox 1341 776 1428 847; x_wconf 86' lang='lat' dir='ltr'><strong>qui</strong></span> <span class='ocrx_word' id='word_1_57' title='bbox 1452 776 1760 851; x_wconf 35' lang='lat' dir='ltr'><strong>U‘ratiOnetn</strong></span> 
     </span>
    </p>
   </div>
   <div class='ocr_carea' id='block_1_10' title="bbox 181 846 1759 914">
    <p class='ocr_par' dir='ltr' id='par_1_10' title="bbox 181 846 1759 914">
     <span class='ocr_line' id='line_1_10' title="bbox 181 846 1759 914; baseline -0.001 -9"><span class='ocrx_word' id='word_1_58' title='bbox 181 846 421 905; x_wconf 80' lang='lat' dir='ltr'><strong>facerent</strong></span> <span class='ocrx_word' id='word_1_59' title='bbox 447 846 669 903; x_wconf 72' lang='lat' dir='ltr'><strong>laudem</strong></span> <span class='ocrx_word' id='word_1_60' title='bbox 706 852 810 901; x_wconf 84' lang='lat' dir='ltr'><strong>Deo</strong></span> <span class='ocrx_word' id='word_1_61' title='bbox 851 846 1131 902; x_wconf 82' lang='lat' dir='ltr'><strong>referrent.</strong></span> <span class='ocrx_word' id='word_1_62' title='bbox 1174 848 1333 912; x_wconf 76' lang='lat' dir='ltr'><strong>Igitur</strong></span> <span class='ocrx_word' id='word_1_63' title='bbox 1364 846 1506 914; x_wconf 73' lang='lat' dir='ltr'><strong>Quod</strong></span> <span class='ocrx_word' id='word_1_64' title='bbox 1549 850 1759 904; x_wconf 73' lang='lat' dir='ltr'><strong>eXCelsa</strong></span> 
     </span>
    </p>
   </div>
   <div class='ocr_carea' id='block_1_11' title="bbox 182 917 1762 987">
    <p class='ocr_par' dir='ltr' id='par_1_11' title="bbox 182 917 1762 987">
     <span class='ocr_line' id='line_1_11' title="bbox 182 917 1762 987; baseline -0.001 -12"><span class='ocrx_word' id='word_1_65' title='bbox 182 934 316 976; x_wconf 73' lang='lat' dir='ltr'><strong>Voce</strong></span> <span class='ocrx_word' id='word_1_66' title='bbox 359 920 585 973; x_wconf 79' lang='lat' dir='ltr'><strong>dicimus</strong></span> <span class='ocrx_word' id='word_1_67' title='bbox 634 926 754 971; x_wconf 86' lang='lat' dir='ltr'><strong>ante</strong></span> <span class='ocrx_word' id='word_1_68' title='bbox 811 917 879 970; x_wconf 86' lang='lat' dir='ltr'><strong>Te</strong></span> <span class='ocrx_word' id='word_1_69' title='bbox 928 919 1121 987; x_wconf 77' lang='lat' dir='ltr'><strong>igitur,</strong></span> <span class='ocrx_word' id='word_1_70' title='bbox 1168 917 1231 969; x_wconf 89' lang='lat' dir='ltr'><strong>ad</strong></span> <span class='ocrx_word' id='word_1_71' title='bbox 1282 918 1491 987; x_wconf 88' lang='lat' dir='ltr'><strong>laudem</strong></span> <span class='ocrx_word' id='word_1_72' title='bbox 1538 921 1762 987; x_wconf 88' lang='lat' dir='ltr'><strong>pertinet</strong></span> 
     </span>
    </p>
   </div>
   <div class='ocr_carea' id='block_1_12' title="bbox 182 986 1756 1057">
    <p class='ocr_par' dir='ltr' id='par_1_12' title="bbox 182 986 1756 1057">
     <span class='ocr_line' id='line_1_12' title="bbox 182 986 1756 1057; baseline -0.003 -14"><span class='ocrx_word' id='word_1_73' title='bbox 182 990 452 1045; x_wconf 77' lang='lat' dir='ltr'><strong>Creatoris</strong></span> <span class='ocrx_word' id='word_1_74' title='bbox 483 988 673 1050; x_wconf 77' lang='lat' dir='ltr'><strong>nostri,</strong></span> <span class='ocrx_word' id='word_1_75' title='bbox 703 996 760 1041; x_wconf 89' lang='lat' dir='ltr'><strong>ut</strong></span> <span class='ocrx_word' id='word_1_76' title='bbox 782 986 1057 1039; x_wconf 81' lang='lat' dir='ltr'><strong>manifeste</strong></span> <span class='ocrx_word' id='word_1_77' title='bbox 1078 987 1320 1040; x_wconf 90' lang='lat' dir='ltr'><strong>omnibus</strong></span> <span class='ocrx_word' id='word_1_78' title='bbox 1344 986 1756 1057; x_wconf 66' lang='lat' dir='ltr'><strong>demonstretur,</strong></span> 
     </span>
    </p>
   </div>
   <div class='ocr_carea' id='block_1_13' title="bbox 182 1056 1759 1129">
    <p class='ocr_par' dir='ltr' id='par_1_13' title="bbox 182 1056 1759 1129">
     <span class='ocr_line' id='line_1_13' title="bbox 182 1056 1759 1129; baseline -0.002 -16"><span class='ocrx_word' id='word_1_79' title='bbox 182 1062 277 1129; x_wconf 87' lang='lat' dir='ltr'><strong>qui</strong></span> <span class='ocrx_word' id='word_1_80' title='bbox 307 1062 441 1113; x_wconf 87' lang='lat' dir='ltr'><strong>hanc</strong></span> <span class='ocrx_word' id='word_1_81' title='bbox 478 1060 656 1112; x_wconf 90' lang='lat' dir='ltr'><strong>valent</strong></span> <span class='ocrx_word' id='word_1_82' title='bbox 684 1057 1044 1129; x_wconf 69' lang='lat' dir='ltr'><strong>distinguere;</strong></span> <span class='ocrx_word' id='word_1_83' title='bbox 1077 1057 1179 1129; x_wconf 73' lang='lat' dir='ltr'><strong>ubi</strong></span> <span class='ocrx_word' id='word_1_84' title='bbox 1206 1065 1258 1109; x_wconf 92' lang='lat' dir='ltr'><strong>et</strong></span> <span class='ocrx_word' id='word_1_85' title='bbox 1299 1070 1395 1127; x_wconf 86' lang='lat' dir='ltr'><strong>nos</strong></span> <span class='ocrx_word' id='word_1_86' title='bbox 1429 1056 1536 1109; x_wconf 91' lang='lat' dir='ltr'><strong>Deo</strong></span> <span class='ocrx_word' id='word_1_87' title='bbox 1566 1059 1759 1123; x_wconf 77' lang='lat' dir='ltr'><strong>gratias</strong></span> 
     </span>
    </p>
   </div>
   <div class='ocr_carea' id='block_1_14' title="bbox 183 1124 1760 1193">
    <p class='ocr_par' dir='ltr' id='par_1_14' title="bbox 183 1124 1760 1193">
     <span class='ocr_line' id='line_1_14' title="bbox 183 1124 1760 1193; baseline -0.004 -10"><span class='ocrx_word' id='word_1_88' title='bbox 183 1124 493 1183; x_wconf 69' lang='lat' dir='ltr'><strong>referendas</strong></span> <span class='ocrx_word' id='word_1_89' title='bbox 520 1143 641 1182; x_wconf 83' lang='lat' dir='ltr'><strong>esse</strong></span> <span class='ocrx_word' id='word_1_90' title='bbox 666 1127 914 1189; x_wconf 83' lang='lat' dir='ltr'><strong>refertur,</strong></span> <span class='ocrx_word' id='word_1_91' title='bbox 938 1132 993 1177; x_wconf 90' lang='lat' dir='ltr'><strong>et</strong></span> <span class='ocrx_word' id='word_1_92' title='bbox 1014 1124 1300 1189; x_wconf 81' lang='lat' dir='ltr'><strong>angelicam</strong></span> <span class='ocrx_word' id='word_1_93' title='bbox 1323 1124 1614 1177; x_wconf 82' lang='lat' dir='ltr'><strong>ereaturaui</strong></span> <span class='ocrx_word' id='word_1_94' title='bbox 1638 1142 1760 1193; x_wconf 88' lang='lat' dir='ltr'><strong>pro-</strong></span> 
     </span>
    </p>
   </div>
   <div class='ocr_carea' id='block_1_15' title="bbox 184 1192 1760 1264">
    <p class='ocr_par' dir='ltr' id='par_1_15' title="bbox 184 1192 1760 1264">
     <span class='ocr_line' id='line_1_15' title="bbox 184 1192 1760 1264; baseline -0.001 -15"><span class='ocrx_word' id='word_1_95' title='bbox 184 1202 392 1252; x_wconf 87' lang='lat' dir='ltr'><strong>nuntiat</strong></span> <span class='ocrx_word' id='word_1_96' title='bbox 443 1211 865 1264; x_wconf 85' lang='lat' dir='ltr'><strong>unamquamque</strong></span> <span class='ocrx_word' id='word_1_97' title='bbox 914 1195 967 1248; x_wconf 92' lang='lat' dir='ltr'><strong>in</strong></span> <span class='ocrx_word' id='word_1_98' title='bbox 1019 1192 1311 1247; x_wconf 80' lang='lat' dir='ltr'><strong>minister.o</strong></span> <span class='ocrx_word' id='word_1_99' title='bbox 1352 1205 1521 1264; x_wconf 86' lang='lat' dir='ltr'><strong>apto_</strong></span> <span class='ocrx_word' id='word_1_100' title='bbox 1547 1192 1760 1264; x_wconf 79' lang='lat' dir='ltr'><strong>laudare</strong></span> 
     </span>
    </p>
   </div>
   <div class='ocr_carea' id='block_1_16' title="bbox 183 1261 1756 1330">
    <p class='ocr_par' dir='ltr' id='par_1_16' title="bbox 183 1261 1756 1330">
     <span class='ocr_line' id='line_1_16' title="bbox 183 1261 1756 1330; baseline -0.006 -8"><span class='ocrx_word' id='word_1_101' title='bbox 183 1268 494 1322; x_wconf 81' lang='lat' dir='ltr'><strong>Creatorem</strong></span> <span class='ocrx_word' id='word_1_102' title='bbox 527 1261 703 1319; x_wconf 86' lang='lat' dir='ltr'><strong>suum.</strong></span> <span class='ocrx_word' id='word_1_103' title='bbox 739 1261 925 1318; x_wconf 84' lang='lat' dir='ltr'><strong>Postea</strong></span> <span class='ocrx_word' id='word_1_104' title='bbox 958 1268 1185 1330; x_wconf 89' lang='lat' dir='ltr'><strong>namqtie</strong></span> <span class='ocrx_word' id='word_1_105' title='bbox 1215 1262 1452 1329; x_wconf 91' lang='lat' dir='ltr'><strong>sequitur</strong></span> <span class='ocrx_word' id='word_1_106' title='bbox 1482 1261 1555 1315; x_wconf 89' lang='lat' dir='ltr'><strong>Te</strong></span> <span class='ocrx_word' id='word_1_107' title='bbox 1583 1263 1756 1330; x_wconf 79' lang='lat' dir='ltr'><strong>igitur,</strong></span> 
     </span>
    </p>
   </div>
   <div class='ocr_carea' id='block_1_17' title="bbox 181 1330 1755 1401">
    <p class='ocr_par' dir='ltr' id='par_1_17' title="bbox 181 1330 1755 1401">
     <span class='ocr_line' id='line_1_17' title="bbox 181 1330 1755 1401; baseline -0.006 -10"><span class='ocrx_word' id='word_1_108' title='bbox 181 1338 388 1401; x_wconf 87' lang='lat' dir='ltr'><strong>Uratio,</strong></span> <span class='ocrx_word' id='word_1_109' title='bbox 421 1338 696 1399; x_wconf 80' lang='lat' dir='ltr'><strong>videlicet,</strong></span> <span class='ocrx_word' id='word_1_110' title='bbox 730 1335 977 1400; x_wconf 77' lang='lat' dir='ltr'><strong>Specialis</strong></span> <span class='ocrx_word' id='word_1_111' title='bbox 1007 1332 1372 1393; x_wconf 80' lang='lat' dir='ltr'><strong>sacerdotum,</strong></span> <span class='ocrx_word' id='word_1_112' title='bbox 1405 1330 1457 1384; x_wconf 92' lang='lat' dir='ltr'><strong>in</strong></span> <span class='ocrx_word' id='word_1_113' title='bbox 1489 1346 1587 1397; x_wconf 85' lang='lat' dir='ltr'><strong>qua</strong></span> <span class='ocrx_word' id='word_1_114' title='bbox 1620 1342 1755 1401; x_wconf 74' lang='lat' dir='ltr'><strong>urat,</strong></span> 
     </span>
    </p>
   </div>
   <div class='ocr_carea' id='block_1_18' title="bbox 180 1399 1754 1473">
    <p class='ocr_par' dir='ltr' id='par_1_18' title="bbox 180 1399 1754 1473">
     <span class='ocr_line' id='line_1_18' title="bbox 180 1399 1754 1473; baseline -0.005 -12"><span class='ocrx_word' id='word_1_115' title='bbox 180 1418 241 1461; x_wconf 85' lang='lat' dir='ltr'><strong>et</strong></span> <span class='ocrx_word' id='word_1_116' title='bbox 266 1399 563 1473; x_wconf 70' lang='lat' dir='ltr'><strong>specialiter</strong></span> <span class='ocrx_word' id='word_1_117' title='bbox 595 1421 689 1473; x_wconf 89' lang='lat' dir='ltr'><strong>pro</strong></span> <span class='ocrx_word' id='word_1_118' title='bbox 728 1403 1026 1473; x_wconf 81' lang='lat' dir='ltr'><strong>aliquibus,</strong></span> <span class='ocrx_word' id='word_1_119' title='bbox 1058 1410 1135 1473; x_wconf 10' lang='lat' dir='ltr'><strong>uti</strong></span> <span class='ocrx_word' id='word_1_120' title='bbox 1158 1401 1279 1454; x_wconf 69' lang='lat' dir='ltr'><strong>facit</strong></span> <span class='ocrx_word' id='word_1_121' title='bbox 1311 1416 1405 1467; x_wconf 92' lang='lat' dir='ltr'><strong>pro</strong></span> <span class='ocrx_word' id='word_1_122' title='bbox 1443 1399 1754 1467; x_wconf 78' lang='lat' dir='ltr'><strong>apostolico.</strong></span> 
     </span>
    </p>
   </div>
   <div class='ocr_carea' id='block_1_19' title="bbox 184 1472 1753 1544">
    <p class='ocr_par' dir='ltr' id='par_1_19' title="bbox 184 1472 1753 1544">
     <span class='ocr_line' id='line_1_19' title="bbox 184 1472 1753 1544; baseline -0.003 -16"><span class='ocrx_word' id='word_1_123' title='bbox 184 1474 252 1531; x_wconf 82' lang='lat' dir='ltr'><strong>Et</strong></span> <span class='ocrx_word' id='word_1_124' title='bbox 278 1472 459 1544; x_wconf 86' lang='lat' dir='ltr'><strong>postea</strong></span> <span class='ocrx_word' id='word_1_125' title='bbox 483 1477 570 1528; x_wconf 91' lang='lat' dir='ltr'><strong>ubi</strong></span> <span class='ocrx_word' id='word_1_126' title='bbox 595 1472 721 1527; x_wconf 88' lang='lat' dir='ltr'><strong>dicit</strong></span> <span class='ocrx_word' id='word_1_127' title='bbox 752 1472 1086 1544; x_wconf 79' lang='lat' dir='ltr'><strong>Fumulorum</strong></span> <span class='ocrx_word' id='word_1_128' title='bbox 1112 1472 1517 1544; x_wconf 73' lang='lat' dir='ltr'><strong>famularumque</strong></span> <span class='ocrx_word' id='word_1_129' title='bbox 1534 1479 1753 1544; x_wconf 73' lang='lat' dir='ltr'><strong>tuarum.</strong></span> 
     </span>
    </p>
   </div>
   <div class='ocr_carea' id='block_1_20' title="bbox 184 1540 1755 1614">
    <p class='ocr_par' dir='ltr' id='par_1_20' title="bbox 184 1540 1755 1614">
     <span class='ocr_line' id='line_1_20' title="bbox 184 1540 1755 1614; baseline -0.006 -14"><span class='ocrx_word' id='word_1_130' title='bbox 184 1546 252 1600; x_wconf 83' lang='lat' dir='ltr'><strong>Et</strong></span> <span class='ocrx_word' id='word_1_131' title='bbox 280 1540 422 1599; x_wconf 81' lang='lat' dir='ltr'><strong>illico</strong></span> <span class='ocrx_word' id='word_1_132' title='bbox 455 1555 729 1614; x_wconf 80' lang='lat' dir='ltr'><strong>postquam</strong></span> <span class='ocrx_word' id='word_1_133' title='bbox 762 1558 856 1609; x_wconf 85' lang='lat' dir='ltr'><strong>pro</strong></span> <span class='ocrx_word' id='word_1_134' title='bbox 887 1542 1444 1614; x_wconf 74' lang='lat' dir='ltr'><strong>pr0priis0rationem</strong></span> <span class='ocrx_word' id='word_1_135' title='bbox 1473 1540 1626 1614; x_wconf 83' lang='lat' dir='ltr'><strong>fudit,</strong></span> <span class='ocrx_word' id='word_1_136' title='bbox 1660 1554 1755 1606; x_wconf 86' lang='lat' dir='ltr'><strong>gc-</strong></span> 
     </span>
    </p>
   </div>
   <div class='ocr_carea' id='block_1_21' title="bbox 183 1607 1756 1677">
    <p class='ocr_par' dir='ltr' id='par_1_21' title="bbox 183 1607 1756 1677">
     <span class='ocr_line' id='line_1_21' title="bbox 183 1607 1756 1677; baseline -0.005 -9"><span class='ocrx_word' id='word_1_137' title='bbox 183 1616 439 1670; x_wconf 80' lang='lat' dir='ltr'><strong>neraliter</strong></span> <span class='ocrx_word' id='word_1_138' title='bbox 457 1607 527 1667; x_wconf 54' lang='lat' dir='ltr'><strong>&#39;se</strong></span> <span class='ocrx_word' id='word_1_139' title='bbox 555 1607 821 1667; x_wconf 73' lang='lat' dir='ltr'><strong>convertit</strong></span> <span class='ocrx_word' id='word_1_140' title='bbox 847 1607 942 1677; x_wconf 82' lang='lat' dir='ltr'><strong>pro</strong></span> <span class='ocrx_word' id='word_1_141' title='bbox 968 1612 1211 1664; x_wconf 90' lang='lat' dir='ltr'><strong>omnibus</strong></span> <span class='ocrx_word' id='word_1_142' title='bbox 1242 1624 1394 1662; x_wconf 80' lang='lat' dir='ltr'><strong>orare</strong></span> <span class='ocrx_word' id='word_1_143' title='bbox 1416 1648 1431 1673; x_wconf 93' lang='lat'><strong>,</strong></span> <span class='ocrx_word' id='word_1_144' title='bbox 1465 1607 1756 1677; x_wconf 82' lang='lat' dir='ltr'><strong>adjungcus</strong></span> 
     </span>
    </p>
   </div>
   <div class='ocr_carea' id='block_1_22' title="bbox 186 1678 1754 1740">
    <p class='ocr_par' dir='ltr' id='par_1_22' title="bbox 186 1678 1754 1740">
     <span class='ocr_line' id='line_1_22' title="bbox 186 1678 1754 1740; baseline -0.003 -5"><span class='ocrx_word' id='word_1_145' title='bbox 186 1684 254 1736; x_wconf 78' lang='lat' dir='ltr'><strong>Et</strong></span> <span class='ocrx_word' id='word_1_146' title='bbox 285 1686 505 1737; x_wconf 83' lang='lat' dir='ltr'><strong>omnium</strong></span> <span class='ocrx_word' id='word_1_147' title='bbox 537 1683 729 1735; x_wconf 81' lang='lat' dir='ltr'><strong>circum</strong></span> <span class='ocrx_word' id='word_1_148' title='bbox 766 1682 1072 1740; x_wconf 70' lang='lat' dir='ltr'><strong>natantium,</strong></span> <span class='ocrx_word' id='word_1_149' title='bbox 1111 1688 1163 1733; x_wconf 91' lang='lat' dir='ltr'><strong>et</strong></span> <span class='ocrx_word' id='word_1_150' title='bbox 1191 1687 1380 1733; x_wconf 72' lang='lat' dir='ltr'><strong>ca-tera</strong></span> <span class='ocrx_word' id='word_1_151' title='bbox 1420 1678 1501 1730; x_wconf 90' lang='lat' dir='ltr'><strong>his</strong></span> <span class='ocrx_word' id='word_1_152' title='bbox 1542 1678 1754 1730; x_wconf 85' lang='lat' dir='ltr'><strong>similia.</strong></span> 
     </span>
    </p>
   </div>
   <div class='ocr_carea' id='block_1_23' title="bbox 184 1745 1753 1818">
    <p class='ocr_par' dir='ltr' id='par_1_23' title="bbox 184 1745 1753 1818">
     <span class='ocr_line' id='line_1_23' title="bbox 184 1745 1753 1818; baseline -0.004 -13"><span class='ocrx_word' id='word_1_153' title='bbox 184 1754 241 1806; x_wconf 86' lang='lat' dir='ltr'><strong>lu</strong></span> <span class='ocrx_word' id='word_1_154' title='bbox 270 1770 354 1818; x_wconf 90' lang='lat' dir='ltr'><strong>eo,</strong></span> <span class='ocrx_word' id='word_1_155' title='bbox 388 1753 653 1815; x_wconf 83' lang='lat' dir='ltr'><strong>videlicet,</strong></span> <span class='ocrx_word' id='word_1_156' title='bbox 685 1766 788 1818; x_wconf 92' lang='lat' dir='ltr'><strong>quo</strong></span> <span class='ocrx_word' id='word_1_157' title='bbox 820 1751 918 1804; x_wconf 85' lang='lat' dir='ltr'><strong>ista</strong></span> <span class='ocrx_word' id='word_1_158' title='bbox 946 1748 1453 1817; x_wconf 80' lang='lat' dir='ltr'><strong>Oratiospecialiter</strong></span> <span class='ocrx_word' id='word_1_159' title='bbox 1478 1745 1541 1798; x_wconf 86' lang='lat' dir='ltr'><strong>ad</strong></span> <span class='ocrx_word' id='word_1_160' title='bbox 1574 1761 1753 1800; x_wconf 90' lang='lat' dir='ltr'><strong>sacer—</strong></span> 
     </span>
    </p>
   </div>
   <div class='ocr_carea' id='block_1_24' title="bbox 183 1817 1753 1890">
    <p class='ocr_par' dir='ltr' id='par_1_24' title="bbox 183 1817 1753 1890">
     <span class='ocr_line' id='line_1_24' title="bbox 183 1817 1753 1890; baseline -0.004 -14"><span class='ocrx_word' id='word_1_161' title='bbox 183 1817 361 1877; x_wconf 84' lang='lat' dir='ltr'><strong>dotem</strong></span> <span class='ocrx_word' id='word_1_162' title='bbox 405 1823 664 1890; x_wconf 90' lang='lat' dir='ltr'><strong>pertinet,</strong></span> <span class='ocrx_word' id='word_1_163' title='bbox 701 1817 845 1874; x_wconf 64' lang='lat' dir='ltr'><strong>Solus</strong></span> <span class='ocrx_word' id='word_1_164' title='bbox 870 1819 1122 1890; x_wconf 84' lang='lat' dir='ltr'><strong>sacerdos</strong></span> <span class='ocrx_word' id='word_1_165' title='bbox 1149 1819 1213 1890; x_wconf 84' lang='lat' dir='ltr'><strong>iu</strong></span> <span class='ocrx_word' id='word_1_166' title='bbox 1232 1818 1424 1890; x_wconf 81' lang='lat' dir='ltr'><strong>eadem</strong></span> <span class='ocrx_word' id='word_1_167' title='bbox 1450 1817 1637 1880; x_wconf 89' lang='lat' dir='ltr'><strong>intrat,</strong></span> <span class='ocrx_word' id='word_1_168' title='bbox 1671 1832 1753 1869; x_wconf 83' lang='lat' dir='ltr'><strong>so-</strong></span> 
     </span>
    </p>
   </div>
   <div class='ocr_carea' id='block_1_25' title="bbox 181 1886 1751 1957">
    <p class='ocr_par' dir='ltr' id='par_1_25' title="bbox 181 1886 1751 1957">
     <span class='ocr_line' id='line_1_25' title="bbox 181 1886 1751 1957; baseline -0.008 -10"><span class='ocrx_word' id='word_1_169' title='bbox 181 1902 331 1947; x_wconf 91' lang='lat' dir='ltr'><strong>cretu</strong></span> <span class='ocrx_word' id='word_1_170' title='bbox 360 1886 474 1945; x_wconf 81' lang='lat' dir='ltr'><strong>eam</strong></span> <span class='ocrx_word' id='word_1_171' title='bbox 506 1893 772 1944; x_wconf 85' lang='lat' dir='ltr'><strong>decantat.</strong></span> <span class='ocrx_word' id='word_1_172' title='bbox 806 1889 1055 1957; x_wconf 86' lang='lat' dir='ltr'><strong>Sequitur</strong></span> <span class='ocrx_word' id='word_1_173' title='bbox 1082 1886 1317 1957; x_wconf 77' lang='lat' dir='ltr'><strong>magistri</strong></span> <span class='ocrx_word' id='word_1_174' title='bbox 1346 1886 1427 1938; x_wconf 92' lang='lat' dir='ltr'><strong>sui</strong></span> <span class='ocrx_word' id='word_1_175' title='bbox 1454 1897 1717 1957; x_wconf 67' lang='lat' dir='ltr'><strong>praecepta</strong></span> <span class='ocrx_word' id='word_1_176' title='bbox 1738 1925 1751 1949; x_wconf 88' lang='lat'><strong>,</strong></span> 
     </span>
    </p>
   </div>
   <div class='ocr_carea' id='block_1_26' title="bbox 184 1956 1755 2028">
    <p class='ocr_par' dir='ltr' id='par_1_26' title="bbox 184 1956 1755 2028">
     <span class='ocr_line' id='line_1_26' title="bbox 184 1956 1755 2028; baseline -0.005 -14"><span class='ocrx_word' id='word_1_177' title='bbox 184 1964 271 2028; x_wconf 88' lang='lat' dir='ltr'><strong>qui</strong></span> <span class='ocrx_word' id='word_1_178' title='bbox 300 1961 427 2015; x_wconf 77' lang='lat' dir='ltr'><strong>dicit</strong></span> <span class='ocrx_word' id='word_1_179' title='bbox 458 1978 471 2014; x_wconf 93' lang='lat'><strong>:</strong></span> <span class='ocrx_word' id='word_1_180' title='bbox 502 1962 577 2013; x_wconf 91' lang='lat' dir='ltr'><strong>Tu</strong></span> <span class='ocrx_word' id='word_1_181' title='bbox 617 1968 792 2013; x_wconf 90' lang='lat' dir='ltr'><strong>autem</strong></span> <span class='ocrx_word' id='word_1_182' title='bbox 822 1974 941 2012; x_wconf 91' lang='lat' dir='ltr'><strong>cum</strong></span> <span class='ocrx_word' id='word_1_183' title='bbox 972 1959 1242 2021; x_wconf 86' lang='lat' dir='ltr'><strong>oraveris,</strong></span> <span class='ocrx_word' id='word_1_184' title='bbox 1275 1956 1410 2009; x_wconf 91' lang='lat' dir='ltr'><strong>intra</strong></span> <span class='ocrx_word' id='word_1_185' title='bbox 1450 1956 1501 2028; x_wconf 82' lang='lat' dir='ltr'><strong>in</strong></span> <span class='ocrx_word' id='word_1_186' title='bbox 1533 1956 1755 2007; x_wconf 81' lang='lat' dir='ltr'><strong>cubicu-</strong></span> 
     </span>
    </p>
   </div>
   <div class='ocr_carea' id='block_1_27' title="bbox 184 2024 1757 2095">
    <p class='ocr_par' dir='ltr' id='par_1_27' title="bbox 184 2024 1757 2095">
     <span class='ocr_line' id='line_1_27' title="bbox 184 2024 1757 2095; baseline -0.007 -9"><span class='ocrx_word' id='word_1_187' title='bbox 184 2024 326 2095; x_wconf 82' lang='lat' dir='ltr'><strong>lum,</strong></span> <span class='ocrx_word' id='word_1_188' title='bbox 360 2041 408 2084; x_wconf 91' lang='lat' dir='ltr'><strong>et</strong></span> <span class='ocrx_word' id='word_1_189' title='bbox 460 2039 674 2085; x_wconf 60' lang='lat' dir='ltr'><strong>caetera.</strong></span> <span class='ocrx_word' id='word_1_190' title='bbox 727 2031 828 2081; x_wconf 90' lang='lat' dir='ltr'><strong>Iste</strong></span> <span class='ocrx_word' id='word_1_191' title='bbox 876 2043 1100 2095; x_wconf 86' lang='lat' dir='ltr'><strong>namque</strong></span> <span class='ocrx_word' id='word_1_192' title='bbox 1160 2040 1276 2081; x_wconf 86' lang='lat' dir='ltr'><strong>tuos</strong></span> <span class='ocrx_word' id='word_1_193' title='bbox 1332 2024 1470 2093; x_wconf 86' lang='lat' dir='ltr'><strong>apud</strong></span> <span class='ocrx_word' id='word_1_194' title='bbox 1525 2034 1757 2095; x_wconf 87' lang='lat' dir='ltr'><strong>nostram</strong></span> 
     </span>
    </p>
   </div>
   <div class='ocr_carea' id='block_1_28' title="bbox 184 2094 1757 2165">
    <p class='ocr_par' dir='ltr' id='par_1_28' title="bbox 184 2094 1757 2165">
     <span class='ocr_line' id='line_1_28' title="bbox 184 2094 1757 2165; baseline -0.007 -11"><span class='ocrx_word' id='word_1_195' title='bbox 184 2094 479 2154; x_wconf 67' lang='lat' dir='ltr'><strong>licclesiam</strong></span> <span class='ocrx_word' id='word_1_196' title='bbox 535 2114 699 2165; x_wconf 89' lang='lat' dir='ltr'><strong>usque</strong></span> <span class='ocrx_word' id='word_1_197' title='bbox 755 2099 911 2151; x_wconf 87' lang='lat' dir='ltr'><strong>hodie</strong></span> <span class='ocrx_word' id='word_1_198' title='bbox 968 2094 1185 2158; x_wconf 85' lang='lat' dir='ltr'><strong>manet.</strong></span> <span class='ocrx_word' id='word_1_199' title='bbox 1240 2104 1297 2148; x_wconf 89' lang='lat' dir='ltr'><strong>tit</strong></span> <span class='ocrx_word' id='word_1_200' title='bbox 1353 2096 1397 2147; x_wconf 92' lang='lat' dir='ltr'><strong>si</strong></span> <span class='ocrx_word' id='word_1_201' title='bbox 1455 2094 1572 2161; x_wconf 87' lang='lat' dir='ltr'><strong>quis</strong></span> <span class='ocrx_word' id='word_1_202' title='bbox 1624 2094 1757 2145; x_wconf 81' lang='lat' dir='ltr'><strong>Ora-</strong></span> 
     </span>
    </p>
   </div>
   <div class='ocr_carea' id='block_1_29' title="bbox 185 2164 1755 2236">
    <p class='ocr_par' dir='ltr' id='par_1_29' title="bbox 185 2164 1755 2236">
     <span class='ocr_line' id='line_1_29' title="bbox 185 2164 1755 2236; baseline -0.006 -12"><span class='ocrx_word' id='word_1_203' title='bbox 185 2173 382 2224; x_wconf 86' lang='lat' dir='ltr'><strong>tionem</strong></span> <span class='ocrx_word' id='word_1_204' title='bbox 416 2170 557 2233; x_wconf 81' lang='lat' dir='ltr'><strong>facit,</strong></span> <span class='ocrx_word' id='word_1_205' title='bbox 591 2164 891 2236; x_wconf 79' lang='lat' dir='ltr'><strong>specialiter</strong></span> <span class='ocrx_word' id='word_1_206' title='bbox 924 2168 1094 2236; x_wconf 86' lang='lat' dir='ltr'><strong>faciat.</strong></span> <span class='ocrx_word' id='word_1_207' title='bbox 1125 2166 1268 2218; x_wconf 92' lang='lat' dir='ltr'><strong>llanc</strong></span> <span class='ocrx_word' id='word_1_208' title='bbox 1291 2166 1359 2231; x_wconf 74' lang='lat' dir='ltr'><strong>ita</strong></span> <span class='ocrx_word' id='word_1_209' title='bbox 1382 2164 1578 2236; x_wconf 75' lang='lat' dir='ltr'><strong>exaltat</strong></span> <span class='ocrx_word' id='word_1_210' title='bbox 1599 2177 1755 2236; x_wconf 69' lang='lat' dir='ltr'><strong>voce,</strong></span> 
     </span>
    </p>
   </div>
   <div class='ocr_carea' id='block_1_30' title="bbox 186 2231 1761 2307">
    <p class='ocr_par' dir='ltr' id='par_1_30' title="bbox 186 2231 1761 2307">
     <span class='ocr_line' id='line_1_30' title="bbox 186 2231 1761 2307; baseline -0.006 -14"><span class='ocrx_word' id='word_1_211' title='bbox 186 2251 239 2293; x_wconf 93' lang='lat' dir='ltr'><strong>ut</strong></span> <span class='ocrx_word' id='word_1_212' title='bbox 271 2256 329 2294; x_wconf 88' lang='lat' dir='ltr'><strong>se</strong></span> <span class='ocrx_word' id='word_1_213' title='bbox 359 2243 527 2307; x_wconf 88' lang='lat' dir='ltr'><strong>ipsum</strong></span> <span class='ocrx_word' id='word_1_214' title='bbox 546 2231 842 2290; x_wconf 72' lang='lat' dir='ltr'><strong>admoneat</strong></span> <span class='ocrx_word' id='word_1_215' title='bbox 867 2235 989 2305; x_wconf 89' lang='lat' dir='ltr'><strong>quid</strong></span> <span class='ocrx_word' id='word_1_216' title='bbox 1015 2236 1066 2287; x_wconf 90' lang='lat' dir='ltr'><strong>in</strong></span> <span class='ocrx_word' id='word_1_217' title='bbox 1088 2245 1295 2289; x_wconf 87' lang='lat' dir='ltr'><strong>secreto</strong></span> <span class='ocrx_word' id='word_1_218' title='bbox 1323 2231 1504 2307; x_wconf 78' lang='lat' dir='ltr'><strong>cordis</strong></span> <span class='ocrx_word' id='word_1_219' title='bbox 1528 2231 1611 2284; x_wconf 89' lang='lat' dir='ltr'><strong>sui</strong></span> <span class='ocrx_word' id='word_1_220' title='bbox 1640 2247 1761 2307; x_wconf 41' lang='lat' dir='ltr'><strong>post</strong></span> 
     </span>
    </p>
   </div>
   <div class='ocr_carea' id='block_1_31' title="bbox 189 2300 1759 2373">
    <p class='ocr_par' dir='ltr' id='par_1_31' title="bbox 189 2300 1759 2373">
     <span class='ocr_line' id='line_1_31' title="bbox 189 2300 1759 2373; baseline -0.006 -11"><span class='ocrx_word' id='word_1_221' title='bbox 189 2311 359 2364; x_wconf 88' lang='lat' dir='ltr'><strong>tulare</strong></span> <span class='ocrx_word' id='word_1_222' title='bbox 381 2300 590 2361; x_wconf 79' lang='lat' dir='ltr'><strong>debeat.</strong></span> <span class='ocrx_word' id='word_1_223' title='bbox 626 2309 807 2373; x_wconf 84' lang='lat' dir='ltr'><strong>Neque</strong></span> <span class='ocrx_word' id='word_1_224' title='bbox 846 2300 912 2358; x_wconf 79' lang='lat' dir='ltr'><strong>ab</strong></span> <span class='ocrx_word' id='word_1_225' title='bbox 944 2320 1000 2357; x_wconf 88' lang='lat' dir='ltr'><strong>re</strong></span> <span class='ocrx_word' id='word_1_226' title='bbox 1030 2314 1111 2357; x_wconf 91' lang='lat' dir='ltr'><strong>est</strong></span> <span class='ocrx_word' id='word_1_227' title='bbox 1147 2318 1310 2371; x_wconf 90' lang='lat' dir='ltr'><strong>quare</strong></span> <span class='ocrx_word' id='word_1_228' title='bbox 1347 2316 1461 2373; x_wconf 74' lang='lat' dir='ltr'><strong>mos</strong></span> <span class='ocrx_word' id='word_1_229' title='bbox 1492 2301 1591 2373; x_wconf 80' lang='lat' dir='ltr'><strong>iste</strong></span> <span class='ocrx_word' id='word_1_230' title='bbox 1621 2300 1759 2368; x_wconf 85' lang='lat' dir='ltr'><strong>apud</strong></span> 
     </span>
    </p>
   </div>
   <div class='ocr_carea' id='block_1_32' title="bbox 187 2369 1761 2443">
    <p class='ocr_par' dir='ltr' id='par_1_32' title="bbox 187 2369 1761 2443">
     <span class='ocr_line' id='line_1_32' title="bbox 187 2369 1761 2443; baseline -0.005 -11"><span class='ocrx_word' id='word_1_231' title='bbox 187 2381 512 2432; x_wconf 77' lang='lat' dir='ltr'><strong>christianos</strong></span> <span class='ocrx_word' id='word_1_232' title='bbox 546 2369 786 2430; x_wconf 83' lang='lat' dir='ltr'><strong>teneatur</strong></span> <span class='ocrx_word' id='word_1_233' title='bbox 817 2391 831 2428; x_wconf 90' lang='lat'>:</span> <span class='ocrx_word' id='word_1_234' title='bbox 862 2374 1045 2443; x_wconf 86' lang='lat' dir='ltr'><strong>procul</strong></span> <span class='ocrx_word' id='word_1_235' title='bbox 1075 2369 1235 2443; x_wconf 84' lang='lat' dir='ltr'><strong>dubio</strong></span> <span class='ocrx_word' id='word_1_236' title='bbox 1257 2373 1375 2443; x_wconf 91' lang='lat' dir='ltr'><strong>quia</strong></span> <span class='ocrx_word' id='word_1_237' title='bbox 1404 2369 1646 2443; x_wconf 86' lang='lat' dir='ltr'><strong>Christus</strong></span> <span class='ocrx_word' id='word_1_238' title='bbox 1671 2385 1761 2425; x_wconf 88' lang='lat' dir='ltr'><strong>so-</strong></span> 
     </span>
    </p>
   </div>
   <div class='ocr_carea' id='block_1_33' title="bbox 190 2442 1761 2502">
    <p class='ocr_par' dir='ltr' id='par_1_33' title="bbox 190 2442 1761 2502">
     <span class='ocr_line' id='line_1_33' title="bbox 190 2442 1761 2502; baseline -0.005 -2"><span class='ocrx_word' id='word_1_239' title='bbox 190 2449 274 2502; x_wconf 89' lang='lat' dir='ltr'><strong>lus</strong></span> <span class='ocrx_word' id='word_1_240' title='bbox 302 2450 505 2501; x_wconf 88' lang='lat' dir='ltr'><strong>orabat.</strong></span> <span class='ocrx_word' id='word_1_241' title='bbox 539 2447 687 2501; x_wconf 83' lang='lat' dir='ltr'><strong>Unde</strong></span> <span class='ocrx_word' id='word_1_242' title='bbox 719 2442 993 2499; x_wconf 67' lang='lat' dir='ltr'><strong>Matutinus</strong></span> <span class='ocrx_word' id='word_1_243' title='bbox 1024 2460 1037 2494; x_wconf 88' lang='lat'><strong>:</strong></span> <span class='ocrx_word' id='word_1_244' title='bbox 1069 2442 1135 2496; x_wconf 85' lang='lat' dir='ltr'><strong>Et</strong></span> <span class='ocrx_word' id='word_1_245' title='bbox 1160 2442 1375 2496; x_wconf 84' lang='lat' dir='ltr'><strong>dimissa</strong></span> <span class='ocrx_word' id='word_1_246' title='bbox 1400 2442 1551 2493; x_wconf 85' lang='lat' dir='ltr'><strong>turba</strong></span> <span class='ocrx_word' id='word_1_247' title='bbox 1579 2454 1761 2494; x_wconf 88' lang='lat' dir='ltr'><strong>ascen-</strong></span> 
     </span>
    </p>
   </div>
   <div class='ocr_carea' id='block_1_34' title="bbox 186 2515 1007 2577">
    <p class='ocr_par' dir='ltr' id='par_1_34' title="bbox 186 2515 1007 2577">
     <span class='ocr_line' id='line_1_34' title="bbox 186 2515 1007 2577; baseline -0.006 -7"><span class='ocrx_word' id='word_1_248' title='bbox 186 2518 267 2570; x_wconf 88' lang='lat' dir='ltr'><strong>dit</strong></span> <span class='ocrx_word' id='word_1_249' title='bbox 299 2520 347 2571; x_wconf 90' lang='lat' dir='ltr'><strong>in</strong></span> <span class='ocrx_word' id='word_1_250' title='bbox 376 2526 629 2577; x_wconf 84' lang='lat' dir='ltr'><strong>montem,</strong></span> <span class='ocrx_word' id='word_1_251' title='bbox 663 2515 807 2568; x_wconf 88' lang='lat' dir='ltr'><strong>solus</strong></span> <span class='ocrx_word' id='word_1_252' title='bbox 834 2530 1007 2567; x_wconf 89' lang='lat' dir='ltr'><strong>orare.</strong></span> 
     </span>
    </p>
   </div>
   <div class='ocr_carea' id='block_1_35' title="bbox 260 2576 1749 2650">
    <p class='ocr_par' dir='ltr' id='par_1_35' title="bbox 260 2576 1749 2650">
     <span class='ocr_line' id='line_1_35' title="bbox 260 2576 1749 2650; baseline -0.004 -14"><span class='ocrx_word' id='word_1_253' title='bbox 260 2586 349 2639; x_wconf 70' lang='lat'><strong>22.</strong></span> <span class='ocrx_word' id='word_1_254' title='bbox 386 2586 461 2640; x_wconf 82' lang='lat' dir='ltr'><strong>De</strong></span> <span class='ocrx_word' id='word_1_255' title='bbox 491 2588 720 2638; x_wconf 76' lang='lat' dir='ltr'><strong>cruribus</strong></span> <span class='ocrx_word' id='word_1_256' title='bbox 748 2587 799 2637; x_wconf 83' lang='lat' dir='ltr'><strong>in</strong></span> <span class='ocrx_word' id='word_1_257' title='bbox 826 2584 900 2635; x_wconf 85' lang='lat' dir='ltr'><strong>Te</strong></span> <span class='ocrx_word' id='word_1_258' title='bbox 942 2584 1117 2650; x_wconf 77' lang='lat' dir='ltr'><strong>igitur.</strong></span> <span class='ocrx_word' id='word_1_259' title='bbox 1148 2579 1346 2635; x_wconf 83' lang='lat' dir='ltr'><strong>Cruces</strong></span> <span class='ocrx_word' id='word_1_260' title='bbox 1394 2579 1446 2633; x_wconf 92' lang='lat' dir='ltr'><strong>in</strong></span> <span class='ocrx_word' id='word_1_261' title='bbox 1484 2576 1590 2650; x_wconf 81' lang='lat' dir='ltr'><strong>hac</strong></span> <span class='ocrx_word' id='word_1_262' title='bbox 1629 2577 1749 2631; x_wconf 54' lang='lat' dir='ltr'><strong>Oras</strong></span> 
     </span>
    </p>
   </div>
   <div class='ocr_carea' id='block_1_36' title="bbox 187 2648 1761 2720">
    <p class='ocr_par' dir='ltr' id='par_1_36' title="bbox 187 2648 1761 2720">
     <span class='ocr_line' id='line_1_36' title="bbox 187 2648 1761 2720; baseline -0.006 -11"><span class='ocrx_word' id='word_1_263' title='bbox 187 2657 333 2710; x_wconf 90' lang='lat' dir='ltr'><strong>tione</strong></span> <span class='ocrx_word' id='word_1_264' title='bbox 363 2656 570 2710; x_wconf 88' lang='lat' dir='ltr'><strong>senario</strong></span> <span class='ocrx_word' id='word_1_265' title='bbox 594 2669 816 2707; x_wconf 90' lang='lat' dir='ltr'><strong>numero</strong></span> <span class='ocrx_word' id='word_1_266' title='bbox 846 2648 1209 2720; x_wconf 80' lang='lat' dir='ltr'><strong>perficiuntur,</strong></span> <span class='ocrx_word' id='word_1_267' title='bbox 1242 2661 1297 2703; x_wconf 93' lang='lat' dir='ltr'><strong>ut</strong></span> <span class='ocrx_word' id='word_1_268' title='bbox 1321 2652 1450 2703; x_wconf 86' lang='lat' dir='ltr'><strong>sicut</strong></span> <span class='ocrx_word' id='word_1_269' title='bbox 1477 2648 1572 2720; x_wconf 92' lang='lat' dir='ltr'><strong>Dei</strong></span> <span class='ocrx_word' id='word_1_270' title='bbox 1603 2664 1761 2720; x_wconf 80' lang='lat' dir='ltr'><strong>opera</strong></span> 
     </span>
    </p>
   </div>
   <div class='ocr_carea' id='block_1_37' title="bbox 181 2718 1761 2794">
    <p class='ocr_par' dir='ltr' id='par_1_37' title="bbox 181 2718 1761 2794">
     <span class='ocr_line' id='line_1_37' title="bbox 181 2718 1761 2794; baseline -0.006 -15"><span class='ocrx_word' id='word_1_271' title='bbox 181 2726 422 2794; x_wconf 80' lang='lat' dir='ltr'><strong>perfecta</strong></span> <span class='ocrx_word' id='word_1_272' title='bbox 453 2734 601 2788; x_wconf 78' lang='lat' dir='ltr'><strong>sunt,</strong></span> <span class='ocrx_word' id='word_1_273' title='bbox 636 2724 706 2777; x_wconf 88' lang='lat' dir='ltr'><strong>ita</strong></span> <span class='ocrx_word' id='word_1_274' title='bbox 736 2732 789 2777; x_wconf 87' lang='lat' dir='ltr'><strong>et</strong></span> <span class='ocrx_word' id='word_1_275' title='bbox 828 2718 1063 2794; x_wconf 76' lang='lat' dir='ltr'><strong>ejusdem</strong></span> <span class='ocrx_word' id='word_1_276' title='bbox 1115 2721 1205 2794; x_wconf 82' lang='lat' dir='ltr'><strong>Dei</strong></span> <span class='ocrx_word' id='word_1_277' title='bbox 1252 2730 1307 2794; x_wconf 82' lang='lat' dir='ltr'><strong>et</strong></span> <span class='ocrx_word' id='word_1_278' title='bbox 1345 2718 1545 2794; x_wconf 58' lang='lat' dir='ltr'><strong>domini</strong></span> <span class='ocrx_word' id='word_1_279' title='bbox 1598 2718 1761 2794; x_wconf 66' lang='lat' dir='ltr'><strong>nostri</strong></span> 
     </span>
    </p>
   </div>
   <div class='ocr_carea' id='block_1_38' title="bbox 186 2787 1765 2860">
    <p class='ocr_par' dir='ltr' id='par_1_38' title="bbox 186 2787 1765 2860">
     <span class='ocr_line' id='line_1_38' title="bbox 186 2787 1765 2860; baseline -0.006 -11"><span class='ocrx_word' id='word_1_280' title='bbox 186 2787 316 2849; x_wconf 61' lang='lat' dir='ltr'><strong>Iesu</strong></span> <span class='ocrx_word' id='word_1_281' title='bbox 348 2795 540 2849; x_wconf 75' lang='lat' dir='ltr'><strong>Christi</strong></span> <span class='ocrx_word' id='word_1_282' title='bbox 588 2808 784 2859; x_wconf 86' lang='lat' dir='ltr'><strong>corpus</strong></span> <span class='ocrx_word' id='word_1_283' title='bbox 816 2787 1107 2860; x_wconf 81' lang='lat' dir='ltr'><strong>perfectum</strong></span> <span class='ocrx_word' id='word_1_284' title='bbox 1148 2791 1487 2860; x_wconf 86' lang='lat' dir='ltr'><strong>intelligatur.</strong></span> <span class='ocrx_word' id='word_1_285' title='bbox 1514 2787 1765 2841; x_wconf 88' lang='lat' dir='ltr'><strong>Senarius</strong></span> 
     </span>
    </p>
   </div>
   <div class='ocr_carea' id='block_1_39' title="bbox 188 2859 1760 2937">
    <p class='ocr_par' dir='ltr' id='par_1_39' title="bbox 188 2859 1760 2937">
     <span class='ocr_line' id='line_1_39' title="bbox 188 2859 1760 2937; baseline -0.004 -21"><span class='ocrx_word' id='word_1_286' title='bbox 188 2865 331 2937; x_wconf 82' lang='lat' dir='ltr'><strong>enim</strong></span> <span class='ocrx_word' id='word_1_287' title='bbox 347 2878 604 2937; x_wconf 85' lang='lat' dir='ltr'><strong>numerus</strong></span> <span class='ocrx_word' id='word_1_288' title='bbox 626 2859 862 2937; x_wconf 82' lang='lat' dir='ltr'><strong>partibus</strong></span> <span class='ocrx_word' id='word_1_289' title='bbox 875 2862 995 2937; x_wconf 82' lang='lat' dir='ltr'><strong>suis</strong></span> <span class='ocrx_word' id='word_1_290' title='bbox 1014 2868 1347 2927; x_wconf 89' lang='lat' dir='ltr'><strong>computatus</strong></span> <span class='ocrx_word' id='word_1_291' title='bbox 1367 2859 1629 2937; x_wconf 78' lang='lat' dir='ltr'><strong>perfectus</strong></span> <span class='ocrx_word' id='word_1_292' title='bbox 1648 2868 1760 2921; x_wconf 81' lang='lat' dir='ltr'><strong>est;</strong></span> 
     </span>
    </p>
   </div>
   <div class='ocr_carea' id='block_1_40' title="bbox 186 2929 1762 3001">
    <p class='ocr_par' dir='ltr' id='par_1_40' title="bbox 186 2929 1762 3001">
     <span class='ocr_line' id='line_1_40' title="bbox 186 2929 1762 3001; baseline -0.004 -14"><span class='ocrx_word' id='word_1_293' title='bbox 186 2934 294 2987; x_wconf 86' lang='lat' dir='ltr'><strong>huc</strong></span> <span class='ocrx_word' id='word_1_294' title='bbox 315 2935 572 3001; x_wconf 84' lang='lat' dir='ltr'><strong>significat</strong></span> <span class='ocrx_word' id='word_1_295' title='bbox 594 2929 734 3001; x_wconf 88' lang='lat' dir='ltr'><strong>quod</strong></span> <span class='ocrx_word' id='word_1_296' title='bbox 768 2931 1050 2986; x_wconf 84' lang='lat' dir='ltr'><strong>novissima</strong></span> <span class='ocrx_word' id='word_1_297' title='bbox 1078 2944 1202 2983; x_wconf 79' lang='lat' dir='ltr'><strong>crux</strong></span> <span class='ocrx_word' id='word_1_298' title='bbox 1230 2944 1349 2983; x_wconf 90' lang='lat' dir='ltr'><strong>cum</strong></span> <span class='ocrx_word' id='word_1_299' title='bbox 1378 2929 1646 3001; x_wconf 83' lang='lat' dir='ltr'><strong>oblatione</strong></span> <span class='ocrx_word' id='word_1_300' title='bbox 1671 2942 1762 3001; x_wconf 84' lang='lat' dir='ltr'><strong>ce—</strong></span> 
     </span>
    </p>
   </div>
   <div class='ocr_carea' id='block_1_41' title="bbox 186 2997 1767 3072">
    <p class='ocr_par' dir='ltr' id='par_1_41' title="bbox 186 2997 1767 3072">
     <span class='ocr_line' id='line_1_41' title="bbox 186 2997 1767 3072; baseline -0.007 -14"><span class='ocrx_word' id='word_1_301' title='bbox 186 2997 447 3066; x_wconf 78' lang='lat' dir='ltr'><strong>lebratur,</strong></span> <span class='ocrx_word' id='word_1_302' title='bbox 476 2997 625 3072; x_wconf 86' lang='lat' dir='ltr'><strong>quod</strong></span> <span class='ocrx_word' id='word_1_303' title='bbox 644 3017 736 3069; x_wconf 91' lang='lat' dir='ltr'><strong>pro</strong></span> <span class='ocrx_word' id='word_1_304' title='bbox 760 3012 867 3054; x_wconf 88' lang='lat' dir='ltr'><strong>tota</strong></span> <span class='ocrx_word' id='word_1_305' title='bbox 896 3001 1126 3053; x_wconf 81' lang='lat' dir='ltr'><strong>Eccle-ia</strong></span> <span class='ocrx_word' id='word_1_306' title='bbox 1154 3007 1372 3072; x_wconf 80' lang='lat' dir='ltr'><strong>venerat</strong></span> <span class='ocrx_word' id='word_1_307' title='bbox 1400 2998 1444 3050; x_wconf 92' lang='lat' dir='ltr'><strong>is</strong></span> <span class='ocrx_word' id='word_1_308' title='bbox 1468 2998 1591 3064; x_wconf 90' lang='lat' dir='ltr'><strong>pati,</strong></span> <span class='ocrx_word' id='word_1_309' title='bbox 1616 2997 1767 3072; x_wconf 85' lang='lat' dir='ltr'><strong>cujus</strong></span> 
     </span>
    </p>
   </div>
   <div class='ocr_carea' id='block_1_42' title="bbox 184 3068 1691 3141">
    <p class='ocr_par' dir='ltr' id='par_1_42' title="bbox 184 3068 1691 3141">
     <span class='ocr_line' id='line_1_42' title="bbox 184 3068 1691 3141; baseline -0.007 -14"><span class='ocrx_word' id='word_1_310' title='bbox 184 3088 382 3141; x_wconf 84' lang='lat' dir='ltr'><strong>corpus</strong></span> <span class='ocrx_word' id='word_1_311' title='bbox 413 3068 653 3141; x_wconf 27' lang='lat' dir='ltr'><strong>passioni’</strong></span> <span class='ocrx_word' id='word_1_312' title='bbox 676 3072 949 3125; x_wconf 79' lang='lat' dir='ltr'><strong>succubuit</strong></span> <span class='ocrx_word' id='word_1_313' title='bbox 980 3083 1145 3141; x_wconf 55' lang='lat' dir='ltr'><strong>usque</strong></span> <span class='ocrx_word' id='word_1_314' title='bbox 1178 3068 1243 3121; x_wconf 91' lang='lat' dir='ltr'><strong>ad</strong></span> <span class='ocrx_word' id='word_1_315' title='bbox 1276 3076 1469 3141; x_wconf 73' lang='lat' dir='ltr'><strong>tactum</strong></span> <span class='ocrx_word' id='word_1_316' title='bbox 1502 3068 1691 3120; x_wconf 92' lang='lat' dir='ltr'><strong>crucis.</strong></span> 
     </span>
    </p>
   </div>
   <div class='ocr_carea' id='block_1_43' title="bbox 1867 503 3435 583">
    <p class='ocr_par' dir='ltr' id='par_1_43' title="bbox 1867 503 3435 583">
     <span class='ocr_line' id='line_1_43' title="bbox 1867 503 3435 583; baseline 0.011 -30"><span class='ocrx_word' id='word_1_317' title='bbox 1867 503 2146 583; x_wconf 57' lang='lat' dir='ltr'><strong>descpndit</strong></span> <span class='ocrx_word' id='word_1_318' title='bbox 2170 503 2233 563; x_wconf 83' lang='lat' dir='ltr'><strong>ad</strong></span> <span class='ocrx_word' id='word_1_319' title='bbox 2276 506 2478 583; x_wconf 78' lang='lat' dir='ltr'><strong>inferna</strong></span> <span class='ocrx_word' id='word_1_320' title='bbox 2511 507 2848 583; x_wconf 74' lang='lat' dir='ltr'><strong>ut___liber.irct</strong></span> <span class='ocrx_word' id='word_1_321' title='bbox 2873 509 3062 576; x_wconf 85' lang='lat' dir='ltr'><strong>justus,</strong></span> <span class='ocrx_word' id='word_1_322' title='bbox 3100 524 3153 567; x_wconf 91' lang='lat' dir='ltr'><strong>ut</strong></span> <span class='ocrx_word' id='word_1_323' title='bbox 3196 503 3435 583; x_wconf 74' lang='lat' dir='ltr'><strong>corporis</strong></span> 
     </span>
    </p>
   </div>
   <div class='ocr_carea' id='block_1_44' title="bbox 1868 570 3435 644">
    <p class='ocr_par' dir='ltr' id='par_1_44' title="bbox 1868 570 3435 644">
     <span class='ocr_line' id='line_1_44' title="bbox 1868 570 3435 644; baseline 0.008 -20"><span class='ocrx_word' id='word_1_324' title='bbox 1868 570 2159 644; x_wconf 77' lang='lat' dir='ltr'><strong>vivificarct</strong></span> <span class='ocrx_word' id='word_1_325' title='bbox 2187 577 2445 639; x_wconf 63' lang='lat' dir='ltr'><strong>membra,</strong></span> <span class='ocrx_word' id='word_1_326' title='bbox 2480 576 2631 629; x_wconf 87' lang='lat' dir='ltr'><strong>rediit</strong></span> <span class='ocrx_word' id='word_1_327' title='bbox 2661 578 2725 629; x_wconf 88' lang='lat' dir='ltr'><strong>ad</strong></span> <span class='ocrx_word' id='word_1_328' title='bbox 2752 570 2965 644; x_wconf 71' lang='lat' dir='ltr'><strong>corpus,</strong></span> <span class='ocrx_word' id='word_1_329' title='bbox 2999 570 3059 634; x_wconf 76' lang='lat' dir='ltr'><strong>et</strong></span> <span class='ocrx_word' id='word_1_330' title='bbox 3081 598 3185 637; x_wconf 91' lang='lat' dir='ltr'><strong>non</strong></span> <span class='ocrx_word' id='word_1_331' title='bbox 3206 570 3435 639; x_wconf 51' lang='lat' dir='ltr'><strong>est&#39;auis</strong></span> 
     </span>
    </p>
   </div>
   <div class='ocr_carea' id='block_1_45' title="bbox 1834 641 3436 722">
    <p class='ocr_par' dir='ltr' id='par_1_45' title="bbox 1834 641 3436 722">
     <span class='ocr_line' id='line_1_45' title="bbox 1834 641 3436 722; baseline 0.013 -33"><span class='ocrx_word' id='word_1_332' title='bbox 1834 643 2005 722; x_wconf 62' lang='lat' dir='ltr'><strong>ptius</strong></span> <span class='ocrx_word' id='word_1_333' title='bbox 2036 641 2303 721; x_wconf 68' lang='lat' dir='ltr'><strong>inventum</strong></span> <span class='ocrx_word' id='word_1_334' title='bbox 2336 645 2667 722; x_wconf 59' lang='lat' dir='ltr'><strong>putuitiicutn</strong></span> <span class='ocrx_word' id='word_1_335' title='bbox 2715 641 2907 722; x_wconf 80' lang='lat' dir='ltr'><strong>corpus</strong></span> <span class='ocrx_word' id='word_1_336' title='bbox 2949 650 3011 722; x_wconf 80' lang='lat' dir='ltr'><strong>in</strong></span> <span class='ocrx_word' id='word_1_337' title='bbox 3049 657 3316 722; x_wconf 88' lang='lat' dir='ltr'><strong>sepulcro.</strong></span> <span class='ocrx_word' id='word_1_338' title='bbox 3372 657 3436 710; x_wconf 80' lang='lat' dir='ltr'><strong>Et</strong></span> 
     </span>
    </p>
   </div>
   <div class='ocr_carea' id='block_1_46' title="bbox 1865 702 3434 781">
    <p class='ocr_par' dir='ltr' id='par_1_46' title="bbox 1865 702 3434 781">
     <span class='ocr_line' id='line_1_46' title="bbox 1865 702 3434 781; baseline 0.011 -19"><span class='ocrx_word' id='word_1_339' title='bbox 1865 702 2131 772; x_wconf 68' lang='lat' dir='ltr'><strong>ideoquia</strong></span> <span class='ocrx_word' id='word_1_340' title='bbox 2164 702 2307 779; x_wconf 81' lang='lat' dir='ltr'><strong>totus</strong></span> <span class='ocrx_word' id='word_1_341' title='bbox 2336 702 2496 781; x_wconf 78' lang='lat' dir='ltr'><strong>homo</strong></span> <span class='ocrx_word' id='word_1_342' title='bbox 2525 717 2776 780; x_wconf 78' lang='lat' dir='ltr'><strong>surrexit,</strong></span> <span class='ocrx_word' id='word_1_343' title='bbox 2811 702 2963 770; x_wconf 71' lang='lat' dir='ltr'><strong>simul</strong></span> <span class='ocrx_word' id='word_1_344' title='bbox 2994 702 3071 773; x_wconf 75' lang='lat' dir='ltr'><strong>fas</strong></span> <span class='ocrx_word' id='word_1_345' title='bbox 3086 702 3434 779; x_wconf 56' lang='lat' dir='ltr'><strong>&#39;eEi&#39;iii&#39;i&#39;uiZJ</strong></span> 
     </span>
    </p>
   </div>
   <div class='ocr_carea' id='block_1_47' title="bbox 1862 781 3280 845">
    <p class='ocr_par' dir='ltr' id='par_1_47' title="bbox 1862 781 3280 845">
     <span class='ocr_line' id='line_1_47' title="bbox 1862 781 3280 845; baseline 0.008 -12"><span class='ocrx_word' id='word_1_346' title='bbox 1862 793 1982 839; x_wconf 90' lang='lat' dir='ltr'><strong>cum</strong></span> <span class='ocrx_word' id='word_1_347' title='bbox 2018 781 2284 843; x_wconf 82' lang='lat' dir='ltr'><strong>oblatione</strong></span> <span class='ocrx_word' id='word_1_348' title='bbox 2311 784 2684 845; x_wconf 82' lang='lat' dir='ltr'><strong>calixDouiiui</strong></span> <span class='ocrx_word' id='word_1_349' title='bbox 2712 786 2985 841; x_wconf 81' lang='lat' dir='ltr'><strong>auferatur</strong></span> <span class='ocrx_word' id='word_1_350' title='bbox 3008 790 3077 843; x_wconf 91' lang='lat' dir='ltr'><strong>de</strong></span> <span class='ocrx_word' id='word_1_351' title='bbox 3103 792 3280 845; x_wconf 91' lang='lat' dir='ltr'><strong>altari.</strong></span> 
     </span>
    </p>
   </div>
   <div class='ocr_carea' id='block_1_48' title="bbox 1836 847 3434 928">
    <p class='ocr_par' dir='ltr' id='par_1_48' title="bbox 1836 847 3434 928">
     <span class='ocr_line' id='line_1_48' title="bbox 1836 847 3434 928; baseline 0.009 -30"><span class='ocrx_word' id='word_1_352' title='bbox 1836 904 1839 905; x_wconf 22' lang='grc' dir='ltr'><em>ν</em></span> <span class='ocrx_word' id='word_1_353' title='bbox 1898 847 2022 928; x_wconf 40' lang='grc' dir='ltr'><strong>.’2ῗ›“.</strong></span> <span class='ocrx_word' id='word_1_354' title='bbox 2066 848 2726 928; x_wconf 44' lang='lat' dir='ltr'><strong>Deuitoniiiiibusnquatuor</strong></span> <span class='ocrx_word' id='word_1_355' title='bbox 2754 854 3053 908; x_wconf 84' lang='lat' dir='ltr'><strong>Orationum</strong></span> <span class='ocrx_word' id='word_1_356' title='bbox 3082 862 3434 928; x_wconf 75' lang='lat' dir='ltr'><strong>episcoporum</strong></span> 
     </span>
    </p>
   </div>
   <div class='ocr_carea' id='block_1_49' title="bbox 1838 920 3429 997">
    <p class='ocr_par' dir='ltr' id='par_1_49' title="bbox 1838 920 3429 997">
     <span class='ocr_line' id='line_1_49' title="bbox 1838 920 3429 997; baseline 0.011 -29"><span class='ocrx_word' id='word_1_357' title='bbox 1838 920 1965 997; x_wconf 36' lang='lat' dir='ltr'><strong>‘sire</strong></span> <span class='ocrx_word' id='word_1_358' title='bbox 1996 920 2209 997; x_wconf 46' lang='grc' dir='ltr'><strong>ρρρμίίλ</strong></span> <span class='ocrx_word' id='word_1_359' title='bbox 2245 920 2419 997; x_wconf 60' lang='lat' dir='ltr'><strong>Prima</strong></span> <span class='ocrx_word' id='word_1_360' title='bbox 2454 922 2631 997; x_wconf 67' lang='lat' dir='ltr'><strong>gratio</strong></span> <span class='ocrx_word' id='word_1_361' title='bbox 2680 924 2871 977; x_wconf 90' lang='lat' dir='ltr'><strong>dicitur</strong></span> <span class='ocrx_word' id='word_1_362' title='bbox 2898 920 3182 997; x_wconf 81' lang='lat' dir='ltr'><strong>aliquando</strong></span> <span class='ocrx_word' id='word_1_363' title='bbox 3225 920 3429 993; x_wconf 69' lang='lat' dir='ltr'><strong>Oratio,</strong></span> 
     </span>
    </p>
   </div>
   <div class='ocr_carea' id='block_1_50' title="bbox 1864 986 3433 1065">
    <p class='ocr_par' dir='ltr' id='par_1_50' title="bbox 1864 986 3433 1065">
     <span class='ocr_line' id='line_1_50' title="bbox 1864 986 3433 1065; baseline 0.011 -29"><span class='ocrx_word' id='word_1_364' title='bbox 1864 986 2150 1065; x_wconf 77' lang='lat' dir='ltr'><strong>aliquando</strong></span> <span class='ocrx_word' id='word_1_365' title='bbox 2171 986 2428 1065; x_wconf 71' lang='lat' dir='ltr'><strong>Collecta.</strong></span> <span class='ocrx_word' id='word_1_366' title='bbox 2460 990 2789 1065; x_wconf 65' lang='lat' dir='ltr'><strong>manifestum</strong></span> <span class='ocrx_word' id='word_1_367' title='bbox 2821 986 3073 1065; x_wconf 81' lang='lat' dir='ltr'><strong>estquod</strong></span> <span class='ocrx_word' id='word_1_368' title='bbox 3101 996 3221 1053; x_wconf 89' lang='lat' dir='ltr'><strong>ideo</strong></span> <span class='ocrx_word' id='word_1_369' title='bbox 3248 986 3433 1053; x_wconf 78' lang='lat' dir='ltr'><strong>Oratio</strong></span> 
     </span>
    </p>
   </div>
   <div class='ocr_carea' id='block_1_51' title="bbox 1836 1056 3429 1135">
    <p class='ocr_par' dir='ltr' id='par_1_51' title="bbox 1836 1056 3429 1135">
     <span class='ocr_line' id='line_1_51' title="bbox 1836 1056 3429 1135; baseline 0.009 -28"><span class='ocrx_word' id='word_1_370' title='bbox 1836 1056 2080 1135; x_wconf 68' lang='lat' dir='ltr'><strong>dicitur,</strong></span> <span class='ocrx_word' id='word_1_371' title='bbox 2116 1056 2233 1135; x_wconf 80' lang='lat' dir='ltr'><strong>quia</strong></span> <span class='ocrx_word' id='word_1_372' title='bbox 2265 1066 2548 1135; x_wconf 86' lang='lat' dir='ltr'><strong>precantur</strong></span> <span class='ocrx_word' id='word_1_373' title='bbox 2579 1063 2737 1135; x_wconf 88' lang='lat' dir='ltr'><strong>_boua</strong></span> <span class='ocrx_word' id='word_1_374' title='bbox 2770 1056 2994 1135; x_wconf 13' lang='lat' dir='ltr'><strong>populor;</strong></span> <span class='ocrx_word' id='word_1_375' title='bbox 3025 1068 3247 1135; x_wconf 80' lang='lat' dir='ltr'><strong>collecta</strong></span> <span class='ocrx_word' id='word_1_376' title='bbox 3282 1085 3429 1134; x_wconf 85' lang='lat' dir='ltr'><strong>vero,</strong></span> 
     </span>
    </p>
   </div>
   <div class='ocr_carea' id='block_1_52' title="bbox 1840 1127 3432 1195">
    <p class='ocr_par' dir='ltr' id='par_1_52' title="bbox 1840 1127 3432 1195">
     <span class='ocr_line' id='line_1_52' title="bbox 1840 1127 3432 1195; baseline 0.011 -22"><span class='ocrx_word' id='word_1_377' title='bbox 1840 1127 1981 1191; x_wconf 93' lang='lat' dir='ltr'><strong>quia</strong></span> <span class='ocrx_word' id='word_1_378' title='bbox 2014 1127 2236 1193; x_wconf 90' lang='lat' dir='ltr'><strong>populus</strong></span> <span class='ocrx_word' id='word_1_379' title='bbox 2268 1131 2547 1195; x_wconf 87' lang='lat' dir='ltr'><strong>inchoatur</strong></span> <span class='ocrx_word' id='word_1_380' title='bbox 2579 1129 2630 1183; x_wconf 93' lang='lat' dir='ltr'><strong>in</strong></span> <span class='ocrx_word' id='word_1_381' title='bbox 2682 1127 2863 1184; x_wconf 54' lang='lat' dir='ltr'><strong>unum}</strong></span> <span class='ocrx_word' id='word_1_382' title='bbox 2896 1130 3089 1187; x_wconf 64' lang='lat' dir='ltr'><strong>Libeat‘</strong></span> <span class='ocrx_word' id='word_1_383' title='bbox 3125 1127 3432 1191; x_wconf 56' lang='lat' dir='ltr'><strong>fraternita;</strong></span> 
     </span>
    </p>
   </div>
   <div class='ocr_carea' id='block_1_53' title="bbox 1863 1196 3431 1263">
    <p class='ocr_par' dir='ltr' id='par_1_53' title="bbox 1863 1196 3431 1263">
     <span class='ocr_line' id='line_1_53' title="bbox 1863 1196 3431 1263; baseline 0.011 -20"><span class='ocrx_word' id='word_1_384' title='bbox 1863 1205 1969 1263; x_wconf 86' lang='lat' dir='ltr'><strong>teni</strong></span> <span class='ocrx_word' id='word_1_385' title='bbox 2020 1204 2184 1255; x_wconf 86' lang='lat' dir='ltr'><strong>tuam.</strong></span> <span class='ocrx_word' id='word_1_386' title='bbox 2218 1196 2393 1249; x_wconf 76' lang='lat' dir='ltr'><strong>frater</strong></span> <span class='ocrx_word' id='word_1_387' title='bbox 2423 1199 2756 1263; x_wconf 87' lang='lat' dir='ltr'><strong>charissime,</strong></span> <span class='ocrx_word' id='word_1_388' title='bbox 2805 1202 2878 1253; x_wconf 91' lang='lat' dir='ltr'><strong>uti</strong></span> <span class='ocrx_word' id='word_1_389' title='bbox 2910 1208 3224 1260; x_wconf 79' lang='lat' dir='ltr'><strong>auctoritate</strong></span> <span class='ocrx_word' id='word_1_390' title='bbox 3262 1210 3431 1260; x_wconf 89' lang='lat' dir='ltr'><strong>sancti</strong></span> 
     </span>
    </p>
   </div>
   <div class='ocr_carea' id='block_1_54' title="bbox 1862 1262 3428 1344">
    <p class='ocr_par' dir='ltr' id='par_1_54' title="bbox 1862 1262 3428 1344">
     <span class='ocr_line' id='line_1_54' title="bbox 1862 1262 3428 1344; baseline 0.01 -32"><span class='ocrx_word' id='word_1_391' title='bbox 1862 1262 2153 1344; x_wconf 49' lang='lat' dir='ltr'><strong>Augustini</strong></span> <span class='ocrx_word' id='word_1_392' title='bbox 2174 1264 2226 1315; x_wconf 92' lang='lat' dir='ltr'><strong>in</strong></span> <span class='ocrx_word' id='word_1_393' title='bbox 2262 1266 2360 1340; x_wconf 76' lang='lat' dir='ltr'><strong>hoc</strong></span> <span class='ocrx_word' id='word_1_394' title='bbox 2411 1270 2695 1344; x_wconf 36' lang='lat' dir='ltr'><strong>cpit-scuto,</strong></span> <span class='ocrx_word' id='word_1_395' title='bbox 2723 1269 2890 1344; x_wconf 67' lang='lat' dir='ltr'><strong>istud</strong></span> <span class='ocrx_word' id='word_1_396' title='bbox 2914 1271 3164 1344; x_wconf 74' lang='lat' dir='ltr'><strong>ofticiuui</strong></span> <span class='ocrx_word' id='word_1_397' title='bbox 3198 1290 3428 1344; x_wconf 78' lang='lat' dir='ltr'><strong>namque</strong></span> 
     </span>
    </p>
   </div>
   <div class='ocr_carea' id='block_1_55' title="bbox 1860 1332 3426 1409">
    <p class='ocr_par' dir='ltr' id='par_1_55' title="bbox 1860 1332 3426 1409">
     <span class='ocr_line' id='line_1_55' title="bbox 1860 1332 3426 1409; baseline 0.013 -32"><span class='ocrx_word' id='word_1_398' title='bbox 1860 1332 1911 1409; x_wconf 71' lang='lat' dir='ltr'><strong>in</strong></span> <span class='ocrx_word' id='word_1_399' title='bbox 1945 1342 2167 1409; x_wconf 76' lang='lat' dir='ltr'><strong>quatuor</strong></span> <span class='ocrx_word' id='word_1_400' title='bbox 2195 1332 2402 1409; x_wconf 77' lang='lat' dir='ltr'><strong>species</strong></span> <span class='ocrx_word' id='word_1_401' title='bbox 2431 1334 2648 1409; x_wconf 76' lang='lat' dir='ltr'><strong>dividit,</strong></span> <span class='ocrx_word' id='word_1_402' title='bbox 2684 1336 2845 1409; x_wconf 80' lang='lat' dir='ltr'><strong>id_e5t</strong></span> <span class='ocrx_word' id='word_1_403' title='bbox 2879 1338 2930 1390; x_wconf 92' lang='lat' dir='ltr'><strong>in</strong></span> <span class='ocrx_word' id='word_1_404' title='bbox 2970 1332 3426 1405; x_wconf 65' lang='lat' dir='ltr'><strong>pi&#39;ecationes,&#39;in</strong></span> 
     </span>
    </p>
   </div>
   <div class='ocr_carea' id='block_1_56' title="bbox 1860 1399 3425 1477">
    <p class='ocr_par' dir='ltr' id='par_1_56' title="bbox 1860 1399 3425 1477">
     <span class='ocr_line' id='line_1_56' title="bbox 1860 1399 3425 1477; baseline 0.01 -28"><span class='ocrx_word' id='word_1_405' title='bbox 1860 1399 2162 1477; x_wconf 78' lang='lat' dir='ltr'><strong>Drationes,</strong></span> <span class='ocrx_word' id='word_1_406' title='bbox 2214 1400 2265 1450; x_wconf 91' lang='lat' dir='ltr'><strong>in</strong></span> <span class='ocrx_word' id='word_1_407' title='bbox 2300 1402 2708 1477; x_wconf 65' lang='lat' dir='ltr'><strong>postulationes,</strong></span> <span class='ocrx_word' id='word_1_408' title='bbox 2742 1403 2811 1477; x_wconf 80' lang='lat' dir='ltr'><strong>in</strong></span> <span class='ocrx_word' id='word_1_409' title='bbox 2837 1399 3127 1477; x_wconf 45' lang='lat' dir='ltr'><strong>grati-arum</strong></span> <span class='ocrx_word' id='word_1_410' title='bbox 3158 1399 3425 1476; x_wconf 79' lang='lat' dir='ltr'><strong>actiones;</strong></span> 
     </span>
    </p>
   </div>
   <div class='ocr_carea' id='block_1_57' title="bbox 1838 1470 3429 1546">
    <p class='ocr_par' dir='ltr' id='par_1_57' title="bbox 1838 1470 3429 1546">
     <span class='ocr_line' id='line_1_57' title="bbox 1838 1470 3429 1546; baseline 0.01 -28"><span class='ocrx_word' id='word_1_411' title='bbox 1838 1470 1932 1527; x_wconf 42' lang='lat' dir='ltr'><strong>,ita</strong></span> <span class='ocrx_word' id='word_1_412' title='bbox 1963 1481 2411 1546; x_wconf 81' lang='lat' dir='ltr'><strong>commemorans.</strong></span> <span class='ocrx_word' id='word_1_413' title='bbox 2446 1470 2708 1546; x_wconf 85' lang='lat' dir='ltr'><strong>Quidquid</strong></span> <span class='ocrx_word' id='word_1_414' title='bbox 2732 1470 2904 1546; x_wconf 80' lang='lat' dir='ltr'><strong>agitur</strong></span> <span class='ocrx_word' id='word_1_415' title='bbox 2936 1476 2986 1528; x_wconf 93' lang='lat' dir='ltr'><strong>in</strong></span> <span class='ocrx_word' id='word_1_416' title='bbox 3031 1479 3207 1531; x_wconf 85' lang='lat' dir='ltr'><strong>officio</strong></span> <span class='ocrx_word' id='word_1_417' title='bbox 3235 1470 3429 1546; x_wconf 67' lang='lat' dir='ltr'><strong>Missas,</strong></span> 
     </span>
    </p>
   </div>
   <div class='ocr_carea' id='block_1_58' title="bbox 1838 1538 3433 1611">
    <p class='ocr_par' dir='ltr' id='par_1_58' title="bbox 1838 1538 3433 1611">
     <span class='ocr_line' id='line_1_58' title="bbox 1838 1538 3433 1611; baseline 0.009 -24"><span class='ocrx_word' id='word_1_418' title='bbox 1838 1547 2141 1611; x_wconf 76' lang='lat' dir='ltr'><strong>antequam</strong></span> <span class='ocrx_word' id='word_1_419' title='bbox 2170 1538 2360 1611; x_wconf 57' lang='lat' dir='ltr'><strong>obliga:</strong></span> <span class='ocrx_word' id='word_1_420' title='bbox 2380 1549 2640 1611; x_wconf 88' lang='lat' dir='ltr'><strong>ponantur</strong></span> <span class='ocrx_word' id='word_1_421' title='bbox 2666 1542 2717 1611; x_wconf 86' lang='lat' dir='ltr'><strong>in</strong></span> <span class='ocrx_word' id='word_1_422' title='bbox 2742 1538 2916 1605; x_wconf 87' lang='lat' dir='ltr'><strong>altari,</strong></span> <span class='ocrx_word' id='word_1_423' title='bbox 2936 1548 3169 1610; x_wconf 85' lang='lat' dir='ltr'><strong>precatio</strong></span> <span class='ocrx_word' id='word_1_424' title='bbox 3192 1538 3433 1601; x_wconf 78' lang='lat' dir='ltr'><strong>nomian</strong></span> 
     </span>
    </p>
   </div>
   <div class='ocr_carea' id='block_1_59' title="bbox 1861 1606 3431 1679">
    <p class='ocr_par' dir='ltr' id='par_1_59' title="bbox 1861 1606 3431 1679">
     <span class='ocr_line' id='line_1_59' title="bbox 1861 1606 3431 1679; baseline 0.008 -21"><span class='ocrx_word' id='word_1_425' title='bbox 1861 1615 1963 1659; x_wconf 92' lang='lat' dir='ltr'><strong>tur.</strong></span> <span class='ocrx_word' id='word_1_426' title='bbox 1982 1606 2699 1679; x_wconf 71' lang='lat' dir='ltr'><strong>Etliancdiﬂereutiamfacit</strong></span> <span class='ocrx_word' id='word_1_427' title='bbox 2713 1612 2850 1664; x_wconf 86' lang='lat' dir='ltr'><strong>inter</strong></span> <span class='ocrx_word' id='word_1_428' title='bbox 2864 1606 3243 1679; x_wconf 76' lang='lat' dir='ltr'><strong>precationem,</strong></span> <span class='ocrx_word' id='word_1_429' title='bbox 3272 1628 3324 1670; x_wconf 92' lang='lat' dir='ltr'><strong>et</strong></span> <span class='ocrx_word' id='word_1_430' title='bbox 3345 1621 3431 1671; x_wconf 85' lang='lat' dir='ltr'><strong>dc-</strong></span> 
     </span>
    </p>
   </div>
   <div class='ocr_carea' id='block_1_60' title="bbox 1840 1676 3433 1753">
    <p class='ocr_par' dir='ltr' id='par_1_60' title="bbox 1840 1676 3433 1753">
     <span class='ocr_line' id='line_1_60' title="bbox 1840 1676 3433 1753; baseline 0.008 -26"><span class='ocrx_word' id='word_1_431' title='bbox 1840 1746 1843 1749; x_wconf 90' lang='lat'><em>_</em></span> <span class='ocrx_word' id='word_1_432' title='bbox 1860 1676 2296 1753; x_wconf 79' lang='lat' dir='ltr'><strong>precationem,ct</strong></span> <span class='ocrx_word' id='word_1_433' title='bbox 2310 1679 2376 1729; x_wconf 86' lang='lat' dir='ltr'><strong>iui</strong></span> <span class='ocrx_word' id='word_1_434' title='bbox 2384 1678 2739 1753; x_wconf 67' lang='lat' dir='ltr'><strong>precationem</strong></span> <span class='ocrx_word' id='word_1_435' title='bbox 2750 1676 2921 1753; x_wconf 83' lang='lat' dir='ltr'><strong>,_qttod</strong></span> <span class='ocrx_word' id='word_1_436' title='bbox 2942 1684 3174 1753; x_wconf 79' lang='lat' dir='ltr'><strong>precatio</strong></span> <span class='ocrx_word' id='word_1_437' title='bbox 3184 1676 3252 1737; x_wconf 82' lang='lat' dir='ltr'><strong>sit</strong></span> <span class='ocrx_word' id='word_1_438' title='bbox 3265 1701 3433 1753; x_wconf 86' lang='lat' dir='ltr'><strong>quan-</strong></span> 
     </span>
    </p>
   </div>
   <div class='ocr_carea' id='block_1_61' title="bbox 1858 1744 3433 1819">
    <p class='ocr_par' dir='ltr' id='par_1_61' title="bbox 1858 1744 3433 1819">
     <span class='ocr_line' id='line_1_61' title="bbox 1858 1744 3433 1819; baseline 0.007 -22"><span class='ocrx_word' id='word_1_439' title='bbox 1858 1744 1927 1797; x_wconf 90' lang='lat' dir='ltr'><strong>do</strong></span> <span class='ocrx_word' id='word_1_440' title='bbox 1945 1746 2077 1797; x_wconf 80' lang='lat' dir='ltr'><strong>bOna</strong></span> <span class='ocrx_word' id='word_1_441' title='bbox 2093 1744 2247 1819; x_wconf 66' lang='lat' dir='ltr'><strong>aptat</strong></span> <span class='ocrx_word' id='word_1_442' title='bbox 2264 1750 2485 1819; x_wconf 73' lang='lat' dir='ltr'><strong>populo;</strong></span> <span class='ocrx_word' id='word_1_443' title='bbox 2511 1744 2839 1814; x_wconf 71' lang='lat' dir='ltr'><strong>deprecatio,</strong></span> <span class='ocrx_word' id='word_1_444' title='bbox 2857 1744 3069 1816; x_wconf 86' lang='lat' dir='ltr'><strong>quando</strong></span> <span class='ocrx_word' id='word_1_445' title='bbox 3088 1761 3237 1819; x_wconf 90' lang='lat' dir='ltr'><strong>orat,</strong></span> <span class='ocrx_word' id='word_1_446' title='bbox 3257 1744 3314 1813; x_wconf 56' lang='lat' dir='ltr'><strong>u&#39;t</strong></span> <span class='ocrx_word' id='word_1_447' title='bbox 3342 1756 3433 1808; x_wconf 89' lang='lat' dir='ltr'><strong>de-</strong></span> 
     </span>
    </p>
   </div>
   <div class='ocr_carea' id='block_1_62' title="bbox 1786 1800 3433 1890">
    <p class='ocr_par' dir='ltr' id='par_1_62' title="bbox 1786 1800 3433 1890">
     <span class='ocr_line' id='line_1_62' title="bbox 1786 1800 3433 1890; baseline 0.006 -25"><span class='ocrx_word' id='word_1_448' title='bbox 1786 1800 1832 1857; x_wconf 83' lang='grc' dir='ltr'><strong>Β</strong></span> <span class='ocrx_word' id='word_1_449' title='bbox 1860 1823 1984 1890; x_wconf 66' lang='lat' dir='ltr'><strong>vitet</strong></span> <span class='ocrx_word' id='word_1_450' title='bbox 2003 1800 2219 1876; x_wconf 73' lang='lat' dir='ltr'><strong>malum,</strong></span> <span class='ocrx_word' id='word_1_451' title='bbox 2239 1800 2292 1890; x_wconf 56' lang='lat' dir='ltr'><strong>e:t</strong></span> <span class='ocrx_word' id='word_1_452' title='bbox 2305 1800 2519 1890; x_wconf 76' lang='lat' dir='ltr'><strong>desinat</strong></span> <span class='ocrx_word' id='word_1_453' title='bbox 2542 1800 3203 1890; x_wconf 51' lang='grc' dir='ltr'><strong>³ᾒεᾲςίξιὶἶίῖιιίρὶέξτέίίδξ</strong></span> <span class='ocrx_word' id='word_1_454' title='bbox 3220 1800 3433 1890; x_wconf 61' lang='lat' dir='ltr'><strong>quando</strong></span> 
     </span>
    </p>
   </div>
   <div class='ocr_carea' id='block_1_63' title="bbox 1861 1883 3431 1949">
    <p class='ocr_par' dir='ltr' id='par_1_63' title="bbox 1861 1883 3431 1949">
     <span class='ocr_line' id='line_1_63' title="bbox 1861 1883 3431 1949; baseline 0.006 -14"><span class='ocrx_word' id='word_1_455' title='bbox 1861 1883 1997 1935; x_wconf 89' lang='lat' dir='ltr'><strong>mala</strong></span> <span class='ocrx_word' id='word_1_456' title='bbox 2045 1892 2211 1949; x_wconf 88' lang='lat' dir='ltr'><strong>optat,</strong></span> <span class='ocrx_word' id='word_1_457' title='bbox 2265 1883 2316 1935; x_wconf 88' lang='lat' dir='ltr'><strong>id</strong></span> <span class='ocrx_word' id='word_1_458' title='bbox 2372 1891 2456 1937; x_wconf 89' lang='lat' dir='ltr'><strong>est</strong></span> <span class='ocrx_word' id='word_1_459' title='bbox 2508 1885 2794 1938; x_wconf 87' lang='lat' dir='ltr'><strong>maledicit.</strong></span> <span class='ocrx_word' id='word_1_460' title='bbox 2848 1883 3024 1940; x_wconf 82' lang='lat' dir='ltr'><strong>Piiuia</strong></span> <span class='ocrx_word' id='word_1_461' title='bbox 3073 1883 3199 1944; x_wconf 68' lang='lat' dir='ltr'><strong>vero</strong></span> <span class='ocrx_word' id='word_1_462' title='bbox 3243 1883 3431 1945; x_wconf 56' lang='lat' dir='ltr'><strong>&#39;Uratvio</strong></span> 
     </span>
    </p>
   </div>
   <div class='ocr_carea' id='block_1_64' title="bbox 1859 1952 3434 2029">
    <p class='ocr_par' dir='ltr' id='par_1_64' title="bbox 1859 1952 3434 2029">
     <span class='ocr_line' id='line_1_64' title="bbox 1859 1952 3434 2029; baseline 0.006 -26"><span class='ocrx_word' id='word_1_463' title='bbox 1859 1967 2016 2029; x_wconf 82' lang='lat' dir='ltr'><strong>quam</strong></span> <span class='ocrx_word' id='word_1_464' title='bbox 2038 1953 2185 2029; x_wconf 88' lang='lat' dir='ltr'><strong>_dicit</strong></span> <span class='ocrx_word' id='word_1_465' title='bbox 2216 1952 2509 2029; x_wconf 76' lang='lat' dir='ltr'><strong>episcopus</strong></span> <span class='ocrx_word' id='word_1_466' title='bbox 2533 1956 2768 2029; x_wconf 81' lang='lat' dir='ltr'><strong>precatio</strong></span> <span class='ocrx_word' id='word_1_467' title='bbox 2798 1960 3131 2029; x_wconf 66' lang='lat' dir='ltr'><strong>notuiuatur,</strong></span> <span class='ocrx_word' id='word_1_468' title='bbox 3156 1962 3204 2012; x_wconf 92' lang='lat' dir='ltr'><strong>id</strong></span> <span class='ocrx_word' id='word_1_469' title='bbox 3235 1970 3318 2014; x_wconf 87' lang='lat' dir='ltr'><strong>est</strong></span> <span class='ocrx_word' id='word_1_470' title='bbox 3340 1958 3434 2029; x_wconf 81' lang='lat' dir='ltr'><strong>cp-</strong></span> 
     </span>
    </p>
   </div>
   <div class='ocr_carea' id='block_1_65' title="bbox 1860 2022 3432 2094">
    <p class='ocr_par' dir='ltr' id='par_1_65' title="bbox 1860 2022 3432 2094">
     <span class='ocr_line' id='line_1_65' title="bbox 1860 2022 3432 2094; baseline 0.007 -22"><span class='ocrx_word' id='word_1_471' title='bbox 1860 2023 1988 2094; x_wconf 72' lang='lat' dir='ltr'><strong>tatio</strong></span> <span class='ocrx_word' id='word_1_472' title='bbox 2036 2023 2168 2094; x_wconf 85' lang='lat' dir='ltr'><strong>bona</strong></span> <span class='ocrx_word' id='word_1_473' title='bbox 2203 2025 2422 2088; x_wconf 91' lang='lat' dir='ltr'><strong>populo.</strong></span> <span class='ocrx_word' id='word_1_474' title='bbox 2455 2022 2693 2094; x_wconf 78' lang='lat' dir='ltr'><strong>Diximus</strong></span> <span class='ocrx_word' id='word_1_475' title='bbox 2725 2040 2953 2094; x_wconf 87' lang='lat' dir='ltr'><strong>namque</strong></span> <span class='ocrx_word' id='word_1_476' title='bbox 2999 2028 3136 2093; x_wconf 90' lang='lat' dir='ltr'><strong>quod</strong></span> <span class='ocrx_word' id='word_1_477' title='bbox 3181 2022 3432 2084; x_wconf 74' lang='lat' dir='ltr'><strong>lutroitiis</strong></span> 
     </span>
    </p>
   </div>
   <div class='ocr_carea' id='block_1_66' title="bbox 1862 2089 3432 2165">
    <p class='ocr_par' dir='ltr' id='par_1_66' title="bbox 1862 2089 3432 2165">
     <span class='ocr_line' id='line_1_66' title="bbox 1862 2089 3432 2165; baseline 0.005 -23"><span class='ocrx_word' id='word_1_478' title='bbox 1862 2089 2009 2165; x_wconf 86' lang='lat' dir='ltr'><strong>foret_</strong></span> <span class='ocrx_word' id='word_1_479' title='bbox 2050 2089 2115 2142; x_wconf 89' lang='lat' dir='ltr'><strong>ad</strong></span> <span class='ocrx_word' id='word_1_480' title='bbox 2162 2093 2393 2165; x_wconf 64' lang='lat' dir='ltr'><strong>officium</strong></span> <span class='ocrx_word' id='word_1_481' title='bbox 2451 2089 2879 2165; x_wconf 64' lang='lat' dir='ltr'><strong>pr0pltetarum,&#39;</strong></span> <span class='ocrx_word' id='word_1_482' title='bbox 2905 2089 3152 2163; x_wconf 81' lang='lat' dir='ltr'><strong>quoniam</strong></span> <span class='ocrx_word' id='word_1_483' title='bbox 3206 2113 3299 2165; x_wconf 91' lang='lat' dir='ltr'><strong>per</strong></span> <span class='ocrx_word' id='word_1_484' title='bbox 3340 2115 3432 2152; x_wconf 87' lang='lat' dir='ltr'><strong>ora</strong></span> 
     </span>
    </p>
   </div>
   <div class='ocr_carea' id='block_1_67' title="bbox 1861 2158 3431 2228">
    <p class='ocr_par' dir='ltr' id='par_1_67' title="bbox 1861 2158 3431 2228">
     <span class='ocr_line' id='line_1_67' title="bbox 1861 2158 3431 2228; baseline 0.007 -20"><span class='ocrx_word' id='word_1_485' title='bbox 1861 2160 2239 2227; x_wconf 82' lang='lat' dir='ltr'><strong>prophetarum</strong></span> <span class='ocrx_word' id='word_1_486' title='bbox 2273 2158 2515 2213; x_wconf 85' lang='lat' dir='ltr'><strong>Christus</strong></span> <span class='ocrx_word' id='word_1_487' title='bbox 2547 2162 2785 2215; x_wconf 88' lang='lat' dir='ltr'><strong>introivit</strong></span> <span class='ocrx_word' id='word_1_488' title='bbox 2824 2158 2876 2216; x_wconf 89' lang='lat' dir='ltr'><strong>in</strong></span> <span class='ocrx_word' id='word_1_489' title='bbox 2922 2158 3174 2219; x_wconf 63' lang='lat' dir='ltr'><strong>uitandum</strong></span> <span class='ocrx_word' id='word_1_490' title='bbox 3195 2158 3219 2228; x_wconf 83' lang='grc'><strong>;’</strong></span> <span class='ocrx_word' id='word_1_491' title='bbox 3241 2177 3295 2220; x_wconf 90' lang='lat' dir='ltr'><strong>et</strong></span> <span class='ocrx_word' id='word_1_492' title='bbox 3328 2183 3431 2221; x_wconf 90' lang='lat' dir='ltr'><strong>nou</strong></span> 
     </span>
    </p>
   </div>
   <div class='ocr_carea' id='block_1_68' title="bbox 1861 2230 3432 2302">
    <p class='ocr_par' dir='ltr' id='par_1_68' title="bbox 1861 2230 3432 2302">
     <span class='ocr_line' id='line_1_68' title="bbox 1861 2230 3432 2302; baseline 0.005 -22"><span class='ocrx_word' id='word_1_493' title='bbox 1861 2230 2034 2302; x_wconf 74' lang='lat' dir='ltr'><strong>solum</strong></span> <span class='ocrx_word' id='word_1_494' title='bbox 2073 2232 2335 2302; x_wconf 33' lang='lat' dir='ltr'><strong>intravig,‘</strong></span> <span class='ocrx_word' id='word_1_495' title='bbox 2361 2230 2450 2302; x_wconf 75' lang='lat' dir='ltr'><strong>sed</strong></span> <span class='ocrx_word' id='word_1_496' title='bbox 2483 2240 2536 2284; x_wconf 90' lang='lat' dir='ltr'><strong>et</strong></span> <span class='ocrx_word' id='word_1_497' title='bbox 2582 2245 2795 2285; x_wconf 91' lang='lat' dir='ltr'><strong>carnem</strong></span> <span class='ocrx_word' id='word_1_498' title='bbox 2845 2237 3153 2302; x_wconf 70' lang='lat' dir='ltr'><strong>assumpsit,</strong></span> <span class='ocrx_word' id='word_1_499' title='bbox 3188 2244 3243 2289; x_wconf 90' lang='lat' dir='ltr'><strong>et</strong></span> <span class='ocrx_word' id='word_1_500' title='bbox 3274 2238 3432 2289; x_wconf 82' lang='lat' dir='ltr'><strong>humo</strong></span> 
     </span>
    </p>
   </div>
   <div class='ocr_carea' id='block_1_69' title="bbox 1862 2296 3425 2369">
    <p class='ocr_par' dir='ltr' id='par_1_69' title="bbox 1862 2296 3425 2369">
     <span class='ocr_line' id='line_1_69' title="bbox 1862 2296 3425 2369; baseline 0.006 -20"><span class='ocrx_word' id='word_1_501' title='bbox 1862 2296 2036 2351; x_wconf 88' lang='lat' dir='ltr'><strong>factus</strong></span> <span class='ocrx_word' id='word_1_502' title='bbox 2061 2311 2163 2363; x_wconf 84' lang='lat' dir='ltr'><strong>eSt,</strong></span> <span class='ocrx_word' id='word_1_503' title='bbox 2195 2298 2355 2368; x_wconf 75' lang='lat'><strong>558</strong></span> <span class='ocrx_word' id='word_1_504' title='bbox 2385 2296 2586 2352; x_wconf 80' lang='lat' dir='ltr'><strong>ducens</strong></span> <span class='ocrx_word' id='word_1_505' title='bbox 2618 2305 2870 2369; x_wconf 69' lang='lat' dir='ltr'><strong>onginem</strong></span> <span class='ocrx_word' id='word_1_506' title='bbox 2903 2296 3190 2357; x_wconf 78' lang='lat' dir='ltr'><strong>secundum</strong></span> <span class='ocrx_word' id='word_1_507' title='bbox 3211 2320 3425 2359; x_wconf 86' lang='lat' dir='ltr'><strong>carnem</strong></span> 
     </span>
    </p>
   </div>
   <div class='ocr_carea' id='block_1_70' title="bbox 1864 2368 3432 2441">
    <p class='ocr_par' dir='ltr' id='par_1_70' title="bbox 1864 2368 3432 2441">
     <span class='ocr_line' id='line_1_70' title="bbox 1864 2368 3432 2441; baseline 0.006 -22"><span class='ocrx_word' id='word_1_508' title='bbox 1864 2368 1929 2419; x_wconf 86' lang='lat' dir='ltr'><strong>de</strong></span> <span class='ocrx_word' id='word_1_509' title='bbox 1953 2370 2153 2441; x_wconf 82' lang='lat' dir='ltr'><strong>sanctis</strong></span> <span class='ocrx_word' id='word_1_510' title='bbox 2186 2370 2529 2434; x_wconf 60' lang='lat' dir='ltr'><strong>patriarchis;</strong></span> <span class='ocrx_word' id='word_1_511' title='bbox 2581 2384 2804 2441; x_wconf 84' lang='lat' dir='ltr'><strong>quorum</strong></span> <span class='ocrx_word' id='word_1_512' title='bbox 2838 2386 2973 2425; x_wconf 88' lang='lat' dir='ltr'><strong>unus</strong></span> <span class='ocrx_word' id='word_1_513' title='bbox 3004 2375 3159 2427; x_wconf 85' lang='lat' dir='ltr'><strong>valde</strong></span> <span class='ocrx_word' id='word_1_514' title='bbox 3186 2384 3332 2441; x_wconf 85' lang='lat' dir='ltr'><strong>Optat</strong></span> <span class='ocrx_word' id='word_1_515' title='bbox 3379 2386 3432 2428; x_wconf 88' lang='lat' dir='ltr'><strong>et</strong></span> 
     </span>
    </p>
   </div>
   <div class='ocr_carea' id='block_1_71' title="bbox 1864 2439 3430 2508">
    <p class='ocr_par' dir='ltr' id='par_1_71' title="bbox 1864 2439 3430 2508">
     <span class='ocr_line' id='line_1_71' title="bbox 1864 2439 3430 2508; baseline 0.005 -19"><span class='ocrx_word' id='word_1_516' title='bbox 1864 2439 2202 2490; x_wconf 85' lang='lat' dir='ltr'><strong>commendat</strong></span> <span class='ocrx_word' id='word_1_517' title='bbox 2230 2442 2676 2505; x_wconf 78' lang='lat' dir='ltr'><strong>exSpectationem</strong></span> <span class='ocrx_word' id='word_1_518' title='bbox 2709 2439 2821 2508; x_wconf 79' lang='lat' dir='ltr'><strong>ejus</strong></span> <span class='ocrx_word' id='word_1_519' title='bbox 2846 2444 3042 2508; x_wconf 91' lang='lat' dir='ltr'><strong>populo</strong></span> <span class='ocrx_word' id='word_1_520' title='bbox 3069 2439 3252 2497; x_wconf 80' lang='lat' dir='ltr'><strong>dicens</strong></span> <span class='ocrx_word' id='word_1_521' title='bbox 3279 2461 3293 2496; x_wconf 86' lang='lat'><strong>:</strong></span> <span class='ocrx_word' id='word_1_522' title='bbox 3316 2444 3430 2499; x_wconf 86' lang='lat' dir='ltr'><strong>Non</strong></span> 
     </span>
    </p>
   </div>
   <div class='ocr_carea' id='block_1_72' title="bbox 1865 2508 2833 2573">
    <p class='ocr_par' dir='ltr' id='par_1_72' title="bbox 1865 2508 2833 2573">
     <span class='ocr_line' id='line_1_72' title="bbox 1865 2508 2833 2573; baseline 0.005 -15"><span class='ocrx_word' id='word_1_523' title='bbox 1865 2508 2133 2560; x_wconf 85' lang='lat' dir='ltr'><strong>auferetur</strong></span> <span class='ocrx_word' id='word_1_524' title='bbox 2159 2520 2423 2572; x_wconf 80' lang='lat' dir='ltr'><strong>sceptrum</strong></span> <span class='ocrx_word' id='word_1_525' title='bbox 2455 2509 2521 2561; x_wconf 88' lang='lat' dir='ltr'><strong>de</strong></span> <span class='ocrx_word' id='word_1_526' title='bbox 2546 2509 2701 2573; x_wconf 85' lang='lat' dir='ltr'><strong>Juda,</strong></span> <span class='ocrx_word' id='word_1_527' title='bbox 2729 2520 2833 2563; x_wconf 93' lang='lat' dir='ltr'><strong>etc.</strong></span> 
     </span>
    </p>
   </div>
   <div class='ocr_carea' id='block_1_73' title="bbox 1936 2576 3427 2649">
    <p class='ocr_par' dir='ltr' id='par_1_73' title="bbox 1936 2576 3427 2649">
     <span class='ocr_line' id='line_1_73' title="bbox 1936 2576 3427 2649; baseline 0.006 -21"><span class='ocrx_word' id='word_1_528' title='bbox 1936 2576 2026 2628; x_wconf 71' lang='lat'><strong>24.</strong></span> <span class='ocrx_word' id='word_1_529' title='bbox 2057 2576 2135 2629; x_wconf 87' lang='lat' dir='ltr'><strong>De</strong></span> <span class='ocrx_word' id='word_1_530' title='bbox 2164 2578 2393 2632; x_wconf 81' lang='lat' dir='ltr'><strong>Secreta.</strong></span> <span class='ocrx_word' id='word_1_531' title='bbox 2421 2577 2636 2632; x_wconf 76' lang='lat' dir='ltr'><strong>Secreta</strong></span> <span class='ocrx_word' id='word_1_532' title='bbox 2668 2581 2881 2642; x_wconf 77' lang='lat' dir='ltr'><strong>dzcilur,</strong></span> <span class='ocrx_word' id='word_1_533' title='bbox 2912 2594 2977 2634; x_wconf 91' lang='lat' dir='ltr'><strong>eo</strong></span> <span class='ocrx_word' id='word_1_534' title='bbox 2998 2581 3136 2649; x_wconf 89' lang='lat' dir='ltr'><strong>quod</strong></span> <span class='ocrx_word' id='word_1_535' title='bbox 3166 2592 3427 2637; x_wconf 82' lang='lat' dir='ltr'><strong>secretam</strong></span> 
     </span>
    </p>
   </div>
   <div class='ocr_carea' id='block_1_74' title="bbox 1844 2648 3431 2717">
    <p class='ocr_par' dir='ltr' id='par_1_74' title="bbox 1844 2648 3431 2717">
     <span class='ocr_line' id='line_1_74' title="bbox 1844 2648 3431 2717; baseline 0.005 -18"><span class='ocrx_word' id='word_1_536' title='bbox 1844 2648 2189 2717; x_wconf 17' lang='lat' dir='ltr'><strong>.Urationemi</strong></span> <span class='ocrx_word' id='word_1_537' title='bbox 2222 2649 2311 2699; x_wconf 88' lang='lat' dir='ltr'><strong>dat</strong></span> <span class='ocrx_word' id='word_1_538' title='bbox 2340 2650 2619 2715; x_wconf 81' lang='lat' dir='ltr'><strong>episcOpus</strong></span> <span class='ocrx_word' id='word_1_539' title='bbox 2650 2663 2807 2716; x_wconf 88' lang='lat' dir='ltr'><strong>super</strong></span> <span class='ocrx_word' id='word_1_540' title='bbox 2838 2648 3185 2717; x_wconf 83' lang='lat' dir='ltr'><strong>oblationem,</strong></span> <span class='ocrx_word' id='word_1_541' title='bbox 3220 2662 3277 2706; x_wconf 91' lang='lat' dir='ltr'><strong>ut</strong></span> <span class='ocrx_word' id='word_1_542' title='bbox 3305 2656 3431 2707; x_wconf 87' lang='lat' dir='ltr'><strong>velit</strong></span> 
     </span>
    </p>
   </div>
   <div class='ocr_carea' id='block_1_75' title="bbox 1870 2716 3430 2786">
    <p class='ocr_par' dir='ltr' id='par_1_75' title="bbox 1870 2716 3430 2786">
     <span class='ocr_line' id='line_1_75' title="bbox 1870 2716 3430 2786; baseline 0.005 -18"><span class='ocrx_word' id='word_1_543' title='bbox 1870 2717 2136 2782; x_wconf 75' lang='lat' dir='ltr'><strong>respicere</strong></span> <span class='ocrx_word' id='word_1_544' title='bbox 2172 2716 2306 2786; x_wconf 82' lang='lat' dir='ltr'><strong>Deus</strong></span> <span class='ocrx_word' id='word_1_545' title='bbox 2335 2731 2494 2786; x_wconf 89' lang='lat' dir='ltr'><strong>super</strong></span> <span class='ocrx_word' id='word_1_546' title='bbox 2520 2718 2842 2772; x_wconf 73' lang='lat' dir='ltr'><strong>oblationem</strong></span> <span class='ocrx_word' id='word_1_547' title='bbox 2876 2716 3217 2786; x_wconf 72' lang='lat' dir='ltr'><strong>prepositain,</strong></span> <span class='ocrx_word' id='word_1_548' title='bbox 3252 2732 3307 2776; x_wconf 89' lang='lat' dir='ltr'><strong>et</strong></span> <span class='ocrx_word' id='word_1_549' title='bbox 3335 2724 3430 2775; x_wconf 91' lang='lat' dir='ltr'><strong>de-</strong></span> 
     </span>
    </p>
   </div>
   <div class='ocr_carea' id='block_1_76' title="bbox 1870 2737 3428 2856">
    <p class='ocr_par' dir='ltr' id='par_1_76' title="bbox 1870 2737 3428 2856">
     <span class='ocr_line' id='line_1_76' title="bbox 1870 2737 3428 2786; baseline 0.004 -18"><span class='ocrx_word' id='word_1_550' title='bbox 1870 2737 2136 2782; x_wconf 72' lang='lat' dir='ltr'><strong>I&#39;USPIL&#39;CI‘C</strong></span> <span class='ocrx_word' id='word_1_551' title='bbox 2172 2737 2306 2768; x_wconf 77' lang='lat' dir='ltr'><strong>ueus</strong></span> <span class='ocrx_word' id='word_1_552' title='bbox 2335 2737 2494 2786; x_wconf 82' lang='lat' dir='ltr'><strong>super</strong></span> <span class='ocrx_word' id='word_1_553' title='bbox 2520 2737 2842 2772; x_wconf 72' lang='lat' dir='ltr'><strong>oulauonem</strong></span> <span class='ocrx_word' id='word_1_554' title='bbox 2876 2737 2968 2786; x_wconf 87' lang='lat' dir='ltr'><strong>pro</strong></span> <span class='ocrx_word' id='word_1_555' title='bbox 3008 2737 3217 2785; x_wconf 73' lang='lat' dir='ltr'><strong>osntain,</strong></span> <span class='ocrx_word' id='word_1_556' title='bbox 3252 2737 3307 2776; x_wconf 80' lang='lat' dir='ltr'><strong>et</strong></span> <span class='ocrx_word' id='word_1_557' title='bbox 3335 2737 3428 2775; x_wconf 89' lang='lat' dir='ltr'><strong>ue-</strong></span> 
     </span>
     <span class='ocr_line' id='line_1_77' title="bbox 1870 2737 3428 2856; baseline 0.009 -24"><span class='ocrx_word' id='word_1_558' title='bbox 1870 2800 2054 2856; x_wconf 67' lang='lat' dir='ltr'><strong>puiare</strong></span> <span class='ocrx_word' id='word_1_559' title='bbox 2102 2800 2218 2856; x_wconf 78' lang='lat' dir='ltr'><strong>eam</strong></span> <span class='ocrx_word' id='word_1_560' title='bbox 2255 2785 2444 2856; x_wconf 80' lang='lat' dir='ltr'><strong>futura:</strong></span> <span class='ocrx_word' id='word_1_561' title='bbox 2492 2791 2899 2843; x_wconf 82' lang='lat' dir='ltr'><strong>consecrationi.</strong></span> <span class='ocrx_word' id='word_1_562' title='bbox 2950 2737 3141 2842; x_wconf 52' lang='lat' dir='ltr'><strong>l‘s’otum</strong></span> <span class='ocrx_word' id='word_1_563' title='bbox 3170 2800 3256 2845; x_wconf 79' lang='lat' dir='ltr'><strong>est</strong></span> <span class='ocrx_word' id='word_1_564' title='bbox 3285 2794 3428 2846; x_wconf 87' lang='lat' dir='ltr'><strong>enim</strong></span> 
     </span>
    </p>
   </div>
   <div class='ocr_carea' id='block_1_77' title="bbox 1870 2854 3433 2928">
    <p class='ocr_par' dir='ltr' id='par_1_77' title="bbox 1870 2854 3433 2928">
     <span class='ocr_line' id='line_1_78' title="bbox 1870 2854 3433 2928; baseline 0.006 -22"><span class='ocrx_word' id='word_1_565' title='bbox 1870 2854 2283 2928; x_wconf 81' lang='lat' dir='ltr'><strong>ideosecretatn</strong></span> <span class='ocrx_word' id='word_1_566' title='bbox 2311 2854 2641 2928; x_wconf 70' lang='lat' dir='ltr'><strong>Orationem</strong></span> <span class='ocrx_word' id='word_1_567' title='bbox 2674 2859 2844 2911; x_wconf 82' lang='lat' dir='ltr'><strong>facere</strong></span> <span class='ocrx_word' id='word_1_568' title='bbox 2873 2874 3034 2927; x_wconf 86' lang='lat' dir='ltr'><strong>super</strong></span> <span class='ocrx_word' id='word_1_569' title='bbox 3073 2862 3331 2928; x_wconf 82' lang='lat' dir='ltr'><strong>oblatam,</strong></span> <span class='ocrx_word' id='word_1_570' title='bbox 3376 2872 3433 2915; x_wconf 93' lang='lat' dir='ltr'><strong>ut</strong></span> 
     </span>
    </p>
   </div>
   <div class='ocr_carea' id='block_1_78' title="bbox 1871 2925 2852 2993">
    <p class='ocr_par' dir='ltr' id='par_1_78' title="bbox 1871 2925 2852 2993">
     <span class='ocr_line' id='line_1_79' title="bbox 1871 2925 2852 2993; baseline 0.004 -17"><span class='ocrx_word' id='word_1_571' title='bbox 1871 2927 2038 2993; x_wconf 82' lang='lat' dir='ltr'><strong>possit</strong></span> <span class='ocrx_word' id='word_1_572' title='bbox 2062 2940 2128 2976; x_wconf 75' lang='lat' dir='ltr'><strong>ex</strong></span> <span class='ocrx_word' id='word_1_573' title='bbox 2164 2940 2223 2978; x_wconf 85' lang='lat' dir='ltr'><strong>ea</strong></span> <span class='ocrx_word' id='word_1_574' title='bbox 2256 2926 2369 2977; x_wconf 83' lang='lat' dir='ltr'><strong>ficri</strong></span> <span class='ocrx_word' id='word_1_575' title='bbox 2400 2942 2590 2993; x_wconf 83' lang='lat' dir='ltr'><strong>corpus</strong></span> <span class='ocrx_word' id='word_1_576' title='bbox 2624 2925 2852 2980; x_wconf 90' lang='lat' dir='ltr'><strong>Domini.</strong></span> 
     </span>
    </p>
   </div>
   <div class='ocr_carea' id='block_1_79' title="bbox 1938 2991 3433 3067">
    <p class='ocr_par' dir='ltr' id='par_1_79' title="bbox 1938 2991 3433 3067">
     <span class='ocr_line' id='line_1_80' title="bbox 1938 2991 3433 3067; baseline 0.007 -24"><span class='ocrx_word' id='word_1_577' title='bbox 1938 2991 2028 3045; x_wconf 65' lang='lat'><strong>‘2&#39;).</strong></span> <span class='ocrx_word' id='word_1_578' title='bbox 2066 2992 2283 3067; x_wconf 15' lang='lat' dir='ltr'><strong>iiii-actio</strong></span> <span class='ocrx_word' id='word_1_579' title='bbox 2313 2991 2789 3067; x_wconf 10' lang='lat' dir='ltr'><strong>oblataruannillam</strong></span> <span class='ocrx_word' id='word_1_580' title='bbox 2823 2998 3137 3067; x_wconf 88' lang='lat' dir='ltr'><strong>fractionem</strong></span> <span class='ocrx_word' id='word_1_581' title='bbox 3167 2998 3433 3067; x_wconf 81' lang='lat' dir='ltr'><strong>significat</strong></span> 
     </span>
    </p>
   </div>
   <div class='ocr_carea' id='block_1_80' title="bbox 1869 3065 3433 3134">
    <p class='ocr_par' dir='ltr' id='par_1_80' title="bbox 1869 3065 3433 3134">
     <span class='ocr_line' id='line_1_81' title="bbox 1869 3065 3433 3134; baseline 0.003 -20"><span class='ocrx_word' id='word_1_582' title='bbox 1869 3076 2033 3134; x_wconf 83' lang='lat' dir='ltr'><strong>quam</strong></span> <span class='ocrx_word' id='word_1_583' title='bbox 2061 3065 2317 3116; x_wconf 85' lang='lat' dir='ltr'><strong>Dominus</strong></span> <span class='ocrx_word' id='word_1_584' title='bbox 2369 3065 2576 3118; x_wconf 86' lang='lat' dir='ltr'><strong>duobus</strong></span> <span class='ocrx_word' id='word_1_585' title='bbox 2605 3065 2877 3134; x_wconf 89' lang='lat' dir='ltr'><strong>discipulis</strong></span> <span class='ocrx_word' id='word_1_586' title='bbox 2910 3070 3033 3121; x_wconf 85' lang='lat' dir='ltr'><strong>fecit</strong></span> <span class='ocrx_word' id='word_1_587' title='bbox 3079 3068 3131 3120; x_wconf 91' lang='lat' dir='ltr'><strong>in</strong></span> <span class='ocrx_word' id='word_1_588' title='bbox 3165 3065 3433 3121; x_wconf 76' lang='lat' dir='ltr'><strong>Emmaus.</strong></span> 
     </span>
    </p>
   </div>
   <div class='ocr_carea' id='block_1_81' title="bbox 262 3132 3435 3215">
    <p class='ocr_par' dir='ltr' id='par_1_81' title="bbox 262 3132 3435 3215">
     <span class='ocr_line' id='line_1_82' title="bbox 262 3132 3435 3215; baseline -0.003 -19"><span class='ocrx_word' id='word_1_589' title='bbox 262 3132 504 3211; x_wconf 75' lang='lat' dir='ltr'><strong>Quinque</strong></span> <span class='ocrx_word' id='word_1_590' title='bbox 534 3144 690 3195; x_wconf 65' lang='lat' dir='ltr'><strong>ctiam</strong></span> <span class='ocrx_word' id='word_1_591' title='bbox 712 3142 925 3215; x_wconf 82' lang='lat' dir='ltr'><strong>ordines</strong></span> <span class='ocrx_word' id='word_1_592' title='bbox 942 3132 1201 3215; x_wconf 43' lang='lat' dir='ltr'><strong>erue-ium,</strong></span> <span class='ocrx_word' id='word_1_593' title='bbox 1219 3138 1479 3215; x_wconf 68' lang='lat' dir='ltr'><strong>quietiunl</strong></span> <span class='ocrx_word' id='word_1_594' title='bbox 1499 3144 1762 3215; x_wconf 46' lang='lat' dir='ltr'><strong>autensex-</strong></span> <span class='ocrx_word' id='word_1_595' title='bbox 1795 3155 1839 3215; x_wconf 66' lang='grc' dir='ltr'>ο</span> <span class='ocrx_word' id='word_1_596' title='bbox 1872 3134 1981 3196; x_wconf 78' lang='lat' dir='ltr'><strong>Qua</strong></span> <span class='ocrx_word' id='word_1_597' title='bbox 2006 3132 2071 3185; x_wconf 92' lang='lat' dir='ltr'><strong>de</strong></span> <span class='ocrx_word' id='word_1_598' title='bbox 2096 3148 2152 3209; x_wconf 80' lang='lat' dir='ltr'><strong>re</strong></span> <span class='ocrx_word' id='word_1_599' title='bbox 2176 3134 2350 3215; x_wconf 78' lang='lat' dir='ltr'><strong>solent</strong></span> <span class='ocrx_word' id='word_1_600' title='bbox 2376 3134 2532 3215; x_wconf 82' lang='lat' dir='ltr'><strong>aliqui</strong></span> <span class='ocrx_word' id='word_1_601' title='bbox 2556 3132 3187 3215; x_wconf 76' lang='lat' dir='ltr'><strong>episcoporum,_quaudo</strong></span> <span class='ocrx_word' id='word_1_602' title='bbox 3202 3138 3435 3215; x_wconf 74' lang='lat' dir='ltr'><strong>invicem</strong></span> 
     </span>
    </p>
   </div>
   <div class='ocr_carea' id='block_1_82' title="bbox 184 3206 1766 3279">
    <p class='ocr_par' dir='ltr' id='par_1_82' title="bbox 184 3206 1766 3279">
     <span class='ocr_line' id='line_1_83' title="bbox 184 3206 1766 3279; baseline -0.005 -14"><span class='ocrx_word' id='word_1_603' title='bbox 184 3206 335 3277; x_wconf 78' lang='lat' dir='ltr'><strong>tum,</strong></span> <span class='ocrx_word' id='word_1_604' title='bbox 369 3206 579 3279; x_wconf 79' lang='lat' dir='ltr'><strong>quando</strong></span> <span class='ocrx_word' id='word_1_605' title='bbox 608 3227 727 3266; x_wconf 89' lang='lat' dir='ltr'><strong>cum</strong></span> <span class='ocrx_word' id='word_1_606' title='bbox 773 3211 947 3263; x_wconf 78' lang='lat' dir='ltr'><strong>oblata</strong></span> <span class='ocrx_word' id='word_1_607' title='bbox 982 3208 1211 3279; x_wconf 83' lang='lat' dir='ltr'><strong>tangitur</strong></span> <span class='ocrx_word' id='word_1_608' title='bbox 1239 3206 1425 3279; x_wconf 29' lang='lat' dir='ltr'><strong>’calitt,</strong></span> <span class='ocrx_word' id='word_1_609' title='bbox 1469 3206 1766 3279; x_wconf 77' lang='lat' dir='ltr'><strong>significant</strong></span> 
     </span>
    </p>
   </div>
   <div class='ocr_carea' id='block_1_83' title="bbox 184 3275 1769 3353">
    <p class='ocr_par' dir='ltr' id='par_1_83' title="bbox 184 3275 1769 3353">
     <span class='ocr_line' id='line_1_84' title="bbox 184 3275 1769 3353; baseline -0.004 -19"><span class='ocrx_word' id='word_1_610' title='bbox 184 3275 425 3350; x_wconf 76' lang='lat' dir='ltr'><strong>quinque</strong></span> <span class='ocrx_word' id='word_1_611' title='bbox 451 3291 634 3335; x_wconf 59' lang='lat' dir='ltr'><strong>aetates</strong></span> <span class='ocrx_word' id='word_1_612' title='bbox 665 3281 844 3353; x_wconf 82' lang='lat' dir='ltr'><strong>mundi</strong></span> <span class='ocrx_word' id='word_1_613' title='bbox 869 3289 988 3353; x_wconf 81' lang='lat' dir='ltr'><strong>ante</strong></span> <span class='ocrx_word' id='word_1_614' title='bbox 1016 3275 1615 3353; x_wconf 37' lang='lat' dir='ltr'><strong>na&#39;tivitatem_l)_omini;</strong></span> <span class='ocrx_word' id='word_1_615' title='bbox 1649 3290 1769 3353; x_wconf 56' lang='lat' dir='ltr'><strong>sex:</strong></span> 
     </span>
    </p>
   </div>
   <div class='ocr_carea' id='block_1_84' title="bbox 187 3345 1768 3417">
    <p class='ocr_par' dir='ltr' id='par_1_84' title="bbox 187 3345 1768 3417">
     <span class='ocr_line' id='line_1_85' title="bbox 187 3345 1768 3417; baseline -0.006 -13"><span class='ocrx_word' id='word_1_616' title='bbox 187 3345 277 3404; x_wconf 72' lang='lat' dir='ltr'><strong>tus</strong></span> <span class='ocrx_word' id='word_1_617' title='bbox 306 3345 430 3405; x_wconf 85' lang='lat' dir='ltr'><strong>vero</strong></span> <span class='ocrx_word' id='word_1_618' title='bbox 457 3360 663 3416; x_wconf 84' lang='lat' dir='ltr'><strong>tempus</strong></span> <span class='ocrx_word' id='word_1_619' title='bbox 693 3349 816 3402; x_wconf 90' lang='lat' dir='ltr'><strong>illud</strong></span> <span class='ocrx_word' id='word_1_620' title='bbox 840 3348 977 3417; x_wconf 91' lang='lat' dir='ltr'><strong>quod</strong></span> <span class='ocrx_word' id='word_1_621' title='bbox 1008 3356 1173 3401; x_wconf 86' lang='lat' dir='ltr'><strong>restat</strong></span> <span class='ocrx_word' id='word_1_622' title='bbox 1201 3363 1229 3400; x_wconf 91' lang='lat' dir='ltr'><strong>a</strong></span> <span class='ocrx_word' id='word_1_623' title='bbox 1256 3346 1531 3401; x_wconf 89' lang='lat' dir='ltr'><strong>nativitate</strong></span> <span class='ocrx_word' id='word_1_624' title='bbox 1560 3345 1768 3397; x_wconf 87' lang='lat' dir='ltr'><strong>Domini</strong></span> 
     </span>
    </p>
   </div>
   <div class='ocr_carea' id='block_1_85' title="bbox 186 3417 1769 3489">
    <p class='ocr_par' dir='ltr' id='par_1_85' title="bbox 186 3417 1769 3489">
     <span class='ocr_line' id='line_1_86' title="bbox 186 3417 1769 3489; baseline -0.004 -15"><span class='ocrx_word' id='word_1_625' title='bbox 186 3436 361 3489; x_wconf 83' lang='lat' dir='ltr'><strong>usque</strong></span> <span class='ocrx_word' id='word_1_626' title='bbox 391 3422 441 3472; x_wconf 89' lang='lat' dir='ltr'><strong>in</strong></span> <span class='ocrx_word' id='word_1_627' title='bbox 487 3422 644 3471; x_wconf 88' lang='lat' dir='ltr'><strong>linem</strong></span> <span class='ocrx_word' id='word_1_628' title='bbox 674 3418 878 3489; x_wconf 74' lang='lat' dir='ltr'><strong>mundi.</strong></span> <span class='ocrx_word' id='word_1_629' title='bbox 916 3418 1189 3485; x_wconf 87' lang='lat' dir='ltr'><strong>Significat</strong></span> <span class='ocrx_word' id='word_1_630' title='bbox 1216 3417 1559 3489; x_wconf 17' lang='lat' dir='ltr'><strong>euimﬂsemel</strong></span> <span class='ocrx_word' id='word_1_631' title='bbox 1600 3423 1769 3467; x_wconf 68' lang='lat' dir='ltr'><strong>tactus</strong></span> 
     </span>
    </p>
   </div>
   <div class='ocr_carea' id='block_1_86' title="bbox 183 3487 1766 3551">
    <p class='ocr_par' dir='ltr' id='par_1_86' title="bbox 183 3487 1766 3551">
     <span class='ocr_line' id='line_1_87' title="bbox 183 3487 1766 3551; baseline -0.004 -9"><span class='ocrx_word' id='word_1_632' title='bbox 183 3487 327 3542; x_wconf 72' lang='lat' dir='ltr'><strong>calix</strong></span> <span class='ocrx_word' id='word_1_633' title='bbox 391 3490 568 3542; x_wconf 86' lang='lat' dir='ltr'><strong>oblata</strong></span> <span class='ocrx_word' id='word_1_634' title='bbox 625 3487 789 3540; x_wconf 80' lang='lat' dir='ltr'><strong>semel</strong></span> <span class='ocrx_word' id='word_1_635' title='bbox 845 3487 1123 3538; x_wconf 90' lang='lat' dir='ltr'><strong>Dominum</strong></span> <span class='ocrx_word' id='word_1_636' title='bbox 1172 3488 1475 3539; x_wconf 86' lang='lat' dir='ltr'><strong>ascendisse</strong></span> <span class='ocrx_word' id='word_1_637' title='bbox 1523 3499 1766 3551; x_wconf 84' lang='lat' dir='ltr'><strong>crucem,</strong></span> 
     </span>
    </p>
   </div>
   <div class='ocr_carea' id='block_1_87' title="bbox 186 3554 1771 3630">
    <p class='ocr_par' dir='ltr' id='par_1_87' title="bbox 186 3554 1771 3630">
     <span class='ocr_line' id='line_1_88' title="bbox 186 3554 1771 3630; baseline -0.003 -20"><span class='ocrx_word' id='word_1_638' title='bbox 186 3556 349 3630; x_wconf 79' lang='lat'><strong>557</strong></span> <span class='ocrx_word' id='word_1_639' title='bbox 381 3569 432 3610; x_wconf 76' lang='lat' dir='ltr'><strong>u‘t</strong></span> <span class='ocrx_word' id='word_1_640' title='bbox 460 3559 614 3610; x_wconf 89' lang='lat' dir='ltr'><strong>linem</strong></span> <span class='ocrx_word' id='word_1_641' title='bbox 650 3556 871 3630; x_wconf 72' lang='lat' dir='ltr'><strong>haberet</strong></span> <span class='ocrx_word' id='word_1_642' title='bbox 900 3554 1163 3630; x_wconf 80' lang='lat' dir='ltr'><strong>cruciatus</strong></span> <span class='ocrx_word' id='word_1_643' title='bbox 1194 3555 1282 3622; x_wconf 91' lang='lat' dir='ltr'><strong>qui</strong></span> <span class='ocrx_word' id='word_1_644' title='bbox 1314 3555 1473 3607; x_wconf 87' lang='lat' dir='ltr'><strong>tiebat</strong></span> <span class='ocrx_word' id='word_1_645' title='bbox 1505 3569 1595 3630; x_wconf 88' lang='lat' dir='ltr'><strong>per</strong></span> <span class='ocrx_word' id='word_1_646' title='bbox 1617 3555 1771 3630; x_wconf 81' lang='lat' dir='ltr'><strong>quin-</strong></span> 
     </span>
    </p>
   </div>
   <div class='ocr_carea' id='block_1_88' title="bbox 184 3624 1769 3697">
    <p class='ocr_par' dir='ltr' id='par_1_88' title="bbox 184 3624 1769 3697">
     <span class='ocr_line' id='line_1_89' title="bbox 184 3624 1769 3697; baseline -0.005 -15"><span class='ocrx_word' id='word_1_647' title='bbox 184 3624 521 3697; x_wconf 53' lang='lat' dir='ltr'><strong>que—aetates</strong></span> <span class='ocrx_word' id='word_1_648' title='bbox 570 3626 771 3679; x_wconf 91' lang='lat' dir='ltr'><strong>mundi.</strong></span> <span class='ocrx_word' id='word_1_649' title='bbox 821 3624 922 3697; x_wconf 72' lang='lat' dir='ltr'><strong>Per</strong></span> <span class='ocrx_word' id='word_1_650' title='bbox 967 3624 1195 3697; x_wconf 77' lang='lat' dir='ltr'><strong>oblatam</strong></span> <span class='ocrx_word' id='word_1_651' title='bbox 1246 3638 1362 3697; x_wconf 66' lang='lat' dir='ltr'><strong>qua;</strong></span> <span class='ocrx_word' id='word_1_652' title='bbox 1409 3624 1668 3697; x_wconf 69' lang='lat' dir='ltr'><strong>exaltatur</strong></span> <span class='ocrx_word' id='word_1_653' title='bbox 1718 3624 1769 3674; x_wconf 92' lang='lat' dir='ltr'><strong>in</strong></span> 
     </span>
    </p>
   </div>
   <div class='ocr_carea' id='block_1_89' title="bbox 186 3690 1772 3764">
    <p class='ocr_par' dir='ltr' id='par_1_89' title="bbox 186 3690 1772 3764">
     <span class='ocr_line' id='line_1_90' title="bbox 186 3690 1772 3764; baseline -0.007 -11"><span class='ocrx_word' id='word_1_654' title='bbox 186 3690 353 3753; x_wconf 66' lang='lat' dir='ltr'><strong>litanti</strong></span> <span class='ocrx_word' id='word_1_655' title='bbox 378 3696 656 3764; x_wconf 82' lang='lat' dir='ltr'><strong>signantur</strong></span> <span class='ocrx_word' id='word_1_656' title='bbox 682 3694 975 3763; x_wconf 66' lang='lat' dir='ltr'><strong>prophetia,</strong></span> <span class='ocrx_word' id='word_1_657' title='bbox 1005 3692 1092 3759; x_wconf 91' lang='lat' dir='ltr'><strong>qui</strong></span> <span class='ocrx_word' id='word_1_658' title='bbox 1124 3695 1173 3764; x_wconf 92' lang='lat' dir='ltr'><strong>i_u</strong></span> <span class='ocrx_word' id='word_1_659' title='bbox 1202 3691 1443 3764; x_wconf 77' lang='lat' dir='ltr'><strong>manibus</strong></span> <span class='ocrx_word' id='word_1_660' title='bbox 1468 3690 1772 3764; x_wconf 78' lang='lat' dir='ltr'><strong>exultabant</strong></span> 
     </span>
    </p>
   </div>
   <div class='ocr_carea' id='block_1_90' title="bbox 186 3759 1770 3834">
    <p class='ocr_par' dir='ltr' id='par_1_90' title="bbox 186 3759 1770 3834">
     <span class='ocr_line' id='line_1_91' title="bbox 186 3759 1770 3834; baseline -0.006 -13"><span class='ocrx_word' id='word_1_661' title='bbox 186 3782 379 3821; x_wconf 77' lang='lat' dir='ltr'><strong>verum</strong></span> <span class='ocrx_word' id='word_1_662' title='bbox 414 3759 603 3834; x_wconf 80' lang='lat' dir='ltr'><strong>partem</strong></span> <span class='ocrx_word' id='word_1_663' title='bbox 632 3759 903 3816; x_wconf 72' lang='lat' dir='ltr'><strong>Christum</strong></span> <span class='ocrx_word' id='word_1_664' title='bbox 927 3802 939 3823; x_wconf 88' lang='lat'><strong>,</strong></span> <span class='ocrx_word' id='word_1_665' title='bbox 972 3762 1187 3834; x_wconf 77' lang='lat' dir='ltr'><strong>quando</strong></span> <span class='ocrx_word' id='word_1_666' title='bbox 1210 3760 1324 3834; x_wconf 82' lang='lat' dir='ltr'><strong>ejus</strong></span> <span class='ocrx_word' id='word_1_667' title='bbox 1356 3759 1770 3834; x_wconf 76' lang='lat' dir='ltr'><strong>incarnationem</strong></span> 
     </span>
    </p>
   </div>
   <div class='ocr_carea' id='block_1_91' title="bbox 186 3829 1774 3905">
    <p class='ocr_par' dir='ltr' id='par_1_91' title="bbox 186 3829 1774 3905">
     <span class='ocr_line' id='line_1_92' title="bbox 186 3829 1774 3905; baseline -0.008 -13"><span class='ocrx_word' id='word_1_668' title='bbox 186 3846 376 3905; x_wconf 84' lang='lat' dir='ltr'><strong>aperta</strong></span> <span class='ocrx_word' id='word_1_669' title='bbox 407 3829 536 3888; x_wconf 76' lang='lat' dir='ltr'><strong>voce</strong></span> <span class='ocrx_word' id='word_1_670' title='bbox 566 3834 788 3905; x_wconf 88' lang='lat' dir='ltr'><strong>pr0phet</strong></span> <span class='ocrx_word' id='word_1_671' title='bbox 826 3834 969 3905; x_wconf 86' lang='lat' dir='ltr'><strong>bant.</strong></span> <span class='ocrx_word' id='word_1_672' title='bbox 997 3829 1151 3905; x_wconf 35' lang='lat' dir='ltr'><strong>unde</strong></span> <span class='ocrx_word' id='word_1_673' title='bbox 1173 3830 1333 3905; x_wconf 63' lang='lat' dir='ltr'><strong>Isaias</strong></span> <span class='ocrx_word' id='word_1_674' title='bbox 1358 3846 1377 3905; x_wconf 71' lang='grc' dir='ltr'><strong>ςΔ</strong></span> <span class='ocrx_word' id='word_1_675' title='bbox 1401 3831 1556 3891; x_wconf 81' lang='lat' dir='ltr'><strong>Ecce,</strong></span> <span class='ocrx_word' id='word_1_676' title='bbox 1581 3829 1774 3895; x_wconf 88' lang='lat' dir='ltr'><strong>inquit,</strong></span> 
     </span>
    </p>
   </div>
   <div class='ocr_carea' id='block_1_92' title="bbox 188 3899 1771 3972">
    <p class='ocr_par' dir='ltr' id='par_1_92' title="bbox 188 3899 1771 3972">
     <span class='ocr_line' id='line_1_93' title="bbox 188 3899 1771 3972; baseline -0.006 -13"><span class='ocrx_word' id='word_1_677' title='bbox 188 3899 346 3971; x_wconf 80' lang='lat' dir='ltr'><strong>virgo</strong></span> <span class='ocrx_word' id='word_1_678' title='bbox 376 3899 673 3972; x_wconf 78' lang='lat' dir='ltr'><strong>concipiet,</strong></span> <span class='ocrx_word' id='word_1_679' title='bbox 698 3914 751 3957; x_wconf 92' lang='lat' dir='ltr'><strong>et</strong></span> <span class='ocrx_word' id='word_1_680' title='bbox 794 3902 957 3969; x_wconf 91' lang='lat' dir='ltr'><strong>pariet</strong></span> <span class='ocrx_word' id='word_1_681' title='bbox 989 3901 1173 3972; x_wconf 89' lang='lat' dir='ltr'><strong>filium.</strong></span> <span class='ocrx_word' id='word_1_682' title='bbox 1203 3899 1344 3972; x_wconf 82' lang='lat' dir='ltr'><strong>Cum</strong></span> <span class='ocrx_word' id='word_1_683' title='bbox 1367 3902 1530 3966; x_wconf 81' lang='lat' dir='ltr'><strong>ipsam</strong></span> <span class='ocrx_word' id='word_1_684' title='bbox 1561 3911 1771 3972; x_wconf 81' lang='lat' dir='ltr'><strong>crucem</strong></span> 
     </span>
    </p>
   </div>
   <div class='ocr_carea' id='block_1_93' title="bbox 189 3967 1769 4037">
    <p class='ocr_par' dir='ltr' id='par_1_93' title="bbox 189 3967 1769 4037">
     <span class='ocr_line' id='line_1_94' title="bbox 189 3967 1769 4037; baseline -0.007 -9"><span class='ocrx_word' id='word_1_685' title='bbox 189 3967 342 4029; x_wconf 64' lang='lat' dir='ltr'><strong>vitici</strong></span> <span class='ocrx_word' id='word_1_686' title='bbox 370 3967 623 4027; x_wconf 83' lang='lat' dir='ltr'><strong>diaconus</strong></span> <span class='ocrx_word' id='word_1_687' title='bbox 654 3967 827 4026; x_wconf 81' lang='lat' dir='ltr'><strong>facere</strong></span> <span class='ocrx_word' id='word_1_688' title='bbox 873 3982 924 4024; x_wconf 86' lang='lat' dir='ltr'><strong>et</strong></span> <span class='ocrx_word' id='word_1_689' title='bbox 967 3971 1199 4037; x_wconf 90' lang='lat' dir='ltr'><strong>incipere</strong></span> <span class='ocrx_word' id='word_1_690' title='bbox 1248 3969 1465 4022; x_wconf 90' lang='lat' dir='ltr'><strong>calicem</strong></span> <span class='ocrx_word' id='word_1_691' title='bbox 1515 3967 1769 4030; x_wconf 79' lang='lat' dir='ltr'><strong>exaltare,</strong></span> 
     </span>
    </p>
   </div>
   <div class='ocr_carea' id='block_1_94' title="bbox 190 4038 1771 4107">
    <p class='ocr_par' dir='ltr' id='par_1_94' title="bbox 190 4038 1771 4107">
     <span class='ocr_line' id='line_1_95' title="bbox 190 4038 1771 4107; baseline -0.005 -9"><span class='ocrx_word' id='word_1_692' title='bbox 190 4047 338 4098; x_wconf 82' lang='lat' dir='ltr'><strong>vadit</strong></span> <span class='ocrx_word' id='word_1_693' title='bbox 368 4053 423 4098; x_wconf 92' lang='lat' dir='ltr'><strong>et</strong></span> <span class='ocrx_word' id='word_1_694' title='bbox 452 4052 594 4098; x_wconf 87' lang='lat' dir='ltr'><strong>tenet</strong></span> <span class='ocrx_word' id='word_1_695' title='bbox 622 4046 840 4097; x_wconf 86' lang='lat' dir='ltr'><strong>calicem</strong></span> <span class='ocrx_word' id='word_1_696' title='bbox 870 4042 1025 4093; x_wconf 89' lang='lat' dir='ltr'><strong>smul</strong></span> <span class='ocrx_word' id='word_1_697' title='bbox 1056 4055 1175 4092; x_wconf 90' lang='lat' dir='ltr'><strong>cum</strong></span> <span class='ocrx_word' id='word_1_698' title='bbox 1205 4040 1456 4107; x_wconf 89' lang='lat' dir='ltr'><strong>episcopo</strong></span> <span class='ocrx_word' id='word_1_699' title='bbox 1481 4038 1771 4090; x_wconf 74' lang='lat' dir='ltr'><strong>exaltatum</strong></span> 
     </span>
    </p>
   </div>
   <div class='ocr_carea' id='block_1_95' title="bbox 192 4107 1777 4179">
    <p class='ocr_par' dir='ltr' id='par_1_95' title="bbox 192 4107 1777 4179">
     <span class='ocr_line' id='line_1_96' title="bbox 192 4107 1777 4179; baseline -0.008 -8"><span class='ocrx_word' id='word_1_700' title='bbox 192 4130 364 4179; x_wconf 84' lang='lat' dir='ltr'><strong>usque</strong></span> <span class='ocrx_word' id='word_1_701' title='bbox 405 4116 527 4167; x_wconf 92' lang='lat' dir='ltr'><strong>dum</strong></span> <span class='ocrx_word' id='word_1_702' title='bbox 578 4114 706 4167; x_wconf 90' lang='lat' dir='ltr'><strong>dicit</strong></span> <span class='ocrx_word' id='word_1_703' title='bbox 755 4111 854 4164; x_wconf 73' lang='lat' dir='ltr'><strong>l’er</strong></span> <span class='ocrx_word' id='word_1_704' title='bbox 905 4110 1076 4162; x_wconf 85' lang='lat' dir='ltr'><strong>omnia</strong></span> <span class='ocrx_word' id='word_1_705' title='bbox 1116 4110 1301 4162; x_wconf 72' lang='lat' dir='ltr'><strong>uacula</strong></span> <span class='ocrx_word' id='word_1_706' title='bbox 1344 4107 1678 4179; x_wconf 77' lang='lat' dir='ltr'><strong>swculoruui;</strong></span> <span class='ocrx_word' id='word_1_707' title='bbox 1722 4117 1777 4159; x_wconf 77' lang='lat' dir='ltr'><strong>ct</strong></span> 
     </span>
    </p>
   </div>
   <div class='ocr_carea' id='block_1_96' title="bbox 197 4176 1775 4255">
    <p class='ocr_par' dir='ltr' id='par_1_96' title="bbox 197 4176 1775 4255">
     <span class='ocr_line' id='line_1_97' title="bbox 197 4176 1775 4255; baseline -0.005 -19"><span class='ocrx_word' id='word_1_708' title='bbox 197 4176 387 4255; x_wconf 80' lang='lat' dir='ltr'><strong>postea</strong></span> <span class='ocrx_word' id='word_1_709' title='bbox 408 4184 563 4255; x_wconf 80' lang='lat' dir='ltr'><strong>ponit</strong></span> <span class='ocrx_word' id='word_1_710' title='bbox 592 4183 810 4255; x_wconf 81' lang='lat' dir='ltr'><strong>calicem</strong></span> <span class='ocrx_word' id='word_1_711' title='bbox 844 4181 894 4233; x_wconf 88' lang='lat' dir='ltr'><strong>iti</strong></span> <span class='ocrx_word' id='word_1_712' title='bbox 926 4180 1110 4244; x_wconf 84' lang='lat' dir='ltr'><strong>altare,</strong></span> <span class='ocrx_word' id='word_1_713' title='bbox 1139 4191 1191 4233; x_wconf 90' lang='lat' dir='ltr'><strong>et</strong></span> <span class='ocrx_word' id='word_1_714' title='bbox 1212 4178 1427 4255; x_wconf 75' lang='lat' dir='ltr'><strong>involvit</strong></span> <span class='ocrx_word' id='word_1_715' title='bbox 1454 4192 1572 4255; x_wconf 84' lang='lat' dir='ltr'><strong>eum</strong></span> <span class='ocrx_word' id='word_1_716' title='bbox 1608 4176 1657 4229; x_wconf 92' lang='lat' dir='ltr'><strong>in</strong></span> <span class='ocrx_word' id='word_1_717' title='bbox 1682 4191 1775 4255; x_wconf 30' lang='lat' dir='ltr'><strong>su.-</strong></span> 
     </span>
    </p>
   </div>
   <div class='ocr_carea' id='block_1_97' title="bbox 192 4245 1777 4320">
    <p class='ocr_par' dir='ltr' id='par_1_97' title="bbox 192 4245 1777 4320">
     <span class='ocr_line' id='line_1_98' title="bbox 192 4245 1777 4320; baseline -0.006 -13"><span class='ocrx_word' id='word_1_718' title='bbox 192 4245 376 4307; x_wconf 65' lang='grc' dir='ltr'><strong>ὅθι-ἰῶ.</strong></span> <span class='ocrx_word' id='word_1_719' title='bbox 403 4245 603 4320; x_wconf 79' lang='lat' dir='ltr'><strong>Nempe</strong></span> <span class='ocrx_word' id='word_1_720' title='bbox 630 4252 850 4318; x_wconf 82' lang='lat' dir='ltr'><strong>Joseph,</strong></span> <span class='ocrx_word' id='word_1_721' title='bbox 879 4258 1095 4320; x_wconf 71' lang='lat' dir='ltr'><strong>acoepto</strong></span> <span class='ocrx_word' id='word_1_722' title='bbox 1125 4263 1349 4315; x_wconf 89' lang='lat' dir='ltr'><strong>corpore</strong></span> <span class='ocrx_word' id='word_1_723' title='bbox 1376 4247 1524 4310; x_wconf 81' lang='lat' dir='ltr'><strong>Jesu,</strong></span> <span class='ocrx_word' id='word_1_724' title='bbox 1558 4245 1777 4300; x_wconf 90' lang='lat' dir='ltr'><strong>involvit</strong></span> 
     </span>
    </p>
   </div>
   <div class='ocr_carea' id='block_1_98' title="bbox 194 4319 1773 4389">
    <p class='ocr_par' dir='ltr' id='par_1_98' title="bbox 194 4319 1773 4389">
     <span class='ocr_line' id='line_1_99' title="bbox 194 4319 1773 4389; baseline -0.004 -13"><span class='ocrx_word' id='word_1_725' title='bbox 194 4325 253 4376; x_wconf 88' lang='lat' dir='ltr'><strong>in</strong></span> <span class='ocrx_word' id='word_1_726' title='bbox 282 4324 505 4376; x_wconf 86' lang='lat' dir='ltr'><strong>sindone</strong></span> <span class='ocrx_word' id='word_1_727' title='bbox 532 4319 746 4384; x_wconf 88' lang='lat' dir='ltr'><strong>munda,</strong></span> <span class='ocrx_word' id='word_1_728' title='bbox 772 4332 819 4374; x_wconf 90' lang='lat' dir='ltr'><strong>et</strong></span> <span class='ocrx_word' id='word_1_729' title='bbox 846 4320 1017 4389; x_wconf 87' lang='lat' dir='ltr'><strong>posuit</strong></span> <span class='ocrx_word' id='word_1_730' title='bbox 1051 4319 1175 4371; x_wconf 89' lang='lat' dir='ltr'><strong>illud</strong></span> <span class='ocrx_word' id='word_1_731' title='bbox 1200 4320 1251 4371; x_wconf 91' lang='lat' dir='ltr'><strong>in</strong></span> <span class='ocrx_word' id='word_1_732' title='bbox 1282 4328 1627 4389; x_wconf 77' lang='lat' dir='ltr'><strong>monumento</strong></span> <span class='ocrx_word' id='word_1_733' title='bbox 1655 4331 1773 4370; x_wconf 83' lang='lat' dir='ltr'><strong>suo.</strong></span> 
     </span>
    </p>
   </div>
   <div class='ocr_carea' id='block_1_99' title="bbox 194 4388 1778 4459">
    <p class='ocr_par' dir='ltr' id='par_1_99' title="bbox 194 4388 1778 4459">
     <span class='ocr_line' id='line_1_100' title="bbox 194 4388 1778 4459; baseline -0.006 -13"><span class='ocrx_word' id='word_1_734' title='bbox 194 4393 353 4446; x_wconf 83' lang='lat' dir='ltr'><strong>llunc</strong></span> <span class='ocrx_word' id='word_1_735' title='bbox 381 4393 659 4446; x_wconf 88' lang='lat' dir='ltr'><strong>diaconum</strong></span> <span class='ocrx_word' id='word_1_736' title='bbox 702 4388 1015 4459; x_wconf 70' lang='lat' dir='ltr'><strong>praesentem</strong></span> <span class='ocrx_word' id='word_1_737' title='bbox 1060 4398 1275 4459; x_wconf 80' lang='lat' dir='ltr'><strong>preptcr</strong></span> <span class='ocrx_word' id='word_1_738' title='bbox 1315 4388 1778 4459; x_wconf 79' lang='lat' dir='ltr'><strong>convenienstni-</strong></span> 
     </span>
    </p>
   </div>
   <div class='ocr_carea' id='block_1_100' title="bbox 194 4456 1777 4529">
    <p class='ocr_par' dir='ltr' id='par_1_100' title="bbox 194 4456 1777 4529">
     <span class='ocr_line' id='line_1_101' title="bbox 194 4456 1777 4529; baseline -0.005 -14"><span class='ocrx_word' id='word_1_739' title='bbox 194 4463 477 4515; x_wconf 87' lang='lat' dir='ltr'><strong>nisterium</strong></span> <span class='ocrx_word' id='word_1_740' title='bbox 511 4456 751 4529; x_wconf 87' lang='lat' dir='ltr'><strong>ponimus</strong></span> <span class='ocrx_word' id='word_1_741' title='bbox 799 4460 849 4512; x_wconf 92' lang='lat' dir='ltr'><strong>iu</strong></span> <span class='ocrx_word' id='word_1_742' title='bbox 898 4469 1021 4527; x_wconf 82' lang='lat' dir='ltr'><strong>typo</strong></span> <span class='ocrx_word' id='word_1_743' title='bbox 1050 4458 1262 4529; x_wconf 73' lang='lat' dir='ltr'><strong>.losepli,</strong></span> <span class='ocrx_word' id='word_1_744' title='bbox 1298 4456 1777 4529; x_wconf 22' lang='lat' dir='ltr'><strong>sivengeueraliter</strong></span> 
     </span>
    </p>
   </div>
   <div class='ocr_carea' id='block_1_101' title="bbox 200 4526 1779 4601">
    <p class='ocr_par' dir='ltr' id='par_1_101' title="bbox 200 4526 1779 4601">
     <span class='ocr_line' id='line_1_102' title="bbox 200 4526 1779 4601; baseline -0.003 -18"><span class='ocrx_word' id='word_1_745' title='bbox 200 4534 256 4601; x_wconf 86' lang='lat' dir='ltr'><strong>in</strong></span> <span class='ocrx_word' id='word_1_746' title='bbox 292 4541 418 4601; x_wconf 82' lang='lat' dir='ltr'><strong>typo</strong></span> <span class='ocrx_word' id='word_1_747' title='bbox 440 4526 620 4584; x_wconf 74' lang='lat' dir='ltr'><strong>eorum</strong></span> <span class='ocrx_word' id='word_1_748' title='bbox 648 4534 733 4601; x_wconf 86' lang='lat' dir='ltr'><strong>qui</strong></span> <span class='ocrx_word' id='word_1_749' title='bbox 763 4540 907 4601; x_wconf 67' lang='lat' dir='ltr'><strong>casto</strong></span> <span class='ocrx_word' id='word_1_750' title='bbox 936 4528 1096 4601; x_wconf 85' lang='lat' dir='ltr'><strong>corde</strong></span> <span class='ocrx_word' id='word_1_751' title='bbox 1123 4530 1369 4601; x_wconf 80' lang='lat' dir='ltr'><strong>mysteria</strong></span> <span class='ocrx_word' id='word_1_752' title='bbox 1391 4526 1584 4579; x_wconf 82' lang='lat' dir='ltr'><strong>Chrisu</strong></span> <span class='ocrx_word' id='word_1_753' title='bbox 1616 4529 1779 4579; x_wconf 58' lang='lat' dir='ltr'><strong>suscio</strong></span> 
     </span>
    </p>
   </div>
   <div class='ocr_carea' id='block_1_102' title="bbox 196 4597 1775 4669">
    <p class='ocr_par' dir='ltr' id='par_1_102' title="bbox 196 4597 1775 4669">
     <span class='ocr_line' id='line_1_103' title="bbox 196 4597 1775 4669; baseline -0.003 -17"><span class='ocrx_word' id='word_1_754' title='bbox 196 4597 374 4669; x_wconf 80' lang='lat' dir='ltr'><strong>piunt.</strong></span> <span class='ocrx_word' id='word_1_755' title='bbox 413 4597 947 4669; x_wconf 33' lang='lat' dir='ltr'><strong>Diaconus&#39;siquidetn</strong></span> <span class='ocrx_word' id='word_1_756' title='bbox 972 4599 1057 4666; x_wconf 89' lang='lat' dir='ltr'><strong>qtti</strong></span> <span class='ocrx_word' id='word_1_757' title='bbox 1082 4611 1185 4650; x_wconf 72' lang='lat' dir='ltr'><strong>tcni</strong></span> <span class='ocrx_word' id='word_1_758' title='bbox 1208 4608 1226 4650; x_wconf 93' lang='lat' dir='ltr'><strong>t</strong></span> <span class='ocrx_word' id='word_1_759' title='bbox 1246 4597 1462 4669; x_wconf 84' lang='lat' dir='ltr'><strong>calicem</strong></span> <span class='ocrx_word' id='word_1_760' title='bbox 1490 4601 1775 4650; x_wconf 79' lang='lat' dir='ltr'><strong>exaltatum</strong></span> 
     </span>
    </p>
   </div>
   <div class='ocr_carea' id='block_1_103' title="bbox 197 4666 1778 4738">
    <p class='ocr_par' dir='ltr' id='par_1_103' title="bbox 197 4666 1778 4738">
     <span class='ocr_line' id='line_1_104' title="bbox 197 4666 1778 4738; baseline -0.004 -13"><span class='ocrx_word' id='word_1_761' title='bbox 197 4666 322 4725; x_wconf 73' lang='lat' dir='ltr'><strong>cum</strong></span> <span class='ocrx_word' id='word_1_762' title='bbox 357 4670 601 4738; x_wconf 84' lang='lat' dir='ltr'><strong>pontifice</strong></span> <span class='ocrx_word' id='word_1_763' title='bbox 630 4670 773 4737; x_wconf 90' lang='lat' dir='ltr'><strong>ponit</strong></span> <span class='ocrx_word' id='word_1_764' title='bbox 805 4668 947 4738; x_wconf 90' lang='lat' dir='ltr'><strong>illum</strong></span> <span class='ocrx_word' id='word_1_765' title='bbox 984 4672 1031 4719; x_wconf 88' lang='lat' dir='ltr'><strong>iii</strong></span> <span class='ocrx_word' id='word_1_766' title='bbox 1064 4670 1251 4731; x_wconf 84' lang='lat' dir='ltr'><strong>altare,</strong></span> <span class='ocrx_word' id='word_1_767' title='bbox 1283 4671 1402 4733; x_wconf 86' lang='lat' dir='ltr'><strong>quia</strong></span> <span class='ocrx_word' id='word_1_768' title='bbox 1432 4666 1651 4738; x_wconf 86' lang='lat' dir='ltr'><strong>Joscph,</strong></span> <span class='ocrx_word' id='word_1_769' title='bbox 1684 4669 1778 4719; x_wconf 85' lang='lat' dir='ltr'><strong>de-</strong></span> 
     </span>
    </p>
   </div>
   <div class='ocr_carea' id='block_1_104' title="bbox 200 4736 1777 4807">
    <p class='ocr_par' dir='ltr' id='par_1_104' title="bbox 200 4736 1777 4807">
     <span class='ocr_line' id='line_1_105' title="bbox 200 4736 1777 4807; baseline -0.003 -14"><span class='ocrx_word' id='word_1_770' title='bbox 200 4736 374 4807; x_wconf 77' lang='lat' dir='ltr'><strong>posuit</strong></span> <span class='ocrx_word' id='word_1_771' title='bbox 418 4742 484 4792; x_wconf 89' lang='lat' dir='ltr'><strong>de</strong></span> <span class='ocrx_word' id='word_1_772' title='bbox 512 4755 671 4792; x_wconf 86' lang='lat' dir='ltr'><strong>cruce</strong></span> <span class='ocrx_word' id='word_1_773' title='bbox 700 4752 890 4805; x_wconf 88' lang='lat' dir='ltr'><strong>corpus</strong></span> <span class='ocrx_word' id='word_1_774' title='bbox 920 4737 1261 4801; x_wconf 90' lang='lat' dir='ltr'><strong>dominicum,</strong></span> <span class='ocrx_word' id='word_1_775' title='bbox 1294 4748 1347 4789; x_wconf 89' lang='lat' dir='ltr'><strong>et</strong></span> <span class='ocrx_word' id='word_1_776' title='bbox 1379 4737 1549 4802; x_wconf 89' lang='lat' dir='ltr'><strong>posuit</strong></span> <span class='ocrx_word' id='word_1_777' title='bbox 1580 4736 1630 4789; x_wconf 91' lang='lat' dir='ltr'><strong>in</strong></span> <span class='ocrx_word' id='word_1_778' title='bbox 1661 4752 1777 4788; x_wconf 89' lang='lat' dir='ltr'><strong>tnu-</strong></span> 
     </span>
    </p>
   </div>
   <div class='ocr_carea' id='block_1_105' title="bbox 199 4807 1774 4871">
    <p class='ocr_par' dir='ltr' id='par_1_105' title="bbox 199 4807 1774 4871">
     <span class='ocr_line' id='line_1_106' title="bbox 199 4807 1774 4871; baseline -0.003 -7"><span class='ocrx_word' id='word_1_779' title='bbox 199 4820 537 4864; x_wconf 82' lang='lat' dir='ltr'><strong>tiumeutum.</strong></span> <span class='ocrx_word' id='word_1_780' title='bbox 589 4809 869 4871; x_wconf 85' lang='lat' dir='ltr'><strong>Diacouus,</strong></span> <span class='ocrx_word' id='word_1_781' title='bbox 903 4809 1038 4861; x_wconf 84' lang='lat' dir='ltr'><strong>sicut</strong></span> <span class='ocrx_word' id='word_1_782' title='bbox 1084 4807 1334 4865; x_wconf 77' lang='lat' dir='ltr'><strong>diximus.</strong></span> <span class='ocrx_word' id='word_1_783' title='bbox 1386 4807 1611 4859; x_wconf 69' lang='lat' dir='ltr'><strong>iuvolwt</strong></span> <span class='ocrx_word' id='word_1_784' title='bbox 1654 4820 1774 4860; x_wconf 92' lang='lat' dir='ltr'><strong>cum</strong></span> 
     </span>
    </p>
   </div>
   <div class='ocr_carea' id='block_1_106' title="bbox 200 4876 1777 4945">
    <p class='ocr_par' dir='ltr' id='par_1_106' title="bbox 200 4876 1777 4945">
     <span class='ocr_line' id='line_1_107' title="bbox 200 4876 1777 4945; baseline -0.004 -11"><span class='ocrx_word' id='word_1_785' title='bbox 200 4881 422 4934; x_wconf 66' lang='lat' dir='ltr'><strong>ssidario</strong></span> <span class='ocrx_word' id='word_1_786' title='bbox 450 4883 687 4941; x_wconf 72' lang='lat' dir='ltr'><strong>calicem,</strong></span> <span class='ocrx_word' id='word_1_787' title='bbox 723 4876 1165 4945; x_wconf 88' lang='lat' dir='ltr'><strong>quemadmodum</strong></span> <span class='ocrx_word' id='word_1_788' title='bbox 1194 4877 1387 4943; x_wconf 85' lang='lat' dir='ltr'><strong>Joscph</strong></span> <span class='ocrx_word' id='word_1_789' title='bbox 1424 4878 1641 4929; x_wconf 84' lang='lat' dir='ltr'><strong>involvit</strong></span> <span class='ocrx_word' id='word_1_790' title='bbox 1667 4880 1777 4927; x_wconf 86' lang='lat' dir='ltr'><strong>siu-</strong></span> 
     </span>
    </p>
   </div>
   <div class='ocr_carea' id='block_1_107' title="bbox 198 4947 1777 5014">
    <p class='ocr_par' dir='ltr' id='par_1_107' title="bbox 198 4947 1777 5014">
     <span class='ocr_line' id='line_1_108' title="bbox 198 4947 1777 5014; baseline -0.004 -11"><span class='ocrx_word' id='word_1_791' title='bbox 198 4950 346 5003; x_wconf 86' lang='lat' dir='ltr'><strong>done</strong></span> <span class='ocrx_word' id='word_1_792' title='bbox 374 4952 588 5000; x_wconf 89' lang='lat' dir='ltr'><strong>munda.</strong></span> <span class='ocrx_word' id='word_1_793' title='bbox 617 4955 666 5000; x_wconf 91' lang='lat' dir='ltr'><strong>lu</strong></span> <span class='ocrx_word' id='word_1_794' title='bbox 695 4952 807 5014; x_wconf 86' lang='lat' dir='ltr'><strong>ipso</strong></span> <span class='ocrx_word' id='word_1_795' title='bbox 838 4947 1009 5007; x_wconf 77' lang='lat' dir='ltr'><strong>altari,</strong></span> <span class='ocrx_word' id='word_1_796' title='bbox 1040 4947 1086 4997; x_wconf 90' lang='lat' dir='ltr'><strong>id</strong></span> <span class='ocrx_word' id='word_1_797' title='bbox 1114 4956 1197 4999; x_wconf 86' lang='lat' dir='ltr'><strong>est</strong></span> <span class='ocrx_word' id='word_1_798' title='bbox 1221 4947 1269 4997; x_wconf 94' lang='lat' dir='ltr'><strong>iu</strong></span> <span class='ocrx_word' id='word_1_799' title='bbox 1300 4947 1563 5014; x_wconf 84' lang='lat' dir='ltr'><strong>sepulcro,</strong></span> <span class='ocrx_word' id='word_1_800' title='bbox 1589 4959 1777 5011; x_wconf 87' lang='lat' dir='ltr'><strong>corpo—</strong></span> 
     </span>
    </p>
   </div>
   <div class='ocr_carea' id='block_1_108' title="bbox 198 5016 1778 5085">
    <p class='ocr_par' dir='ltr' id='par_1_108' title="bbox 198 5016 1778 5085">
     <span class='ocr_line' id='line_1_109' title="bbox 198 5016 1778 5085; baseline -0.003 -12"><span class='ocrx_word' id='word_1_801' title='bbox 198 5024 315 5073; x_wconf 69' lang='lat' dir='ltr'><strong>rafe</strong></span> <span class='ocrx_word' id='word_1_802' title='bbox 339 5020 481 5085; x_wconf 71' lang='lat' dir='ltr'><strong>jaret</strong></span> <span class='ocrx_word' id='word_1_803' title='bbox 510 5036 523 5071; x_wconf 92' lang='lat'><strong>:</strong></span> <span class='ocrx_word' id='word_1_804' title='bbox 555 5034 647 5083; x_wconf 86' lang='lat' dir='ltr'><strong>per</strong></span> <span class='ocrx_word' id='word_1_805' title='bbox 670 5021 806 5083; x_wconf 81' lang='lat' dir='ltr'><strong>quod</strong></span> <span class='ocrx_word' id='word_1_806' title='bbox 836 5017 1139 5083; x_wconf 87' lang='lat' dir='ltr'><strong>intelligitur</strong></span> <span class='ocrx_word' id='word_1_807' title='bbox 1164 5016 1332 5083; x_wconf 86' lang='lat' dir='ltr'><strong>ipsum</strong></span> <span class='ocrx_word' id='word_1_808' title='bbox 1361 5018 1580 5068; x_wconf 84' lang='lat' dir='ltr'><strong>linteum</strong></span> <span class='ocrx_word' id='word_1_809' title='bbox 1609 5017 1778 5080; x_wconf 88' lang='lat' dir='ltr'><strong>majus</strong></span> 
     </span>
    </p>
   </div>
   <div class='ocr_carea' id='block_1_109' title="bbox 200 5085 1779 5155">
    <p class='ocr_par' dir='ltr' id='par_1_109' title="bbox 200 5085 1779 5155">
     <span class='ocr_line' id='line_1_110' title="bbox 200 5085 1779 5155; baseline 0.001 -20"><span class='ocrx_word' id='word_1_810' title='bbox 200 5104 314 5155; x_wconf 86' lang='lat' dir='ltr'><strong>quo</strong></span> <span class='ocrx_word' id='word_1_811' title='bbox 344 5098 507 5139; x_wconf 92' lang='lat' dir='ltr'><strong>totum</strong></span> <span class='ocrx_word' id='word_1_812' title='bbox 540 5103 731 5154; x_wconf 81' lang='lat' dir='ltr'><strong>corpus</strong></span> <span class='ocrx_word' id='word_1_813' title='bbox 762 5090 1037 5152; x_wconf 78' lang='lat' dir='ltr'><strong>tegebatur</strong></span> <span class='ocrx_word' id='word_1_814' title='bbox 1069 5087 1117 5136; x_wconf 87' lang='lat' dir='ltr'><strong>iii</strong></span> <span class='ocrx_word' id='word_1_815' title='bbox 1146 5085 1421 5151; x_wconf 87' lang='lat' dir='ltr'><strong>sepulcro;</strong></span> <span class='ocrx_word' id='word_1_816' title='bbox 1455 5097 1507 5137; x_wconf 92' lang='lat' dir='ltr'><strong>et</strong></span> <span class='ocrx_word' id='word_1_817' title='bbox 1537 5100 1628 5151; x_wconf 86' lang='lat' dir='ltr'><strong>per</strong></span> <span class='ocrx_word' id='word_1_818' title='bbox 1654 5088 1685 5135; x_wconf 92' lang='lat' dir='ltr'><strong>il</strong></span> <span class='ocrx_word' id='word_1_819' title='bbox 1713 5087 1779 5137; x_wconf 89' lang='lat' dir='ltr'><strong>itd</strong></span> 
     </span>
    </p>
   </div>
   <div class='ocr_carea' id='block_1_110' title="bbox 201 5155 1781 5225">
    <p class='ocr_par' dir='ltr' id='par_1_110' title="bbox 201 5155 1781 5225">
     <span class='ocr_line' id='line_1_111' title="bbox 201 5155 1781 5225; baseline 0.001 -19"><span class='ocrx_word' id='word_1_820' title='bbox 201 5159 347 5225; x_wconf 78' lang='lat' dir='ltr'><strong>quod</strong></span> <span class='ocrx_word' id='word_1_821' title='bbox 378 5159 607 5225; x_wconf 84' lang='lat' dir='ltr'><strong>aliquam</strong></span> <span class='ocrx_word' id='word_1_822' title='bbox 637 5167 837 5224; x_wconf 89' lang='lat' dir='ltr'><strong>partem</strong></span> <span class='ocrx_word' id='word_1_823' title='bbox 869 5160 1049 5208; x_wconf 86' lang='lat' dir='ltr'><strong>calicis</strong></span> <span class='ocrx_word' id='word_1_824' title='bbox 1081 5161 1201 5221; x_wconf 75' lang='lat' dir='ltr'><strong>tegit</strong></span> <span class='ocrx_word' id='word_1_825' title='bbox 1226 5198 1240 5220; x_wconf 90' lang='lat'><strong>,</strong></span> <span class='ocrx_word' id='word_1_826' title='bbox 1274 5155 1547 5225; x_wconf 85' lang='lat' dir='ltr'><strong>sudarium</strong></span> <span class='ocrx_word' id='word_1_827' title='bbox 1581 5155 1781 5207; x_wconf 82' lang='lat' dir='ltr'><strong>intelli—</strong></span> 
     </span>
    </p>
   </div>
   <div class='ocr_carea' id='block_1_111' title="bbox 203 5224 1779 5295">
    <p class='ocr_par' dir='ltr' id='par_1_111' title="bbox 203 5224 1779 5295">
     <span class='ocr_line' id='line_1_112' title="bbox 203 5224 1779 5295; baseline -0.003 -14"><span class='ocrx_word' id='word_1_828' title='bbox 203 5224 401 5293; x_wconf 71' lang='lat' dir='ltr'><strong>simus,</strong></span> <span class='ocrx_word' id='word_1_829' title='bbox 433 5224 569 5295; x_wconf 87' lang='lat' dir='ltr'><strong>quod</strong></span> <span class='ocrx_word' id='word_1_830' title='bbox 596 5230 826 5293; x_wconf 66' lang='grc' dir='ltr'><strong>ειΙιιμιηιιι</strong></span> <span class='ocrx_word' id='word_1_831' title='bbox 861 5236 1059 5291; x_wconf 88' lang='lat' dir='ltr'><strong>partem</strong></span> <span class='ocrx_word' id='word_1_832' title='bbox 1090 5227 1277 5295; x_wconf 79' lang='lat' dir='ltr'><strong>capitis</strong></span> <span class='ocrx_word' id='word_1_833' title='bbox 1313 5224 1514 5295; x_wconf 87' lang='lat' dir='ltr'><strong>Domini</strong></span> <span class='ocrx_word' id='word_1_834' title='bbox 1545 5225 1779 5291; x_wconf 79' lang='lat' dir='ltr'><strong>tegebat,</strong></span> 
     </span>
    </p>
   </div>
   <div class='ocr_carea' id='block_1_112' title="bbox 202 5294 1780 5364">
    <p class='ocr_par' dir='ltr' id='par_1_112' title="bbox 202 5294 1780 5364">
     <span class='ocr_line' id='line_1_113' title="bbox 202 5294 1780 5364; baseline -0.003 -14"><span class='ocrx_word' id='word_1_835' title='bbox 202 5306 261 5350; x_wconf 82' lang='lat' dir='ltr'><strong>et</strong></span> <span class='ocrx_word' id='word_1_836' title='bbox 290 5294 517 5364; x_wconf 56' lang='lat' dir='ltr'><strong>aliquam</strong></span> <span class='ocrx_word' id='word_1_837' title='bbox 542 5311 645 5348; x_wconf 92' lang='lat' dir='ltr'><strong>non</strong></span> <span class='ocrx_word' id='word_1_838' title='bbox 675 5296 901 5364; x_wconf 88' lang='lat' dir='ltr'><strong>tegebat,</strong></span> <span class='ocrx_word' id='word_1_839' title='bbox 934 5295 1071 5347; x_wconf 87' lang='lat' dir='ltr'><strong>sicut</strong></span> <span class='ocrx_word' id='word_1_840' title='bbox 1102 5311 1214 5347; x_wconf 87' lang='lat' dir='ltr'><strong>mos</strong></span> <span class='ocrx_word' id='word_1_841' title='bbox 1246 5294 1445 5347; x_wconf 60' lang='lat' dir='ltr'><strong>iudicis</strong></span> <span class='ocrx_word' id='word_1_842' title='bbox 1474 5306 1553 5347; x_wconf 88' lang='lat' dir='ltr'><strong>est</strong></span> <span class='ocrx_word' id='word_1_843' title='bbox 1585 5297 1780 5347; x_wconf 67' lang='lat' dir='ltr'><strong>facere.</strong></span> 
     </span>
    </p>
   </div>
   <div class='ocr_carea' id='block_1_113' title="bbox 208 5364 1775 5431">
    <p class='ocr_par' dir='ltr' id='par_1_113' title="bbox 208 5364 1775 5431">
     <span class='ocr_line' id='line_1_114' title="bbox 208 5364 1775 5431; baseline -0.003 -11"><span class='ocrx_word' id='word_1_844' title='bbox 208 5367 275 5420; x_wconf 88' lang='lat' dir='ltr'><strong>Et</strong></span> <span class='ocrx_word' id='word_1_845' title='bbox 306 5377 545 5421; x_wconf 90' lang='lat' dir='ltr'><strong>remanet</strong></span> <span class='ocrx_word' id='word_1_846' title='bbox 576 5367 625 5417; x_wconf 93' lang='lat' dir='ltr'><strong>in</strong></span> <span class='ocrx_word' id='word_1_847' title='bbox 658 5366 849 5427; x_wconf 84' lang='lat' dir='ltr'><strong>altari,</strong></span> <span class='ocrx_word' id='word_1_848' title='bbox 894 5367 943 5416; x_wconf 90' lang='lat' dir='ltr'><strong>id</strong></span> <span class='ocrx_word' id='word_1_849' title='bbox 974 5375 1055 5417; x_wconf 86' lang='lat' dir='ltr'><strong>est</strong></span> <span class='ocrx_word' id='word_1_850' title='bbox 1086 5366 1136 5416; x_wconf 90' lang='lat' dir='ltr'><strong>in</strong></span> <span class='ocrx_word' id='word_1_851' title='bbox 1168 5364 1441 5431; x_wconf 86' lang='lat' dir='ltr'><strong>sepulcro,</strong></span> <span class='ocrx_word' id='word_1_852' title='bbox 1474 5364 1572 5417; x_wconf 90' lang='lat' dir='ltr'><strong>hoc</strong></span> <span class='ocrx_word' id='word_1_853' title='bbox 1614 5378 1775 5430; x_wconf 82' lang='lat' dir='ltr'><strong>Opus,</strong></span> 
     </span>
    </p>
   </div>
   <div class='ocr_carea' id='block_1_114' title="bbox 208 5434 1783 5504">
    <p class='ocr_par' dir='ltr' id='par_1_114' title="bbox 208 5434 1783 5504">
     <span class='ocr_line' id='line_1_115' title="bbox 208 5434 1783 5504; baseline -0.003 -15"><span class='ocrx_word' id='word_1_854' title='bbox 208 5437 505 5504; x_wconf 81' lang='lat' dir='ltr'><strong>usquedum</strong></span> <span class='ocrx_word' id='word_1_855' title='bbox 543 5446 638 5488; x_wconf 85' lang='lat' dir='ltr'><strong>tria</strong></span> <span class='ocrx_word' id='word_1_856' title='bbox 667 5435 903 5504; x_wconf 79' lang='lat' dir='ltr'><strong>capitula</strong></span> <span class='ocrx_word' id='word_1_857' title='bbox 920 5436 1307 5501; x_wconf 84' lang='lat' dir='ltr'><strong>compleantur,</strong></span> <span class='ocrx_word' id='word_1_858' title='bbox 1340 5434 1388 5504; x_wconf 82' lang='lat' dir='ltr'><strong>id</strong></span> <span class='ocrx_word' id='word_1_859' title='bbox 1421 5443 1503 5485; x_wconf 85' lang='lat' dir='ltr'><strong>est</strong></span> <span class='ocrx_word' id='word_1_860' title='bbox 1533 5436 1783 5501; x_wconf 77' lang='lat' dir='ltr'><strong>prologus</strong></span> 
     </span>
    </p>
   </div>
   <div class='ocr_carea' id='block_1_115' title="bbox 207 5501 1787 5572">
    <p class='ocr_par' dir='ltr' id='par_1_115' title="bbox 207 5501 1787 5572">
     <span class='ocr_line' id='line_1_116' title="bbox 207 5501 1787 5572; baseline -0.003 -13"><span class='ocrx_word' id='word_1_861' title='bbox 207 5507 277 5559; x_wconf 85' lang='lat' dir='ltr'><strong>de</strong></span> <span class='ocrx_word' id='word_1_862' title='bbox 295 5501 562 5559; x_wconf 41' lang='lat' dir='ltr'><strong>‘Oratione</strong></span> <span class='ocrx_word' id='word_1_863' title='bbox 590 5504 852 5572; x_wconf 76' lang='lat' dir='ltr'><strong>sequenti,</strong></span> <span class='ocrx_word' id='word_1_864' title='bbox 884 5502 1036 5554; x_wconf 79' lang='lat' dir='ltr'><strong>l’atcr</strong></span> <span class='ocrx_word' id='word_1_865' title='bbox 1059 5512 1249 5566; x_wconf 73' lang='lat' dir='ltr'><strong>uoster,</strong></span> <span class='ocrx_word' id='word_1_866' title='bbox 1277 5514 1330 5557; x_wconf 86' lang='lat' dir='ltr'><strong>et</strong></span> <span class='ocrx_word' id='word_1_867' title='bbox 1359 5501 1541 5556; x_wconf 84' lang='lat' dir='ltr'><strong>Libera</strong></span> <span class='ocrx_word' id='word_1_868' title='bbox 1568 5520 1658 5556; x_wconf 86' lang='lat' dir='ltr'><strong>nos</strong></span> <span class='ocrx_word' id='word_1_869' title='bbox 1682 5504 1787 5555; x_wconf 82' lang='lat' dir='ltr'><strong>Do—</strong></span> 
     </span>
    </p>
   </div>
   <div class='ocr_carea' id='block_1_116' title="bbox 209 5573 1785 5642">
    <p class='ocr_par' dir='ltr' id='par_1_116' title="bbox 209 5573 1785 5642">
     <span class='ocr_line' id='line_1_117' title="bbox 209 5573 1785 5642; baseline -0.001 -16"><span class='ocrx_word' id='word_1_870' title='bbox 209 5576 367 5626; x_wconf 77' lang='lat' dir='ltr'><strong>mine.</strong></span> <span class='ocrx_word' id='word_1_871' title='bbox 404 5575 612 5628; x_wconf 86' lang='lat' dir='ltr'><strong>Etenim</strong></span> <span class='ocrx_word' id='word_1_872' title='bbox 646 5585 752 5627; x_wconf 88' lang='lat' dir='ltr'><strong>tres</strong></span> <span class='ocrx_word' id='word_1_873' title='bbox 782 5575 896 5627; x_wconf 88' lang='lat' dir='ltr'><strong>dies</strong></span> <span class='ocrx_word' id='word_1_874' title='bbox 919 5573 971 5626; x_wconf 92' lang='lat' dir='ltr'><strong>in</strong></span> <span class='ocrx_word' id='word_1_875' title='bbox 1001 5573 1249 5639; x_wconf 83' lang='lat' dir='ltr'><strong>sepulcro</strong></span> <span class='ocrx_word' id='word_1_876' title='bbox 1278 5574 1533 5627; x_wconf 87' lang='lat' dir='ltr'><strong>Domitius</strong></span> <span class='ocrx_word' id='word_1_877' title='bbox 1563 5576 1785 5642; x_wconf 81' lang='lat' dir='ltr'><strong>quievit.</strong></span> 
     </span>
    </p>
   </div>
   <div class='ocr_carea' id='block_1_117' title="bbox 210 5643 1783 5714">
    <p class='ocr_par' dir='ltr' id='par_1_117' title="bbox 210 5643 1783 5714">
     <span class='ocr_line' id='line_1_118' title="bbox 210 5643 1783 5714; baseline -0.003 -17"><span class='ocrx_word' id='word_1_878' title='bbox 210 5644 406 5698; x_wconf 82' lang='lat' dir='ltr'><strong>Postea</strong></span> <span class='ocrx_word' id='word_1_879' title='bbox 439 5658 665 5714; x_wconf 87' lang='lat' dir='ltr'><strong>namque</strong></span> <span class='ocrx_word' id='word_1_880' title='bbox 693 5645 1027 5714; x_wconf 87' lang='lat' dir='ltr'><strong>commistuin</strong></span> <span class='ocrx_word' id='word_1_881' title='bbox 1058 5643 1609 5714; x_wconf 85' lang='lat' dir='ltr'><strong>corpusdominicum</strong></span> <span class='ocrx_word' id='word_1_882' title='bbox 1641 5644 1783 5703; x_wconf 90' lang='lat' dir='ltr'><strong>vino,</strong></span> 
     </span>
    </p>
   </div>
   <div class='ocr_carea' id='block_1_118' title="bbox 208 5712 1788 5785">
    <p class='ocr_par' dir='ltr' id='par_1_118' title="bbox 208 5712 1788 5785">
     <span class='ocr_line' id='line_1_119' title="bbox 208 5712 1788 5785; baseline -0.003 -17"><span class='ocrx_word' id='word_1_883' title='bbox 208 5715 475 5782; x_wconf 72' lang='lat' dir='ltr'><strong>simulque</strong></span> <span class='ocrx_word' id='word_1_884' title='bbox 501 5712 626 5785; x_wconf 84' lang='lat' dir='ltr'><strong>pace</strong></span> <span class='ocrx_word' id='word_1_885' title='bbox 651 5712 958 5767; x_wconf 84' lang='lat' dir='ltr'><strong>annuntiata</strong></span> <span class='ocrx_word' id='word_1_886' title='bbox 980 5714 1218 5766; x_wconf 86' lang='lat' dir='ltr'><strong>aufertur</strong></span> <span class='ocrx_word' id='word_1_887' title='bbox 1245 5713 1567 5767; x_wconf 89' lang='lat' dir='ltr'><strong>dominicum</strong></span> <span class='ocrx_word' id='word_1_888' title='bbox 1596 5727 1788 5781; x_wconf 78' lang='lat' dir='ltr'><strong>corpis</strong></span> 
     </span>
    </p>
   </div>
   <div class='ocr_carea' id='block_1_119' title="bbox 1871 3201 3437 3270">
    <p class='ocr_par' dir='ltr' id='par_1_119' title="bbox 1871 3201 3437 3270">
     <span class='ocr_line' id='line_1_120' title="bbox 1871 3201 3437 3270; baseline 0.004 -16"><span class='ocrx_word' id='word_1_889' title='bbox 1871 3201 2286 3265; x_wconf 87' lang='lat' dir='ltr'><strong>communicant,</strong></span> <span class='ocrx_word' id='word_1_890' title='bbox 2307 3210 2413 3256; x_wconf 87' lang='lat' dir='ltr'><strong>tres</strong></span> <span class='ocrx_word' id='word_1_891' title='bbox 2437 3204 2704 3270; x_wconf 85' lang='lat' dir='ltr'><strong>pOrtioues</strong></span> <span class='ocrx_word' id='word_1_892' title='bbox 2737 3201 2909 3260; x_wconf 78' lang='lat' dir='ltr'><strong>facere</strong></span> <span class='ocrx_word' id='word_1_893' title='bbox 2936 3201 3006 3259; x_wconf 75' lang='lat' dir='ltr'><strong>de</strong></span> <span class='ocrx_word' id='word_1_894' title='bbox 3035 3223 3134 3259; x_wconf 92' lang='lat' dir='ltr'><strong>una</strong></span> <span class='ocrx_word' id='word_1_895' title='bbox 3161 3209 3357 3269; x_wconf 83' lang='lat' dir='ltr'><strong>oblata,</strong></span> <span class='ocrx_word' id='word_1_896' title='bbox 3383 3210 3437 3261; x_wconf 93' lang='lat' dir='ltr'><strong>in</strong></span> 
     </span>
    </p>
   </div>
   <div class='ocr_carea' id='block_1_120' title="bbox 1872 3272 3439 3344">
    <p class='ocr_par' dir='ltr' id='par_1_120' title="bbox 1872 3272 3439 3344">
     <span class='ocr_line' id='line_1_121' title="bbox 1872 3272 3439 3344; baseline 0.004 -21"><span class='ocrx_word' id='word_1_897' title='bbox 1872 3283 1996 3344; x_wconf 86' lang='lat' dir='ltr'><strong>typo</strong></span> <span class='ocrx_word' id='word_1_898' title='bbox 2025 3272 2212 3344; x_wconf 79' lang='lat' dir='ltr'><strong>horum</strong></span> <span class='ocrx_word' id='word_1_899' title='bbox 2249 3272 2431 3333; x_wconf 85' lang='lat' dir='ltr'><strong>trium.</strong></span> <span class='ocrx_word' id='word_1_900' title='bbox 2463 3272 2514 3325; x_wconf 93' lang='lat' dir='ltr'><strong>id</strong></span> <span class='ocrx_word' id='word_1_901' title='bbox 2568 3284 2649 3327; x_wconf 89' lang='lat' dir='ltr'><strong>est</strong></span> <span class='ocrx_word' id='word_1_902' title='bbox 2678 3274 2872 3327; x_wconf 77' lang='lat' dir='ltr'><strong>Christi</strong></span> <span class='ocrx_word' id='word_1_903' title='bbox 2898 3285 2951 3329; x_wconf 93' lang='lat' dir='ltr'><strong>et</strong></span> <span class='ocrx_word' id='word_1_904' title='bbox 2978 3276 3247 3344; x_wconf 61' lang='lat' dir='ltr'><strong>Cleophis,</strong></span> <span class='ocrx_word' id='word_1_905' title='bbox 3278 3288 3352 3343; x_wconf 90' lang='lat' dir='ltr'><strong>et,</strong></span> <span class='ocrx_word' id='word_1_906' title='bbox 3383 3285 3439 3330; x_wconf 90' lang='lat' dir='ltr'><strong>ut</strong></span> 
     </span>
    </p>
   </div>
   <div class='ocr_carea' id='block_1_121' title="bbox 1869 3342 3440 3414">
    <p class='ocr_par' dir='ltr' id='par_1_121' title="bbox 1869 3342 3440 3414">
     <span class='ocr_line' id='line_1_122' title="bbox 1869 3342 3440 3414; baseline 0.003 -20"><span class='ocrx_word' id='word_1_907' title='bbox 1869 3342 2073 3414; x_wconf 88' lang='lat' dir='ltr'><strong>dicunt,</strong></span> <span class='ocrx_word' id='word_1_908' title='bbox 2110 3342 2286 3414; x_wconf 63' lang='lat' dir='ltr'><strong>Lucae.</strong></span> <span class='ocrx_word' id='word_1_909' title='bbox 2314 3344 2458 3395; x_wconf 81' lang='lat' dir='ltr'><strong>Sicut</strong></span> <span class='ocrx_word' id='word_1_910' title='bbox 2490 3346 2634 3396; x_wconf 89' lang='lat' dir='ltr'><strong>enim</strong></span> <span class='ocrx_word' id='word_1_911' title='bbox 2661 3346 2843 3396; x_wconf 66' lang='lat' dir='ltr'><strong>multa:</strong></span> <span class='ocrx_word' id='word_1_912' title='bbox 2872 3342 3129 3399; x_wconf 56' lang='lat' dir='ltr'><strong>Ecclesiae</strong></span> <span class='ocrx_word' id='word_1_913' title='bbox 3171 3354 3295 3398; x_wconf 91' lang='lat' dir='ltr'><strong>sunt</strong></span> <span class='ocrx_word' id='word_1_914' title='bbox 3338 3342 3440 3414; x_wconf 85' lang='lat' dir='ltr'><strong>per</strong></span> 
     </span>
    </p>
   </div>
   <div class='ocr_carea' id='block_1_122' title="bbox 1871 3413 3439 3483">
    <p class='ocr_par' dir='ltr' id='par_1_122' title="bbox 1871 3413 3439 3483">
     <span class='ocr_line' id='line_1_123' title="bbox 1871 3413 3439 3483; baseline 0.003 -20"><span class='ocrx_word' id='word_1_915' title='bbox 1871 3413 2180 3464; x_wconf 87' lang='lat' dir='ltr'><strong>universum</strong></span> <span class='ocrx_word' id='word_1_916' title='bbox 2212 3413 2396 3465; x_wconf 88' lang='lat' dir='ltr'><strong>orbem</strong></span> <span class='ocrx_word' id='word_1_917' title='bbox 2432 3422 2718 3477; x_wconf 85' lang='lat' dir='ltr'><strong>terrarum,</strong></span> <span class='ocrx_word' id='word_1_918' title='bbox 2746 3422 2960 3483; x_wconf 80' lang='lat' dir='ltr'><strong>propter</strong></span> <span class='ocrx_word' id='word_1_919' title='bbox 2991 3418 3199 3469; x_wconf 87' lang='lat' dir='ltr'><strong>diversa</strong></span> <span class='ocrx_word' id='word_1_920' title='bbox 3224 3413 3361 3479; x_wconf 86' lang='lat' dir='ltr'><strong>loca,</strong></span> <span class='ocrx_word' id='word_1_921' title='bbox 3384 3428 3439 3469; x_wconf 86' lang='lat' dir='ltr'><strong>et</strong></span> 
     </span>
    </p>
   </div>
   <div class='ocr_carea' id='block_1_123' title="bbox 1870 3484 3438 3551">
    <p class='ocr_par' dir='ltr' id='par_1_123' title="bbox 1870 3484 3438 3551">
     <span class='ocr_line' id='line_1_124' title="bbox 1870 3484 3438 3551; baseline 0.002 -18"><span class='ocrx_word' id='word_1_922' title='bbox 1870 3488 2049 3551; x_wconf 80' lang='lat' dir='ltr'><strong>tamen</strong></span> <span class='ocrx_word' id='word_1_923' title='bbox 2079 3495 2184 3534; x_wconf 87' lang='lat' dir='ltr'><strong>una</strong></span> <span class='ocrx_word' id='word_1_924' title='bbox 2211 3494 2394 3534; x_wconf 87' lang='lat' dir='ltr'><strong>saneta</strong></span> <span class='ocrx_word' id='word_1_925' title='bbox 2419 3492 2502 3535; x_wconf 85' lang='lat' dir='ltr'><strong>est</strong></span> <span class='ocrx_word' id='word_1_926' title='bbox 2522 3484 2803 3545; x_wconf 84' lang='lat' dir='ltr'><strong>catholica,</strong></span> <span class='ocrx_word' id='word_1_927' title='bbox 2834 3497 3047 3551; x_wconf 87' lang='lat' dir='ltr'><strong>propter</strong></span> <span class='ocrx_word' id='word_1_928' title='bbox 3073 3499 3228 3538; x_wconf 90' lang='lat' dir='ltr'><strong>unam</strong></span> <span class='ocrx_word' id='word_1_929' title='bbox 3254 3487 3438 3547; x_wconf 86' lang='lat' dir='ltr'><strong>fidem,</strong></span> 
     </span>
    </p>
   </div>
   <div class='ocr_carea' id='block_1_124' title="bbox 1871 3549 3437 3621">
    <p class='ocr_par' dir='ltr' id='par_1_124' title="bbox 1871 3549 3437 3621">
     <span class='ocr_line' id='line_1_125' title="bbox 1871 3549 3437 3621; baseline 0.003 -18"><span class='ocrx_word' id='word_1_930' title='bbox 1871 3549 1949 3603; x_wconf 85' lang='lat' dir='ltr'><strong>sic</strong></span> <span class='ocrx_word' id='word_1_931' title='bbox 1976 3561 2029 3621; x_wconf 85' lang='lat' dir='ltr'><strong>et</strong></span> <span class='ocrx_word' id='word_1_932' title='bbox 2055 3553 2234 3604; x_wconf 77' lang='lat' dir='ltr'><strong>multa:</strong></span> <span class='ocrx_word' id='word_1_933' title='bbox 2258 3553 2470 3617; x_wconf 59' lang='lat' dir='ltr'><strong>oblatae,</strong></span> <span class='ocrx_word' id='word_1_934' title='bbox 2506 3562 2721 3621; x_wconf 80' lang='lat' dir='ltr'><strong>propter</strong></span> <span class='ocrx_word' id='word_1_935' title='bbox 2749 3564 2871 3608; x_wconf 87' lang='lat' dir='ltr'><strong>vota</strong></span> <span class='ocrx_word' id='word_1_936' title='bbox 2900 3549 3256 3616; x_wconf 73' lang='lat' dir='ltr'><strong>offerentium.</strong></span> <span class='ocrx_word' id='word_1_937' title='bbox 3300 3569 3437 3607; x_wconf 83' lang='lat' dir='ltr'><strong>unus</strong></span> 
     </span>
    </p>
   </div>
   <div class='ocr_carea' id='block_1_125' title="bbox 1874 3619 3440 3690">
    <p class='ocr_par' dir='ltr' id='par_1_125' title="bbox 1874 3619 3440 3690">
     <span class='ocr_line' id='line_1_126' title="bbox 1874 3619 3440 3690; baseline 0.003 -20"><span class='ocrx_word' id='word_1_938' title='bbox 1874 3619 2025 3687; x_wconf 86' lang='lat' dir='ltr'><strong>panis</strong></span> <span class='ocrx_word' id='word_1_939' title='bbox 2050 3630 2150 3685; x_wconf 86' lang='lat' dir='ltr'><strong>est,</strong></span> <span class='ocrx_word' id='word_1_940' title='bbox 2182 3629 2397 3688; x_wconf 87' lang='lat' dir='ltr'><strong>pr0pter</strong></span> <span class='ocrx_word' id='word_1_941' title='bbox 2428 3619 2681 3677; x_wconf 83' lang='lat' dir='ltr'><strong>unitatem</strong></span> <span class='ocrx_word' id='word_1_942' title='bbox 2704 3623 2954 3690; x_wconf 76' lang='lat' dir='ltr'><strong>Corporis</strong></span> <span class='ocrx_word' id='word_1_943' title='bbox 2975 3624 3195 3677; x_wconf 77' lang='lat' dir='ltr'><strong>Christi.</strong></span> <span class='ocrx_word' id='word_1_944' title='bbox 3219 3623 3275 3677; x_wconf 92' lang='lat' dir='ltr'><strong>Si</strong></span> <span class='ocrx_word' id='word_1_945' title='bbox 3297 3626 3440 3677; x_wconf 90' lang='lat' dir='ltr'><strong>enim</strong></span> 
     </span>
    </p>
   </div>
   <div class='ocr_carea' id='block_1_126' title="bbox 1874 3689 3434 3761">
    <p class='ocr_par' dir='ltr' id='par_1_126' title="bbox 1874 3689 3434 3761">
     <span class='ocr_line' id='line_1_127' title="bbox 1874 3689 3434 3761; baseline 0.003 -22"><span class='ocrx_word' id='word_1_946' title='bbox 1874 3689 2102 3755; x_wconf 88' lang='lat' dir='ltr'><strong>requiris</strong></span> <span class='ocrx_word' id='word_1_947' title='bbox 2120 3704 2291 3761; x_wconf 83' lang='lat' dir='ltr'><strong>quare</strong></span> <span class='ocrx_word' id='word_1_948' title='bbox 2309 3704 2414 3743; x_wconf 89' lang='lat' dir='ltr'><strong>non</strong></span> <span class='ocrx_word' id='word_1_949' title='bbox 2433 3692 2635 3759; x_wconf 85' lang='lat' dir='ltr'><strong>integra</strong></span> <span class='ocrx_word' id='word_1_950' title='bbox 2657 3689 2833 3745; x_wconf 84' lang='lat' dir='ltr'><strong>oblata</strong></span> <span class='ocrx_word' id='word_1_951' title='bbox 2866 3707 3089 3761; x_wconf 87' lang='lat' dir='ltr'><strong>ponatur</strong></span> <span class='ocrx_word' id='word_1_952' title='bbox 3111 3694 3162 3745; x_wconf 87' lang='lat' dir='ltr'><strong>iii</strong></span> <span class='ocrx_word' id='word_1_953' title='bbox 3186 3696 3434 3756; x_wconf 84' lang='lat' dir='ltr'><strong>calicem,</strong></span> 
     </span>
    </p>
   </div>
   <div class='ocr_carea' id='block_1_127' title="bbox 1873 3759 3437 3828">
    <p class='ocr_par' dir='ltr' id='par_1_127' title="bbox 1873 3759 3437 3828">
     <span class='ocr_line' id='line_1_128' title="bbox 1873 3759 3437 3828; baseline 0.003 -20"><span class='ocrx_word' id='word_1_954' title='bbox 1873 3767 2232 3828; x_wconf 54' lang='lat' dir='ltr'><strong>cuinconstat</strong></span> <span class='ocrx_word' id='word_1_955' title='bbox 2280 3759 2541 3827; x_wconf 89' lang='lat' dir='ltr'><strong>integrum</strong></span> <span class='ocrx_word' id='word_1_956' title='bbox 2568 3777 2762 3828; x_wconf 89' lang='lat' dir='ltr'><strong>corpus</strong></span> <span class='ocrx_word' id='word_1_957' title='bbox 2796 3759 3002 3816; x_wconf 77' lang='lat' dir='ltr'><strong>Domini</strong></span> <span class='ocrx_word' id='word_1_958' title='bbox 3038 3766 3397 3816; x_wconf 78' lang='lat' dir='ltr'><strong>resurrexisse</strong></span> <span class='ocrx_word' id='word_1_959' title='bbox 3425 3782 3437 3813; x_wconf 88' lang='lat'><strong>:</strong></span> 
     </span>
    </p>
   </div>
   <div class='ocr_carea' id='block_1_128' title="bbox 1874 3824 3438 3905">
    <p class='ocr_par' dir='ltr' id='par_1_128' title="bbox 1874 3824 3438 3905">
     <span class='ocr_line' id='line_1_129' title="bbox 1874 3824 3438 3905; baseline 0.006 -29"><span class='ocrx_word' id='word_1_960' title='bbox 1874 3824 2073 3905; x_wconf 77' lang='lat' dir='ltr'><strong>Partim</strong></span> <span class='ocrx_word' id='word_1_961' title='bbox 2105 3824 2551 3905; x_wconf 76' lang='lat' dir='ltr'><strong>resurrecturum,</strong></span> <span class='ocrx_word' id='word_1_962' title='bbox 2579 3824 2768 3905; x_wconf 73' lang='lat' dir='ltr'><strong>partim</strong></span> <span class='ocrx_word' id='word_1_963' title='bbox 2794 3834 2901 3898; x_wconf 84' lang='lat' dir='ltr'><strong>jam</strong></span> <span class='ocrx_word' id='word_1_964' title='bbox 2929 3834 3075 3896; x_wconf 89' lang='lat' dir='ltr'><strong>vivit,</strong></span> <span class='ocrx_word' id='word_1_965' title='bbox 3102 3842 3157 3883; x_wconf 92' lang='lat' dir='ltr'><strong>ut</strong></span> <span class='ocrx_word' id='word_1_966' title='bbox 3182 3834 3313 3905; x_wconf 84' lang='lat' dir='ltr'><strong>ultra</strong></span> <span class='ocrx_word' id='word_1_967' title='bbox 3333 3851 3438 3886; x_wconf 90' lang='lat' dir='ltr'><strong>nou</strong></span> 
     </span>
    </p>
   </div>
   <div class='ocr_carea' id='block_1_129' title="bbox 1877 3898 3441 3963">
    <p class='ocr_par' dir='ltr' id='par_1_129' title="bbox 1877 3898 3441 3963">
     <span class='ocr_line' id='line_1_130' title="bbox 1877 3898 3441 3963; baseline 0.006 -17"><span class='ocrx_word' id='word_1_968' title='bbox 1877 3898 2180 3955; x_wconf 86' lang='lat' dir='ltr'><strong>moriatur;</strong></span> <span class='ocrx_word' id='word_1_969' title='bbox 2217 3898 2405 3959; x_wconf 87' lang='lat' dir='ltr'><strong>partim</strong></span> <span class='ocrx_word' id='word_1_970' title='bbox 2456 3898 2682 3952; x_wconf 88' lang='lat' dir='ltr'><strong>mortale</strong></span> <span class='ocrx_word' id='word_1_971' title='bbox 2729 3908 2831 3963; x_wconf 83' lang='lat' dir='ltr'><strong>est,</strong></span> <span class='ocrx_word' id='word_1_972' title='bbox 2877 3911 2928 3953; x_wconf 87' lang='lat' dir='ltr'><strong>et</strong></span> <span class='ocrx_word' id='word_1_973' title='bbox 2960 3910 3133 3953; x_wconf 83' lang='lat' dir='ltr'><strong>tamen</strong></span> <span class='ocrx_word' id='word_1_974' title='bbox 3186 3903 3237 3953; x_wconf 91' lang='lat' dir='ltr'><strong>iu</strong></span> <span class='ocrx_word' id='word_1_975' title='bbox 3284 3905 3441 3956; x_wconf 41' lang='lat' dir='ltr'><strong>cwlvv.</strong></span> 
     </span>
    </p>
   </div>
   <div class='ocr_carea' id='block_1_130' title="bbox 1879 3963 3440 4032">
    <p class='ocr_par' dir='ltr' id='par_1_130' title="bbox 1879 3963 3440 4032">
     <span class='ocr_line' id='line_1_131' title="bbox 1879 3963 3440 4032; baseline 0.005 -15"><span class='ocrx_word' id='word_1_976' title='bbox 1879 3963 2027 4017; x_wconf 90' lang='lat' dir='ltr'><strong>llude</strong></span> <span class='ocrx_word' id='word_1_977' title='bbox 2058 3963 2188 4017; x_wconf 89' lang='lat' dir='ltr'><strong>dicit</strong></span> <span class='ocrx_word' id='word_1_978' title='bbox 2218 3968 2504 4032; x_wconf 80' lang='lat' dir='ltr'><strong>Apostolus</strong></span> <span class='ocrx_word' id='word_1_979' title='bbox 2532 3982 2545 4018; x_wconf 88' lang='lat'><strong>:</strong></span> <span class='ocrx_word' id='word_1_980' title='bbox 2579 3965 2771 4020; x_wconf 74' lang='lat' dir='ltr'><strong>Nostra</strong></span> <span class='ocrx_word' id='word_1_981' title='bbox 2800 3976 2977 4023; x_wconf 87' lang='lat' dir='ltr'><strong>autem</strong></span> <span class='ocrx_word' id='word_1_982' title='bbox 3013 3974 3351 4024; x_wconf 85' lang='lat' dir='ltr'><strong>conversatio</strong></span> <span class='ocrx_word' id='word_1_983' title='bbox 3389 3990 3440 4025; x_wconf 80' lang='grc' dir='ltr'>ιιι</span> 
     </span>
    </p>
   </div>
   <div class='ocr_carea' id='block_1_131' title="bbox 1874 4035 2158 4087">
    <p class='ocr_par' dir='ltr' id='par_1_131' title="bbox 1874 4035 2158 4087">
     <span class='ocr_line' id='line_1_132' title="bbox 1874 4035 2158 4087; baseline 0 0"><span class='ocrx_word' id='word_1_984' title='bbox 1874 4035 2027 4087; x_wconf 67' lang='grc' dir='ltr'><strong>ρατεΙιδ</strong></span> <span class='ocrx_word' id='word_1_985' title='bbox 2057 4041 2158 4087; x_wconf 88' lang='lat' dir='ltr'><strong>cst.</strong></span> 
     </span>
    </p>
   </div>
   <div class='ocr_carea' id='block_1_132' title="bbox 1945 4103 3448 4174">
    <p class='ocr_par' dir='ltr' id='par_1_132' title="bbox 1945 4103 3448 4174">
     <span class='ocr_line' id='line_1_133' title="bbox 1945 4103 3448 4174; baseline 0.005 -20"><span class='ocrx_word' id='word_1_986' title='bbox 1945 4104 2036 4174; x_wconf 67' lang='lat' dir='ltr'><strong>2b.</strong></span> <span class='ocrx_word' id='word_1_987' title='bbox 2108 4103 2182 4156; x_wconf 88' lang='lat' dir='ltr'><strong>De</strong></span> <span class='ocrx_word' id='word_1_988' title='bbox 2229 4120 2351 4173; x_wconf 86' lang='lat' dir='ltr'><strong>pace</strong></span> <span class='ocrx_word' id='word_1_989' title='bbox 2396 4106 2695 4158; x_wconf 83' lang='lat' dir='ltr'><strong>annuutiata</strong></span> <span class='ocrx_word' id='word_1_990' title='bbox 2744 4116 3013 4174; x_wconf 80' lang='lat' dir='ltr'><strong>antequam</strong></span> <span class='ocrx_word' id='word_1_991' title='bbox 3065 4108 3448 4161; x_wconf 81' lang='lat' dir='ltr'><strong>commisceatur</strong></span> 
     </span>
    </p>
   </div>
   <div class='ocr_carea' id='block_1_133' title="bbox 1876 4170 3445 4246">
    <p class='ocr_par' dir='ltr' id='par_1_133' title="bbox 1876 4170 3445 4246">
     <span class='ocr_line' id='line_1_134' title="bbox 1876 4170 3445 4246; baseline 0.004 -20"><span class='ocrx_word' id='word_1_992' title='bbox 1876 4170 2059 4242; x_wconf 64' lang='lat' dir='ltr'><strong>corpus</strong></span> <span class='ocrx_word' id='word_1_993' title='bbox 2086 4183 2133 4227; x_wconf 77' lang='lat' dir='ltr'><strong>et</strong></span> <span class='ocrx_word' id='word_1_994' title='bbox 2162 4170 2370 4244; x_wconf 70' lang='lat' dir='ltr'><strong>sanguis</strong></span> <span class='ocrx_word' id='word_1_995' title='bbox 2402 4176 2627 4246; x_wconf 78' lang='lat' dir='ltr'><strong>Domini.</strong></span> <span class='ocrx_word' id='word_1_996' title='bbox 2658 4170 2883 4231; x_wconf 72' lang='lat' dir='ltr'><strong>Duobus</strong></span> <span class='ocrx_word' id='word_1_997' title='bbox 2900 4179 3041 4232; x_wconf 89' lang='lat' dir='ltr'><strong>enim</strong></span> <span class='ocrx_word' id='word_1_998' title='bbox 3069 4180 3244 4230; x_wconf 90' lang='lat' dir='ltr'><strong>modis</strong></span> <span class='ocrx_word' id='word_1_999' title='bbox 3270 4190 3445 4246; x_wconf 89' lang='lat' dir='ltr'><strong>potest</strong></span> 
     </span>
    </p>
   </div>
   <div class='ocr_carea' id='block_1_134' title="bbox 1878 4245 3448 4316">
    <p class='ocr_par' dir='ltr' id='par_1_134' title="bbox 1878 4245 3448 4316">
     <span class='ocr_line' id='line_1_135' title="bbox 1878 4245 3448 4316; baseline 0.004 -20"><span class='ocrx_word' id='word_1_1000' title='bbox 1878 4245 2044 4312; x_wconf 88' lang='lat' dir='ltr'><strong>accipi</strong></span> <span class='ocrx_word' id='word_1_1001' title='bbox 2078 4259 2174 4312; x_wconf 79' lang='lat' dir='ltr'><strong>pax</strong></span> <span class='ocrx_word' id='word_1_1002' title='bbox 2207 4248 2345 4316; x_wconf 75' lang='lat' dir='ltr'><strong>dicta</strong></span> <span class='ocrx_word' id='word_1_1003' title='bbox 2378 4245 2448 4298; x_wconf 89' lang='lat' dir='ltr'><strong>ab</strong></span> <span class='ocrx_word' id='word_1_1004' title='bbox 2472 4245 2734 4316; x_wconf 89' lang='lat' dir='ltr'><strong>episcopo</strong></span> <span class='ocrx_word' id='word_1_1005' title='bbox 2772 4247 2884 4301; x_wconf 83' lang='lat' dir='ltr'><strong>sive</strong></span> <span class='ocrx_word' id='word_1_1006' title='bbox 2918 4248 3249 4316; x_wconf 82' lang='lat' dir='ltr'><strong>presbyteio,</strong></span> <span class='ocrx_word' id='word_1_1007' title='bbox 3296 4260 3448 4304; x_wconf 89' lang='lat' dir='ltr'><strong>ante-</strong></span> 
     </span>
    </p>
   </div>
   <div class='ocr_carea' id='block_1_135' title="bbox 1878 4314 3448 4384">
    <p class='ocr_par' dir='ltr' id='par_1_135' title="bbox 1878 4314 3448 4384">
     <span class='ocr_line' id='line_1_136' title="bbox 1878 4314 3448 4384; baseline 0.004 -20"><span class='ocrx_word' id='word_1_1008' title='bbox 1878 4329 2036 4381; x_wconf 71' lang='lat' dir='ltr'><strong>quam</strong></span> <span class='ocrx_word' id='word_1_1009' title='bbox 2066 4328 2260 4382; x_wconf 87' lang='lat' dir='ltr'><strong>corpus</strong></span> <span class='ocrx_word' id='word_1_1010' title='bbox 2290 4314 2497 4368; x_wconf 81' lang='lat' dir='ltr'><strong>Domini</strong></span> <span class='ocrx_word' id='word_1_1011' title='bbox 2549 4314 2789 4368; x_wconf 57' lang='lat' dir='ltr'><strong>mittatur</strong></span> <span class='ocrx_word' id='word_1_1012' title='bbox 2820 4318 2870 4370; x_wconf 92' lang='lat' dir='ltr'><strong>in</strong></span> <span class='ocrx_word' id='word_1_1013' title='bbox 2901 4314 3212 4384; x_wconf 82' lang='lat' dir='ltr'><strong>sanguinem</strong></span> <span class='ocrx_word' id='word_1_1014' title='bbox 3259 4336 3271 4369; x_wconf 88' lang='lat'><strong>:</strong></span> <span class='ocrx_word' id='word_1_1015' title='bbox 3305 4319 3448 4372; x_wconf 87' lang='lat' dir='ltr'><strong>scili-</strong></span> 
     </span>
    </p>
   </div>
   <div class='ocr_carea' id='block_1_136' title="bbox 1880 4383 3450 4457">
    <p class='ocr_par' dir='ltr' id='par_1_136' title="bbox 1880 4383 3450 4457">
     <span class='ocr_line' id='line_1_137' title="bbox 1880 4383 3450 4457; baseline 0.003 -20"><span class='ocrx_word' id='word_1_1016' title='bbox 1880 4393 1985 4457; x_wconf 83' lang='lat' dir='ltr'><strong>cet,</strong></span> <span class='ocrx_word' id='word_1_1017' title='bbox 2015 4393 2066 4436; x_wconf 88' lang='lat' dir='ltr'><strong>et</strong></span> <span class='ocrx_word' id='word_1_1018' title='bbox 2100 4383 2187 4436; x_wconf 87' lang='lat' dir='ltr'><strong>illa</strong></span> <span class='ocrx_word' id='word_1_1019' title='bbox 2222 4400 2319 4451; x_wconf 83' lang='lat' dir='ltr'><strong>pax</strong></span> <span class='ocrx_word' id='word_1_1020' title='bbox 2354 4400 2448 4457; x_wconf 81' lang='lat' dir='ltr'><strong>per</strong></span> <span class='ocrx_word' id='word_1_1021' title='bbox 2478 4386 2631 4439; x_wconf 89' lang='lat' dir='ltr'><strong>istam</strong></span> <span class='ocrx_word' id='word_1_1022' title='bbox 2665 4386 2882 4455; x_wconf 83' lang='lat' dir='ltr'><strong>intelligi</strong></span> <span class='ocrx_word' id='word_1_1023' title='bbox 2918 4383 3120 4457; x_wconf 85' lang='lat' dir='ltr'><strong>potest,</strong></span> <span class='ocrx_word' id='word_1_1024' title='bbox 3158 4389 3450 4457; x_wconf 64' lang='lat' dir='ltr'><strong>quaijustis</strong></span> 
     </span>
    </p>
   </div>
   <div class='ocr_carea' id='block_1_137' title="bbox 1882 4454 3451 4523">
    <p class='ocr_par' dir='ltr' id='par_1_137' title="bbox 1882 4454 3451 4523">
     <span class='ocr_line' id='line_1_138' title="bbox 1882 4454 3451 4523; baseline 0.003 -17"><span class='ocrx_word' id='word_1_1025' title='bbox 1882 4454 2069 4507; x_wconf 85' lang='lat' dir='ltr'><strong>eodem</strong></span> <span class='ocrx_word' id='word_1_1026' title='bbox 2098 4462 2337 4521; x_wconf 85' lang='lat' dir='ltr'><strong>tempore</strong></span> <span class='ocrx_word' id='word_1_1027' title='bbox 2361 4454 2483 4508; x_wconf 88' lang='lat' dir='ltr'><strong>data</strong></span> <span class='ocrx_word' id='word_1_1028' title='bbox 2515 4466 2619 4517; x_wconf 89' lang='lat' dir='ltr'><strong>est,</strong></span> <span class='ocrx_word' id='word_1_1029' title='bbox 2652 4454 2862 4523; x_wconf 76' lang='lat' dir='ltr'><strong>quando</strong></span> <span class='ocrx_word' id='word_1_1030' title='bbox 2889 4454 3064 4509; x_wconf 76' lang='lat' dir='ltr'><strong>anima</strong></span> <span class='ocrx_word' id='word_1_1031' title='bbox 3093 4454 3305 4510; x_wconf 79' lang='lat' dir='ltr'><strong>Christi</strong></span> <span class='ocrx_word' id='word_1_1032' title='bbox 3330 4459 3451 4513; x_wconf 82' lang='lat' dir='ltr'><strong>des-</strong></span> 
     </span>
    </p>
   </div>
   <div class='ocr_carea' id='block_1_138' title="bbox 1814 4505 3445 4593">
    <p class='ocr_par' dir='ltr' id='par_1_138' title="bbox 1814 4505 3445 4593">
     <span class='ocr_line' id='line_1_139' title="bbox 1814 4505 3445 4593; baseline 0.004 -17"><span class='ocrx_word' id='word_1_1033' title='bbox 1814 4505 1858 4562; x_wconf 80' lang='grc' dir='ltr'><strong>ι)</strong></span> <span class='ocrx_word' id='word_1_1034' title='bbox 1883 4505 2063 4577; x_wconf 57' lang='lat' dir='ltr'><strong>iam</strong></span> <span class='ocrx_word' id='word_1_1035' title='bbox 2087 4505 2483 4588; x_wconf 52' lang='lat' dir='ltr'><strong>grauatum;</strong></span> <span class='ocrx_word' id='word_1_1036' title='bbox 2498 4505 2868 4579; x_wconf 47' lang='lat' dir='ltr'><strong>signaria;</strong></span> <span class='ocrx_word' id='word_1_1037' title='bbox 2891 4505 3084 4580; x_wconf 52' lang='lat' dir='ltr'><strong>satis.</strong></span> <span class='ocrx_word' id='word_1_1038' title='bbox 3102 4505 3316 4593; x_wconf 45' lang='lat' dir='ltr'><strong>ilicis,</strong></span> <span class='ocrx_word' id='word_1_1039' title='bbox 3334 4505 3445 4582; x_wconf 68' lang='grc' dir='ltr'><strong>ἒῖἑ.</strong></span> 
     </span>
    </p>
   </div>
   <div class='ocr_carea' id='block_1_139' title="bbox 1888 4593 3447 4666">
    <p class='ocr_par' dir='ltr' id='par_1_139' title="bbox 1888 4593 3447 4666">
     <span class='ocr_line' id='line_1_140' title="bbox 1888 4593 3447 4666; baseline 0.004 -20"><span class='ocrx_word' id='word_1_1040' title='bbox 1888 4593 1981 4647; x_wconf 83' lang='lat' dir='ltr'><strong>Vel</strong></span> <span class='ocrx_word' id='word_1_1041' title='bbox 2007 4604 2153 4666; x_wconf 79' lang='lat' dir='ltr'><strong>certe</strong></span> <span class='ocrx_word' id='word_1_1042' title='bbox 2182 4609 2242 4666; x_wconf 88' lang='lat' dir='ltr'><strong>ea</strong></span> <span class='ocrx_word' id='word_1_1043' title='bbox 2275 4609 2371 4661; x_wconf 65' lang='lat' dir='ltr'><strong>pax</strong></span> <span class='ocrx_word' id='word_1_1044' title='bbox 2407 4609 2499 4662; x_wconf 92' lang='lat' dir='ltr'><strong>per</strong></span> <span class='ocrx_word' id='word_1_1045' title='bbox 2530 4596 2686 4647; x_wconf 90' lang='lat' dir='ltr'><strong>istam</strong></span> <span class='ocrx_word' id='word_1_1046' title='bbox 2718 4597 2941 4666; x_wconf 83' lang='lat' dir='ltr'><strong>intelligi</strong></span> <span class='ocrx_word' id='word_1_1047' title='bbox 2976 4605 3149 4664; x_wconf 87' lang='lat' dir='ltr'><strong>potest</strong></span> <span class='ocrx_word' id='word_1_1048' title='bbox 3179 4613 3298 4666; x_wconf 71' lang='lat' dir='ltr'><strong>qua:</strong></span> <span class='ocrx_word' id='word_1_1049' title='bbox 3326 4602 3447 4652; x_wconf 85' lang='lat' dir='ltr'><strong>data</strong></span> 
     </span>
    </p>
   </div>
   <div class='ocr_carea' id='block_1_140' title="bbox 1881 4662 3451 4732">
    <p class='ocr_par' dir='ltr' id='par_1_140' title="bbox 1881 4662 3451 4732">
     <span class='ocr_line' id='line_1_141' title="bbox 1881 4662 3451 4732; baseline 0.003 -16"><span class='ocrx_word' id='word_1_1050' title='bbox 1881 4673 1965 4716; x_wconf 90' lang='lat' dir='ltr'><strong>est</strong></span> <span class='ocrx_word' id='word_1_1051' title='bbox 2004 4662 2195 4717; x_wconf 87' lang='lat' dir='ltr'><strong>Christi</strong></span> <span class='ocrx_word' id='word_1_1052' title='bbox 2242 4667 2475 4732; x_wconf 87' lang='lat' dir='ltr'><strong>corpori,</strong></span> <span class='ocrx_word' id='word_1_1053' title='bbox 2522 4668 2735 4732; x_wconf 86' lang='lat' dir='ltr'><strong>quando</strong></span> <span class='ocrx_word' id='word_1_1054' title='bbox 2771 4662 2947 4719; x_wconf 80' lang='lat' dir='ltr'><strong>anima</strong></span> <span class='ocrx_word' id='word_1_1055' title='bbox 2977 4662 3057 4718; x_wconf 74' lang='lat' dir='ltr'><strong>ad</strong></span> <span class='ocrx_word' id='word_1_1056' title='bbox 3098 4662 3225 4720; x_wconf 81' lang='lat' dir='ltr'><strong>illud</strong></span> <span class='ocrx_word' id='word_1_1057' title='bbox 3272 4670 3451 4731; x_wconf 81' lang='lat' dir='ltr'><strong>rediit,</strong></span> 
     </span>
    </p>
   </div>
   <div class='ocr_carea' id='block_1_141' title="bbox 1883 4734 3453 4803">
    <p class='ocr_par' dir='ltr' id='par_1_141' title="bbox 1883 4734 3453 4803">
     <span class='ocr_line' id='line_1_142' title="bbox 1883 4734 3453 4803; baseline 0.004 -18"><span class='ocrx_word' id='word_1_1058' title='bbox 1883 4744 1939 4787; x_wconf 85' lang='lat' dir='ltr'><strong>ut</strong></span> <span class='ocrx_word' id='word_1_1059' title='bbox 1963 4734 2096 4786; x_wconf 89' lang='lat' dir='ltr'><strong>sicut</strong></span> <span class='ocrx_word' id='word_1_1060' title='bbox 2128 4749 2299 4801; x_wconf 89' lang='lat' dir='ltr'><strong>neque</strong></span> <span class='ocrx_word' id='word_1_1061' title='bbox 2346 4737 2521 4786; x_wconf 87' lang='lat' dir='ltr'><strong>anima</strong></span> <span class='ocrx_word' id='word_1_1062' title='bbox 2578 4750 2805 4803; x_wconf 84' lang='lat' dir='ltr'><strong>unquam</strong></span> <span class='ocrx_word' id='word_1_1063' title='bbox 2854 4740 3061 4789; x_wconf 82' lang='lat' dir='ltr'><strong>turbata</strong></span> <span class='ocrx_word' id='word_1_1064' title='bbox 3104 4748 3185 4791; x_wconf 85' lang='lat' dir='ltr'><strong>est</strong></span> <span class='ocrx_word' id='word_1_1065' title='bbox 3235 4753 3329 4803; x_wconf 90' lang='lat' dir='ltr'><strong>pro</strong></span> <span class='ocrx_word' id='word_1_1066' title='bbox 3358 4754 3453 4792; x_wconf 77' lang='lat' dir='ltr'><strong>sua</strong></span> 
     </span>
    </p>
   </div>
   <div class='ocr_carea' id='block_1_142' title="bbox 1881 4804 3453 4870">
    <p class='ocr_par' dir='ltr' id='par_1_142' title="bbox 1881 4804 3453 4870">
     <span class='ocr_line' id='line_1_143' title="bbox 1881 4804 3453 4870; baseline 0.002 -14"><span class='ocrx_word' id='word_1_1067' title='bbox 1881 4812 2072 4867; x_wconf 86' lang='lat' dir='ltr'><strong>morte,</strong></span> <span class='ocrx_word' id='word_1_1068' title='bbox 2123 4804 2193 4856; x_wconf 87' lang='lat' dir='ltr'><strong>ita</strong></span> <span class='ocrx_word' id='word_1_1069' title='bbox 2242 4817 2341 4856; x_wconf 87' lang='lat' dir='ltr'><strong>nec</strong></span> <span class='ocrx_word' id='word_1_1070' title='bbox 2371 4819 2564 4870; x_wconf 90' lang='lat' dir='ltr'><strong>corpus</strong></span> <span class='ocrx_word' id='word_1_1071' title='bbox 2595 4808 2730 4858; x_wconf 85' lang='lat' dir='ltr'><strong>ultra</strong></span> <span class='ocrx_word' id='word_1_1072' title='bbox 2780 4807 3015 4860; x_wconf 86' lang='lat' dir='ltr'><strong>turbetur</strong></span> <span class='ocrx_word' id='word_1_1073' title='bbox 3052 4805 3118 4860; x_wconf 91' lang='lat' dir='ltr'><strong>de</strong></span> <span class='ocrx_word' id='word_1_1074' title='bbox 3164 4822 3257 4860; x_wconf 88' lang='lat' dir='ltr'><strong>sua</strong></span> <span class='ocrx_word' id='word_1_1075' title='bbox 3287 4820 3453 4861; x_wconf 86' lang='lat' dir='ltr'><strong>muta-</strong></span> 
     </span>
    </p>
   </div>
   <div class='ocr_carea' id='block_1_143' title="bbox 1882 4874 3451 4944">
    <p class='ocr_par' dir='ltr' id='par_1_143' title="bbox 1882 4874 3451 4944">
     <span class='ocr_line' id='line_1_144' title="bbox 1882 4874 3451 4944; baseline 0.003 -19"><span class='ocrx_word' id='word_1_1076' title='bbox 1882 4879 2056 4936; x_wconf 90' lang='lat' dir='ltr'><strong>tione;</strong></span> <span class='ocrx_word' id='word_1_1077' title='bbox 2089 4874 2179 4944; x_wconf 85' lang='lat' dir='ltr'><strong>sed</strong></span> <span class='ocrx_word' id='word_1_1078' title='bbox 2211 4887 2271 4925; x_wconf 90' lang='lat' dir='ltr'><strong>ea</strong></span> <span class='ocrx_word' id='word_1_1079' title='bbox 2312 4888 2440 4940; x_wconf 87' lang='lat' dir='ltr'><strong>pace</strong></span> <span class='ocrx_word' id='word_1_1080' title='bbox 2471 4874 2712 4928; x_wconf 88' lang='lat' dir='ltr'><strong>fruantur</strong></span> <span class='ocrx_word' id='word_1_1081' title='bbox 2743 4886 2983 4944; x_wconf 57' lang='lat' dir='ltr'><strong>utraque,</strong></span> <span class='ocrx_word' id='word_1_1082' title='bbox 3010 4883 3067 4929; x_wconf 89' lang='lat' dir='ltr'><strong>ut</strong></span> <span class='ocrx_word' id='word_1_1083' title='bbox 3093 4890 3303 4943; x_wconf 87' lang='lat' dir='ltr'><strong>semper</strong></span> <span class='ocrx_word' id='word_1_1084' title='bbox 3324 4893 3451 4944; x_wconf 85' lang='lat' dir='ltr'><strong>gau-</strong></span> 
     </span>
    </p>
   </div>
   <div class='ocr_carea' id='block_1_144' title="bbox 1879 4942 3454 5000">
    <p class='ocr_par' dir='ltr' id='par_1_144' title="bbox 1879 4942 3454 5000">
     <span class='ocr_line' id='line_1_145' title="bbox 1879 4942 3454 5000; baseline 0.003 -5"><span class='ocrx_word' id='word_1_1085' title='bbox 1879 4943 2043 4996; x_wconf 87' lang='lat' dir='ltr'><strong>deant</strong></span> <span class='ocrx_word' id='word_1_1086' title='bbox 2070 4942 2136 4995; x_wconf 89' lang='lat' dir='ltr'><strong>de</strong></span> <span class='ocrx_word' id='word_1_1087' title='bbox 2165 4953 2357 4995; x_wconf 66' lang='lat' dir='ltr'><strong>aeterna</strong></span> <span class='ocrx_word' id='word_1_1088' title='bbox 2397 4946 2815 4999; x_wconf 83' lang='lat' dir='ltr'><strong>immortalitate.</strong></span> <span class='ocrx_word' id='word_1_1089' title='bbox 2848 4942 2959 4998; x_wconf 74' lang='lat' dir='ltr'><strong>Non</strong></span> <span class='ocrx_word' id='word_1_1090' title='bbox 3006 4947 3145 4997; x_wconf 89' lang='lat' dir='ltr'><strong>enim</strong></span> <span class='ocrx_word' id='word_1_1091' title='bbox 3176 4942 3244 4998; x_wconf 88' lang='lat' dir='ltr'><strong>ab</strong></span> <span class='ocrx_word' id='word_1_1092' title='bbox 3288 4942 3347 4999; x_wconf 71' lang='lat' dir='ltr'><strong>re</strong></span> <span class='ocrx_word' id='word_1_1093' title='bbox 3376 4957 3454 5000; x_wconf 82' lang='lat' dir='ltr'><strong>est</strong></span> 
     </span>
    </p>
   </div>
   <div class='ocr_carea' id='block_1_145' title="bbox 1882 5014 3455 5081">
    <p class='ocr_par' dir='ltr' id='par_1_145' title="bbox 1882 5014 3455 5081">
     <span class='ocr_line' id='line_1_146' title="bbox 1882 5014 3455 5081; baseline 0.003 -16"><span class='ocrx_word' id='word_1_1094' title='bbox 1882 5015 1925 5065; x_wconf 86' lang='lat' dir='ltr'><strong>si</strong></span> <span class='ocrx_word' id='word_1_1095' title='bbox 1959 5026 2053 5078; x_wconf 84' lang='lat' dir='ltr'><strong>per</strong></span> <span class='ocrx_word' id='word_1_1096' title='bbox 2077 5024 2274 5065; x_wconf 89' lang='lat' dir='ltr'><strong>tac:um</strong></span> <span class='ocrx_word' id='word_1_1097' title='bbox 2297 5027 2403 5081; x_wconf 87' lang='lat' dir='ltr'><strong>quo</strong></span> <span class='ocrx_word' id='word_1_1098' title='bbox 2436 5024 2722 5081; x_wconf 79' lang='lat' dir='ltr'><strong>tanguntur</strong></span> <span class='ocrx_word' id='word_1_1099' title='bbox 2753 5017 2886 5067; x_wconf 86' lang='lat' dir='ltr'><strong>labia</strong></span> <span class='ocrx_word' id='word_1_1100' title='bbox 2914 5014 3094 5067; x_wconf 82' lang='lat' dir='ltr'><strong>calieis</strong></span> <span class='ocrx_word' id='word_1_1101' title='bbox 3118 5038 3129 5063; x_wconf 81' lang='grc'><strong><em>‹</em></strong></span> <span class='ocrx_word' id='word_1_1102' title='bbox 3149 5022 3301 5068; x_wconf 90' lang='lat' dir='ltr'><strong>odem</strong></span> <span class='ocrx_word' id='word_1_1103' title='bbox 3327 5026 3455 5069; x_wconf 77' lang='lat' dir='ltr'><strong>tem-</strong></span> 
     </span>
    </p>
   </div>
   <div class='ocr_carea' id='block_1_146' title="bbox 1884 5083 3456 5149">
    <p class='ocr_par' dir='ltr' id='par_1_146' title="bbox 1884 5083 3456 5149">
     <span class='ocr_line' id='line_1_147' title="bbox 1884 5083 3456 5149; baseline 0.004 -16"><span class='ocrx_word' id='word_1_1104' title='bbox 1884 5096 2015 5149; x_wconf 89' lang='lat' dir='ltr'><strong>pore</strong></span> <span class='ocrx_word' id='word_1_1105' title='bbox 2044 5084 2371 5149; x_wconf 88' lang='lat' dir='ltr'><strong>Sertpturam</strong></span> <span class='ocrx_word' id='word_1_1106' title='bbox 2409 5083 2551 5135; x_wconf 80' lang='lat' dir='ltr'><strong>il;am</strong></span> <span class='ocrx_word' id='word_1_1107' title='bbox 2586 5086 2908 5149; x_wconf 78' lang='lat' dir='ltr'><strong>accipiamus</strong></span> <span class='ocrx_word' id='word_1_1108' title='bbox 2938 5102 2951 5137; x_wconf 90' lang='lat'><strong>:</strong></span> <span class='ocrx_word' id='word_1_1109' title='bbox 2984 5086 3047 5139; x_wconf 87' lang='lat' dir='ltr'><strong>Et</strong></span> <span class='ocrx_word' id='word_1_1110' title='bbox 3079 5086 3363 5140; x_wconf 81' lang='lat' dir='ltr'><strong>insufflavit</strong></span> <span class='ocrx_word' id='word_1_1111' title='bbox 3401 5087 3456 5140; x_wconf 90' lang='lat' dir='ltr'><strong>iu</strong></span> 
     </span>
    </p>
   </div>
   <div class='ocr_carea' id='block_1_147' title="bbox 1885 5150 3456 5219">
    <p class='ocr_par' dir='ltr' id='par_1_147' title="bbox 1885 5150 3456 5219">
     <span class='ocr_line' id='line_1_148' title="bbox 1885 5150 3456 5219; baseline 0.004 -16"><span class='ocrx_word' id='word_1_1112' title='bbox 1885 5153 2072 5203; x_wconf 89' lang='lat' dir='ltr'><strong>laciem</strong></span> <span class='ocrx_word' id='word_1_1113' title='bbox 2096 5150 2213 5219; x_wconf 87' lang='lat' dir='ltr'><strong>ejus</strong></span> <span class='ocrx_word' id='word_1_1114' title='bbox 2246 5153 2565 5217; x_wconf 81' lang='lat' dir='ltr'><strong>spiraculum</strong></span> <span class='ocrx_word' id='word_1_1115' title='bbox 2600 5153 2751 5215; x_wconf 68' lang='lat' dir='ltr'><strong>vim;</strong></span> <span class='ocrx_word' id='word_1_1116' title='bbox 2790 5162 2845 5205; x_wconf 88' lang='lat' dir='ltr'><strong>tit</strong></span> <span class='ocrx_word' id='word_1_1117' title='bbox 2889 5156 2938 5206; x_wconf 94' lang='lat' dir='ltr'><strong>in</strong></span> <span class='ocrx_word' id='word_1_1118' title='bbox 2971 5170 3034 5209; x_wconf 91' lang='lat' dir='ltr'><strong>eo</strong></span> <span class='ocrx_word' id='word_1_1119' title='bbox 3076 5156 3314 5208; x_wconf 91' lang='lat' dir='ltr'><strong>membro</strong></span> <span class='ocrx_word' id='word_1_1120' title='bbox 3347 5171 3456 5210; x_wconf 84' lang='lat' dir='ltr'><strong>res-</strong></span> 
     </span>
    </p>
   </div>
   <div class='ocr_carea' id='block_1_148' title="bbox 1885 5222 3459 5296">
    <p class='ocr_par' dir='ltr' id='par_1_148' title="bbox 1885 5222 3459 5296">
     <span class='ocr_line' id='line_1_149' title="bbox 1885 5222 3459 5296; baseline 0.004 -23"><span class='ocrx_word' id='word_1_1121' title='bbox 1885 5230 2114 5296; x_wconf 79' lang='lat' dir='ltr'><strong>tauratio</strong></span> <span class='ocrx_word' id='word_1_1122' title='bbox 2143 5224 2259 5296; x_wconf 73' lang='lat' dir='ltr'><strong>vita:</strong></span> <span class='ocrx_word' id='word_1_1123' title='bbox 2291 5222 2643 5296; x_wconf 78' lang='lat' dir='ltr'><strong>intelligatur.</strong></span> <span class='ocrx_word' id='word_1_1124' title='bbox 2672 5226 2755 5296; x_wconf 88' lang='lat' dir='ltr'><strong>cui</strong></span> <span class='ocrx_word' id='word_1_1125' title='bbox 2791 5226 2959 5289; x_wconf 90' lang='lat' dir='ltr'><strong>primo</strong></span> <span class='ocrx_word' id='word_1_1126' title='bbox 2987 5225 3294 5296; x_wconf 85' lang='lat' dir='ltr'><strong>utviveret,</strong></span> <span class='ocrx_word' id='word_1_1127' title='bbox 3328 5226 3459 5296; x_wconf 90' lang='lat' dir='ltr'><strong>legi-</strong></span> 
     </span>
    </p>
   </div>
   <div class='ocr_carea' id='block_1_149' title="bbox 1890 5292 3459 5362">
    <p class='ocr_par' dir='ltr' id='par_1_149' title="bbox 1890 5292 3459 5362">
     <span class='ocr_line' id='line_1_150' title="bbox 1890 5292 3459 5362; baseline 0.004 -20"><span class='ocrx_word' id='word_1_1128' title='bbox 1890 5301 1975 5342; x_wconf 93' lang='lat' dir='ltr'><strong>tur</strong></span> <span class='ocrx_word' id='word_1_1129' title='bbox 2005 5293 2148 5342; x_wconf 87' lang='lat' dir='ltr'><strong>data.</strong></span> <span class='ocrx_word' id='word_1_1130' title='bbox 2182 5292 2323 5343; x_wconf 81' lang='lat' dir='ltr'><strong>Sane</strong></span> <span class='ocrx_word' id='word_1_1131' title='bbox 2370 5302 2424 5345; x_wconf 88' lang='lat' dir='ltr'><strong>et</strong></span> <span class='ocrx_word' id='word_1_1132' title='bbox 2453 5293 2577 5344; x_wconf 91' lang='lat' dir='ltr'><strong>illud</strong></span> <span class='ocrx_word' id='word_1_1133' title='bbox 2609 5294 2798 5345; x_wconf 91' lang='lat' dir='ltr'><strong>rationi</strong></span> <span class='ocrx_word' id='word_1_1134' title='bbox 2838 5294 3102 5362; x_wconf 86' lang='lat' dir='ltr'><strong>congruit,</strong></span> <span class='ocrx_word' id='word_1_1135' title='bbox 3137 5305 3193 5346; x_wconf 85' lang='lat' dir='ltr'><strong>ut</strong></span> <span class='ocrx_word' id='word_1_1136' title='bbox 3230 5292 3459 5361; x_wconf 76' lang='lat' dir='ltr'><strong>quatuor</strong></span> 
     </span>
    </p>
   </div>
   <div class='ocr_carea' id='block_1_150' title="bbox 1889 5362 3458 5432">
    <p class='ocr_par' dir='ltr' id='par_1_150' title="bbox 1889 5362 3458 5432">
     <span class='ocr_line' id='line_1_151' title="bbox 1889 5362 3458 5432; baseline 0.004 -19"><span class='ocrx_word' id='word_1_1137' title='bbox 1889 5374 2076 5413; x_wconf 80' lang='lat' dir='ltr'><strong>sensus</strong></span> <span class='ocrx_word' id='word_1_1138' title='bbox 2106 5369 2229 5411; x_wconf 90' lang='lat' dir='ltr'><strong>sunt</strong></span> <span class='ocrx_word' id='word_1_1139' title='bbox 2258 5363 2309 5413; x_wconf 93' lang='lat' dir='ltr'><strong>in</strong></span> <span class='ocrx_word' id='word_1_1140' title='bbox 2338 5362 2532 5427; x_wconf 84' lang='lat' dir='ltr'><strong>capite,</strong></span> <span class='ocrx_word' id='word_1_1141' title='bbox 2556 5376 2650 5429; x_wconf 87' lang='lat' dir='ltr'><strong>per</strong></span> <span class='ocrx_word' id='word_1_1142' title='bbox 2671 5372 2895 5430; x_wconf 88' lang='lat' dir='ltr'><strong>quatuor</strong></span> <span class='ocrx_word' id='word_1_1143' title='bbox 2920 5374 3094 5432; x_wconf 85' lang='lat' dir='ltr'><strong>partes</strong></span> <span class='ocrx_word' id='word_1_1144' title='bbox 3116 5367 3296 5417; x_wconf 87' lang='lat' dir='ltr'><strong>mundi</strong></span> <span class='ocrx_word' id='word_1_1145' title='bbox 3325 5366 3458 5420; x_wconf 77' lang='lat' dir='ltr'><strong>labia</strong></span> 
     </span>
    </p>
   </div>
   <div class='ocr_carea' id='block_1_151' title="bbox 1890 5432 3459 5501">
    <p class='ocr_par' dir='ltr' id='par_1_151' title="bbox 1890 5432 3459 5501">
     <span class='ocr_line' id='line_1_152' title="bbox 1890 5432 3459 5501; baseline 0.003 -18"><span class='ocrx_word' id='word_1_1146' title='bbox 1890 5432 2073 5483; x_wconf 90' lang='lat' dir='ltr'><strong>calicis</strong></span> <span class='ocrx_word' id='word_1_1147' title='bbox 2105 5438 2411 5498; x_wconf 88' lang='lat' dir='ltr'><strong>tangantur,</strong></span> <span class='ocrx_word' id='word_1_1148' title='bbox 2444 5440 2547 5483; x_wconf 89' lang='lat' dir='ltr'><strong>etc.</strong></span> <span class='ocrx_word' id='word_1_1149' title='bbox 2574 5432 2817 5485; x_wconf 68' lang='lat' dir='ltr'><strong>Gentiles</strong></span> <span class='ocrx_word' id='word_1_1150' title='bbox 2839 5437 3073 5501; x_wconf 88' lang='lat' dir='ltr'><strong>quidam,</strong></span> <span class='ocrx_word' id='word_1_1151' title='bbox 3106 5435 3199 5501; x_wconf 91' lang='lat' dir='ltr'><strong>qui</strong></span> <span class='ocrx_word' id='word_1_1152' title='bbox 3226 5434 3459 5490; x_wconf 88' lang='lat' dir='ltr'><strong>nondum</strong></span> 
     </span>
    </p>
   </div>
   <div class='ocr_carea' id='block_1_152' title="bbox 1891 5500 3459 5573">
    <p class='ocr_par' dir='ltr' id='par_1_152' title="bbox 1891 5500 3459 5573">
     <span class='ocr_line' id='line_1_153' title="bbox 1891 5500 3459 5573; baseline 0.004 -21"><span class='ocrx_word' id='word_1_1153' title='bbox 1891 5508 2045 5573; x_wconf 79' lang='lat' dir='ltr'><strong>erant</strong></span> <span class='ocrx_word' id='word_1_1154' title='bbox 2091 5500 2203 5573; x_wconf 67' lang='lat' dir='ltr'><strong>Dei,</strong></span> <span class='ocrx_word' id='word_1_1155' title='bbox 2236 5502 2543 5573; x_wconf 68' lang='lat' dir='ltr'><strong>quaerebant</strong></span> <span class='ocrx_word' id='word_1_1156' title='bbox 2593 5516 2684 5568; x_wconf 91' lang='lat' dir='ltr'><strong>per</strong></span> <span class='ocrx_word' id='word_1_1157' title='bbox 2734 5500 3053 5573; x_wconf 83' lang='lat' dir='ltr'><strong>Philippum,</strong></span> <span class='ocrx_word' id='word_1_1158' title='bbox 3104 5500 3190 5572; x_wconf 80' lang='lat' dir='ltr'><strong>qui</strong></span> <span class='ocrx_word' id='word_1_1159' title='bbox 3243 5512 3359 5557; x_wconf 84' lang='lat' dir='ltr'><strong>crat.</strong></span> <span class='ocrx_word' id='word_1_1160' title='bbox 3402 5520 3459 5558; x_wconf 74' lang='lat' dir='ltr'><strong>ot</strong></span> 
     </span>
    </p>
   </div>
   <div class='ocr_carea' id='block_1_153' title="bbox 1894 5569 3459 5650">
    <p class='ocr_par' dir='ltr' id='par_1_153' title="bbox 1894 5569 3459 5650">
     <span class='ocr_line' id='line_1_154' title="bbox 1894 5569 3459 5650; baseline 0.003 -29"><span class='ocrx_word' id='word_1_1161' title='bbox 1894 5569 2174 5650; x_wconf 62' lang='lat' dir='ltr'><strong>lampadis,</strong></span> <span class='ocrx_word' id='word_1_1162' title='bbox 2210 5571 2388 5623; x_wconf 88' lang='lat' dir='ltr'><strong>videre</strong></span> <span class='ocrx_word' id='word_1_1163' title='bbox 2413 5570 2613 5650; x_wconf 70' lang='lat' dir='ltr'><strong>Jesuin.</strong></span> <span class='ocrx_word' id='word_1_1164' title='bbox 2642 5572 2695 5650; x_wconf 86' lang='lat' dir='ltr'><strong>In</strong></span> <span class='ocrx_word' id='word_1_1165' title='bbox 2724 5587 2827 5650; x_wconf 84' lang='lat' dir='ltr'><strong>quo</strong></span> <span class='ocrx_word' id='word_1_1166' title='bbox 2856 5569 3205 5650; x_wconf 72' lang='lat' dir='ltr'><strong>significatum</strong></span> <span class='ocrx_word' id='word_1_1167' title='bbox 3231 5584 3312 5627; x_wconf 90' lang='lat' dir='ltr'><strong>est</strong></span> <span class='ocrx_word' id='word_1_1168' title='bbox 3331 5590 3459 5650; x_wconf 81' lang='lat' dir='ltr'><strong>geu-</strong></span> 
     </span>
    </p>
   </div>
   <div class='ocr_carea' id='block_1_154' title="bbox 1894 5638 3459 5711">
    <p class='ocr_par' dir='ltr' id='par_1_154' title="bbox 1894 5638 3459 5711">
     <span class='ocr_line' id='line_1_155' title="bbox 1894 5638 3459 5711; baseline 0.001 -18"><span class='ocrx_word' id='word_1_1169' title='bbox 1894 5640 2015 5711; x_wconf 84' lang='lat' dir='ltr'><strong>tiles</strong></span> <span class='ocrx_word' id='word_1_1170' title='bbox 2062 5638 2275 5711; x_wconf 81' lang='lat' dir='ltr'><strong>futuros</strong></span> <span class='ocrx_word' id='word_1_1171' title='bbox 2302 5654 2495 5708; x_wconf 87' lang='lat' dir='ltr'><strong>corpus</strong></span> <span class='ocrx_word' id='word_1_1172' title='bbox 2546 5638 2752 5695; x_wconf 89' lang='lat' dir='ltr'><strong>Domini</strong></span> <span class='ocrx_word' id='word_1_1173' title='bbox 2797 5656 2891 5711; x_wconf 88' lang='lat' dir='ltr'><strong>per</strong></span> <span class='ocrx_word' id='word_1_1174' title='bbox 2908 5638 3112 5708; x_wconf 64' lang='lat' dir='ltr'><strong>&#39;tidem;</strong></span> <span class='ocrx_word' id='word_1_1175' title='bbox 3146 5644 3215 5696; x_wconf 67' lang='lat' dir='ltr'><strong>ita</strong></span> <span class='ocrx_word' id='word_1_1176' title='bbox 3265 5638 3459 5696; x_wconf 61' lang='lat' dir='ltr'><strong>et&#39;iste</strong></span> 
     </span>
    </p>
   </div>
   <div class='ocr_carea' id='block_1_155' title="bbox 1898 5707 3455 5781">
    <p class='ocr_par' dir='ltr' id='par_1_155' title="bbox 1898 5707 3455 5781">
     <span class='ocr_line' id='line_1_156' title="bbox 1898 5707 3455 5781; baseline 0.003 -21"><span class='ocrx_word' id='word_1_1177' title='bbox 1898 5708 2069 5778; x_wconf 86' lang='lat' dir='ltr'><strong>panis,</strong></span> <span class='ocrx_word' id='word_1_1178' title='bbox 2103 5707 2316 5778; x_wconf 84' lang='lat' dir='ltr'><strong>quando</strong></span> <span class='ocrx_word' id='word_1_1179' title='bbox 2341 5707 2569 5780; x_wconf 86' lang='lat' dir='ltr'><strong>primum</strong></span> <span class='ocrx_word' id='word_1_1180' title='bbox 2601 5707 2814 5781; x_wconf 79' lang='lat' dir='ltr'><strong>ponitur</strong></span> <span class='ocrx_word' id='word_1_1181' title='bbox 2835 5712 2889 5767; x_wconf 87' lang='lat' dir='ltr'><strong>iit</strong></span> <span class='ocrx_word' id='word_1_1182' title='bbox 2921 5707 3105 5780; x_wconf 78' lang='lat' dir='ltr'><strong>altari,</strong></span> <span class='ocrx_word' id='word_1_1183' title='bbox 3123 5713 3277 5769; x_wconf 87' lang='lat' dir='ltr'><strong>datur</strong></span> <span class='ocrx_word' id='word_1_1184' title='bbox 3310 5714 3455 5768; x_wconf 81' lang='lat' dir='ltr'><strong>intel-</strong></span> 
     </span>
    </p>
   </div>
  </div>
